3990 6072
452 239 561 301 531
1702 200 2159 270 DJSSERTA’HO
2190 196 2470 263 PltzEVlA
3625 180 3742 242 588

454 351 718 413 modum?
741 345 978 423 (Arnob,
1013 344 1052 398 ι.
1080 353 1162 407 ιιι,
1190 353 1244 408 ρ.
1268 333 1419 407 ηδ.)
1442 329 1696 403 Quisquis
1722 326 1887 385 alicui
1913 337 2038 393 sup-
2065 319 2120 389 Α
2142 320 2254 378 ris:
2285 318 2422 375 alter
2470 312 2807 387 Hiperione:
2842 305 3033 365 tertius
3059 303 3302 361 Vulcano
3345 300 3454 359 Nili
3501 300 3740 359 tilio.....

1806 422 1813 423 ί
1974 417 1985 423 -
2287 421 2295 423 ~
2394 410 2406 423 -
2564 421 2575 423 -
2624 422 2629 423 κ
2927 399 3260 423 .--_---=...-..
3301 397 3534 423 mn-.-
3557 395 3740 423 ut.-.“

663 395 790 511 deo,
811 395 903 498 vel
945 395 1062 507 ejus
1108 395 1361 503 implorat
1400 395 1691 490 lau'xilium,
1736 422 1822 479 vel
1854 417 2044 476 morbo
2145 421 2369 484 quartus
2394 410 2461 477 is,
2479 421 2639 480 quem
2664 402 2897 461 heroicis
2926 399 3264 471 temporibus
3290 397 3537 454 Acbanto
3557 395 3746 451 Rhodi

1524 519 1537 522 Α
1653 518 1662 522 -
1789 516 1801 522 -
1963 513 1974 522 .
2316 507 2327 519 .
2366 520 2376 522 Α
2402 520 2411 522 Α
2482 503 2673 522 ]ε-ε.--..
2743 512 2896 522 μη...
2942 494 3103 522 I-l....:
3199 490 3398 522 ρων-ιςά
3451 498 3501 522 ιιι
3533 487 3558 522 1
3583 487 3695 522 ἰηλὶ
3727 504 3745 521 ο

461 487 644 612 :liquo
672 553 734 593 se
759 487 828 591 ab
858 532 949 588 illo
973 487 1150 585 ievari
1178 487 1336 596 plane
1366 519 1619 592 postulat,
1652 487 1699 574 is
1727 516 1867 572 scire
1895 513 2046 580 prius
2146 507 2423 579 peperisse
2474 503 2693 566 dicitur,
2742 512 2899 554 avum
2935 494 3105 565 Ialysi
3131 534 3148 559 ,
3199 490 3400 547 Camiri
3450 498 3507 546 et
3533 487 3696 544 Lindi
3727 504 3745 541 :

1892 609 1903 612 ‘
1976 606 2009 612 ·-
2226 602 2236 612 ·
2288 610 2294 612 -
2480 597 2493 609 ’
2523 592 2920 612 ηςιςιε-ιιμ-ι---
2963 588 3157 612 ιλιι-..-
3187 599 3239 612 -.
3268 585 3459 612 [πε--..η
3491 595 3745 612 ,ηηηηνημ

468 585 653 700 alii;
672 585 1081 702 quis—illeideus
1110 585 1198 687 ait;
1231 627 1285 676 et
1315 585 1491 673 utrum
1518 613 1587 669 ab
1609 612 1831 678 illo,aut
1856 609 1926 665 ab
1943 606 2049 662 alio
2149 597 2495 672 quintus,qui
2521 592 2920 651 Colchisfertur
2947 588 3159 645 AieIam
3184 599 3241 643 et
3268 585 3460 641 Circen
3491 595 3749 652 procrea-

476 676 653 798 p‘ossit’
672 676 756 785 ἔα.
790 733 911 791 quae
933 723 1105 786 rogat,
1130 676 1439 781 impetrare.
1468 705 1580 763 Nec
1600 676 1777 760 minus
1799 701 1899 772 ipsi
1930 714 2050 770 pero
2151 698 2297 752 visse
2328 713 2349 746 ι
2400 690 2616 766 (Ciam,
2645 689 2685 743 Ι.
2732 703 2790 743 ιιι
2836 686 2900 740 de
2946 682 3138 738 Natur.
3169 681 3339 745 ὀισπ,
3390 696 3446 750 ρ.
3484 676 3610 742 247,
3646 676 3747 730 lin.

1761 795 1787 798 η
1917 794 1931 798 -
2305 786 2347 798 -.
3092 776 3164 798 ,με
3219 773 3491 798 ,ηιμ-ιη*
3526 787 3553 798 Α
3591 770 3747 798 ι,εήᾔὲ

464 770 1049 892 sypicu‘um'es‘sevdebzt
1076 770 1269 878 quibus
1312 802 1495 861 verbis
1523 800 1574 857 ei
1616 770 2050 868 supplicandum,
2154 790 2272 857 45).
2305 786 2488 855 Neque
2518 782 2743 854 objicias
2770 778 3065 837 Arnobium
3092 776 3165 831 ibi
3219 773 3493 844 paululum
3525 787 3555 826 a
3591 770 3753 827 Cice-

1897 888 1908 892 -
2004 885 2019 892 -
2419 878 2431 888 -
2506 891 2546 892 η
2587 891 2591 892 ν
2661 873 2813 892 μευ-
2862 871 2944 892 ---ε
2977 867 3268 892 ----.--.ι.-..
3317 866 3496 892 an]-..
3527 879 3590 892 Δ..
3623 863 3753 892 ιη,

471 863 652 986 (ιῖιονθ
698 903 1108 966 sacrificandum
1137 901 1266 957 ritu.
1309 896 1471 966 Atqui
1522 909 1645 949 cum
1676 899 1822 947 tanta
1867 888 1937 947 sit
1988 885 2057 942 de
2156 896 2291 939 rone
2320 873 2820 945 variassemuippe
2857 871 2949 941 (ιιιί
2974 867 3271 931 mmihi“
3317 866 3499 923 5013'“
3524 879 3593 922 ⁸³
3615 863 3756 919 Jove

1774 982 1784 986 -
1953 978 1986 986 ..
2197 982 2207 986 -
2246 971 2307 986 ιι·
2363 969 2528 986 ηο-α-
2624 964 2808 986 Πε--..-
2857 977 2985 986 ..-ηρ
3047 977 3106 986 Α..
3152 959 3441 986 υε-ιρι-ζηηη
3473 958 3756 986 Ακηηιηνιιιο

469 958 580 1062 tino
606 1004 710 1059 deo
756 999 1070 1069 opinionum
1118 992 1354 1047 varietas
1379 996 1435 1043 et
1468 982 1844 1056 repugnantia,
1876 978 2059 1035 nullus
2160 982 2214 1028 ct
2246 969 2567 1040 Hiperioue,
2622 964 2814 1022 Cicero
2857 977 2989 1019 vero
3042 977 3109 1016 ex
3152 959 3442 1031 Hiperione
3472 958 3761 1012 dumtaxat

470 1098 715 1172 profecto
762 1049 822 1150 εξ
856 1090 999 1148 δεῖτε
1052 1100 1308 1157 umquam
1354 1049 1672 1153 potest-.Q'ui
1705 1089 1833 1144 ergo
1875 1073 1929 1127 in
1960 1071 2062 1127 hac
2162 1073 2348 1121 natum
2373 1058 2730 1119 dixeriLNam
2757 1055 2968 1112 tametsi
2998 1052 3319 1124 responderi
3350 1050 3522 1122 possit
3550 1049 3759 1105 lectum

1730 1168 1763 1172 _-
2170 1162 2189 1172 ,.
2258 1171 2261 1172 ,
2456 1158 2470 1172 ε
2533 1159 2550 1172 Α
2652 1156 2688 1172 γι
2712 1156 2755 1172 ο-
2790 1155 2837 1172 -,_
2872 1151 3149 1172 ne----_:-
3179 1157 3327 1172 .-_.--
3355 1161 3552 1172 _..........
3588 1144 3735 1172 ιιι-,ιι-

470 1144 810 1264 ignoratione
834 1190 1101 1245 versatur,
1126 1179 1219 1233 ille
1249 1186 1456 1231 temere
1495 1172 1655 1228 deum
1698 1168 1956 1238 aliquem,
1985 1173 2065 1219 at—
2165 1162 2397 1218 fortasse
2424 1158 2492 1213 ab
2521 1156 2764 1213 Arnobio
2790 1155 2844 1209 in
2871 1151 3150 1207 Ciceronis
3179 1157 3330 1205 textu
3355 1161 3553 1202 nomen
3581 1144 3757 1211 Jovis,

1572 1262 1595 1264 -,
2270 1255 2284 1264 .
2361 1252 2373 1263 ο
2440 1252 2451 1263 ι
2595 1248 2626 1264 ι·
2737 1262 2746 1264 _
2776 1262 2815 1264 ,_
2848 1246 2932 1264 ,.2_
3003 1259 3093 1264 ---λ
3129 1243 3316 1264 n:_-_-
3358 1238 3612 1264 ι-...ιιξ..ε,.
3641 1246 3735 1264 ι...-

472 1238 579 1355 αοιιθ
604 1294 771 1338 unum
818 1290 963 1346 saepe
997 1273 1195 1342 saepius
1243 1283 1344 1339 pro
1392 1266 1520 1331 alio,
1565 1262 1917 1318 Summanum
1966 1271 2067 1328 pro
2169 1271 2231 1311 ea
2270 1252 2545 1309 levissima
2575 1246 2963 1318 discrepantia,
2996 1259 3097 1314 qua
3128 1243 3321 1298 Cicero
3347 1238 3613 1312 Apollinis
3641 1246 3768 1292 tan-

473 1328 633 1441 ;ano,
660 1328 967 1442 Neptuntim
999 1328 1099 1437 pro
1126 1328 1395 1434 Apolline,
1427 1328 1525 1428 pro
1561 1355 1789 1421 Laribus
1818 1352 2066 1418 Curetes,
2177 1358 2289 1402 tum
2330 1354 2581 1407 matrem,
2609 1352 2664 1399 et
2695 1337 2969 1399 Arnobius
2993 1344 3198 1405 patrem
3249 1343 3307 1388 et
3332 1340 3560 1388 matrem
3589 1328 3771 1385 nomi-

476 1478 572 1533 aut
591 1423 823 1523 Penatres
853 1423 1145 1516 invocabit.
1174 1423 1403 1513 autum
1431 1423 1602 1521 igitur
1622 1448 1794 1513 abest,
1824 1452 1883 1499 ut
1907 1443 2073 1501 sacri-
2175 1450 2288 1505 nat,
2320 1437 2452 1493 nulli
2496 1432 2842 1506 persuadebit
2880 1430 3020 1485 hunc
3045 1426 3324 1484 Ciceronis
3350 1424 3528 1481 locum
3554 1423 3623 1479 ab
3657 1424 3771 1477 Ar-

479 1530 639 1625 liciis,
686 1565 742 1612 et
780 1551 1029 1626 precibus
1071 1564 1156 1613 ea,
1201 1561 1321 1618 quae
1362 1545 1429 1598 ab
1460 1542 1554 1599 illo
1598 1542 1748 1611 petit,
1803 1546 1993 1594 exoret
2019 1546 2074 1591 et
2176 1534 2341 1589 nobio
2369 1545 2475 1586 non
2507 1528 2676 1585 fuisse
2695 1524 3065 1595 compilatum.

481 1610 841 1722 consequatur
870 1662 885 1711 ;
911 1654 973 1700 ut
1021 1610 1323 1699 obstructas
1361 1610 1744 1704 obturatasque
1773 1646 1932 1687 aures
1958 1630 2076 1700 ejus
2097 1705 2145 1722 ﬁ
2252 1625 2482 1697 Urgebis
2505 1630 2754 1694 quartum
2783 1618 2967 1674 Solem
2994 1616 3063 1671 ab
3091 1613 3331 1670 Arnobio
3347 1610 3515 1684 Jalysi
3535 1615 3770 1679 patrem,

489 1743 746 1808 inveniat,
798 1748 887 1797 aut
931 1737 988 1793 in
1040 1735 1184 1791 illius
1236 1733 1474 1788 incurrat
1524 1727 1880 1784 odensionem
1907 1731 2070 1792 atque
2097 1705 2148 1769 Β
2174 1731 2229 1777 et
2258 1737 2287 1775 a
2317 1717 2579 1775 Cicerone
2630 1729 2788 1770 avum
2830 1710 3035 1768 vocari.
3065 1710 3133 1764 At
3164 1706 3420 1777 numquid
3468 1702 3637 1775 patris
3668 1715 3772 1755 no-

483 1835 687 1895 odium.
2178 1816 2346 1883 mine,
2403 1827 2534 1868 avus
2558 1816 2862 1880 numquam
2908 1803 3196 1875 significari
3227 1800 3445 1872 potest?
3469 1795 3623 1866 Quod
3652 1805 3779 1849 tan-

2179 1910 2306 1966 dem
2334 1906 2558 1978 quintus
2584 1903 2676 1960 Sol
2712 1918 2742 1957 a
2768 1902 3033 1957 Cicerone
3084 1896 3260 1953 Alcm
3300 1905 3354 1949 et
3382 1892 3588 1958 Circes,
3621 1899 3679 1945 et
3707 1888 3781 1944 ab

2180 2000 2421 2058 Arnobio
2451 1996 2688 2069 Scythici
2730 1996 2871 2065 regis
2898 2002 2953 2049 et
2979 1991 3152 2046 Circa
3180 1989 3320 2043 filius
3349 1987 3582 2051 dicatur,
3612 1981 3780 2037 ambo

2184 2096 2366 2151 verbis
2397 2102 2604 2147 tantum
2637 2090 2982 2145 dissentiunt.
3006 2085 3145 2153 Quid
3191 2084 3336 2139 enim
3364 2089 3512 2137 vetat
3564 2077 3784 2151 quomi-

1044 1949 1341 1991 ARTICULUS
1381 1949 1452 1987 IV.

477 2057 809 2124 Perpenditur
828 2053 958 2103 aliud
978 2051 1187 2124 Arnobi-i.
1202 2056 1369 2124 contra
1409 2048 1644 2124 gentium
1657 2046 1779 2124 deos
1807 2055 2075 2106 argumen-

544 2109 665 2179 ttini.
690 2122 890 2171 ductum
904 2130 969 2166 ex
983 2109 1601 2179 multiplicatoeorumgem
1615 2109 2073 2179 deorumnumero,

546 2168 963 2237 tribus'videliCet
984 2168 1210 2229 Jovib'us.
1232 2177 1451 2237 quinque
1475 2171 1702 2237 solibus,
1720 2170 1924 2237 totidem
1946 2168 2080 2237 Mere

547 2231 699 2298 curiis
721 2231 777 2294 ac
801 2241 1053 2301 Minervis,
1079 2231 1286 2302 quatuor
1328 2231 1578 2302 Vuicanis,
1626 2231 1785 2302 tribus
1818 2231 2082 2302 Dianis_et

877 2317 971 2370 sex
992 2293 1311 2361 H'er'culibus,
1348 2300 1604 2360 tribusque
1627 2295 1880 2348 Castorum
1899 2300 1952 2343 et
1969 2293 2078 2344 Mu-

546 2385 713 2423 sarum
730 2368 1018 2434 generibus.

563 2503 734 2572 Quam
762 2498 881 2554 falsi
928 2498 1039 2553 sint
1061 2492 1334 2566 gentilium
1368 2492 1440 2547 dii
1470 2490 1878 2546 evidentissime
1905 2487 2081 2543 adhuc

498 2595 695 2667 probat
713 2577 993 2647 facta-non
1030 2588 1209 2642 solum
1238 2584 1306 2639 ab
1331 2583 1593 2651 imperitis
1623 2580 1967 2651 quibusdam,
1985 2580 2081 2635 sed

497 2690 566 2745 ab
605 2685 840 2756 antiquis
867 2681 1028 2739 etiam
1080 2694 1144 2735 ac
1183 2675 1529 2748 peritioribus
1575 2675 1789 2729 illorum
1820 2672 2083 2742 theologis

491 2783 653 2839 unius
681 2777 1030 2849 ejusdemque
1068 2773 1156 2827 dei
1186 2769 1583 2841 multiplicatio.
1623 2768 1733 2825 Sed
1780 2766 1967 2821 audias
1994 2780 2085 2821 ve-

493 2879 591 2935 lim
628 2873 902 2949 quomodo
942 2869 1212 2927 Arnobius
1253 2868 1356 2922 hoc
1404 2867 1737 2923 demonstret
1767 2881 1875 2920 non
1906 2865 2083 2920 mino—

495 2986 618 3027 rum
646 2966 886 3039 quidem,
937 2963 1032 3017 sed
1060 2960 1326 3030 majorum
1367 2973 1604 3029 quoque,
1635 2958 1710 3012 uti
1738 2955 2083 3027 jactitabant,

495 3065 719 3119 deorum
758 3056 1044 3126 exemplis.
1081 3054 1172 3111 Sic
1217 3060 1397 3107 autem
1427 3050 1518 3104 ille
1548 3067 1562 3103 :
1591 3068 1611 3100 ι
1642 3048 1807 3104 Aiunt
1850 3046 2083 3116 theologi
2109 3085 2158 3155 C

494 3156 682 3222 vestri,
701 3164 754 3209 et
781 3148 1060 3206 vetustatis
1080 3144 1409 3201 absconditae
1431 3140 1760 3205 conditores,
1777 3149 1886 3195 tres
1914 3139 1969 3194 in
1994 3153 2081 3193 re-

497 3266 618 3307 rum
650 3256 839 3303 natura
869 3242 1030 3298 loves
1061 3253 1203 3301 esse,
1252 3252 1322 3292 ex
1351 3235 1547 3306 quibus
1576 3247 1716 3287 unus
1758 3231 1987 3287 [Ethere
2015 3230 2087 3284 sit

499 3355 654 3418 patre
683 3338 1020 3413 progenitus,
1047 3334 1184 3389 alter
1209 3331 1368 3393 ctelo,
1420 3330 1610 3385 tertius
1656 3341 1786 3381 vero
1830 3325 2081 3389 Saturno,

497 3438 639 3513 apud
666 3434 896 3491 insulam
947 3430 1182 3493 Cretam,
1213 3435 1270 3481 et
1299 3423 1590 3495 sepulturae
1618 3418 1849 3474 traditus
1876 3427 1931 3473 et
1964 3432 2089 3488 pro-

497 3543 713 3595 creatus
748 3550 768 3583 ι
803 3524 1043 3600 (Arnob.,
1075 3523 1114 3576 ι.
1160 3521 1215 3585 4,
1246 3537 1298 3589 p.
1331 3517 1480 3587 l55).
1515 3515 1594 3568 Ex
1619 3512 1881 3568 Cicerone
1910 3520 2089 3565 autem

503 3626 696 3683 isthmc
732 3620 986 3687 decerpta
1025 3615 1189 3666 fuisse
1223 3607 1354 3664 satis
1387 3605 1617 3677 probant
1655 3603 1771 3658 haec
1796 3604 1908 3672 ipsa
1938 3603 2091 3657 latini

501 3714 746 3773 Oratoris
770 3708 934 3765 verba
969 3723 984 3759 :
1021 3724 1039 3757 ι
1068 3700 1342 3771 Principio
1374 3698 1531 3754 loves
1561 3707 1673 3751 tres
1703 3706 1988 3750 numerant
2032 3696 2090 3762 ii,

506 3810 600 3881 qui
649 3804 885 3874 theologi
933 3797 1323 3859 nominantur;
1356 3808 1424 3848 ex
1449 3791 1645 3862 quibus
1676 3791 1904 3862 primum
1928 3798 1984 3844 et
2010 3804 2096 3845 se-

505 3901 738 3962 cundum
766 3906 923 3954 natos
946 3893 999 3947 in
1028 3888 1281 3949 Arcadia,
1308 3886 1537 3941 alterum
1565 3894 1718 3954 patre
1746 3882 2092 3939 Emere..."

507 4000 737 4058 alterum
764 4000 921 4064 patre
948 3986 1219 4043 θεείου...
1249 3981 1466 4036 tertium
1513 3978 1829 4033 Cretensem
1877 3974 2098 4031 Saturni

508 4094 695 4156 illium,
729 4086 886 4157 cujus
938 4083 993 4135 in
1044 4077 1220 4133 insula
1270 4074 1361 4130 illa
1403 4072 1708 4143 sepulcrum
1741 4069 2045 4124 ostenditur
2074 4087 2093 4119 ι

511 4188 721 4265 (Cicer.,
752 4182 790 4236 ι.
845 4192 901 4233 m
935 4175 997 4229 de
1030 4170 1223 4226 Natur.
1273 4168 1443 4230 deor.,
1490 4183 1545 4234 ρ.
1591 4162 1843 4225 947.1511.
1896 4160 2103 4228 54).At

513 4253 812 4351 graecorum
835 4278 1080 4326 veterum
1109 4278 1171 4319 ea
1201 4261 1367 4315 fuisse
1407 4264 1717 4312 commenta
1747 4270 1812 4308 ex
1855 4253 2100 4322 superio-

514 4347 667 4429 ribus
689 4363 969 4424 Ciceronis
1012 4356 1194 4413 verbis
1233 4353 1390 4408 facile
1446 4350 1625 4421 colligi
1665 4357 1880 4419 potest:
1920 4367 1938 4399 ‹
1970 4347 2104 4402 Nam

515 4466 678 4523 Joves
719 4470 934 4532 quoque
986 4452 1190 4522 plures,
1232 4447 1307 4500 ait
1353 4445 1461 4510 ille,
1492 4446 1547 4498 in
1573 4443 1762 4512 priscis
1802 4456 2103 4512 graecorum
2128 4472 2184 4535 Β

520 4531 1065 4614 litterisinvenimus
1102 4562 1121 4594 ι
1179 4537 1366 4604 (lbid.,
1411 4554 1464 4606 ρ.
1515 4534 1645 4598 245,
1703 4533 1797 4587 lin.
1846 4532 1963 4605 45).
1997 4531 2108 4587 Nos

516 4666 652 4709 vero
670 4647 738 4703 de
777 4643 926 4697 hisce
977 4644 1138 4704 atque
1183 4630 1301 4685 aliis
1352 4628 1527 4684 adhuc
1558 4625 1780 4681 Jovibus
1816 4624 1945 4679 alibi
1991 4625 2107 4696 egi-

521 4758 643 4804 mus
667 4741 815 4813 (tom.
839 4750 858 4787 ι
888 4732 1165 4800 Αρρσναι.,
1198 4740 1250 4791 p.
1276 4720 1424 4790 75%).

590 4809 728 4896 Tum
774 4826 970 4887 deinde
998 4817 1267 4877 Arnobius
1312 4812 1499 4884 objicit
1525 4813 1761 4882 quinque
1802 4811 1871 4865 ab
1917 4809 2106 4866 iisdem

522 4933 753 4997 ethnicis
778 4925 934 4983 Soles
971 4912 1219 4989 produci,
1248 4924 1476 4981 quorum
1513 4925 1531 4959 ‹
1572 4906 1797 4977 primus,
1822 4904 1992 4970 lovis,
2027 4905 2108 4959 in-

522 5032 658 5107 quit,
687 5016 835 5080 filius
874 5014 1095 5075 dicitur,
1126 5017 1179 5064 et
1207 5003 1447 5107 {Etheris
1503 5000 1732 5107 h'a‘betur
1763 5013 1931 5068 nepos
1958 5017 1972 5063 ;
2020 5013 2106 5052 se-

526 5090 741 5186 cundus
793 5125 952 5184 aeque
1014 5103 1163 5161 Jovis
1213 5098 1376 5163 filius,
1424 5103 1480 5150 et
1531 5093 1816 5163 Hiperiona
1865 5090 2109 5160 proditus

525 5183 826 5297 genitricei
860 5183 1055 5263 tertius
1071 5196 1338 5260 Vulcano,
1358 5204 1464 5244 non
1491 5186 1738 5251 Lemnia,
1769 5184 1862 5239 sed
1893 5183 1997 5238 Nili
2018 5185 2112 5254 qui

1208 5286 1279 5297 -.
1354 5284 1364 5294 .
1811 5276 1982 5297 mm“
2018 5292 2081 5297 ῃ

523 5276 689 5373 idem
720 5303 903 5365 lilius;
934 5301 1157 5367 quartus
1201 5284 1367 5356 Jalysi
1419 5290 1591 5352 pater,
1623 5293 1783 5348 quem
1811 5276 1984 5330 Rhodi
2018 5292 2113 5345 pe.

521 5368 667 5483 perit
684 5393 922 5457 heroicis
943 5383 1278 5455 temporibus
1306 5377 1551 5433 Achanto
1586 5388 1600 5422 :
1630 5371 1846 5441 quintus
1869 5368 2108 5441 Scythici

522 5464 683 5574 magis.
710 5504 763 5552 et
793 5482 1094 5553 versipellis
1124 5477 1349 5532 habetur
1374 5471 1577 5524 Circuit
1606 5464 1845 5574 (Aru‘obn
1880 5464 1973 5516 Liv
2009 5506 2023 5529 ν
2051 5482 2103 5532 ρ,

706 5592 775 5648 Αι
816 5586 933 5638 ,κω
988 5576 1149 5630 “iam
1193 5572 1381 5623 hausta
1436 5573 1560 5620 sunt
1601 5576 1665 5616 ex
1712 5559 1992 5615 Cicerone.
2018 5558 2107 5627 qui

519 5652 665 5767 Enim;
719 5686 971 5742 dixerat:
1012 5690 1032 5723 r
1069 5669 1228 5729 Soles
1257 5663 1357 5732 ipsi
1391 5674 1548 5731 quam
1602 5655 1757 5712 multi
1786 5670 1814 5709 a
1841 5652 2104 5723 theologis

508 5747 885 5857 proferuntur.
916 5769 1069 5830 Unus
1120 5774 1311 5823 eorum
1342 5756 1476 5812 Jove
1502 5761 1682 5821 natus,
1724 5763 1891 5821 nepos
1915 5747 2103 5805 Ethe-

2184 2204 2283 2243 nus
2323 2185 2562 2257 Scythici
2606 2182 2749 2254 regis
2794 2181 3014 2237 nomine
3057 2177 3245 2234 Eetas
3289 2174 3658 2240 Colchorum,
3685 2170 3783 2242 qui

2189 2279 2409 2351 Scythis
2439 2278 2569 2332 olim
2600 2275 3047 2339 accensebantur,
3074 2287 3171 2326 rex
3194 2266 3564 2338 intelligatur?

2260 2375 2314 2428 in
2345 2372 2566 2429 dubium
2592 2377 2773 2425 autem
2816 2368 2993 2423 nullus
3025 2378 3279 2435 umquam
3304 2360 3543 2425 vocabit,
3567 2373 3689 2428 quae
3708 2356 3781 2412 de

2184 2469 2425 2538 quinque
2448 2463 2728 2523 Mercuriis
2759 2459 3035 2530 subiungit
3064 2456 3357 2520 Arnobius,
3386 2469 3450 2511 ea
3479 2468 3548 2509 ex
3580 2450 3780 2507 eodem

2187 2562 2449 2617 Cicerone
2496 2556 2664 2612 fuisse
2717 2551 2975 2609 delibata.
3007 2550 3133 2607 Sola
3185 2545 3449 2619 siquidem
3482 2543 3778 2600 verborum

2187 2654 2481 2725 descriptio
2524 2648 3021 2707 manifestissimum
3067 2642 3198 2699 illud
3226 2640 3478 2697 omnibus
3502 2638 3651 2694 facit.
3679 2636 3782 2692 Ar-

2190 2747 2335 2803 nobii
2380 2754 2556 2803 autem
2591 2742 2706 2799 haec
2751 2748 2880 2796 sunt
2914 2758 2927 2794 :
2965 2757 2985 2789 r
3020 2736 3315 2792 Mercurius
3338 2733 3565 2803 primus,
3603 2729 3696 2800 qui
3724 2728 3783 2784 in

2190 2837 2575 2907 Proserpinam
2607 2834 2804 2890 dicitur
2828 2829 3151 2901 genitalibus
3188 2824 3557 2882 adbinnivisse
3584 2823 3783 2878 subre-

2188 2932 2315 2996 ctis,
2348 2926 2586 2999 supremi
2612 2924 2897 2995 progenies
2926 2919 3065 2976 Coeli
3090 2927 3196 2973 est.
3220 2916 3333 2974 Sub
3356 2925 3500 2971 terra
3518 2921 3601 2971 est
3618 2911 3781 2975 alter.

2188 3022 2533 3094 Tr0pbonius
2553 3019 2643 3089 qui
2687 3032 2808 3073 esse
2832 3018 3083 3085 jactatur.
3117 3011 3252 3067 Maia
3285 3008 3479 3066 tertius
3504 3013 3696 3070 matre,
3729 3010 3788 3058 et

2188 3118 2321 3175 Jove
2376 3123 2688 3187 procreatus
2738 3110 2919 3167 tertio.
2972 3108 3208 3176 Quartus
3262 3104 3478 3161 soboles
3527 3099 3631 3157 Nili
3677 3107 3784 3165 est,

2195 3213 2350 3282 cujus
2378 3224 2573 3265 nomen
2606 3206 2854 3277 Egyptia
2891 3216 3023 3274 gens
3053 3200 3239 3255 horret
3265 3208 3321 3253 et
3364 3203 3648 3253 reveretur
3688 3207 3787 3247 ex-

2194 3320 2462 3379 promere.
2487 3302 2716 3368 Quintus
2746 3298 2873 3367 Argi
2909 3305 2992 3351 est
3020 3296 3395 3362 interemptor,
3429 3287 3682 3359 fugitivus
3707 3293 3789 3339 at-

2197 3416 2304 3471 que
2331 3398 2503 3465 exsul,
2535 3406 2591 3451 et
2646 3393 2888 3465 proditor
2936 3390 3075 3461 apud
3105 3388 3397 3460 Egyptum
3430 3386 3730 3440 litterarum
3761 3398 3781 3433 ›

2197 3492 2442 3568 (Arnob.,
2475 3491 2514 3546 ι.
2546 3505 2620 3553 tv,
2656 3506 2709 3557 p.
2743 3485 2891 3558 155).
2919 3485 3109 3540 Cicero
3139 3498 3268 3538 vero
3288 3481 3434 3536 hunc
3468 3478 3706 3549 loquitur
3735 3477 3787 3531 in

2198 3588 2417 3644 modum
2449 3605 2463 3641 :
2495 3583 2794 3640 Mercurius
2821 3594 2959 3634 unus
3001 3577 3152 3634 Caelo
3184 3585 3352 3647 patre,
3380 3574 3477 3629 Die
3504 3581 3678 3628 matre
3696 3585 3790 3626 na-

2201 3692 2304 3744 tus,
2331 3679 2486 3748 cujus
2514 3673 2804 3731 obscenius
2830 3673 3068 3728 excitata
3119 3679 3307 3725 natura
3338 3665 3597 3728 traditur;
3645 3662 3789 3735 quod

2199 3782 2421 3843 aspectu
2476 3766 2816 3837 Proserpinae
2862 3771 3165 3820 commotus
3230 3762 3318 3816 sit.
3367 3758 3520 3814 Alter
3549 3756 3789 3812 Valentis

2202 3879 2257 3924 et
2282 3863 2631 3922 Phronoridis
2664 3861 2826 3924 ﬁlius,
2860 3860 2907 3913 is
2933 3858 3024 3929 qui
3053 3857 3155 3913 sub
3185 3854 3345 3910 terris
3370 3853 3621 3917 habetur,
3645 3848 3787 3905 idem

2205 3958 2574 4029 TrOphonius.
2617 3953 2831 4009 Tertius
2886 3951 3018 4006 Jove
3077 3949 3233 4005 tertio
3261 3956 3417 4002 natus
3450 3952 3506 4000 et
3534 3942 3789 3998 Maia”...

2205 4052 2438 4118 Quartus
2466 4047 2585 4102 Nilo
2610 4056 2782 4117 patre,
2810 4057 2969 4113 quem
3003 4039 3241 4110 Egyptii
3287 4036 3439 4093 nefas
3462 4034 3666 4089 habent
3690 4048 3792 4087 no-

2208 4146 2434 4200 minare.
2458 4141 2709 4210 Quintus,
2738 4153 2897 4208 quem
2919 4136 3105 4191 colunt
3136 4135 3442 4193 Pbeneatm,
3467 4129 3558 4200 qui
3590 4128 3792 4197 Argum

2210 4238 2405 4294 dicitur
2430 4235 2788 4295 interemisse,
2809 4232 2878 4285 ob
2899 4243 3127 4298 eamque
3149 4238 3367 4280 causam
3393 4220 3629 4292 IEgypm
3654 4233 3789 4288 pra:-

2219 4331 2410 4394 fuisse,
2456 4338 2615 4398 atque
2641 4323 2910 4395 Egyptiis
2954 4322 3102 4391 leges
3126 4327 3182 4373 et
3207 4318 3414 4373 litteras
3444 4312 3732 4369 tradidisse
3767 4331 3786 4365 ι

2211 4422 2422 4497 (Cicer.,
2451 4420 2483 4473 ι.
2520 4436 2577 4474 ιιι
2618 4419 2681 4472 de
2711 4416 2904 4471 Natur.
2931 4418 3101 4479 deum,
3150 4429 3202 4482 p.
3233 4408 3360 4474 248,
3390 4407 3488 4462 lin.
3519 4404 3599 4477 ι).
3631 4403 3793 4461 Vides

2211 4534 2341 4573 sane
2384 4516 2500 4570 haec
2550 4512 2897 4589 proculdubio
2939 4508 3007 4564 ab
3053 4514 3277 4561 auctore
3301 4512 3488 4558 nostro
3513 4500 3793 4569 desumpta

2212 4614 2399 4675 fuisse,
2427 4625 2547 4681 qum
2575 4609 2688 4664 suis
2711 4605 2915 4671 verbis,
2948 4611 3004 4659 et
3045 4599 3265 4657 brevius
3302 4597 3542 4669 quidem,
3570 4593 3666 4651 sed
3690 4594 3791 4649 mi-

2213 4724 2314 4765 nus
2336 4706 2612 4776 eleganter
2640 4699 2893 4757 reddidit.

2284 4801 2639 4870 Prosequitur
2684 4796 2794 4859 ille,
2824 4808 2886 4847 ac
2926 4791 3163 4862 quinque
3210 4788 3370 4844 etiam
3418 4784 3690 4840 Minervas
3728 4780 3792 4836 ab

2216 4895 2505 4969 gentilibus
2530 4889 2835 4946 venditatas
2861 4887 2934 4940 ita
2963 4878 3474 4939 recensuituPrima
3501 4892 3609 4932 non
3628 4874 3792 4945 virgo,

2214 4993 2310 5049 sed
2328 5007 2395 5047 ex
2420 4988 2659 5042 Vulcano
2686 4982 2947 5054 Apollinis
2974 4976 3327 5049 procreatrix.
3345 4974 3448 5030 Nili
3474 4973 3640 5028 altera
3670 4984 3791 5040 pro-

2216 5087 2318 5151 les,
2353 5093 2406 5138 et
2432 5097 2551 5153 qum
2576 5092 2697 5133 esse
2727 5073 3041 5147 perhibetur
3068 5069 3341 5143 Egyptia.
3377 5067 3554 5137 Stirps
3582 5062 3792 5121 Saturni

2215 5189 2299 5235 est
2331 5177 2507 5239 tertia,
2540 5183 2591 5228 et
2619 5187 2738 5243 qua:
2780 5184 2933 5224 usum
2965 5164 3289 5235 excogitavit
3330 5175 3628 5216 armorum.
3653 5156 3791 5213 Jovis

2217 5281 2405 5345 quarta
2445 5267 2749 5339 progenies,
2780 5277 2938 5332 quam
2970 5258 3218 5315 Messenii
3244 5253 3628 5327 Corypbasiam
3655 5266 3789 5306 nun-

2216 5376 2433 5437 cupant.
2468 5364 2535 5417 Et
2577 5375 2696 5428 quae
2726 5356 3019 5411 Pallantem
3059 5351 3254 5407 occidit
3300 5360 3529 5419 patrem,
3562 5347 3792 5401 incesto-

2213 5476 2332 5516 rum
2355 5457 2729 5527 appetitorem,
2754 5458 2835 5505 est
2856 5448 3039 5518 quinta
3076 5465 3094 5497 ι
3128 5442 3367 5518 (Arnob.,
3401 5445 3436 5495 ι.
3470 5457 3543 5504 tv,
3576 5438 3789 5511 p.155).

2215 5554 2424 5611 Tullius
2453 5564 2581 5604 vero
2616 5564 2634 5600 :
2670 5565 2688 5598 ι
2728 5545 2963 5600 Minerva
2991 5541 3181 5612 prima.
3210 5552 3368 5609 quam
3394 5532 3658 5604 Apollinis
3684 5548 3790 5588 ma-
3837 5603 3847 5613 .

2212 5660 2352 5704 trem
2384 5659 2544 5716 supra
2571 5642 2825 5697 diximus.
2855 5635 3101 5695 Secunda
3130 5642 3247 5689 orta
3277 5631 3417 5695 Nilo,
3451 5642 3611 5699 quam
3636 5622 3791 5697 Egy-

2213 5742 2310 5814 ptii
2340 5738 2502 5801 Saitrc
2545 5735 2749 5794 colunt.
2776 5731 2978 5798 Tertia,
3013 5729 3100 5784 illa
3140 5741 3300 5798 quam
3328 5721 3466 5780 Jove
3491 5718 3802 5793 generatam
