3990 6072
233 112 337 185 589
1466 124 1529 182 ΙΝ
1567 125 1949 198 Μοβιυυ.
1988 128 2143 195 CAP.
2184 126 2369 195 XVIII.
3428 146 3532 211 5'90

230 248 391 305 supra
421 232 680 305 diximus.
723 236 927 309 Quarta
954 237 1089 303 Jove
1116 249 1242 301 nata
1270 250 1327 301 et
1350 242 1601 317 Coryphe
1623 246 1822 303 Oceani
1850 248 1904 319 Α
1925 247 2005 307 cia
2055 259 2235 315 vetere
2287 265 2413 313 sunt
2466 259 2697 316 collecta
2719 303 2734 331 ,
2783 264 2945 333 plane
2996 266 3354 323 resistendum
3380 310 3396 336 ,
3450 287 3521 327 ne

231 325 360 403 tilia,
393 344 555 403 quam
591 330 864 395 Aracades
911 331 1128 397 Coriatn
1163 335 1255 407 (al.
1281 336 1820 412 Coryphaeiamﬁno—

228 419 440 476 minam
460 464 476 489 ,
504 422 580 478 et’
599 424 980 499 quadrigarum
1011 428 1361 495 inventricem
1391 430 1591 489 ferunt.
1622 433 1835 503 Quinta.

231 510 515 579 Pallantis,
542 530 664 586 quae
688 526 895 587 patrem
915 517 1113 585 dicitur
1140 520 1505 595 interemisse,
1533 525 1815 597 virginita-

235 611 348 662 tem
393 609 777 677 suamviolare
812 623 1120 687 conantem,
1152 616 1238 675 cui
1290 618 1575 693 pinnarum
1628 621 1818 687 talaria

227 698 448 775 aﬂigunt
479 721 499 754 ι
536 700 749 776 (Cicer.,
778 704 876 760 loc.
905 708 1017 773 cit.,
1043 708 1136 767 lin.
1168 709 1283 783 51).

295 790 547 853 Clemens
577 796 739 864 etiam
766 799 1165 865 Alexandrinus
1193 803 1412 869 totidem
1441 804 1708 863 Minervas
1733 808 1818 863 di.

231 895 481 942 numerat
508 885 754 963 (Admon.
785 890 855 944 ad
884 891 1058 961 Gent,,
1086 913 1142 969 ρ.
1172 894 1282 968 17),
1318 897 1389 961 ita
1416 907 1474 955 ut
1502 914 1610 959 non
1640 899 1820 963 minus

228 986 418 1034 auctor
446 988 631 1036 noster
659 980 725 1037 ad
744 982 1090 1061 illum,quam
1122 986 1188 1049 ad
1217 986 1533 1055 Ciceronem
1561 990 1820 1051 accedere

220 1070 467 1126 videatur
495 1089 508 1124 :
536 1072 653 1129 Εἰσὶ
672 1073 726 1130 δέ
753 1074 800 1130 οἱ
826 1079 976 1133 πέντε
1005 1076 1206 1145 Ἀθηνᾶς
1240 1081 1585 1148 ὑποτίθενται,
1617 1089 1704 1144 τήν

217 1162 511 1238 Ἡφαίστου,
553 1171 642 1228 τήν
672 1165 947 1238 Ἀθηναίαν.
977 1176 1069 1232 τήν
1096 1171 1151 1227 δὲ
1174 1173 1370 1241 Νείλου,
1401 1179 1491 1234 τήν
1514 1176 1817 1249 Αἰγυπτίαν.

214 1259 394 1335 τρίτην
421 1264 512 1319 τοῦ
539 1260 750 1338 Κρόνου,
776 1266 870 1322 τήν
895 1263 1116 1337 πολέμου
1164 1266 1392 1345 εὑρέτην.
1434 1269 1679 1346 τετάρτην
1730 1274 1820 1329 τήν

216 1352 351 1417 Διὸς,
397 1353 455 1411 ἣν
490 1357 779 1415 Maeonium;
805 1361 1152 1441 Κορυφασίαν,
1185 1361 1287 1415 ἀπὸ
1312 1368 1404 1425 τῆς
1430 1362 1623 1445 μητρὸς
1650 1365 1819 1421 ἐπικε-

215 1445 487 1503 κλήκασιν.
520 1445 631 1505 Ἐπὶ
655 1453 807 1517 πᾶσι,
840 1456 928 1510 τήν
970 1452 1247 1517 Παλλάντος
1290 1458 1374 1513 καὶ
1423 1454 1683 1517 Τιτανίδος
1727 1466 1822 1521 τῆς

216 1538 476 1604 Ὠκεανοῦ,
507 1539 537 1597 ἢ
562 1539 646 1595 τὸν
668 1542 875 1619 πατέρα
894 1540 1202 1604 δυασσεϐῶς
1227 1547 1590 1613 καταθύσᾳσα,
1620 1555 1695 1623 τῷ
1714 1568 1818 1603 πα·

1925 344 2305 410 perturbentur
2351 350 2656 423 religiones.
2715 357 2955 413 Atcerte
3009 360 3276 418 Arnobius
3333 375 3520 421 noster

1921 437 2201 507 perspicue
2225 443 2459 499 ostendit
2486 461 2716 517 quonam
2747 450 3030 522 religiones
3056 454 3218 510 modo
3245 454 3330 511 bis
3355 458 3519 528 plane

1924 530 2321 597 perturbentur.
2345 534 2481 591 Nam
2508 538 2553 593 si
2576 539 2759 610 plures
2778 543 2903 607 sint,
2929 543 3124 616 inquit,
3145 546 3390 617 ejusdem
3417 562 3516 607 no-

1922 624 2081 680 minis
2104 625 2201 695 dii,
2224 643 2254 683 a
2277 644 2337 684 se
2362 630 2592 689 invicem
2618 634 2876 702 distincti,
2898 640 3218 695 conturbata
3242 641 3516 701 hmaitabit

1920 714 2106 786 religio
2130 717 2408 777 hominum
2428 766 2444 792 ,
2474 726 2567 796 qui
2590 741 2723 784 sane
2765 729 2833 784 ad
2871 746 3031 802 quem
3072 744 3193 789 vota
3218 750 3517 808 precesque

1921 808 2171 880 dirigant,
2196 814 2337 872 seire
2357 832 2464 874 non
2491 828 2759 890 poterunt.
2784 822 2922 890 Quid
2944 840 3091 890 vero,
3115 828 3161 881 sl
3188 830 3514 886 sacrificium

1921 902 2140 974 aliquod
2185 906 2475 978 Minervae,
2522 922 2616 971 aut
2644 913 2795 983 Iovi,
2837 926 2931 972 aut
2972 919 3126 975 alteri
3160 921 3286 990 ﬂat,
3332 939 3514 981 nonne

1921 999 2284 1077 unusquisque
2303 1018 2371 1061 ex
2392 1006 2457 1061 iis
2477 1007 2580 1063 sibi
2600 1010 2702 1064 soli
2719 1009 2917 1067 factum
2943 1014 3515 1076 existimabitiNonne

1919 1104 2042 1153 cum
2061 1091 2187 1160 alio.
2209 1096 2253 1153 si
2277 1098 2376 1152 sibi
2399 1098 2513 1155 ﬁeri
2535 1104 2846 1172 contendat,
2872 1105 3022 1165 illico
3043 1110 3324 1182 rixabitur,
3351 1122 3512 1185 atque

1920 1183 2080 1247 ambo
2106 1184 2246 1249 inter
2271 1204 2332 1249 se
2359 1189 2830 1262 digladiabuntur?

1991 1275 2109 1334 Non
2143 1280 2345 1350 patitur
2369 1293 2550 1341 autem
2572 1288 2842 1346 Arnobius
2865 1292 2966 1348 sibi
2993 1293 3266 1368 ab’aliquo
3285 1314 3511 1372 respon-

1921 1368 2036 1424 deri
2068 1369 2458 1444 incompertum
2487 1394 2629 1449 esse,
2660 1397 2729 1437 an
2756 1383 2988 1457 theologi
3017 1390 3248 1458 gentiles
3284 1368 3430 1449 certa
3458 1404 3515 1451 et

1920 1463 2216 1535 explorata,
2255 1477 2347 1527 aut
2374 1468 2493 1528 ficta
2520 1482 2575 1528 et
2603 1472 2737 1529 falsa
2776 1492 2874 1547 pro
2918 1479 3139 1538 libidine
3175 1486 3511 1556 scripserint.

1919 1554 2063 1615 Satis
2099 1558 2376 1619 enimvero
2403 1563 2558 1621 nobis
2585 1576 2701 1635 est,
2733 1568 2938 1640 inquit,
2967 1575 3268 1632 ostendisse
3288 1554 3416 1634 illos
3444 1582 3514 1637 de

217 1633 373 1709 τρῴῳ
400 1629 712 1708 κεκόσμηται
735 1631 940 1709 ὂέματι,
971 1636 1149 1709 ὥσπερ
1184 1634 1351 1710 κωδίῳ
1379 1653 1393 1690 :
1421 1657 1441 1689 ι
1478 1638 1617 1694 Sunt
1653 1648 1709 1694 et
1728 1638 1818 1711 qui

222 1722 425 1745 n__--_a
467 1726 689 1745 _.--!__-x-
727 1727 859 1745 ‘19,.
912 1742 995 1745 ,,,-
1323 1729 1371 1745 II
1500 1731 1540 1745 ιν
1583 1733 1595 1745 1
1708 1733 1719 1743 ο
1758 1733 1781 1745 η

1929 1648 2083 1704 rebus
2110 1652 2339 1723 publicis
2376 1667 2429 1712 et
2469 1629 2779 1730 vulgaribus
2802 1629 2979 1734 lloqui,
3007 1629 3517 1745 quarum'unaqut‘e:

222 1722 431 1795 ﬁngunt
459 1726 696 1797 quinque
727 1727 1022 1798 Minervas,
1056 1746 1218 1785 uuam
1246 1729 1463 1802 quidem
1500 1731 1721 1789 Vulcani
1751 1733 1815 1788 ii-

221 1814 371 1882 liam,
402 1817 1060 1877 Atheniensem:alteram
1083 1837 1211 1878 vero
1240 1821 1345 1878 Nili
1378 1844 1396 1876 ›
1422 1823 1511 1897 [de
1536 1842 1639 1897 qua
1667 1827 1817 1889 Plato

222 1907 291 1962 ab
319 1908 548 1980 ipsemet
580 1913 820 1969 Arnobio
852 1912 1092 1990 (Arnob.,
1115 1917 1155 1970 ι.
1190 1933 1264 1984 tv,
1294 1935 1349 1990 p.
1375 1919 1478 1974 157
1506 1936 1521 1991 ;
1555 1919 1730 1989 Plato,
1764 1923 1820 1977 in

226 2001 441 2071 Timaeo,
487 2016 525 2060 t.
560 2023 653 2074 ιιι,
704 2025 757 2076 ρ.
786 1994 880 2083 2-1)
912 2019 1096 2080 postea
1151 2011 1369 2089 citatus]
1405 2031 1425 2064 ι
1464 2011 1769 2086 Αέεγριίθιη
1800 2033 1813 2073 ;

225 2097 441 2157 tertiam
472 2099 710 2166 Saturni,
746 2099 873 2156 belli
914 2102 1310 2169 inventricem:
1353 2115 1599 2177 quartam
1647 2107 1818 2177 iovis,

225 2204 386 2260 quam
428 2188 681 2246 Messenii
728 2190 1118 2265 Coryphasiam
1161 2212 1192 2251 a
1236 2208 1411 2253 matre
1476 2202 1821 2279 cognomina-

226 2294 354 2338 runt
382 2298 397 2337 :
426 2295 776 2366 postremam,
809 2287 972 2353 filiam
1015 2289 1272 2347 Pallantis
1300 2302 1355 2348 et
1380 2293 1664 2366 Titanidis,
1696 2297 1820 2354 filiae

225 2362 449 2447 Oceani,
480 2394 598 2450 quae
629 2388 779 2451 patre
808 2382 975 2454 impie
1027 2385 1095 2439 ab
1134 2385 1248 2458 ipsa
1280 2387 1604 2459 sacriﬁculo,
1632 2362 1821 2455 ornata

226 2470 326 2526 fttit
356 2470 498 2542 pelle
520 2473 689 2545 patris
732 2483 1000 2549 tamquam
1033 2477 1253 2535 vellere.
1280 2480 1579 2553 Utrumque
1598 2483 1820 2543 Cicero-

226 2562 314 2619 nis
332 2572 387 2618 et
414 2563 715 2622 Clementis
738 2567 1094 2625 Alexandrini
1120 2571 1297 2628 locum
1342 2574 1607 2648 integrum
1635 2579 1822 2641 retuli-

224 2670 371 2724 mus,
398 2657 525 2728 quia
563 2667 803 2721 mutuam
832 2661 935 2717 sibi
965 2671 1020 2719 et
1068 2664 1313 2723 Arnobio
1344 2667 1515 2729 lucem
1563 2670 1817 2741 afferunt,

221 2763 293 2804 ac
336 2747 547 2807 facilius
574 2751 748 2823 quivis
769 2752 1033 2827 iudicabit
1082 2767 1262 2823 utrum
1310 2759 1425 2837 ipse
1453 2764 1727 2823 Arnobius
1752 2766 1820 2823 ad

221 2856 390 2897 unum
437 2844 617 2914 potius
664 2847 1007 2929 respexerit,
1060 2866 1220 2929 quam
1253 2852 1319 2909 ad
1350 2854 1605 2924 alterum,
1635 2866 1728 2919 aut
1753 2857 1818 2915 ad

218 2944 535 3008 utrumque,
568 2947 661 2994 aut
685 2939 891 3021 aliquid
932 2941 1002 2997 ab
1051 2959 1179 3015 uno,
1209 2956 1263 3002 et
1292 2946 1439 3015 aliud
1476 2949 1544 3009 ab
1572 2952 1678 3008 alio
1703 2969 1822 3011 mu-

221 3036 408 3084 tuatus
433 3029 525 3085 sit.

218 3139 227 3150 ι
295 3120 468 3178 Porro
490 3132 669 3179 autem
700 3125 909 3185 etiamsi
936 3125 1025 3184 ille
1050 3142 1174 3185 cum
1203 3140 1451 3207 utroque,
1474 3131 1737 3191 Cicerone
1764 3145 1820 3192 et

219 3212 506 3272 Clemente
532 3216 917 3287 Alexandrino,
948 3231 1155 3279 asserat
1179 3222 1432 3281 Minervre
1462 3223 1815 3299 Coryphasiaz,

223 3324 426 3366 nomen
466 3326 494 3364 a
536 3321 708 3369 matre
750 3312 866 3384 ejus
916 3314 1170 3387 Coryphe
1227 3316 1511 3377 formatum
1557 3321 1812 3393 (Arnob,

226 3404 318 3459 lib.
350 3412 424 3469 tv,
456 3421 574 3478 pag,
616 3406 773 3479 157);
806 3417 990 3480 postea
1038 3419 1216 3466 tamen
1263 3411 1379 3487 ipse
1423 3429 1521 3469 nos
1565 3415 1820 3471 admonet

222 3500 353 3558 inde
377 3502 538 3557 etiam
578 3500 707 3557 illud
736 3507 973 3573 potuisse
997 3503 1253 3573 derivari,
1283 3506 1406 3580 quia
1432 3523 1500 3564 ex
1526 3506 1674 3565 Jovis
1698 3525 1819 3567 ver-

222 3593 331 3650 tice
359 3588 563 3651 armafa
592 3593 854 3671 prodiisse
882 3593 1175 3654 ferebatur.
1205 3598 1314 3666 Nec
1341 3598 1564 3656 forsitan
1596 3616 1818 3672 prorsus

220 3688 518 3744 immerito.
568 3688 614 3743 A
663 3687 933 3747 nonnullis
991 3690 1267 3747 enimvero
1329 3692 1675 3759 observatum
1736 3703 1821 3750 est

219 3796 403 3856 graeco
446 3783 686 3850 nomine,
714 3789 934 3859 Κορυφή,
962 3782 1246 3854 significari
1294 3787 1571 3855 verticem,
1601 3796 1655 3843 et
1693 3804 1817 3865 par-

222 3886 334 3933 tem
365 3875 554 3946 capitis
580 3876 719 3932 inter
744 3877 976 3949 sinciput
1006 3887 1059 3933 et
1087 3880 1301 3953 occiput
1330 3880 1562 3939 mediam
1592 3891 1647 3938 et
1671 3897 1817 3939 sum-

221 3984 389 4035 mam.
421 3967 536 4024 Non
581 3968 776 4032 desunt
805 3978 984 4029 tamen
1005 4011 1022 4038 ,
1052 3968 1145 4042 qui
1169 3986 1234 4027 ex
1264 3969 1597 4049 Corypbasio
1635 3986 1820 4031 monte

222 4064 304 4120 sic
330 4062 649 4143 appellatam
677 4063 864 4120 velint.

295 4158 369 4213 At
406 4172 473 4215 ex
501 4156 763 4219 Cicerone
805 4171 868 4213 ea
911 4156 1159 4214 similiter
1203 4157 1470 4215 Arnobius
1510 4158 1816 4233 decerpsit,

222 4268 347 4324 quae
375 4250 444 4306 de
468 4249 586 4306 aliis
612 4250 736 4319 diis,
766 4250 861 4306 sed
891 4251 1068 4307 verbis
1109 4252 1294 4309 retulit
1323 4251 1684 4325 paucioribus.
1716 4253 1818 4311 Tot

223 4360 461 4416 namque
490 4340 722 4405 insulsas
764 4342 831 4399 de
875 4344 980 4407 illis
1019 4343 1359 4400 ethnicorum
1400 4345 1605 4402 fabulas
1648 4346 1817 4405 fusius

1920 1757 2025 1813 que
2062 1757 2124 1801 se
2162 1746 2332 1816 ipson)
2378 1751 2574 1820 prodit,
2616 1763 2673 1810 et
2716 1757 2965 1817 omnibus
3002 1764 3286 1822 manifesta
3313 1779 3415 1824 est.
3456 1769 3517 1828 Si

1919 1848 2048 1888 vero
2092 1835 2146 1891 hi
2194 1837 2433 1911 theologi
2471 1846 2688 1901 mentiti
2717 1857 2862 1916 sunt,
2897 1851 2966 1907 ab
2993 1852 3227 1913 ethnicis
3255 1857 3515 1918 demons-

1921 1927 2166 1987 trandum
2198 1940 2302 2001 est,
2346 1933 2487 1993 unde
2533 1939 2667 1993 certi
2702 1939 2771 1996 de
2798 1940 2903 1997 diis
2931 1945 3045 2001 suis
3072 1947 3273 2019 aliquid
3314 1952 3520 2011 didice-

1920 2020 2047 2079 rint.
2077 2025 2146 2078 At
2166 2027 2438 2097 quomodo
2465 2029 2569 2093 hoc
2596 2032 3063 2108 demonstrabant,
3087 2043 3191 2098 nisi
3213 2060 3283 2099 ex
3304 2061 3520 2104 eorum-

1921 2114 2041 2170 dem
2110 2116 2485 2191 theologorum
2558 2142 2779 2184 suorum
2850 2133 3063 2204 scriptis
3102 2176 3117 2200 ,
3184 2152 3251 2194 ex
3322 2142 3519 2212 quibus

1920 2223 2245 2283 acceperunt
2288 2218 2415 2284 quid
2455 2219 2526 2277 de
2568 2221 2672 2278 diis
2718 2224 3026 2299 divinisque
3053 2231 3216 2289 rebus
3258 2243 3521 2297 statutum

1923 2302 2189 2364 factumve
2217 2309 2349 2366 olim
2376 2310 2575 2369 fuerit?
2604 2315 2843 2388 Denique
2880 2320 2927 2376 si
2956 2323 3080 2379 libri
3121 2327 3520 2402 theologorum,

1923 2398 2256 2468 pontiﬁcum,
2292 2403 2379 2459 vel
2423 2406 2862 2479 philosophorum
2892 2417 3188 2475 mendaciis
3215 2398 3519 2497 fabulisque

1923 2499 2188 2560 scateant,
2211 2494 2485 2565 rejiciendi
2508 2515 2733 2571 prorsus
2751 2514 2894 2573 sunt,
2922 2522 2986 2563 ac
3008 2511 3220 2579 penitus
3241 2494 3517 2588 abolendi,

1923 2595 2220 2655 omnesque
2249 2602 2439 2651 eorum
2466 2592 2754 2664 religiones
2781 2600 3227 2660 exterminanda.

2491 2725 2718 2785 CAPUT
2746 2729 2933 2790 XVIII.

1926 2830 2091 2897 Quam
2131 2836 2396 2906 perspicue
2427 2837 2682 2901 Arnobius
2712 2858 2775 2901 ea;
2802 2846 2949 2907 seriis
2974 2848 3313 2923 grauibusque
3351 2856 3523 2915 ethni-

1994 2943 2168 2983 corum
2198 2930 2444 2998 historiis,
2467 2950 2681 3004 quarunt
2702 2940 2948 2997 memoria
2967 2944 3155 3003 annuis
3178 2946 3354 3007 diebus
3375 2952 3521 3022 [estis

1845 3038 1897 3109 c
1992 3020 2356 3092 celebrabatur,
2376 3025 2622 3083 absurdos
2641 3028 2845 3085 illorum
2860 3031 2923 3087 de
2938 3033 3037 3091 diis
3052 3052 3251 3095 errores
3268 3020 3517 3101 destruat.

2445 3202 2745 3246 ARTICULUS
2782 3207 2991 3253 PRIIUS.

1920 3316 2417 3433 Examinaturgrima
2451 3324 2674 3388 historia,
2709 3341 2802 3391 qua
2836 3329 2993 3388 Numa
3028 3331 3518 3403 Paulpiliusaiove,

1978 3381 2134 3432 Fauni
2169 3390 2221 3433 et
2292 3386 2355 3433 ici
2380 3387 2569 3433 artibus
2592 3396 2815 3433 evocato-
2863 3388 3080 3433 fulmini:
3119 3403 3513 3433 nrnnnmoinnnm

1978 3381 2134 3455 Earini
2169 3381 2355 3455 et_Pici
2380 3387 2569 3455 artibus
2592 3381 2816 3455 evocato,
2863 3381 3516 3455 fulminis‘BEé‘étTraiiBEéBi

2220 3448 2562 3521 iactitabatur;
2589 3459 2641 3521 et
2658 3450 2756 3521 alia
2772 3445 3017 3521 Cybeles,
3033 3445 3290 3521 Agdestis:
3300 3445 3517 3516 Silii}:

1979 3507 2057 3584 dis
2074 3507 2307 3584 historia,
2333 3513 2508 3584 annuis
2542 3507 2793 3584 celebrata
2807 3507 2961 3569 "festis
2986 3507 3515 3584 diebugvubi'denAi-J-

1978 3569 2313 3622 deritanorum
2335 3579 2540 3639 stupore
2564 3581 2616 3625 et
2639 3577 2842 3629 insania.
3022 3569 3040 3571 “
3056 3569 3105 3572 ’ἡ
3121 3569 3189 3584 ’Ἴ
3227 3569 3308 3576 *”’
3329 3569 3370 3631 ﬂ.

1989 3693 2161 3762 Quam
2187 3694 2322 3753 falsa
2347 3697 2420 3757 sit
2443 3700 2822 3769 superstitiosa
2856 3705 3139 3777 gentilium
3164 3712 3377 3787 religio,
3408 3715 3514 3773 alio

1919 3783 2190 3842 Arnobius
2234 3799 2555 3860 argumento
2594 3794 3031 3859 manifestissime
3071 3783 3349 3862 convincit
3387 3807 3513 3881 (Ar-

1918 3878 2061 3942 nob.,
2085 3878 2172 3933 lib.
2197 3896 2250 3945 γ,
2276 3897 2398 3952 pug.
2428 3881 2575 3954 154).
2602 3882 2743 3941 illud
2778 3897 2958 3945 autem
2986 3893 3120 3961 petit
3156 3908 3224 3949 ex
3259 3878 3514 3966 gravibus

1869 4004 1874 4011 .
1918 3968 2182 4040 seriisque
2211 3970 2427 4031 illorum
2458 3974 2727 4043 historiis.
2764 3994 2900 4049 quas
2936 3995 3097 4038 veras
3140 3999 3264 4043 esse
3288 3988 3363 4045 ita
3388 4005 3514 4060 per.

1918 4077 2136 4118 suasum
2186 4064 2454 4134 habuere;
2504 4078 2563 4123 ut
2608 4085 2702 4126 eas
2743 4072 3061 4142 quotidiana
3080 4092 3182 4134 usu
3223 4082 3509 4155 probatas,

1917 4157 2110 4212 annuis
2137 4158 2473 4217 celebrarent
2497 4160 2670 4229 festis,
2698 4165 2964 4239 variique
2989 4168 3291 4229 simulacris
3309 4191 3513 4249 repre-

1917 4258 2217 4305 sentarent.

1989 4342 2223 4399 Primam
2253 4345 2435 4419 itaque
2458 4347 2724 4407 Arnobius
2748 4365 2815 4411 ex
2858 4356 3101 4417 secundo
3122 4360 3377 4434 Antiatis,
3406 4367 3513 4424 hoe

224 4453 481 4495 enarrare
525 4443 813 4506 pertinens,
845 4444 1041 4492 caetera
1078 4436 1156 4492 sic
1198 4437 1433 4495 scrictim
1463 4438 1769 4510 perstringit
1800 4457 1813 4493 :
1840 4428 1896 4495 Β
1920 4446 2019 4503 est,
2051 4437 2191 4494 illius
2215 4439 2503 4499 Annalium
2530 4443 2668 4500 libro
2694 4452 2983 4517 excerpsit.
3012 4448 3091 4509 Ibi
3118 4467 3248 4511 vero
3271 4454 3361 4512 ille
3384 4473 3508 4514 nar-

232 4550 252 4584 ‹
289 4531 451 4587 Aiunt
475 4528 636 4593 iidem
662 4527 893 4601 theologi
920 4535 1148 4601 quatuor
1170 4544 1291 4587 esse
1314 4529 1602 4597 Vulcanos,
1629 4543 1683 4587 et
1711 4540 1820 4587 tres

226 4623 451 4689 Dianas,
482 4620 822 4699 [Esculapios
868 4621 1087 4679 totidem
1108 4664 1122 4688 ,
1155 4632 1210 4677 et
1239 4621 1523 4695 Dionysios
1548 4624 1781 4695 quinque
1799 4666 1813 4688 ,

225 4727 313 4774 ter
350 4715 507 4783 binos
534 4713 789 4770 Hercules
809 4756 825 4787 ,
859 4722 913 4768 et
939 4723 1166 4784 quatuor
1200 4714 1462 4782 Veneres,
1498 4716 1593 4771 tria
1622 4732 1819 4788 genera

225 4809 531 4872 Castorum,
556 4805 884 4875 totidemque
911 4804 1202 4874 Musarum,
1236 4807 1577 4885 pinnatorum
1601 4807 1822 4879 Cupidi-

226 4914 360 4957 num
395 4898 581 4970 trigas,
625 4906 678 4954 et
722 4896 1006 4969 quadrigas
1045 4896 1437 4968 Apollinarium
1485 4899 1761 4961 nominum
1792 4920 1812 4954 ι

227 4989 472 5067 (Arnob,
498 4989 586 5051 lib.
610 5005 684 5057 tv,
708 5005 829 5062 pag.
856 4988 1003 5061 1⁸56).
1029 4988 1099 5045 At
1119 4990 1307 5047 Cicero
1327 5007 1423 5048 eos
1447 5006 1658 5059 omnes,
1682 4994 1821 5049 sicut

226 5094 287 5142 et
312 5083 444 5139 alios
465 5082 672 5156 priores
693 5081 1001 5153 singillatim
1027 5092 1291 5139 recenset.
1315 5085 1472 5157 Apud
1496 5102 1618 5142 eum
1642 5088 1820 5158 itaque

226 5176 468 5253 reperies
507 5176 699 5231 horum
728 5177 966 5231 omnium
1010 5185 1066 5234 et
1101 5179 1492 5251 expositionem
1531 5188 1585 5236 et
1630 5182 1819 5253 proba-

227 5272 453 5329 tionem.
484 5269 596 5326 Nos
625 5285 754 5326 vero
794 5270 919 5326 alibi
947 5271 1014 5326 de
1040 5273 1358 5343 quibusdam
1397 5274 1599 5346 aliquid
1645 5274 1822 5347 attigi-

224 5380 352 5427 mus
382 5362 592 5439 (Cicer.,
640 5363 728 5419 lib.
757 5378 814 5418 ιιι
855 5364 919 5417 de
948 5363 1138 5419 Natur.
1182 5366 1348 5433 deam,
1380 5384 1501 5441 pag.
1552 5367 1682 5435 245,
1711 5366 1816 5422 247

223 5465 279 5514 et
306 5455 439 5522 248;
472 5464 594 5510 tam.
626 5470 644 5508 ι
694 5455 969 5527 Apparat.,
995 5472 1114 5528 pag.
1139 5455 1289 5529 851).

303 5547 458 5604 Cotta
484 5556 683 5616 autem,
717 5549 869 5623 cujus
895 5549 1111 5606 nomine
1128 5548 1319 5608 Cicero
1350 5567 1413 5609 ea
1441 5553 1622 5611 omnia
1647 5555 1820 5629 expli-

221 5650 335 5710 cat,
361 5638 489 5699 inde
513 5640 653 5698 haud
683 5640 992 5698 dubitanter
1021 5642 1290 5700 concludit
1318 5644 1405 5716 iis,
1428 5661 1551 5719 quae
1571 5661 1639 5703 ex
1661 5646 1817 5704 Grae-

1920 4528 2073 4585 rabat
2101 4530 2355 4602 Numam,
2383 4543 2445 4588 ut
2474 4536 2800 4604 procurandi
2828 4538 3069 4599 fulminis
3088 4545 3319 4603 scientia
3341 4548 3508 4607 intor-

1920 4632 2189 4691 maretur,
2237 4625 2444 4697 Egeriae
2502 4628 2707 4691 monitu
2752 4629 2997 4691 Faunum
3042 4644 3098 4695 et
3141 4637 3330 4695 Picum
3375 4640 3510 4700 deos

1920 4727 2199 4795 agrestes,
2244 4734 2366 4779 cum
2416 4722 2792 4794 extinguendus
2839 4726 2954 4785 sitis
2999 4743 3164 4787 causa
3208 4731 3277 4787 ad
3306 4733 3510 4796 fontem

1920 4809 2205 4879 quemdam
2252 4812 2562 4880 venissent,
2637 4814 2765 4872 dolo
2812 4826 2868 4873 et
2911 4828 3025 4875 arte
3073 4820 3401 4894 inebriatos,
3448 4844 3514 4886 ac

1921 4910 2107 4970 postea
2139 4903 2363 4974 sopitos,
2395 4919 2427 4958 a
2455 4904 2765 4976 duodecim,
2793 4924 2932 4981 quos
2954 4911 3128 4970 Numa
3156 4914 3275 4986 ipse
3296 4918 3351 4974 in
3380 4921 3515 4980 insi-

1921 4996 2023 5053 diis
2065 5009 2349 5070 posuerat,
2390 5001 2678 5074 juvenibus
2721 5009 3042 5071 constrictos
3071 5010 3235 5071 fuisse
3262 5017 3512 5078 vinculis.

1920 5086 2037 5145 Non
2065 5092 2212 5161 prius
2249 5104 2430 5153 autem
2461 5097 2582 5154 illos
2624 5100 2757 5157 solvi
2799 5102 2985 5168 voluit,
3027 5119 3189 5175 quam
3212 5124 3245 5165 a
3270 5110 3424 5183 Jove,
3456 5117 3515 5174 in

1925 5192 2096 5245 terras
2125 5198 2371 5257 evocato,
2401 5198 2458 5247 et
2487 5192 2647 5249 variis
2674 5194 2960 5259 verborum
2985 5198 3298 5272 ambagibus
3322 5194 3518 5266 delusa

1920 5278 2291 5344 extorsissent,
2323 5296 2483 5352 quam
2523 5299 2618 5340 rex
2645 5285 2814 5341 Numa
2846 5288 2985 5351 scire
3026 5292 3266 5365 volebat,
3293 5298 3517 5371 fulguris

1921 5373 2349 5439 procurationem,
2377 5389 2475 5431 seu
2501 5377 2881 5447 expiationem.
2906 5381 3206 5444 Procurare
3229 5390 3375 5446 enim
3416 5392 3515 5450 ful-

1922 5475 2043 5517 men
2075 5461 2214 5518 idem
2254 5474 2337 5523 est
2358 5506 2375 5533 ,
2408 5482 2472 5523 ac
2499 5469 2729 5533 solemni
2755 5474 2970 5546 expiare
2998 5477 3094 5537 illo
3134 5479 3238 5535 ritu
3268 5490 3323 5537 et
3346 5487 3516 5543 sacri-

1922 5552 2065 5617 ficio.
2096 5571 2203 5626 quo
2228 5559 2359 5619 illud
2387 5560 2704 5623 credebatur
2727 5568 2900 5625 arceri
2940 5579 2997 5627 et
3037 5575 3324 5629 removeri.
3360 5576 3517 5634 Unde

1924 5644 2167 5707 Seneca:
2207 5671 2227 5705 ι
2256 5653 2633 5726 Procuranda,
2667 5677 2689 5712 ι
2716 5658 2909 5733 inquit,
2953 5681 2974 5721 ι
3003 5662 3313 5724 existimant
3338 5666 3518 5725 fulmi-
