3990 6072
402 210 502 274 ὅθί

1638 197 2089 264 DISBERTATIO
2127 192 2410 260 PREVIA

3581 195 3699 255 592

403 353 507 403 na,
537 342 593 392 et
617 302 948 404 expiationes
981 342 1087 384 non
1109 325 1355 384 dubitant
1381 324 1637 394 prodesse
1662 321 1983 394 aliquando,
2013 320 2067 381 A
2089 333 2244 375 suum
2287 319 2578 376 maximum
2627 325 2684 375 et
2727 317 3151 386 omnipotentem
3195 313 3410 387 penitus
3457 313 3690 371 infama-

402 428 474 484 ad
503 422 872 485 submovenda
907 420 1162 492 pericula,
1188 416 1476 488 aliquando
1503 415 1571 471 ad
1617 414 1862 482 levanda,
1894 411 1998 468 ali-
2098 411 2249 468 bant.
2295 413 2475 469 Palam
2515 413 2659 469 enim
2707 411 3012 468 fatebantur
3052 409 3202 466 illum
3248 409 3469 482 magicis
3495 423 3703 466 evoca-

404 517 623 592 quando
674 515 740 570 ad
787 511 1098 569 dili‘erenda.
1141 529 1160 563 ι
1215 509 1449 581 (Senec.,
1493 507 1584 563 lib.
1630 523 1666 562 ιι
1709 505 1837 562 Nat.
1886 521 1994 577 qu.,

409 629 528 684 cap.
561 607 653 674 56,
685 623 802 678 pag.
833 602 988 676 422.)

481 703 630 758 Hanc
656 713 817 770 porro
839 695 1116 751 historiam
1139 709 1246 750 non
1268 695 1440 749 solum
1467 693 1734 757 Antiates,
1759 689 1854 748 sed
1877 689 2002 746 Ovi-

406 798 528 854 dius
557 808 771 866 quoque
797 800 852 848 et
877 789 1218 856 Plutarchus,
1244 797 1404 860 atque
1421 787 1508 842 hic
1533 786 1746 858 quidem
1765 785 2000 849 brevius,

402 891 500 947 ille
527 902 658 944 vero
703 885 870 941 fusius
897 882 1321 952 descripserunt.
1360 881 1541 937 Livius
1572 889 1752 936 autem
1792 879 1910 933 haec
1935 877 2004 932 de

407 985 580 1041 Numa
611 982 825 1052 scriptis
871 977 1127 1036 tradidit:
1164 996 1183 1030 ‹
1212 977 1450 1048 Quaeque
1499 975 1737 1046 prodigia
1769 973 2004 1030 fulmini-

405 1077 528 1146 bus,
564 1077 740 1132 aliove
768 1090 874 1146 quo
903 1074 1018 1129 viso
1046 1072 1208 1128 missa
1237 1071 1639 1142 susciperentur
1663 1079 1823 1140 atque
1850 1082 2007 1124 cura-

411 1181 601 1228 rentur
635 1187 648 1224 :
686 1167 754 1223 ad
800 1183 862 1223 ea
909 1165 1168 1222 elicienda
1215 1181 1281 1220 ex
1324 1165 1594 1220 mentibus
1642 1163 1854 1228 divinis,
1887 1161 2006 1218 Jovi

408 1264 582 1321 Elicio
621 1277 770 1318 aram
816 1262 869 1316 in
915 1260 1179 1316 Aventino
1223 1258 1442 1314 dicavit.
1477 1279 1496 1311 ι
1549 1257 1760 1331 (0vid.,
1817 1257 1908 1313 lib.
1950 1273 2008 1313 ιιι

410 1364 618 1432 fusion,
637 1358 665 1430 §
681 1359 734 1422 '5,
754 1373 872 1428 pag.
893 1355 1018 1419 529,
1043 1365 1089 1408 et
1107 1370 1243 1425 seqq.
1252 1372 1270 1419 ,'
1292 1353 1583 1420 Plutarch.,
1607 1353 1660 1407 in
1685 1351 2005 1419 Vit.Numaz,

411 1463 535 1508 tom.
571 1469 628 1517 ιι,
657 1468 777 1522 pag.
802 1450 904 1514 70;
934 1447 1074 1510 Liv.,
1105 1447 1193 1501 lib.
1223 1463 1259 1511 t,
1291 1463 1408 1517 cap.
1441 1445 1562 1518 20.)

484 1545 684 1600 Verum
717 1543 983 1598 Arnobius
1024 1541 1160 1595 hanc
1191 1540 1468 1595 historiam
1496 1541 1648 1607 nulli,
1679 1540 1815 1597 sicut
1845 1541 2009 1595 etiam

407 1639 607 1694 fatetur
635 1636 953 1691 Plutarchus
981 1633 1300 1705 (Plutarch,
1329 1635 1426 1686 loc.
1459 1634 1597 1703 cit.),
1623 1649 1747 1690 esse
1776 1635 2011 1691 credibi-

2103 514 2215 561 tum
2244 520 2366 562 esse
2393 506 2744 570 carminibus,
2779 506 2953 578 iisque
2986 514 3233 562 coactum
3257 502 3472 571 cedere,
3507 518 3571 560 ac
3600 501 3700 560 do-

2105 616 2231 658 cere
2258 599 2501 655 fulminis
2527 600 2983 671 procurationem.

2172 693 2418 751 Secunda
2449 693 2653 765 Magnae
2690 692 2915 750 deorum
2958 691 3178 764 matris,
3208 690 3335 748 'sive
3374 687 3606 762 Cybeles
3645 697 3706 745 et

2105 788 2300 844 Attidis
2331 787 2553 843 historia
2583 789 2652 845 ab
2679 788 2954 855 Arnobio,
2989 788 3056 843 ad
3095 787 3481 857 sempiternum
3518 782 3706 840 ethni-

2104 896 2290 938 corum
2343 881 2508 938 decus
2555 880 2750 938 deinde
2795 890 3118 938 retractatur
3173 878 3437 952 (Arnob.,
3491 877 3580 933 lib.
3631 893 3707 942 v,

2108 993 2227 1048 pag.
2264 975 2367 1030 157
2394 985 2441 1030 et
2464 973 2647 1047 seqq.).
2685 976 2812 1031 Eam
2842 983 3022 1031 autem
3063 989 3094 1030 a
3141 974 3310 1044 prima
3351 987 3449 1028 sua
3494 971 3711 1042 origine

2107 1083 2172 1126 ex
2204 1067 2489 1124 Timotheo
2515 1083 2620 1124 non
2651 1068 2874 1139 ignobili
2899 1067 3169 1140 theologo,
3197 1076 3253 1123 et
3278 1065 3399 1122 aliis
3427 1064 3614 1130 etiam,
3641 1078 3712 1120 ac

2107 1163 2400 1220 reconditis
2438 1165 2816 1235 antiquitatum
2859 1163 3042 1228 libris,
3083 1172 3137 1218 et
3185 1161 3390 1218 intimis
3433 1160 3714 1232 mysteriis

2114 1268 2348 1326 erutam,
2380 1260 2460 1315 sic
2485 1259 2577 1315 ille
2603 1259 2892 1331 descripsit
2921 1277 2934 1315 :
2960 1257 3019 1314 In
3049 1257 3295 1330 Phrygiae
3323 1255 3518 1312 ﬁnibus
3554 1265 3714 1328 petra

2114 1363 2230 1410 erat
2269 1351 2523 1408 inauditae
2549 1352 2836 1421 vastitatis,
2864 1351 2952 1408 cui
2979 1350 3048 1407 ab
3082 1350 3318 1423 regionis
3344 1349 3488 1406 illius
3519 1349 3714 1404 incolis

2111 1462 2310 1504 nomen
2352 1446 2536 1518 Agdus
2567 1447 2896 1518 impositum.
2937 1445 3144 1516 Sumpti
3188 1443 3313 1500 inde
3364 1441 3598 1514 lapides,
3641 1457 3715 1498 ex

2112 1542 2308 1613 quibus
2338 1558 2366 1596 a
2400 1541 2725 1598 Deucalione
2755 1550 2810 1597 et
2835 1538 3040 1612 Pyrrha
3068 1538 3343 1594 Themidis
3367 1537 3521 1606 jussu
3543 1535 3716 1608 jacta-

2115 1637 2214 1703 tis,
2259 1652 2450 1708 magna
2480 1635 2650 1692 Mater
2674 1651 2796 1692 cum
2843 1635 3056 1690 caeteris
3099 1631 3404 1690 hominibus
3430 1639 3716 1704 procreata

409 1731 518 1788 lem
549 1730 710 1785 variis
741 1729 928 1798 prohat
958 1728 1222 1782 rationum
1257 1727 1562 1782 momentis.
1594 1725 1692 1782 Cni
1721 1729 1888 1792 enim,
1923 1729 2004 1783 in-
2042 1709 2091 1770 Β
2117 1732 2236 1786 fuit.
2261 1731 2473 1803 Jupiter
2494 1747 2626 1787 vero
2648 1731 2794 1786 illius
2815 1738 3002 1800 postea
3023 1742 3210 1784 amore
3228 1736 3438 1798 captus,
3465 1741 3588 1782 cum
3611 1723 3716 1780 sibi

411 1826 550 1896 quit,
582 1838 832 1894 umquam
865 1820 1178 1892 persuaderi
1208 1821 1410 1891 poterit
1447 1819 1689 1875 Faunum
1718 1829 1773 1876 et
1799 1820 2009 1887 Picum,

411 1917 482 1974 ad
512 1917 735 1981 fontem,
781 1924 840 1970 ut
883 1915 1026 1970 sitim
1076 1914 1364 1983 sedarent,
1403 1915 1635 1979 venisse,
1687 1915 1866 1986 ibique
1908 1915 2014 1972 illis

410 2015 561 2075 vino,
591 2026 688 2082 pro
716 2025 854 2080 aqua
883 2018 1064 2080 potato
1102 2010 1412 2078 inebriatis,
1440 2019 1495 2066 et
1521 2025 1712 2066 somno
1738 2011 2013 2082 oppressis

409 2107 606 2178 injecta
647 2105 854 2159 vincula
874 2147 890 2173 ,
942 2119 1042 2159 nec
1085 2104 1155 2159 ab
1187 2103 1313 2171 alio,
1344 2119 1502 2175 quam
1531 2120 1559 2158 a
1587 2103 1720 2161 Jove
1749 2104 1883 2161 disci
1914 2121 2013 2176 po-

416 2200 585 2255 tuisse
631 2197 866 2253 fulminis
909 2196 1392 2267 procurationem?
1431 2196 1614 2268 Neque
1670 2197 1874 2254 facilius
1923 2198 2014 2254 ttlli

412 2289 732 2361 probabitur
749 2288 998 2344 eumdem
1020 2287 1235 2356 Jovem,
1261 2299 1317 2343 ut
1341 2288 1576 2344 remedia
1595 2299 1781 2345 contra
1804 2289 2006 2346 fulmen

413 2398 574 2438 suum
619 2380 1019 2454 suppeditaret,
1063 2381 1477 2437 incantamentis
1515 2393 1826 2447 evocatum,
1862 2395 1918 2438 et
1961 2385 2016 2438 in

413 2475 698 2538 verricula,
731 2472 806 2528 uti
835 2473 1073 2543 loquitur
1111 2473 1379 2528 Arnobius
1400 2514 1416 2538 ,
1443 2489 1538 2530 seu
1568 2489 1726 2544 parva
1755 2489 1978 2530 verruca
1997 2519 2012 2543 ,

414 2566 472 2622 id
502 2577 605 2633 est,
641 2567 759 2621 loco
805 2565 948 2620 edito
992 2574 1048 2620 et
1089 2581 1302 2635 aspero,
1339 2567 1478 2622 sicut
1522 2582 1588 2621 ex
1616 2567 1821 2623 Catone
1859 2568 2018 2625 docet

415 2659 641 2724 Gellius,
673 2675 797 2715 cum
827 2659 1171 2714 hontunculis
1199 2669 1576 2716 conversatum
1598 2703 1613 2728 ,
1647 2672 1807 2733 atque
1849 2653 2020 2717 ambi-

419 2755 540 2825 guis
583 2755 796 2809 illorum
829 2754 1008 2810 verbis
1043 2752 1327 2826 deceptum
1362 2754 1528 2810 fuisse
1587 2753 1744 2828 (Gell.
1767 2796 1782 2822 ,
1825 2755 1915 2810 lib.
1959 2771 2018 2810 ιιι

420 2849 582 2905 Noct.
629 2849 809 2914 Attia,
853 2863 969 2918 cap.
999 2847 1056 2912 8,
1089 2864 1207 2918 pag.
1239 2846 1393 2919 22b).
1423 2846 1648 2904 Omnem
1680 2848 1914 2920 denique
1957 2847 2021 2902 ft-

422 2943 545 3000 dem
592 2950 814 3011 superat
854 2940 1067 3005 Jovem,
1100 2941 1259 2996 sicuti
1301 2941 1537 3005 aiebant,
1567 2941 1770 2997 crudeli
1804 2941 2022 2997 humani

2115 1825 2379 1897 promissa
2413 1824 2703 1895 impetrare
2745 1821 3096 1893 nequivisset,
3127 1821 3458 1891 voluptatem
3487 1817 3624 1872 fudit
3653 1815 3712 1872 in

2117 1927 2358 1989 petram,
2391 1933 2458 1972 ex
2497 1932 2603 1988 qua
2637 1915 2851 1972 decimo
2883 1922 3004 1986 post
3033 1927 3228 1968 mense
3253 1920 3403 1967 ortus
3431 1920 3513 1966 est
3545 1923 3716 1980 puer,

2115 2011 2367 2083 Agdestis
2389 2010 2818 2083 cognominatus.
2844 2007 3038 2065 Invicti
3061 2018 3242 2063 autem
3268 2006 3354 2061 hic
3376 2004 3476 2060 fuit
3506 2001 3721 2060 roboris

2115 2105 2385 2174 animique
2411 2102 2550 2158 adeo
2577 2102 2806 2168 ferocis,
2849 2110 2909 2157 ut
2937 2115 3039 2157 nec
3070 2099 3318 2155 homines
3347 2105 3584 2160 curaret.
3615 2110 3720 2153 nec

2117 2195 2280 2264 deos,
2322 2204 2486 2266 atque
2516 2193 2699 2250 omnia
2732 2209 2829 2265 pro
2869 2192 3096 2249 libidine
3134 2201 3191 2248 et
3226 2191 3406 2247 innata
3435 2187 3724 2247 ferocitate

2117 2299 2323 2361 ageret.
2379 2289 2724 2360 Quapmpter
2766 2296 3048 2359 postquam
3094 2285 3162 2342 de
3207 2284 3503 2356 frangenda
3551 2283 3723 2354 ipsius

2115 2384 2336 2439 audacia
2366 2383 2440 2439 dii
2468 2383 2884 2449 deliberassent,
2919 2379 3137 2437 tandem
3158 2379 3367 2436 artibus
3391 2378 3594 2441 Liberi,
3621 2375 3719 2448 qui

2116 2477 2168 2534 ei
2211 2478 2395 2532 vinum
2426 2491 2524 2548 pro
2563 2491 2700 2546 aqua
2745 2475 3160 2546 propinaverat,
3187 2471 3440 2528 virilitate
3469 2471 3714 2542 privatus

2118 2570 2240 2626 fuit.
2269 2569 2406 2625 Tum
2452 2585 2516 2625 ex
2550 2568 2851 2640 profluente
2888 2567 3004 2637 ejus
3031 2566 3295 2639 sanguine
3322 2565 3562 2621 nascitur
3597 2579 3716 2620 ma-

2119 2665 2233 2720 lum
2296 2666 2595 2735 punicum;
2659 2663 2814 2733 cujus
2877 2660 3334 2733 pulchritudinem
3384 2659 3568 2728 Nana,
3614 2658 3725 2714 filia

2125 2757 2366 2829 Sangarii
2390 2757 2554 2828 regis,
2583 2755 2866 2823 admirata,
2897 2771 2961 2811 ex
2988 2769 3160 2825 eoque
3181 2753 3236 2809 in
3258 2752 3434 2808 sinum
3456 2751 3720 2817 admisso,

2123 2863 2441 2920 praegnans,
2482 2858 2733 2918 tanquam
2774 2847 2956 2903 vitiata
3008 2847 3062 2902 in
3098 2860 3370 2902 carcerem
3413 2844 3554 2900 fame
3591 2859 3727 2900 ene—

2130 2943 2303 3001 canda
2333 2942 2638 3014 conjicitur.
2683 2943 2727 2997 Α
2773 2941 2933 2997 deum
2979 2949 3158 2996 autem
3189 2938 3359 2996 Matre
3400 2937 3570 3010 pomis
3597 2951 3725 2993 sus-

423 3035 615 3108 capitis
633 3034 917 3098 sacrificio,
937 3034 1005 3090 de
1021 3049 1128 3105 quo
1147 3049 1246 3090 nos
1263 3049 1422 3104 supra
1441 3033 1790 3090 disseruimus
1809 3033 2021 3106 (Supr.,
2060 3095 2099 3108 _
2127 3044 2331 3093 tentata
2351 3075 2367 3102 ,
2403 3035 2684 3105 parvulum
2715 3033 2875 3090 enixa
2905 3041 3018 3099 est,
3057 3047 3218 3105 quem
3258 3030 3547 3104 Sangarius
3573 3029 3731 3100 jubet

424 3146 543 3202 cap.
571 3131 626 3193 4,
655 3137 755 3183 art.
789 3127 868 3198 l),
893 3138 1004 3182 tum
1031 3127 1271 3184 voluisse
1298 3127 1500 3184 fulmen
1527 3129 1752 3198 expiari.

499 3225 667 3278 Porro
688 3230 867 3278 autem
895 3230 1046 3276 notat
1072 3220 1346 3278 Arnobius
1377 3222 1571 3277 factam
1605 3222 2024 3279 incantationem

425 3313 570 3371 illam
599 3315 742 3370 mola
770 3314 924 3380 falsa,
958 3314 1145 3380 thure,
1178 3315 1460 3384 sanguine,
1493 3316 1846 3371 verbenarum
1879 3316 2027 3371 suffi-

425 3410 590 3475 tione,
621 3417 676 3464 et
703 3407 1022 3468 terribilium,
1055 3406 1108 3460 id
1141 3415 1244 3470 est,
1277 3406 1630 3476 magicorum,
1661 3409 1883 3478 [remora
1918 3424 2028 3462 ver-

427 3505 630 3558 borum.
665 3503 731 3556 At
759 3497 1008 3570 quicdatn
1033 3514 1099 3555 ex
1128 3498 1214 3554 his
1242 3513 1497 3568 expressa
1527 3498 1736 3556 videbis
1760 3499 1878 3555 istis
1910 3500 2028 3556 Vir-

433 3594 547 3666 gilii
575 3593 822 3650 versibus
847 3610 861 3648 :

523 3709 660 3761 Effer
685 3721 878 3771 aquam,
902 3705 1101 3771 etmolli
1124 3708 1270 3768 cinge
1293 3707 1398 3756 haec
1417 3707 1587 3771 altaria
1609 3709 1747 3764 vitta,

525 3767 886 3834 Verbenasque
912 3767 1056 3834 adole
1077 3767 1308 3833 pingues,
1335 3775 1389 3818 et
1405 3769 1617 3821 mascula
1636 3773 1782 3822 thura
1808 3787 1820 3821 :

530 3835 762 3896 Conjugts
785 3832 837 3882 ut
857 3832 1059 3893 magicis
1078 3832 1225 3896 sanos
1244 3839 1478 3896 avertere
1495 3835 1648 3884 sacris

529 3893 776 3960 Experiar
791 3907 998 3960 sensus;
1023 3893 1143 3960 nihil
1168 3895 1264 3960 hic,
1291 3895 1385 3960 nisi
1408 3897 1619 3960 carmina
1637 3896 1836 3960 desunt.

903 3957 924 4019 (
936 3954 1134 4021 Virgil.,
1157 3957 1308 4021 eclog.
1329 3959 1378 4017 5,
1398 3970 1522 4009 vers.
1541 3958 1606 4009 64
1625 3965 1669 4010 et
1683 3959 1845 4024 seqq.)

437 4068 545 4128 Sed
574 4067 642 4124 de
667 4063 952 4138 praestigiis
975 4073 1030 4119 et
1056 4063 1278 4134 magicis
1303 4063 1509 4119 artibus
1531 4062 1642 4134 jam
1674 4063 1877 4135 aliquid
1907 4064 2035 4122 alibi

2052 3095 2102 3162 α
2131 3132 2334 3201 exponi
2353 3095 2378 3186 ἰ
2404 3095 2503 3186 sed
2533 3145 2563 3185 a
2592 3129 2803 3184 Phorba
2832 3129 2969 3186 lacte
2999 3095 3233 3183 nuiritus
3261 3095 3490 3192 hircino,
3522 3095 3730 3182 idcirco

2129 3227 2270 3282 Attis
2293 3225 2599 3296 appellatus
2623 3232 2726 3280 est.
2756 3221 2860 3279 Ubi
2888 3230 3067 3278 autem
3090 3221 3344 3286 adolevit,
3379 3220 3532 3276 illum
3561 3218 3732 3276 Mater

2130 3320 2290 3376 deum
2342 3329 2398 3376 et
2431 3317 2683 3389 Agdestis
2734 3315 2942 3372 nefarie
2982 3331 3047 3372 ac
3081 3315 3361 3388 deperdite
3389 3321 3730 3370 amaverunt.

2131 3412 2298 3470 Midas
2327 3427 2479 3479 vero,
2513 3427 2610 3467 rex
2641 3409 3034 3474 Pessinuntius,
3067 3417 3126 3464 ut
3155 3423 3378 3480 puerum
3410 3415 3519 3463 tam
3547 3405 3735 3461 infami

2132 3521 2320 3563 amore
2347 3506 2621 3567 liberaret,
2649 3503 2810 3559 filiam
2844 3517 2996 3557 suam
3029 3501 3081 3556 in
3110 3500 3515 3556 matrimonium
3541 3498 3595 3556 ei
3623 3497 3739 3553 col-

2133 3599 2418 3656 locandam
2437 3596 2753 3655 destinavit.
2772 3594 2853 3651 Ne
2873 3595 2998 3665 quid
3020 3609 3186 3665 porro
3207 3593 3403 3650 indicta
3427 3591 3735 3664 nuptiarum

2133 3695 2225 3752 die
2254 3695 2360 3751 illis
2386 3691 2654 3750 accideret
2673 3689 2892 3756 funesti,
2915 3687 3080 3760 jussit
3105 3686 3258 3743 urbis
3289 3693 3472 3756 portas
3499 3683 3736 3740 occludi.

2135 3788 2242 3846 Sed
2276 3790 2443 3845 Deum
2473 3786 2678 3854 Mater,
2709 3782 2879 3840 muris
2917 3781 3151 3837 civitatis
3189 3778 3367 3852 capite
3405 3777 3737 3844 sublevatis,

2138 3884 2331 3940 urbem
2373 3883 2617 3952 ingressa
2646 3887 2750 3935 est.
2793 3876 2930 3932 Tutn
2975 3873 3227 3931 omnibus
3269 3871 3338 3928 ab
3363 3871 3616 3944 Agdesti,
3660 3872 3739 3927 ira

2138 3979 2366 4049 percito,
2401 3975 2452 4030 in
2484 3975 2719 4029 furorem
2747 3981 2799 4026 et
2843 3968 3106 4024 insaniam
3137 3965 3271 4022 actis
3304 3983 3318 4020 :
3349 3963 3625 4030 Mammas,
3665 3964 3742 4020 ait

2141 4071 2436 4137 Arnobius,
2461 4070 2559 4125 sibi
2592 4067 2798 4123 demetit
2826 4063 2971 4119 Galli
3002 4063 3113 4134 [ilia
3141 4060 3359 4133 pellicis,
3389 4067 3446 4116 et
3478 4059 3614 4115 Attis
3641 4058 3741 4114 sub

439 4158 816 4217 annotavimus
862 4157 1007 4227 (tam.
1055 4171 1073 4208 ι
1111 4154 1384 4225 Apparat.,
1436 4171 1558 4225 pag.
1630 4155 1816 4223 19-359)-
1846 4156 2038 4212 Νεητεη
2144 4166 2270 4236 pinu
2300 4163 2401 4218 sibi
2427 4171 2670 4234 amputat
2697 4157 2895 4222 virilia,
2933 4165 2990 4212 et
3019 4153 3268 4210 moritur.
3311 4153 3390 4208 Ex
3417 4167 3613 4209 cruore
3639 4166 3740 4207 au-

442 4264 622 4310 tamen
671 4250 998 4321 Augustinus
1036 4246 1262 4302 Numam
1311 4247 1686 4320 hydromnnlia
1725 4264 1903 4318 “sum,
1934 4262 2040 4307 tes-
2144 4269 2253 4315 tem
2295 4257 2560 4317 virilium.
2607 4269 2728 4325 quae
2755 4251 2926 4308 Mater
2953 4249 3113 4305 deum
3143 4257 3297 4305 veste
3326 4245 3569 4303 defuncti
3597 4253 3738 4302 tecta

441 4357 659 4416 temque
686 4344 817 4399 citat
841 4341 1160 4407 Varronem.
1201 4356 1230 4394 τι
1267 4356 1374 4411 quo
1402 4341 1492 4395 ille
1517 4341 1714 4397 dicitur
1746 4343 2038 4414 nympham
2145 4354 2198 4409 in
2229 4363 2424 4409 terram
2453 4349 2729 4420 iniecerat,
2773 4344 2914 4401 viola
2944 4341 3201 4399 nascitur.
3237 4341 3449 4411 Sponsa
3479 4354 3611 4396 vero
3637 4341 3737 4394 At-

449 4437 724 4510 A‘Jgeriam
745 4435 963 4492 duxisse
990 4448 1241 4498 uxorem;
1275 4433 1394 4504 quia
1428 4449 1643 4504 aquam,
1673 4435 1813 4491 unde
1843 4436 2042 4508 hydro.

447 4532 706 4592 mantiam
751 4529 979 4596 faceret,
1013 4535 1313 4596 egesserat,
1349 4540 1445 4582 seu
1485 4537 1865 4597 exportaverat
1905 4527 2040 4600 (Au-

445 4637 610 4700 gust.,
649 4624 739 4680 lib.
768 4637 844 4679 vn
868 4621 932 4676 de
951 4619 1126 4684 Civit.,
1158 4636 1274 4690 cap.
1313 4619 1404 4682 55,
1440 4637 1558 4691 pag.
1594 4621 1744 4690 188).
1799 4621 2044 4680 Valerius

449 4729 628 4776 autem
659 4717 919 4773 Maximus
940 4757 955 4781 ,
988 4713 1201 4779 Florus,
1232 4711 1483 4768 Aurelius
1513 4713 1726 4779 Victor,
1757 4713 2045 4788 Dionysius

452 4813 934 4872 Halicarnasseus,
987 4806 1184 4876 aliique
1241 4805 1607 4862 traduntcum
1655 4808 1938 4864 simulasse
1986 4827 2046 4866 se

453 4908 636 4963 omnia
669 4919 823 4960 sacra
855 4902 1030 4957 facere
1067 4899 1249 4955 uxoris
1274 4914 1384 4955 sua:
1413 4900 1620 4972 Egeria:
1649 4903 1898 4975 nymphae
1929 4921 2046 4960 mo-

453 5000 584 5057 nitis
619 5008 675 5055 et
718 4997 959 5053 consiliis
992 4993 1194 5061 (Valer.
1229 4993 1403 5059 Max.,
1443 5012 1558 5065 cap.
1587 4996 1643 5062 2,
1683 4996 1712 5068 §
1748 4997 1808 5062 l;
1835 4996 1883 5052 F
1885 4998 2044 5068 lorus,

455 5096 548 5152 lib.
571 5112 608 5155 ι.
637 5109 753 5165 cap.
781 5093 849 5156 2;
872 5090 1050 5145 Aurel.
1083 5089 1236 5153 Vict.,
1260 5091 1323 5145 de
1356 5089 1462 5145 Vir.
1484 5092 1647 5146 illast.
1674 5109 1829 5161 rom.,
1852 5113 1967 5164 cap.
1987 5098 2046 5166 εὶς

455 5189 675 5260 Dionys.
716 5185 1010 5251 Halicarn.,
1048 5183 1135 5237 lib.
1168 5199 1205 5238 ιι
1262 5184 1510 5254 Antiqail.
1551 5200 1706 5251 rom.,
1740 5205 1860 5261 pag.
1898 5189 2048 5260 122).

455 5285 566 5342 Sed
591 5283 661 5338 de
688 5281 770 5336 his
794 5281 847 5334 in
871 5279 1116 5348 sequenti
1141 5277 1519 5335 dissertatione
1554 5277 1796 5351 (Dissert.
1842 5284 1895 5338 in
1919 5281 2052 5340 Lac-

459 5387 618 5437 tant..
641 5391 756 5446 cap.
781 5375 870 5440 30,
900 5381 1000 5428 art.
1031 5372 1113 5444 2).

532 5471 800 5528 Cancrum
840 5466 993 5522 vides
1037 5481 1194 5538 quam
1235 5465 1423 5522 validis
1464 5471 1729 5525 rationum
1765 5474 2053 5530 momentis

457 5563 729 5623 Arnobius
775 5559 1025 5616 ostendat
1069 5574 1175 5632 qua
1223 5559 1525 5616 insulsitate
1577 5563 1806 5634 gentiles
1859 5565 2055 5624 annuis

455 5657 606 5714 l‘estis
633 5673 699 5714 ea
732 5653 1102 5718 celebrarent;
1151 5666 1273 5720 quae
1302 5652 1499 5709 nullam
1531 5670 1757 5726 prorsus
1784 5657 2057 5717 habebant

450 5748 559 5804 veri
598 5745 862 5824 speciem.
909 5743 967 5802 Si
1010 5754 1197 5809 autem
1241 5759 1366 5802 vers
1390 5760 1511 5806 esse
1540 5759 1822 5820 putarent,
1863 5752 2051 5811 Jovem

2067 4484 2123 4547 D

2148 4445 2272 4501 tidis
2291 4487 2306 4512 ,
2351 4457 2511 4516 quam
2545 4440 2789 4496 Valerius
2818 4427 3058 4509 pontifex
3084 4434 3196 4490 lam
3237 4441 3428 4501 vocat,
3459 4431 3594 4488 fusis
3621 4445 3740 4487 cum

2148 4537 2365 4610 Agdesti
2393 4533 2665 4606 lacrymis,
2697 4547 2758 4587 se
2786 4531 2957 4602 ipsam
2998 4525 3272 4591 interficit,
3299 4533 3352 4581 et
3377 4523 3599 4594 sanguis
3626 4523 3743 4592 ejus

2147 4631 2374 4689 vertitur
2412 4627 2465 4683 in
2498 4625 2686 4682 violas.
2720 4622 2830 4678 Has
2855 4636 2978 4678 cum
3006 4619 3176 4675 Mater
3199 4616 3362 4673 deum
3397 4614 3742 4682 suii'udisset,

2149 4725 2274 4781 inde
2316 4723 2488 4779 oritur
2532 4717 2869 4792 amygdalus.
2898 4714 3103 4771 Dehinc
3142 4713 3354 4784 pinum.
3383 4711 3540 4782 paulo
3567 4721 3692 4768 ante
3712 4727 3744 4767 a

2152 4817 2308 4874 nobis
2337 4823 2711 4874 memoratam,
2736 4811 2790 4866 in
2819 4817 3033 4864 antrum
3054 4804 3260 4875 deft-rt,
3286 4816 3446 4876 atque
3478 4803 3549 4861 ibi
3577 4803 3664 4861 illa
3693 4813 3746 4861 et

2155 4911 2406 4982 Agdestis
2443 4908 2834 4978 lacrymantur,
2873 4910 3200 4970 tunsumque
3244 4906 3435 4969 pectus
3483 4896 3742 4953 Sauciant.

2155 5004 2349 5060 Postea
2378 5000 2626 5072 Agdestis
2651 4997 2840 5054 Jovem
2872 5004 3047 5064 rogat,
3080 5001 3139 5047 ut
3166 4989 3335 5047 Attim
3365 4988 3434 5066 ad
3464 4989 3626 5043 vitam
3656 5003 3744 5044 re-

2156 5108 2334 5157 vocet.
2364 5095 2472 5153 Sed
2499 5093 2631 5150 nihil
2670 5089 2814 5146 aliud
2840 5088 2910 5144 ab
2941 5103 3007 5144 eo
3037 5084 3379 5157 impetravit;
3412 5081 3514 5138 nisi
3541 5090 3598 5136 ut
3623 5095 3744 5136 cor-

2158 5212 2260 5268 pus
2287 5193 2430 5249 illius
2458 5207 2562 5245 non
2593 5190 2947 5259 putresceret,
2975 5195 3146 5238 comae
3174 5185 3484 5235 crescerent
3509 5189 3744 5245 semper,

2157 5267 2223 5345 ac
2247 5286 2500 5343 minimus
2527 5281 2725 5354 digitus
2759 5279 2984 5342 viveret,
3014 5282 3383 5348 perpetuoque
3405 5279 3554 5327 motu
3579 5267 3746 5340 agita-

2158 5391 2328 5438 retur.

2235 5473 2315 5531 Ad
2350 5487 2473 5528 eum
2504 5484 2638 5527 sane
2667 5466 2883 5525 modum
2916 5463 3033 5520 inec
3059 5461 3294 5536 Cybeles
3319 5470 3374 5516 et
3402 5454 3600 5513 Attidis
3642 5453 3750 5512 bis.

2162 5568 2300 5624 toria
2339 5566 2409 5622 ab
2440 5563 2676 5620 Arnobio
2712 5558 3058 5619 describitur.
3090 5557 3161 5612 At
3187 5561 3337 5610 certe
3360 5549 3609 5622 quamvis
3633 5561 3748 5605 eam

2162 5676 2229 5716 ex
2257 5655 2552 5715 reconditis
2599 5664 2761 5727 atque
2782 5651 2984 5709 intimis
3005 5645 3342 5719 antiquitatis
3366 5639 3750 5704 monumentis,

2161 5771 2191 5812 ιι
2221 5769 2282 5812 se
2310 5750 2618 5826 decerptam
2645 5762 2785 5827 esse
2813 5743 3077 5818 signiﬁcet
3096 5784 3110 5811 ,
3155 5746 3364 5800 eertum
3410 5731 3754 5811 nihilominus
