3990 6072
247 154 349 215 595

1460 164 1527 221 IN
1555 164 1934 239 ARNOBIUM,
1972 171 2125 230 CAP.
2171 176 2357 236 XVIII.

3427 198 3532 256 ὅθι

247 269 426 385 ςςιὶῗξ)
450 268 573 329 aliis
597 272 953 385 scriptoribus
980 278 1201 385 annobis
1229 277 1357 336 alibi
1385 277 1564 336 citatis
1593 278 1834 352 (Dissert.
1867 288 1920 348 Α
1943 288 2184 358 stupidos
2209 304 2264 349 et
2291 297 2529 367 insanos,
2558 314 2848 374 numquam
2867 308 2984 364 sine
3001 309 3250 369 irrisione
3271 326 3528 385 passuros

241 365 299 420 in
331 364 553 434 Minuta,
592 381 708 438 cap.
741 366 835 434 20,
876 378 978 426 art.
1007 369 1085 444 2),
1117 371 1274 444 longe
1301 371 1459 429 aliter
1497 375 1727 429 narrari.
1760 373 1838 430 Ne

243 456 371 528 quis
397 465 572 516 Lamen
604 458 759 515 illum
799 462 1020 518 secretis
1057 472 1297 521 veterum
1325 468 1748 533 commentariis,
1785 480 1839 525 et

247 550 534 610 Timotheo
555 553 713 610 fidem
741 554 950 611 facilius
973 559 1272 629 prmbuisse
1293 571 1499 632 arguat,
1525 562 1663 617 alius
1683 563 1837 618 testis

249 646 659 716 antiquissimus
687 648 1037 718 proferendus
1061 662 1145 708 est
1172 653 1484 719 Pausanias,
1513 654 1605 725 qui
1630 655 1696 710 ad
1723 656 1840 726 ejus

249 740 616 799 narrationem
665 746 877 801 caeteris
904 746 1153 802 omnibus
1183 749 1398 820 propius
1427 749 1673 804 accessit.
1699 748 1833 818 Quia

247 849 380 890 vero
424 835 639 908 longius
678 837 818 894 foret
859 839 1016 910 hujus
1062 841 1223 898 verba
1263 849 1318 897 et
1363 857 1538 913 graece
1576 851 1631 898 et
1678 843 1842 899 latine

253 932 640 1001 transcribere,
666 933 780 991 haec
809 950 926 1006 quae
951 937 1019 992 ab
1044 937 1294 992 omnibus
1325 937 1690 1009 intelligantur
1715 952 1840 1008 pro-

243 1026 483 1084 feremus
512 1046 526 1082 :
560 1047 580 1081 ‹
613 1030 786 1097 Alius,
817 1050 836 1083 ι
871 1032 1062 1100 inquit,
1099 1051 1118 1084 ι
1146 1048 1326 1089 sermo
1351 1033 1420 1089 de
1443 1035 1567 1088 Atte
1592 1047 1676 1088 est
1701 1033 1840 1103 apud

245 1119 415 1192 ipsos,
448 1138 468 1170 ι
495 1118 650 1176 Gallo
669 1137 874 1192 graecos
899 1123 1237 1179 Pessinuntis
1259 1124 1483 1186 incolas,
1512 1143 1532 1175 ‹
1562 1125 1841 1180 memoriae

246 1221 626 1270 consecratus.
658 1212 1182 1272 Jovem’fabulantur
1209 1232 1306 1288 per
1333 1217 1601 1273 somnium
1638 1217 1688 1272 in
1729 1227 1841 1273 ter-

246 1320 364 1362 ram
393 1320 579 1363 semen
609 1309 928 1379 profudisse.
957 1309 1032 1366 Ex
1060 1325 1128 1368 eo
1155 1322 1312 1367 terra:
1332 1320 1593 1382 ceuceptu
1624 1311 1839 1381 genium

247 1399 486 1456 humana
525 1401 740 1470 quidem
786 1402 952 1474 ﬁgura
972 1445 987 1465 .
1014 1402 1110 1459 sed
1143 1403 1391 1475 ambiguo
1418 1419 1548 1459 sexu
1582 1403 1634 1457 in
1664 1402 1838 1457 lucem

247 1495 539 1567 prodiisse,
567 1496 843 1568 Agdestim
889 1497 1250 1569 appellatum;
1297 1497 1428 1553 deos
1459 1505 1703 1551 monstro
1742 1510 1840 1551 ex-

246 1589 468 1645 territos
488 1589 696 1645 virilem
719 1591 770 1647 ei
801 1602 1007 1663 partem
1032 1591 1367 1655 exsecuisse;
1401 1606 1466 1646 ex
1497 1604 1560 1646 ea
1586 1587 1843 1660 amygda-

252 1683 359 1738 lam
399 1690 644 1748 enatam,
675 1684 831 1754 cujus
873 1698 994 1740 cum
1036 1691 1274 1738 maturos
1316 1682 1519 1738 fructus
1548 1682 1841 1752 appetisset

242 1772 495 1846 'Sangarii
524 1775 700 1830 amnis
723 1775 850 1840 lilia,
873 1789 1074 1846 eosque
1097 1775 1150 1829 in
1179 1774 1355 1830 sinum
1379 1772 1693 1838 abdidisset,
1719 1788 1844 1828 eva-

249 1869 433 1924 nuisse
464 1867 583 1923 illos
619 1867 868 1939 quidem,
909 1883 1096 1924 verum
1135 1869 1366 1939 puellam
1407 1867 1680 1939 gravidam
1728 1866 1844 1923 fac-

249 1967 392 2024 tam,
427 1975 649 2030 puerum
689 1962 942 2016 enixam:
977 1964 1117 2019 hunc
1156 1962 1208 2016 in
1243 1961 1395 2034 sylva
1427 1962 1728 2032 expositum
1752 2003 1769 2029 ,
1813 1975 1844 2016 a

248 2054 457 2125 capella
485 2055 792 2124 educatum,
824 2071 943 2112 cum
976 2057 1318 2123 adolevisset,
1346 2056 1543 2112 eximia
1576 2055 1760 2121 fuisse,
1790 2063 1846 2112 et

249 2147 419 2203 multo
482 2164 642 2220 quam
706 2148 938 2205 humana
988 2149 1367 2207 excellemiore
1416 2147 1833 2220 pulchritudine.

253 2240 515 2309 Quocirca
539 2241 657 2313 ejus
682 2257 868 2300 amore
895 2253 1110 2313 captum
1146 2243 1443 2314 Adgestim,
1470 2258 1591 2297 cum
1618 2240 1686 2297 ad
1710 2241 1840 2297 viri-

253 2334 359 2390 lem
383 2343 595 2396 (etatem
625 2337 981 2407 pervenisset,
1007 2337 1378 2392 Pessinuntem
1407 2350 1530 2390 eum
1559 2333 1843 2406 propinqui

252 2427 333 2482 sui
361 2427 645 2485 miserunt.
675 2429 751 2486 lbi
779 2444 901 2484 cum
933 2428 1076 2500 regis
1100 2428 1265 2484 filiam
1297 2442 1520 2484 uxorem
1549 2437 1692 2482 esset
1715 2426 1844 2482 duc-

252 2529 440 2586 turus,
480 2530 538 2577 et
570 2521 680 2592 jam
713 2521 950 2593 nuptiale
975 2535 1190 2578 carmen
1226 2528 1551 2582 cantarelur,
1595 2517 1847 2589 Agdestis

260 2612 646 2682 interveniens,
688 2623 893 2670 tantum
927 2613 1037 2668 Atti
1083 2613 1302 2668 immisit
1345 2610 1613 2675 furorem;
1645 2620 1702 2665 ut
1743 2609 1846 2665 sibi

253 2707 503 2779 pudenda
550 2709 886 2779 praeciderat.
937 2706 1050 2762 Hoc
1079 2707 1207 2762 item
1249 2721 1406 2761 socer
1428 2704 1545 2774 ejus
1573 2703 1848 2775 fecit.Ag-

256 2801 448 2859 destim
490 2803 616 2859 facti
664 2803 932 2876 pmuituit.
979 2802 1208 2871 Quarea
1235 2801 1368 2857 Jove
1399 2801 1736 2873 impetravit,
1778 2815 1848 2856 ne

251 2912 358 2966 qua
385 2901 628 2968 corporis
654 2897 792 2953 Atta:
822 2912 945 2968 pars
975 2904 1322 2968 putresceret,
1350 2904 1442 2949 aut
1470 2895 1786 2951 tabesceret.
1821 2912 1839 2947 ι

253 2987 512 3062 lntelligis
537 3005 670 3046 sane
699 2990 849 3061 plura
873 2990 941 3045 ibi
972 2989 1193 3045 Arnobii
1239 2987 1532 3044 narrationi
1575 2987 1643 3043 de
1663 2986 1847 3043 Attide

1937 380 2104 436 aniles
2137 383 2436 455 hujusmodi
2467 391 2690 460 fabulas,
2744 396 2846 454 diis
2893 380 3313 472 indignissimas,
3346 417 3400 462 ct
3449 408 3532 462 ἰη-

1937 489 2123 532 eorum
2170 479 2454 539 ludibrium
2505 489 2795 555 confictas,
2845 494 2987 563 apud
3039 511 3099 551 se
3158 499 3422 555 venditari
3470 517 3537 556 ac

1939 572 2235 640 praedicari.
2290 577 2356 632 Et
2403 595 2532 635 vero
2573 583 2781 640 Tullius
2836 585 2977 642 haud
3029 605 3250 659 prorsus
3299 595 3536 651 absimili

1941 666 2101 721 modo
2123 680 2242 739 post
2268 673 2589 742 expliCatam
2627 678 2916 736 Democriti
2949 683 3092 740 illius
3136 687 3450 744 Abderitani
3481 693 3539 748 in

1940 760 2139 853 sulsam
2177 763 2242 820 de
2287 765 2509 823 deorum
2534 780 2721 826 natura
2754 784 2806 829 et
2840 776 3161 848 imaginibus
3200 783 3533 853 opinionem,

1940 851 2135 921 adjecit
2164 872 2176 910 :
2228 875 2246 906 ‹
2276 856 2405 925 Quae
2422 861 2638 930 quidem
2667 867 2844 920 omnia
2870 878 2996 922 sunt
3019 870 3188 939 patria
3217 851 3532 942 Democriti,

1941 959 2100 1013 quam
2148 946 2456 1006 Democrito
2499 954 2742 1026 digniora
2785 977 2803 1009 ι
2835 957 3046 1030 (Cicer.,
3094 962 3180 1018 lib.
3242 980 3259 1019 ι
3305 965 3369 1020 de
3409 965 3540 1023 Nat.

1942 1035 2109 1104 deor.,
2130 1057 2246 1113 pag.
2262 1041 2425 1117 212).

2013 1129 2121 1186 Nec
2159 1145 2274 1188 erat
2301 1153 2430 1193 sane
2457 1139 2596 1197 ullus
2627 1142 2858 1200 ethnicis
2880 1149 3242 1218 respondendi
3271 1152 3444 1220 locus,
3479 1156 3534 1211 in

1944 1231 2050 1278 tota
2083 1225 2170 1281 illa
2199 1228 2422 1285 historia
2447 1233 2577 1289 nihil
2610 1251 2830 1306 prorsus
2861 1242 3086 1298 subesse
3113 1246 3248 1299 veri.
3276 1244 3541 1302 Christia-

1944 1333 2133 1375 norum
2165 1324 2442 1380 enimvero
2474 1328 2604 1382 nihil
2652 1330 2876 1388 interest
2911 1343 3088 1390 utrum
3124 1337 3239 1392 haec
3284 1339 3412 1394 falsa
3445 1348 3540 1394 aut

1943 1427 2070 1468 vera
2093 1413 2323 1471 dicatur.
2346 1417 2479 1474 Nam
2519 1422 2564 1475 si
2595 1437 2723 1477 vera
2753 1426 2879 1493 sint,
2910 1443 3030 1497 qua:
3053 1430 3104 1482 iu
3131 1445 3192 1484 ea
3222 1441 3536 1501 narrantur,

1945 1503 2018 1559 dii
2058 1515 2204 1561 certe
2252 1511 2411 1566 irasci
2464 1526 2570 1567 non
2599 1512 2800 1570 debent
2851 1517 3195 1585 christianis,
3240 1523 3329 1592 qui
3363 1532 3540 1580 tantas

1948 1598 2164 1655 illorum
2204 1602 2565 1672 turpitudines
2595 1622 2695 1662 nec
2726 1609 2851 1665 ullis
2892 1627 3140 1682 umquam
3169 1615 3386 1684 scriptis
3408 1632 3538 1686 pro-

1873 1678 1920 1739 Β
1946 1692 2155 1761 didere,
2187 1709 2286 1751 nec
2309 1696 2456 1752 ullibi
2479 1698 2768 1768 aliquando
2791 1678 3152 1773 divulgarunt.
3175 1704 3230 1760 Si
3256 1678 3384 1762 vero
3408 1678 3544 1762 falsa

1944 1789 2073 1856 sint,
2093 1789 2293 1858 justam
2322 1805 2452 1847 sane
2496 1792 2724 1848 deorum
2753 1795 2888 1850 iram
2933 1797 3135 1853 ethnici
3182 1800 3541 1866 concitarunt,

1945 1883 2032 1952 qui
2058 1882 2174 1938 haec
2209 1884 2260 1938 in
2290 1899 2476 1939 eorum
2508 1887 2856 1955 opprobrium
2887 1888 3082 1944 litteris
3110 1901 3164 1946 et
3195 1892 3542 1961 sempiternae

1946 1976 2220 2031 memoriae
2271 1977 2527 2034 mandare
2555 1980 2671 2034 ausi
2715 1990 2859 2034 sunt.
2899 1983 2969 2035 At
2997 1982 3086 2037 dic
3118 1983 3355 2050 tandem,
3381 1984 3544 2041 obse-

1945 2085 2063 2139 cro,
2093 2087 2194 2141 qua
2234 2072 2323 2127 isti
2355 2073 2560 2128 ratione
2607 2089 2853 2130 asserere
2883 2085 3131 2145 poterant
3175 2077 3291 2134 haec
3327 2077 3543 2148 aliaque

1947 2165 2174 2234 plurima
2200 2165 2279 2221 eis
2313 2167 2506 2222 similia
2547 2182 2666 2223 esse
2708 2168 2873 2237 falsa,
2902 2186 3046 2240 quae,
3083 2173 3241 2227 sicuti
3271 2173 3545 2230 Arnobius

1946 2257 2042 2323 ait,
2067 2269 2121 2314 et
2143 2273 2241 2313 nos
2270 2258 2394 2314 alibi
2418 2260 2816 2327 aunotavimus,
2849 2262 3043 2317 annuis
3063 2263 3235 2328 festis,
3265 2274 3321 2319 et
3348 2267 3540 2332 sacris,

1947 2365 2009 2405 ac
2036 2351 2283 2416 solemni,
2319 2352 2392 2406 uti
2412 2352 2691 2422 Apuleius,
2717 2353 3080 2409 Tertullianus
3103 2365 3158 2411 et
3183 2356 3548 2430 Hieronymus

1948 2445 2322 2512 testificantur,
2369 2445 2610 2500 ciborum
2657 2446 2984 2502 abstinentia
3014 2448 3405 2505 celebrabant?
3431 2450 3543 2506 Sed

1948 2537 2065 2594 lucc
2094 2539 2424 2609 Augusninus
2451 2537 2622 2594 fusius
2651 2540 2965 2605 insectatur,
2999 2541 3153 2612 cujus
3179 2543 3342 2597 verba
3363 2585 3377 2610 ,
3411 2559 3536 2614 qua:

1947 2632 2164 2701 quidem
2190 2631 2347 2702 longe
2379 2633 2526 2703 plura
2558 2643 2703 2699 sunt,
2732 2649 2891 2702 quam
2931 2633 3017 2689 hic
3045 2634 3234 2690 referri
3283 2635 3540 2704 debeant,

1949 2724 2004 2779 in
2033 2724 2152 2796 ejus
2195 2725 2344 2780 libris
2387 2737 2437 2781 te
2468 2727 2660 2798 legisse
2692 2744 2797 2782 non
2829 2727 3128 2796 pcenitebit.
3164 2728 3408 2800 (Arnob.,
3452 2730 3544 2785 lib.

1948 2836 1985 2886 ι,
2016 2837 2135 2890 pag.
2168 2819 2234 2875 54
2257 2836 2272 2884 ;
2297 2831 2420 2874 tam.
2452 2837 2468 2874 ι
2501 2823 2775 2892 Apparat.,
2804 2838 2924 2892 pag.
2959 2822 3085 2887 759;
3111 2820 3328 2877 Dissert.
3359 2822 3411 2876 in
3436 2821 3546 2876 Mi.

1948 2929 2089 2980 uuc.,
2117 2929 2232 2984 cap.
2266 2913 2356 2976 20,
2388 2928 2486 2968 act.
2513 2913 2762 2984 2;Apul.,
2789 2915 2858 2969 lib
2886 2931 2920 2969 ll
2953 2913 3190 2982 Metam,
3235 2915 3479 2988 pag.206
3498 2923 3547 2969 ct

1948 3005 2074 3071 209;
2096 3005 2340 3074 Tertull.,
2371 3007 2458 3061 lib.
2489 3008 2552 3061 de
2569 3006 2772 3078 Jejun.,
2802 3025 2919 3078 cap.
2939 3009 3010 3072 2;
3044 3007 3371 3082 Hieronym,
3391 3010 3541 3078 epist.

252 3092 309 3139 et
335 3083 554 3154 Agdcsti
585 3083 801 3148 similia,
832 3083 1076 3152 qumdam
1103 3097 1231 3138 vero
1257 3082 1492 3147 diversa,
1522 3097 1586 3138 ac
1617 3097 1844 3150 prwser-

1955 3101 2004 3168 7,
2029 3063 2096 3154 ιιξί
2123 3063 2340 3163 Lwtam:
2370 3111 2416 3155 et
2466 3101 2553 3156 lib.
2585 3063 2770 3157 Illadv.’
2794 3063 3006 3168 Jobinq’
3029 3121 3149 3176 pag.
3178 3063 3278 3170 9i“;
3303 3063 3545 3176 Attgttﬂ”

253 3176 349 3230 tim
377 3176 542 3230 altum
589 3173 660 3230 de
699 3173 924 3231 deorum
954 3175 1120 3231 Matre
1145 3176 1439 3230 silentium.
1467 3172 1571 3229 Sed
1599 3189 1716 3244 quae
1745 3173 1845 3230 sibi

254 3268 485 3324 invicem
515 3268 862 3335 conveniunt,
891 3282 952 3323 ea
992 3276 1139 3322 certe
1169 3267 1396 3338 probant
1419 3265 1716 3321 Aruobium
1745 3280 1846 3321 nec

255 3372 482 3428 temere,
513 3377 613 3418 nec
640 3363 910 3417 immerito
939 3361 1171 3417 ethnicis
1199 3360 1488 3428 Timothei,
1517 3369 1573 3416 et
1596 3361 1842 3426 aliorum,

251 3469 388 3527 quos
412 3463 629 3512 secutus
653 3464 755 3520 est,
786 3454 1050 3524 ohjecisse
1074 3454 1466 3509 auctoritatem.
1777 3447 1780 3449 λ

325 3549 405 3605 Ex
439 3551 688 3605 omnibus
720 3558 898 3604 autem
933 3548 1090 3620 hujus
1133 3547 1367 3602 historitc
1408 3545 1844 3614 circumstantiis,

252 3658 390 3712 quas
431 3643 522 3698 ille
548 3642 857 3713 singillatim
887 3641 1130 3708 resumit,
1173 3655 1275 3695 nec
1310 3655 1339 3693 a
1369 3639 1525 3694 nobis
1554 3639 1722 3709 repeti
1749 3654 1847 3694 ne-

253 3750 412 3792 cessc
431 3747 535 3800 est,
566 3735 966 3792 evidemissime
995 3734 1331 3789 demonSIrat
1359 3732 1491 3786 nihil
1524 3731 1680 3801 plane
1721 3731 1848 3802 fingi

255 3845 418 3902 posse
445 3845 550 3886 non
573 3831 746 3886 solum
775 3830 994 3886 cuilibet
1016 3827 1140 3897 deo,
1170 3827 1263 3883 sed
1290 3826 1607 3896 cuicumque
1625 3826 1848 3881 honesto

255 3927 646 3996 moderatoque
679 3924 877 3979 homini
910 3923 1078 3994 magis
1103 3920 1551 3977 contumeliosum
1572 3961 1588 3986 ,
1623 3933 1722 3975 nec
1741 3933 1848 3990 quo

255 4021 486 4093 proinde
521 4027 628 4074 tota
653 4017 992 4073 ethnicorum
1021 4015 1210 4086 religio
1233 4015 1404 4085 magis
1437 4021 1764 4082 proteratur,
1796 4021 1851 4067 ct

255 4116 521 4173 radicitus
542 4114 901 4170 convellatur.
926 4111 1063 4178 Quin
1094 4110 1261 4165 immo
1287 4108 1372 4163 vel
1400 4105 1452 4161 id
1480 4107 1676 4170 solum,
1705 4103 1848 4174 quod

254 4211 327 4267 de
352 4209 534 4266 Matris
557 4209 778 4264 deorum
801 4214 924 4261 ortu
939 4215 990 4260 et
1009 4218 1193 4259 amore
1209 4244 1223 4268 ,
1257 4211 1312 4256 et
1339 4199 1585 4256 obscenis
1621 4195 1845 4252 aliorum

257 4304 418 4360 factis
445 4302 672 4366 dicitur,
708 4301 905 4354 invicte
933 4297 1122 4369 probat
1159 4309 1309 4360 eam,
1339 4301 1673 4362 cazterosque
1693 4290 1846 4356 deos,

257 4405 438 4450 ortum
466 4391 754 4464 aliquando
775 4390 1047 4456 habuisse,
1071 4397 1128 4445 et
1145 4387 1369 4442 infames
1397 4385 1559 4439 fuisse
1580 4382 1848 4448 homines,

1952 3193 2038 3250 lib.
2063 3211 2132 3249 vn
2163 3194 2226 3250 de
2253 3193 2428 3262 Civit.,
2451 3211 2568 3266 cap.
2593 3195 2684 3263 26,
2718 3213 2841 3268 pag.
2877 3195 3032 3268 172.)

2558 3349 2851 3391 ARTICULUS
2889 3350 2948 3390 ΙΙ.

1947 3449 2308 3511 Expenduntur
2331 3448 2546 3511 vulgatae
2569 3449 2679 3500 aliae
2720 3449 2940 3500 historiae
2964 3449 3027 3500 de
3054 3449 3218 3499 Fauna
3253 3449 3426 3510 Fatua,
3455 3462 3547 3501 seu

2011 3512 2144 3588 Bona
2166 3512 2278 3625 de‘a,
2303 3513 2508 3575 myrteis
2532 3513 2684 3576 virgis
2722 3525 2865 3573 caesa,
2908 3520 2961 3563 et
3006 3513 3069 3563 de
3097 3515 3375 3577 turpissimo
3396 3512 3548 3564 Tullii

2009 3589 2148 3637 regis
2170 3589 2224 3625 or
2247 3590 2296 3626 υ.

2023 3705 2240 3761 Fatetur
2269 3703 2539 3760 Arnobius
2559 3711 2614 3759 et
2634 3703 2897 3769 materia},
2925 3718 2953 3757 a
2977 3718 3036 3757 se
3061 3703 3129 3758 de
3155 3719 3280 3758 vera
3307 3719 3371 3759 ac
3403 3705 3538 3760 falsa

1951 3799 2208 3870 religione
2259 3797 2575 3860 tractandae,
2616 3796 2914 3862 rationem,
2945 3806 3001 3850 et
3042 3805 3354 3866 susceptum
3393 3797 3543 3852 chri-

1949 3894 2137 3948 stiana:
2187 3891 2462 3961 religionis
2513 3888 2849 3944 vindicandas
2893 3904 3089 3943 munus
3131 3892 3435 3959 postulare;
3487 3901 3546 3945 ut

1951 3986 2085 4040 alias
2113 3983 2320 4038 similes
2362 3982 2618 4037 historias
2659 3981 2830 4036 sacris
2858 3981 3196 4036 ethnicorum
3245 3981 3543 4054 mysteriis,

1951 4092 2014 4132 ac
2037 4076 2186 4131 festis
2201 4075 2390 4131 diebus
2408 4081 2840 4144 repraesentatas,
2862 4081 3280 4143 prosequeretur
3297 4073 3540 4147 (Arnob.,

1951 4170 2036 4224 lib.
2069 4184 2120 4232 v,
2151 4184 2268 4238 pag.
2299 4165 2446 4235 168).
2481 4165 2680 4221 Verum
2713 4180 2779 4220 ne
2811 4165 3116 4234 turpissima
3148 4180 3334 4220 earum
3367 4180 3544 4237 expo-

1951 4262 2146 4317 sitione
2169 4261 2283 4330 ipse
2309 4260 2509 4328 aliique
2534 4260 3051 4324 contaminarentur,
3083 4258 3268 4329 plures
3284 4258 3549 4329 judicavit

1951 4355 2200 4429 prudenti
2231 4355 2444 4410 silentio
2471 4369 2594 4410 esse
2623 4353 3042 4422 prmtereundas.
3068 4353 3356 4409 Rhetorica
3387 4354 3550 4424 igitur

734 4445 952 4540 aeternas
981 4445 1082 4539 nec
1119 4479 1314 4538 divinae
1339 4487 1544 4535 natura:
1571 4445 1848 4548 compotes
1872 4459 1926 4520 D
1954 4452 2123 4523 ἥκητε
2162 4465 2222 4559 5“:
2252 4449 2582 4552 νττιεηιίξιειοθ
2632 4448 2868 4513 Simulat,
2919 4447 3083 4559 quoi
3116 4447 3386 4559 brevitean
3413 4445 3547 4499 satis

264 4598 517 4654 umquam
549 4597 670 4638 esse
692 4587 999 4652 potuerunt.

335 4675 464 4731 Jure
494 4673 654 4746 igitur
682 4672 878 4727 merito
913 4667 1230 4726 exclamavit
1270 4673 1458 4723 auctor
1485 4673 1669 4718 noster
1700 4678 1712 4714 :
1750 4679 1768 4712 ‹
1805 4659 1850 4714 Ο

262 4768 498 4831 Abdera,
547 4765 780 4830 Abdera,
821 4763 978 4819 dares
1007 4772 1234 4832 quantas
1261 4760 1376 4814 vias
1414 4755 1734 4813 mortalibus
1775 4754 1850 4807 ir-

262 4859 506 4924 ridendi,
540 4858 659 4914 talis
708 4859 752 4913 si
779 4857 916 4926 apud
947 4865 997 4911 te
1022 4865 1166 4912 esset
1196 4853 1371 4908 fabula
1410 4852 1481 4906 ita
1527 4847 1790 4906 conﬂata?
1824 4865 1846 4902 ι

267 4954 510 5027 (Aruob..
540 4953 628 5008 lib.
661 4967 715 5017 v,
765 4968 883 5022 pag.
915 4947 1067 5020 164.)
1112 4947 1323 5003 Abdera
1357 4955 1537 5000 autem
1582 4943 1710 4997 urbs
1738 4951 1856 4996 erat

263 5048 540 5112 Thraciae,
565 5042 852 5101 Democriti
877 5039 1199 5112 philosophi,
1228 5048 1281 5095 et
1309 5038 1536 5094 aliorum
1567 5034 1853 5104 insignium

259 5142 503 5196 virorum
527 5137 718 5209 patria.
747 5135 852 5193 Sed
871 5135 962 5190 alii
989 5133 1106 5204 ejus
1126 5133 1270 5189 cives
1295 5128 1666 5200 erantstnpori
1693 5137 1854 5196 atque

264 5233 491 5290 insaniae
515 5231 752 5287 obnoxii.
789 5227 942 5285 [inde
969 5225 1121 5294 illud,
1139 5225 1207 5281 de
1235 5240 1342 5296 quo
1361 5223 1617 5278 Erasmus
1641 5220 1856 5275 disserit

264 5327 512 5399 adagium
543 5342 561 5381 :
592 5323 879 5379 Abderitica
909 5338 1051 5377 mens
1073 5321 1328 5394 (Et-arm,
1353 5316 1542 5388 Δάας..
1573 5315 1696 5368 chil.
1727 5313 1784 5378 4,
1807 5325 1854 5367 et

264 5433 400 5478 cent.
430 5422 484 5486 6,
507 5421 662 5491 adag.
682 5418 774 5485 28,
800 5435 921 5489 pag.
945 5417 1094 5489 877);
1123 5425 1176 5471 et
1204 5414 1307 5470 hoc
1321 5411 1576 5467 Martialis
1591 5421 1808 5465 carmen
1839 5424 1852 5460 :

488 5535 800 5586 Abderitanae
824 5539 1024 5597 pectora
1043 5531 1210 5597 plebis
1227 5529 1401 5597 habes.

827 5587 1092 5661 (Martiali,
1112 5592 1198 5644 lib.
1220 5606 1308 5652 xx,
1328 5588 1488 5656 epigr.
1509 5587 1613 5653 25.)

266 5687 476 5746 Sensus
501 5685 679 5758 itaque
706 5682 930 5742 Arnobii
977 5688 1062 5737 est
1109 5676 1491 5742 Abderitanos,
1521 5668 1864 5746 quantumvis

1953 4553 2131 4600 tamen
2157 4542 2224 4598 ad
2253 4543 2586 4613 propositum
2609 4551 3016 4602 suumenarrat,
3043 4537 3278 4593 Fauuam
3294 4536 3543 4604 Fatuam,

1955 4657 2049 4698 seu
2080 4641 2282 4695 Bonam
2315 4637 2470 4693 deam
2501 4636 2725 4707 myrteis
2749 4634 2934 4705 virgis,
2969 4643 3105 4688 teste
3131 4632 3299 4688 Sexto
3326 4629 3544 4698 Clodio,

1956 4742 2240 4806 propterea
2279 4745 2473 4784 caesam
2505 4727 2689 4792 fuisse,
2737 4727 2859 4796 quia
2901 4726 3094 4780 marito
3121 4739 3219 4780 suo
3247 4723 3545 4791 nesciente,

1962 4827 2174 4898 plenam
2198 4823 2308 4878 vini
2340 4822 2538 4878 seriam
2589 4819 2829 4875 bibisset.
2873 4818 3041 4888 Cujus
3081 4817 3297 4889 quidem
3331 4819 3384 4872 in
3422 4817 3551 4873 facti

1961 4917 2277 4972 memoriam
2335 4915 2596 4984 amphora
2650 4913 2757 4968 vini
2811 4913 2862 4966 in
2921 4911 3062 4968 illius
3114 4911 3385 4980 mysteriis
3445 4910 3546 4965 ob-

1961 5018 2098 5066 tecta
2151 5008 2531 5075 constituitur,
2566 5021 2667 5063 nec
2694 5006 2785 5062 ulli
2817 5006 2897 5060 fas
2941 5013 3025 5059 est
3067 5004 3132 5058 iis
3176 5003 3376 5060 inferre
3419 5019 3548 5060 ver-

1960 5103 2147 5162 benas.
2817 5147 2827 5159 .

2034 5196 2337 5252 Macrobius
2365 5206 2544 5251 autem
2576 5195 2690 5250 haec
2711 5193 2868 5262 paulo
2896 5190 3202 5256 enodatius,
3235 5205 3342 5246 non
3370 5191 3551 5262 aliquo

1965 5299 2141 5344 tamen
2171 5291 2288 5344 sine
2330 5287 2669 5353 discrimine,
2719 5285 2964 5354 huncque
3007 5283 3060 5338 in
3105 5283 3324 5339 modum
3369 5283 3556 5339 retulit

1965 5384 2247 5457 (Macrob.,
2279 5383 2394 5438 libr.
2424 5399 2439 5436 l
2497 5378 2789 5444 Saturnal.,
2825 5395 2940 5449 cap.
2972 5378 3085 5450 l2).
3130 5377 3334 5442 Fauna,
3358 5377 3550 5448 inquit,

1965 5487 2020 5535 ct
2043 5477 2209 5533 Fatua
2239 5493 2268 5533 a
2300 5475 2643 5547 quibusdam,
2689 5487 2752 5529 ac
2791 5474 3126 5543 potissimum
3157 5469 3414 5526 Cornelio
3445 5470 3554 5524 La-

1967 5572 2160 5636 beone,
2188 5579 2242 5626 ct
2285 5571 2338 5623 in
2371 5568 2688 5623 Pontiﬁcum
2735 5567 2886 5622 libris
2925 5567 3111 5623 eadem
3160 5565 3356 5618 dicitur
3396 5573 3558 5633 atque

1972 5667 2128 5732 Maia,
2174 5664 2322 5723 Bona
2354 5663 2476 5735 dea,
2519 5663 2650 5733 Ops,
2701 5660 2892 5730 Terra,
2920 5671 2973 5717 et
3011 5657 3199 5727 Magna
3249 5664 3442 5724 mater,
3473 5654 3564 5709 cui
