3986 6058
457 271 575 329 595

462 481 591 535 vina
615 479 811 551 agitur.
836 477 919 533 Ab
943 478 1065 533 aliis
1092 486 1269 535 tamen
1289 479 1478 535 eadem
1496 490 1559 534 ac
1585 478 1753 533 Fauni
1786 478 1895 536 filia
1921 494 2045 535 cen-

461 582 637 640 setur,
666 587 788 643 qua:
814 586 934 627 cum
965 572 1129 642 patris
1160 572 1275 641 sui,
1306 587 1336 627 a
1367 587 1473 643 quo
1499 573 1708 644 perdite
1742 573 2042 640 amabatur,

456 664 728 722 voluntati
766 662 1091 732 obstitisset,
1119 663 1268 734 virga
1301 674 1507 735 myrtea
1544 664 1614 719 ab
1643 664 1736 719 illo
1763 665 2045 721 verberata

459 767 562 816 est.
593 757 732 814 Tum
760 757 853 813 ille
878 756 1026 814 addit
1057 776 1071 811 :
1105 777 1124 811 ι
1157 758 1359 814 llorum
1378 758 1618 814 omnium
1646 758 1749 814 hoc
1771 760 2048 830 proferunt

454 850 668 919 indicii,
692 850 835 924 quod
864 850 1067 922 virgam
1096 861 1357 923 myrteam
1379 850 1435 906 in
1462 852 1661 922 templo
1682 851 1867 908 haberi
1898 852 2047 908 nefas

456 944 563 1011 sit;
612 943 756 1014 quod
804 957 966 1014 super
1017 954 1178 1013 caput
1227 942 1347 1013 ejus
1393 943 1713 998 extendatur
1767 944 1911 1007 vitis,
1944 958 2046 1014 qua

456 1038 699 1095 maxime
722 1052 841 1091 eam
872 1045 1023 1106 pater
1061 1034 1179 1106 ejus
1215 1035 1467 1106 decipere
1498 1036 1763 1101 tentavit;
1794 1035 1934 1107 quod
1966 1037 2040 1089 vi.

459 1148 592 1187 num
622 1132 676 1185 in
696 1130 955 1200 templum
978 1128 1097 1199 ejus
1129 1144 1235 1184 non
1266 1146 1364 1183 suo
1395 1130 1614 1184 nomine
1637 1130 1808 1185 soleat
1839 1126 2043 1196 inferri,

456 1225 557 1282 sed
583 1239 681 1280 vas
707 1224 760 1278 in
797 1238 903 1293 quo
932 1221 1117 1278 vinum
1162 1221 1389 1277 inditum
1424 1222 1516 1289 sit,
1543 1222 1847 1278 mellarium
1877 1223 2049 1276 nomi-

458 1326 641 1383 netur,
680 1325 735 1372 et
781 1317 964 1371 vinum
1011 1316 1097 1370 lac
1142 1323 1504 1386 nuncupetur,
1556 1323 1947 1386 serpentesque
1992 1314 2047 1369 in

460 1411 669 1483 templo
696 1409 815 1481 ejus
840 1424 943 1466 nec
972 1418 1257 1476 terrentes,
1284 1425 1386 1466 nec
1408 1410 1658 1466 timentes
1677 1407 2048 1466 indifferenter

460 1512 777 1577 appareant.
819 1522 838 1557 ι

532 1595 853 1653 Plutarchus
892 1603 1073 1652 autem
1128 1596 1392 1667 quaerenti
1427 1609 1525 1652 cur
1555 1603 1815 1652 matrona:
1856 1594 2047 1651 dome-

462 1674 656 1748 sticum
687 1690 968 1747 muliebris
993 1690 1132 1757 deae,
1153 1705 1313 1761 quam
1339 1690 1543 1746 Bonam
1572 1690 1933 1761 appellavere,
1963 1703 2047 1745 sa.

1680 266 2133 329 mssznrrmo
2168 262 2447 331 PRM/ts
3630 280 3735 337 596

458 402 646 445 mense
672 387 839 454 Maio,
873 388 1003 459 ipsis
1034 386 1259 458 hujusce
1290 386 1492 443 mensis
1532 384 1806 452 Calendis,
1836 398 1924 442 res
1962 388 2044 442 di-
2071 399 2123 460 Α

2333 384 2431 457 Aut
2450 386 2558 450 fuit,
2584 394 2670 441 aut
2693 392 2797 457 visa
2820 396 2914 455 est,
2942 391 3031 443 sed
3051 386 3145 444 fuit
3168 386 3249 444 illa
3271 395 3451 457 magis.

2239 450 2382 519 Juss_a
2400 450 2506 519 foco
2521 456 2713 519 captiva
2733 455 2887 519 fovet,
2902 450 3184 519 conceptu
3200 460 3263 507 ab
3285 450 3371 509 illi

2329 490 3334 583 "sieriiéﬂiz'éii'oi'eainﬂéiﬁﬁﬁi

2238 575 2387 651 Signa
2564 581 2761 651 genitor
2784 575 3036 651 tum,_cu'm
3058 591 3203 647 caput
3226 584 3345 651 igne.
3366 594 3570 633 corusco

2335 638 2735 705 Contigit;qu
2752 653 2889 693 coma
2906 638 3162 694 ﬂeamus
3181 638 3303 695 arsit
3323 656 3471 709 apex.

2706 725 2895 793 (om.
2918 728 3003 780 ua.
3025 743 3073 781 η
3090 730 3307 791 παθη,
3328 730 3359 794 ς
3381 731 3492 794 is.)

2146 826 2376 896 Quinam
2402 838 2605 897 autem,
2633 832 2736 887 nisi
2762 833 2911 904 impii
2942 849 3165 905 prorsus
3186 848 3252 891 ac
3275 836 3525 892 scelerati
3558 838 3735 893 homi-

2146 935 2265 987 nes,
2306 920 2470 978 bosce
2495 922 2646 991 deos,
2682 925 2766 981 vel
2794 928 2970 996 potius
2999 927 3224 983 deorum
3265 937 3527 997 monstra,
3554 931 3739 987 colere

2149 1018 2473 1083 potuerunt?
2504 1017 2608 1073 Sed
2641 1019 2756 1075 haec
2788 1030 2975 1076 eorum
3002 1021 3251 1092 impietas
3276 1036 3385 1079 non
3413 1024 3588 1080 minus
3618 1038 3738 1080 ma-

2147 1105 2341 1163 nifeste
2372 1110 2591 1179 patebat
2616 1127 2683 1167 ex
2705 1112 3035 1171 solemnibus
3061 1115 3215 1171 festis
3237 1125 3293 1172 et
3312 1118 3738 1190 mysterﬁs,qu:e

2148 1198 2204 1254 in
2245 1201 2455 1258 illorum
2485 1204 2768 1273 honorem,
2815 1217 2871 1262 et
2914 1206 3182 1266 factorum
3228 1211 3546 1267 memoriam
3595 1224 3735 1282 quo-

2149 1296 2328 1352 tannis
2381 1311 2544 1369 agere
2586 1312 3019 1369 consueverant,
3075 1300 3195 1375 dua:
3248 1304 3361 1376 jam
3412 1305 3736 1362 excutienda

2149 1402 2295 1447 συιη.

2731 1528 2957 1591 CAPUT
2996 1530 3139 1590 XIX.

2153 1666 2421 1735 Quomodo
2442 1670 2761 1727 ethnicorum
2788 1674 3028 1745 mysteria
3078 1683 3126 1729 et
3160 1674 3291 1743 festa
3317 1675 3373 1729 in
3396 1674 3608 1731 dcorat:
3638 1676 3735 1731 ho-

460 1782 661 1839 cellum
704 1792 959 1839 ornantes
981 1825 996 1850 ,
1025 1791 1259 1856 myrtum
1309 1798 1416 1838 non
1448 1782 1707 1851 inserant,
1758 1784 2046 1855 respondet

2219 1776 2415 1830 norem,
2446 1772 2492 1818 et
2514 1780 2685 1819 rerum
2711 1767 2776 1819 ob
2799 1767 2865 1821 iis
2891 1776 3146 1838 gestarum
3172 1770 3468 1823 memoriam
3506 1769 3739 1825 instituta

460 1883 709 1948 apertam
740 1891 845 1931 non
875 1891 997 1932 esse
1025 1876 1170 1931 illius
1207 1876 1345 1931 ritus
1369 1877 1665 1942 rationem;
1690 1874 1882 1932 fabulae
1912 1877 2052 1933 nihi-

464 1971 704 2025 lominus
742 1971 788 2025 si
813 1985 919 2042 qua
949 1969 1083 2025 fides
1128 1967 1372 2026 babenda
1399 1969 1504 2038 sit,
1536 1985 1659 2026 eum
1690 1985 1896 2027 morem
1927 1970 2052 2027 inde

459 2072 665 2132 ortum,
696 2063 841 2133 quod
878 2063 1051 2119 Fanlii
1078 2062 1240 2135 (forte
1264 2063 1459 2137 Fauni)
1486 2064 1767 2136 cujusdam
1788 2065 2052 2136 aruspicis

461 2174 727 2227 uxorem,
759 2160 897 2214 clam
950 2168 1078 2230 poto
1122 2160 1270 2228 vino,
1321 2160 1486 2230 virgis
1538 2161 1761 2233 myrteis
1789 2176 1820 2215 a
1859 2161 2053 2216 marito

456 2267 656 2310 cassam
685 2251 851 2308 fuisse
876 2251 1186 2308 existiment
1208 2251 1530 2324 (Plutareh.,
1576 2252 1770 2320 Quam.
1800 2253 2048 2323 Romam,

459 2357 588 2403 tom.
616 2362 677 2415 ll,
703 2362 824 2418 pag.
847 2344 1001 2419 268).

534 2441 757 2499 Clodius
783 2458 916 2498 vero
941 2442 1080 2513 apud
1106 2442 1446 2498 Lactantium
1476 2444 1644 2500 refert
1668 2442 1905 2499 Faunam
1946 2445 2050 2500 Fa-

462 2545 634 2603 tuam,
682 2534 849 2591 Fauni
901 2551 1124 2593 uxorem
1156 2578 1172 2603 ,
1238 2546 1523 2609 propterea
1562 2539 1706 2610 quod
1752 2540 1912 2595 ollam
1946 2540 2053 2595 vini

463 2637 653 2685 contra
671 2643 878 2685 morem
908 2628 1180 2700 decusque
1208 2631 1413 2701 regium
1443 2631 1582 2687 clam
1613 2632 1891 2701 ebibisset,
1924 2632 2055 2688 fuis-

462 2730 656 2794 setque
687 2721 973 2789 inebriata,
1004 2722 1167 2792 virgis
1208 2723 1431 2796 myrteis
1456 2738 1629 2795 usque
1657 2725 1723 2780 ad
1764 2734 1993 2781 mortem
2021 2741 2051 2780 a

459 2815 580 2870 viro
603 2814 940 2871 verberatam
976 2832 988 2868 :
1018 2814 1114 2870 sed
1142 2830 1263 2871 cum
1293 2815 1440 2870 illum
1484 2827 1668 2886 postea
1709 2816 1832 2872 facti
1878 2818 2052 2889 pleni-

461 2909 681 2975 tuisset,
714 2923 814 2965 nec
843 2916 1027 2978 posset
1067 2908 1250 2963 uxoris
1272 2906 1417 2964 ferre
1443 2907 1801 2978 desiderium,
1843 2910 2054 2965 divinos

465 3002 704 3058 honores
730 3001 807 3056 illi
838 3000 1115 3069 detulisse,
1144 3012 1197 3056 et
1226 3000 1428 3056 idcirco
1457 2999 1511 3056 in
1539 3003 1657 3071 ejus
1685 3004 1854 3058 sacris
1879 3003 2052 3057 obvo-

459 3094 632 3150 lutam
653 3094 836 3150 oil‘erri
854 3096 957 3150 vini
981 3098 1319 3164 amphoram.
1344 3094 1504 3151 Plura
1524 3095 1592 3151 de
1609 3096 1695 3152 illa
1723 3096 1783 3152 L.
1804 3096 2055 3154 Giraldus

2223 1873 2284 1910 ac
2309 1857 2560 1913 celebrata
2598 1861 2788 1930 falsam
2824 1860 3230 1918 demonstrarent
3255 1862 3465 1918 illorum
3495 1864 3740 1919 divinita-

2225 1958 2343 2005 tem.
2880 1970 2887 2005 ῖ

2688 2084 2978 2127 Αιιτιουιυε
3003 2086 3211 2128 PRIMUS.

2153 2180 2309 2253 Quam
2343 2184 2984 2253 evidenter-Bacchan_alia,
3025 2201 3115 2253 seu
3163 2187 3498 2253 Omophagia,
3534 2182 3750 2253 Veneris

2214 2245 2403 2313 Cypriae
2423 2249 2580 2313 initia,
2606 2245 3256 2313 Sabazig'l’hesmophoria.
3282 2245 3551 2313 Eleusinia,
3577 2255 3632 2301 et
3647 2250 3746 2300 Ali-

2214 2312 2398 2360 montia
2419 2312 2760 2363 demomtreut
2778 2311 2927 2364 falsos
2948 2311 3338 2377 esse—gentilium
3355 2314 3496 2364 deos.

2224 2430 2342 2493 Non
2374 2438 2613 2495 infimum
2653 2441 2794 2498 inter
2820 2443 3128 2514 turpissima
3176 2442 3455 2515 gentilium
3484 2445 3739 2518 mysteria

2154 2542 2209 2591 et
2236 2533 2371 2590 festa
2395 2535 2569 2590 locum
2613 2534 2929 2593 obtinebant
2955 2537 3219 2602 humanm,
3249 2548 3307 2593 ut
3333 2536 3406 2593 ait
3446 2536 3737 2606 Arnobius,

2154 2622 2533 2696 Bacchanalia,
2567 2643 2686 2699 qua:
2731 2644 2906 2700 graeco
2937 2631 3154 2686 nomine
3184 2630 3501 2703 Omophagia
3532 2646 3741 2687 nuncu-

2154 2720 2438 2791 pnbantur.
2479 2720 2686 2790 Quanta
2733 2735 2911 2779 autem
2940 2766 2955 2789 ,
3002 2738 3065 2779 ac
3096 2738 3257 2795 quam
3303 2724 3603 2781 execranda
3635 2735 3751 2782 tur-

2155 2812 2396 2885 pitudine
2425 2827 2731 2886 agerentur,
2763 2832 2826 2871 ex
2858 2816 2941 2871 his
2962 2816 3183 2886 quilibet
3210 2830 3500 2887 agnoscere
3528 2816 3746 2888 poterit,

2155 2916 2276 2975 quae
2305 2906 2372 2961 de
2401 2907 2504 2962 illis
2532 2909 2584 2961 in
2617 2908 2793 2977 priore
2824 2907 3127 2979 Apparatus
3158 2910 3326 2964 nostri
3368 2918 3516 2965 tomo
3559 2910 3747 2979 dispu.

2154 2998 2409 3053 tavimus.
2440 2998 2569 3055 lude
2600 3001 2759 3055 etiam
2781 3000 2934 3056 facile
2956 3000 3221 3073 intelliget
3244 3001 3383 3069 haec,
3407 3018 3524 3073 quae
3542 3002 3748 3058 Auctor

2156 3102 2340 3147 noster
2370 3101 2603 3159 enarrat,
2662 3108 2727 3149 ex
2773 3090 3066 3150 Clementis
3098 3095 3448 3150 Alexandrini
3490 3094 3746 3166 decerpta

462 3197 519 3244 et
546 3189 805 3256 Vossius,
853 3203 988 3260 quos
1032 3188 1181 3244 adire
1210 3191 1450 3259 poteris,
1478 3191 1631 3247 sicuti
1660 3192 1796 3247 alios
1822 3204 1853 3248 a
1897 3193 2049 3247 nobis
2079 3184 2124 3248 C
2156 3200 2275 3242 esse
2298 3185 2451 3241 libris
2505 3185 2679 3257 (Arn.,
2708 3188 2743 3241 ι.
2778 3204 2833 3253 v,
2869 3204 2985 3259 pag.
3030 3186 3162 3251 169;
3219 3196 3339 3242 t0"!-
3373 3202 3392 3242 ι
3421 3188 3672 3258 Αρριπαιο
3707 3190 3746 3242 l-

461 3281 627 3352 paulo
667 3291 792 3337 ante
836 3282 1028 3337 citatos
1067 3281 1354 3355 (Lactant.
1396 3285 1486 3339 lib.
1523 3299 1542 3339 ι
1584 3285 1649 3340 de
1676 3286 1797 3355 fals.
1853 3285 2050 3358 Relig..

464 3389 584 3442 cap.
605 3372 697 3436 22,
725 3391 844 3445 pag.
892 3374 1015 3441 l27;
1046 3373 1274 3443 (ἤνοπι,
1311 3375 1449 3429 Hist.
1482 3377 1647 3441 deor.,
1696 3386 1949 3449 synlagm.
1996 3381 2048 3445 4,

471 3484 592 3540 pag.
629 3468 727 3524 i57
756 3478 811 3523 et
847 3484 988 3539 scq.:
1060 3464 1225 3533 V088.,
1263 3466 1350 3523 (ib.
1402 3482 1421 3523 ι
1465 3471 1528 3524 de
1580 3470 1727 3541 Orig.
1774 3483 1818 3526 et
1865 3471 2048 3542 Progr.

464 3560 671 3625 idolol.,
700 3574 816 3630 cap.
847 3561 949 3626 12;
978 3576 1119 3630 sup.,
1150 3572 1263 3633 cap.
1301 3561 1387 3628 li,
1414 3572 1513 3616 art.
1548 3562 1623 3636 5).

538 3648 707 3708 Porro
754 3664 932 3707 autem
984 3669 1047 3708 ex
1104 3650 1201 3709 hac
1244 3652 1514 3707 variorum
1556 3655 1889 3726 Scriptorum
1937 3673 2054 3713 nar-

463 3743 676 3799 ratione
705 3744 880 3815 quivis
912 3743 1043 3798 illud
1084 3744 1384 3815 intelligere
1436 3745 1650 3814 poterit,
1684 3748 1826 3815 quod
1877 3753 2049 3805 Arno-

460 3835 585 3892 bius
612 3836 859 3894 ethnicos
906 3836 1180 3893 irridendo
1208 3838 1355 3908 prius
1397 3837 1605 3894 dixerat
1639 3859 1651 3896 :
1682 3858 1701 3891 ί
1739 3836 1916 3897 Fauna
1950 3844 2052 3898 Fa-

460 3934 575 3994 tua,
626 3927 795 3984 Fauni
828 3946 983 3995 uxor,
1017 3930 1164 3986 Bona
1191 3929 1289 3986 dea
1335 3947 1454 4002 quze
1485 3930 1701 3999 dicitur,
1734 3934 1828 3990 sed
1860 3937 1912 3991 in
1940 3938 2050 3993 vini

457 4020 652 4076 melior
696 4029 751 4076 et
775 4020 1094 4079 laudabilior
1138 4030 1321 4093 potu.»
1381 4022 1580 4096 (Arn.,
1614 4025 1651 4081 ι.
1689 4042 1726 4092 ι,
1755 4044 1874 4100 pag.
1917 4026 2047 4103 20.)

460 4113 593 4182 Quis
622 4129 771 4187 ergo,
810 4116 894 4171 his
922 4115 1134 4182 auditis,
1168 4131 1289 4172 cum
1332 4118 1451 4187 ipso
1481 4135 1589 4174 non
1615 4119 1805 4189 rideat,
1837 4134 1930 4178 aut
1958 4140 2052 4194 po-

455 4208 568 4266 tius
600 4225 707 4266 non
735 4210 981 4282 deploret
1005 4212 1248 4266 insanam
1281 4212 1620 4270 ethnicorum
1662 4218 2043 4286 temeritatem,

455 4306 552 4376 qui
573 4305 664 4360 tali
683 4305 916 4372 feminae,
934 4302 1163 4378 aliisque
1180 4307 1444 4363 similibus
1465 4308 1793 4366 divinitatem
1811 4313 2047 4371 tribuere

456 4414 569 4455 non
610 4399 1023 4456 dubitaverunt?
1048 4398 1155 4457 Sed
1202 4401 1255 4456 id
1300 4402 1405 4458 alio
1434 4402 1611 4461 adhuc
1651 4409 1898 4480 exemplo
1925 4426 2047 4482 per-

452 4494 645 4566 Spicue
660 4494 1014 4552 demonstrat.

2153 3297 2230 3347 ιιι,
2260 3281 2457 3336 dissert.
2501 3297 2535 3346 ι,
2570 3298 2687 3351 cap.
2713 3282 2767 3344 9,
2797 3293 2893 3336 art.
2920 3296 2959 3349 ι,
2982 3296 3101 3354 pag.
3138 3281 3280 3346 756;
3312 3278 3541 3337 Clemens
3568 3281 3745 3349 Alex"

2154 3376 2413 3430 Admonit.
2440 3377 2508 3430 ad
2534 3386 2694 3446 gent.,
2726 3390 2845 3446 pag.
2877 3376 2992 3444 il).

2226 3470 2303 3523 Ex
2348 3467 2536 3524 eodem
2570 3468 2922 3538 proculdubio
2952 3466 3099 3523 fonte
3146 3467 3230 3521 illa
3286 3480 3501 3539 quoque
3542 3467 3741 3529 hausit.

2151 3578 2269 3632 qua:
2290 3562 2357 3615 de
2385 3561 2505 3615 aliis
2532 3560 2977 3628 Bacchanalibus,
3002 3560 3089 3617 ubi
3133 3559 3311 3627 Liber,
3346 3576 3442 3617 seu
3471 3560 3759 3629 Bacchus,‘

2152 3670 2181 3707 a
2210 3650 2505 3715 Titanibus.
2523 3654 2600 3709 uti
2628 3655 2743 3726 ipse
2757 3655 2883 3709 alibi
2902 3654 3209 3720 dixerat,ac
3232 3654 3497 3710 Diodorus
3523 3655 3740 3711 Siculus

2152 3753 2205 3801 et
2238 3746 2537 3801 Macrobius
2567 3741 2884 3812 memorant,
2922 3746 3259 3802 membratim
3290 3754 3470 3802 sectus
3499 3747 3743 3803 celebra-

2151 3839 2308 3894 batur
2345 3839 2519 3910 (Arn.,
2549 3839 2586 3895 l.
2615 3856 2667 3905 ν,
2701 3856 2821 3911 pag.
2852 3839 2977 3906 169,
3007 3849 3055 3894 et
3080 3841 3116 3895 Ι.
3146 3854 3180 3903 l,
3215 3856 3333 3910 pag.
3365 3839 3438 3894 2'5
3466 3849 3512 3894 et
3554 3854 3692 3908 seqq.
3723 3857 3744 3903 ;

2154 3932 2371 3990 Diodor.
2415 3935 2599 4002 δίε-ιιι,
2649 3936 2686 3989 ι.
2727 3950 2783 3989 ιιι
2819 3933 3085 3999 Biblioth.,
3146 3933 3434 4005 ρα9-157;
3484 3931 3740 3996 Macrob.,

2152 4026 2189 4080 Ι.
2234 4041 2250 4081 ι
2296 4028 2350 4080 in
2380 4025 2559 4082 Somn.
2608 4026 2776 4096 Scip.,
2819 4041 2935 4096 cap.
2986 4024 3095 4097 12).
3159 4025 3232 4079 De
3262 4022 3347 4077 his
3389 4033 3569 4079 autem
3611 4023 3745 4077 Bac-

2151 4120 2464 4175 chanalibus
2511 4131 2563 4175 et
2612 4118 2960 4190 Omophagiis
3002 4119 3047 4174 si
3090 4118 3242 4189 plura
3268 4158 3282 4180 .
3330 4132 3489 4188 quam
3529 4132 3560 4171 a
3586 4117 3743 4171 nobis

2149 4211 2291 4267 dicta
2318 4222 2443 4267 sunt
2474 4210 2619 4284 (tom.
2657 4211 2969 4283 tApparat.,
2995 4211 3093 4265 loc.
3147 4207 3285 4282 cit),
3316 4210 3496 4281 legere
3548 4209 3743 4278 aliquis

2150 4306 2497 4368 desiderabit,
2528 4305 2574 4359 is
2600 4303 2949 4359 adeat'f‘itum
2973 4303 3201 4370 Livium,
3228 4303 3606 4375 Augustinum,
3639 4300 3743 4356 Ca-

2148 4397 2434 4455 stellanum
2455 4439 2470 4463 ,
2500 4408 2561 4451 ac
2590 4397 2887 4453 Iohannem
2926 4395 3132 4452 Nicolai
3151 4438 3164 4461 ,
3203 4404 3257 4451 et
3289 4396 3578 4451 Meursium
3600 4438 3616 4461 ,
3647 4396 3739 4465 qui

2147 4492 2215 4547 de
2237 4491 2340 4546 illis
2372 4491 2537 4547 libros
2565 4489 2852 4546 ediderunt
2877 4488 3038 4561 (bim,
3071 4490 3107 4543 l.
3141 4504 3331 4556 xxxix,
3353 4487 3380 4559 9
3402 4486 3461 4543 ll
3489 4498 3538 4542 et
3572 4505 3739 4559 seqq.;

452 4588 482 4658 ε
528 4586 610 4644 Ad
649 4589 1018 4661 turpissimum
1063 4588 1326 4663 siquidem
1372 4592 1544 4647 Servii
1584 4586 1744 4650 Tullii
1774 4594 2044 4653 Romano-

2157 4584 2387 4656 dugust.,
2417 4586 2455 4637 l.
2498 4596 2569 4637 vn
2594 4584 2654 4638 de
2676 4581 2850 4648 Civit.,
2906 4597 3020 4652 cap.
3048 4582 3140 4646 21,
3187 4595 3308 4652 pag.
3338 4582 3472 4646 177;
3500 4577 3736 4649 Coelen,

450 4696 575 4740 rum
614 4683 758 4756 regis
800 4693 978 4740 ortum
1009 4678 1279 4743 delabitur
1328 4687 1347 4759 (
1382 4687 1532 4754 Arn.,
1564 4688 1600 4742 Ι.
1632 4705 1683 4754 ν,
1715 4706 1832 4761 pag.
1866 4690 2042 4761 i69);

450 4784 509 4831 et
536 4777 781 4845 quamvis
819 4776 969 4831 illum
995 4792 1053 4833 se
1079 4780 1329 4835 omittere
1367 4781 1505 4835 velle
1541 4780 1824 4851 signiﬁcet,
1861 4783 2043 4853 paucis

446 4876 629 4925 tamen
672 4869 854 4926 verbis
883 4885 945 4927 ea
973 4870 1251 4937 describit,
1284 4889 1405 4944 quze
1453 4872 1519 4927 ad
1565 4873 2039 4930 demonstrandam

452 4960 618 5031 hujus
659 4962 898 5019 historia:
928 4963 1204 5019 infamiam
1240 4965 1456 5022 abunde
1482 4966 1774 5022 sufficiunt.
1804 4971 1875 5023 At
1914 4968 2038 5023 Dio-

447 5053 639 5122 nysius
672 5044 1111 5110 Halicarnasseus
1138 5071 1251 5110 rem
1285 5064 1451 5111 totam
1481 5058 1679 5127 retulit,
1716 5069 1873 5129 prout
1896 5061 2036 5131 apud

443 5143 644 5201 multos
673 5162 909 5202 romana}
946 5144 1191 5203 historiae
1222 5148 1514 5219 scriptores
1544 5151 1817 5206 memoriae
1846 5152 2037 5209 tradita

438 5236 615 5294 fuerat
634 5236 815 5311 (Dion.
844 5238 1041 5309 Halic.,
1067 5242 1182 5296 init.
1204 5242 1239 5296 ι.
1265 5257 1321 5296 tv
1350 5243 1519 5313 Antig.
1540 5242 1787 5312 Romam,
1811 5264 1862 5317 p.
1883 5245 2036 5317 207).

440 5326 667 5387 Ovidius
712 5345 875 5400 porro
926 5332 1057 5388 illud
1112 5331 1217 5400 bis,
1269 5333 1464 5405 quibus
1514 5347 1739 5409 utraque
1792 5339 2034 5407 Arnobii,

443 5431 500 5479 et
530 5418 775 5491 Dionysii
807 5423 1045 5478 narratio
1105 5423 1476 5493 confirmatur,
1511 5424 1756 5483 versibus
1785 5428 1986 5486 cecinit
2019 5449 2032 5486 :

534 5534 1361 5605 Namquepatcr'l‘ulliVulcanus,
1382 5539 1588 5605 Ocresia
1611 5551 1787 5605 mater,

624 5594 1036 5663 Przesignisjacle
1057 5594 1374 5663 corniculana
1395 5603 1505 5653 fuit.

529 5662 670 5732 Hanc
691 5661 861 5732 secum
886 5661 1144 5732 Tanaquil,
1163 5667 1317 5732 sacris
1333 5666 1397 5732 de
1420 5680 1561 5732 more
1580 5671 1779 5732 paratis,

621 5721 775 5774 Jussit
794 5728 839 5774 in
866 5721 1090 5774 ornatum
1113 5724 1323 5777 fundere
1347 5729 1460 5778 vina
1484 5721 1659 5782 loctim.

526 5787 621 5839 Hic
642 5785 775 5835 inter
796 5788 906 5837 ciue
914 5800 997 5836 res
1013 5785 1214 5837 obsceni
1240 5791 1389 5839 forma
1405 5790 1562 5842 virilis

2146 4678 2214 4731 ad
2238 4676 2370 4732 verb.
2404 4675 2680 4747 Διονυσία).

2215 4768 2347 4836 Quae
2401 4768 2598 4824 dehinc
2644 4771 2846 4821 Auctor
2890 4775 3075 4821 noster
3126 4764 3311 4821 retulit
3352 4764 3421 4820 de
3472 4765 3737 4820 abstrusis

2144 4859 2356 4934 Cypriae
2391 4860 2613 4917 Veneris
2639 4860 2803 4914 initiis
2831 4868 2886 4914 et
2912 4858 3101 4926 sacris,
3126 4871 3424 4929 eorumque
3460 4857 3738 4913 conditore

2145 4954 2364 5026 Cinyra,
2399 4957 2513 5009 lucc
2533 4962 2748 5024 quoque
2774 4969 2838 5008 ex
2858 4952 3045 5008 eodem
3069 4952 3364 5008 Clementis
3384 4950 3735 5007 Alexandrini

2145 5046 2283 5102 libro
2310 5048 2588 5117 desumpta
2617 5055 2760 5102 sunt.
2782 5046 2953 5102 Julius
2978 5055 3157 5101 autem
3176 5045 3440 5101 Firmicus
3463 5044 3628 5101 dehis
3657 5046 3738 5102 sic

2144 5139 2379 5211 loquitur
2404 5158 2418 5196 :
2449 5139 2675 5218 c_Audio
2698 5138 2951 5211 Cyuiram
2979 5139 3233 5211 Cyprium
3259 5138 3519 5208 templum
3547 5139 3736 5193 amicze

2144 5235 2411 5289 meretrici
2460 5233 2715 5299 donasse,
2744 5234 2793 5287 ei
2838 5241 2957 5288 erat
2984 5232 3167 5291 Venus
3217 5244 3438 5289 nomen.
3490 5232 3737 5287 lnitiasse

2144 5327 2304 5384 etiam
2330 5326 2544 5399 Cypria
2572 5325 2766 5382 Veneri
2794 5327 3072 5397 plurimos,
3102 5335 3157 5382 et
3180 5326 3343 5381 variis
3370 5326 3736 5382 consecratio-

2143 5422 2299 5477 nibus
2357 5421 2662 5488 deputassc.
2722 5418 2988 5475 Statuisse
3027 5420 3236 5489 etiam,
3300 5426 3360 5473 ut
3416 5418 3737 5489 quicumque

2142 5512 2341 5568 initiari
2362 5510 2549 5577 vellet,
2574 5521 2785 5568 secreto
2813 5510 2912 5567 sibi
2953 5508 3180 5568 Veneris
3208 5511 3436 5577 tradito,
3463 5520 3644 5566 assem
3677 5512 3733 5567 in

2144 5619 2305 5659 manu
2345 5604 2615 5660 mercedis
2660 5604 2877 5661 nomine
2923 5604 3038 5660 deae
3067 5605 3258 5672 daret,
3289 5604 3431 5676 quod
3460 5613 3733 5659 secretum

2143 5696 2300 5768 quale
2322 5699 2409 5766 sit,
2430 5710 2622 5754 omnes
2643 5697 3252 5769 intelligeredebemus;
3283 5698 3406 5769 quia
3433 5697 3535 5753 hoc
3552 5698 3734 5767 ipsum

2148 5798 2368 5861 propter
2399 5790 2783 5862 turpitudinem
2812 5790 3085 5861 explicare
3114 5804 3219 5846 non
3248 5802 3554 5861 possumus.
3586 5789 3735 5846 Bene
