3986 6058
273 218 377 275 597

1487 220 1554 277 ΙΝ
1593 219 1972 289 ΑΒΝΟΒΙΗΜ,
2009 221 2166 279 CAP.
2209 220 2353 278 XIX.

3446 224 3553 283 598

271 344 481 394 amator
511 336 737 410 Cyniras
759 339 1080 397 meretriciis
1100 338 1305 411 legibus
1319 337 1508 404 servit,
1527 344 1859 394 consecrata
1884 340 1938 407 Α
1963 336 2224 394 sacriﬁcia
2250 379 2265 404 ,
2323 346 2378 393 et
2454 337 2657 393 cultum
2731 316 2997 394 nocturno
3064 346 3273 394 tantum
3312 347 3559 411 tempore

274 428 535 487 Veneria
578 430 951 488 sacerdotibus
999 434 1111 486 suis
1165 433 1357 502 stipem
1412 429 1527 485 dari
1566 430 1755 500 jussit,
1811 438 1868 484 ut

271 532 480 580 scorto.
513 543 532 578 ι
561 521 699 595 (Jul.
731 523 875 591 Fin,
914 526 977 579 de
998 523 1180 579 Error.
1210 528 1349 595 prof.
1377 525 1553 593 relig.,
1600 540 1721 596 pag.
1750 522 1866 597 l5.)

272 614 652 672 Theodoretus
674 630 803 672 vero
822 616 892 671 de
916 616 1109 688 Cynira
1136 616 1254 672 hinc
1279 616 1474 672 litteris
1492 617 1826 688 consignavit
1849 633 1865 672 τ

272 713 378 769 Τήν
412 706 465 763 δέ
508 729 565 781 γε
593 706 883 784 Ἀφροδίτην
930 708 1041 764 οὐδέ
1092 711 1382 782 εὐεργεσίας
1430 710 1565 769 τινὸς
1612 704 1862 783 ἄρξασαν,

269 801 401 857 ἀλλὰ
426 804 511 856 καὶ
535 802 814 863 ἀκολασίας
828 804 1156 875 γονινημένην
1177 800 1495 858 διδάσκαλον.
1523 802 1865 873 χαμαιτύπην

269 895 372 970 γὰρ
418 895 578 953 αὐτὴν
608 897 697 949 καὶ
734 894 941 972 ἕταίραν
985 897 1283 969 γεγενῆσθαὶ
1312 916 1439 967 φασι
1480 897 1569 948 καὶ
1613 895 1865 969 ἐρωμένην

268 990 507 1061 Κινύρου,
535 990 648 1043 Grais
667 991 966 1061 ὡνομᾶιιασι.
997 988 1346 1060 (Thcodoret.,
1383 999 1486 1043 tom
1539 1004 1607 1052 tv,
1630 1004 1778 1041 serat.
1811 989 1865 1052 5,

270 1081 339 1135 de
361 1082 546 1153 Angel.
572 1092 619 1137 et
646 1081 890 1146 (latinam,
919 1098 1018 1152 pag
1039 1078 1190 1152 511.)
1227 1098 1247 1131 t
1282 1083 1352 1134 At
1382 1080 1641 1136 Venerem
1673 1080 1868 1134 nullius

268 1176 523 1232 beneﬁcii
571 1184 871 1240 auctorem,
930 1175 1025 1231 sed
1084 1174 1513 1245 intemperantiae
1557 1174 1865 1245 magistram

272 1272 576 1345 (prostituti
605 1271 871 1342 siquidem
893 1271 1138 1342 corporis
1158 1270 1499 1325 meretricem
1522 1270 1685 1324 fuisse
1696 1270 1864 1335 aiunt,

272 1382 340 1422 ac
369 1365 582 1439 Cynirm
630 1364 914 1439 amasium)
962 1365 1119 1421 deam
1170 1372 1351 1419 tamen
1401 1363 1757 1435 appellantes.
1794 1364 1868 1418 De

273 1459 473 1532 Cynira
501 1474 693 1529 porro,
732 1474 797 1515 ac
836 1459 1047 1514 Venere
1077 1458 1327 1513 Vossium
1359 1457 1602 1523 consule,
1636 1457 1682 1512 si
1712 1456 1864 1511 velis.

275 1552 481 1624 (Vorm,
505 1553 545 1609 l:
564 1568 613 1607 Vl
638 1552 702 1607 de
724 1550 871 1623 Orig.
894 1561 943 1605 et
967 1550 1151 1621 Progr.
1172 1549 1335 1615 Μαίη
1352 1565 1469 1620 cap.
1496 1549 1586 1613 17,
1610 1563 1731 1618 pag.
1751 1546 1867 1618 71.)

271 1642 386 1700 Nos
412 1658 542 1700 vero
567 1643 636 1698 de
672 1643 779 1698 illis
805 1643 929 1698 alibi
958 1641 1310 1698 disseruimus
1362 1641 1505 1713 (tom.
1542 1657 1557 1696 ι
1589 1641 1866 1711 Αρραται..

1968 446 2033 486 ac
2060 440 2273 487 secreto
2298 473 2312 497 ,
2346 440 2565 501 propter
2590 445 2779 485 eorum
2829 430 3213 500 turpitudinem
3246 430 3558 486 introduce-

1967 524 2114 579 bant.
2158 522 2313 578 Unde
2352 539 2538 577 rursus
2569 522 2757 578 Cicero
2792 541 2804 577 :
2855 542 2874 576 ι
2911 520 3094 578 Novos
3118 522 3272 590 deos,
3310 540 3330 574 ι
3361 522 3556 593 inquit,

1974 636 1993 669 ι
2015 618 2137 672 etin
2157 617 2237 670 his
2251 617 2491 672 colendis
2507 627 2795 671 nocturnas
2808 616 3246 686 pervigilationes
3258 617 3335 672 sic
3350 615 3559 672 Aristo-

1968 711 2196 781 phanes,
2224 711 2582 765 facetissimus
2614 720 2765 780 poeta
2799 713 2994 766 veteris
3023 709 3337 777 comoedia),
3378 718 3559 776 vexat,

1967 816 2026 859 ut
2052 806 2194 875 apud
2234 820 2355 860 eum
2396 804 2672 865 Sabasius.
2703 814 2757 859 et
2785 805 2999 872 quidam
3037 804 3130 858 alii
3170 803 3242 858 dii
3288 800 3559 875 peregrini

1965 897 2208 966 iudicati,
2227 914 2260 952 e
2280 898 2491 953 civitate
2504 897 2805 967 ciiciantur.
2838 915 2856 948 ι
2877 894 3083 967 (Dicet,
3104 896 3193 950 lib.
3209 912 3247 951 ιι
3267 897 3330 951 de
3354 895 3558 967 Legib.,

1970 1006 2090 1060 pag.
2136 991 2261 1050 557.
2291 992 2384 1044 lin.
2430 989 2549 1062 44.)
2593 991 2832 1061 Denique
2863 1000 2921 1044 ut
2956 990 3274 1045 Strabonem
3317 990 3562 1061 aliosque

1968 1085 2164 1139 missos
2192 1084 2472 1151 faciamus,
2520 1086 2714 1141 Suidas
2760 1094 2944 1156 aperte
2971 1085 3214 1140 declarat
3251 1083 3556 1152 Sebasium,

1969 1177 2242 1244 Σαϐἀσιον,
2277 1177 2524 1233 eumdem
2552 1194 2673 1233 esse
2698 1192 2760 1233 ac
2789 1178 3098 1249 Dionysium
3118 1218 3134 1245 ,
3162 1192 3260 1233 seu
3290 1176 3558 1233 Bacchum

1975 1268 2196 1339 (Strab.,
2226 1271 2315 1325 lib.
2339 1270 2438 1326 XX
2469 1271 2653 1341 Ceogr.
2678 1312 2695 1339 ,
2725 1288 2846 1344 pag.
2876 1271 2985 1327 470
3011 1282 3059 1327 et
3082 1287 3247 1342 seqq;
3295 1271 3470 1339 Suid.,
3502 1272 3571 1327 ad

1973 1362 2106 1417 verb.
2136 1363 2402 1431 σιϐἀσιος)
2416 1408 2430 1420 .

2043 1455 2222 1526 Neque
2248 1456 2448 1512 dixeris
2474 1459 2523 1512 in
2554 1458 2775 1513 Arnobii
2803 1457 2972 1513 nostri
3002 1467 3150 1513 textu
3174 1456 3360 1513 haberi
3394 1457 3563 1515 Saba-

1972 1548 2102 1614 diis,
2146 1561 2270 1616 aut,
2325 1561 2382 1604 ut
2433 1551 2648 1622 quidam
2703 1560 2919 1620 putant,
2969 1550 3224 1613 Sabadiis.
3267 1550 3399 1606 Nam
3424 1551 3566 1619 apud

1973 1643 2256 1713 Apuleium
2290 1644 2514 1715 legimus
2548 1664 2560 1698 :
2597 1644 2818 1700 Sanctus
2873 1644 3129 1699 Sabadius
3159 1684 3174 1712 ,
3220 1644 3360 1700 haud
3404 1642 3567 1700 dubie

270 1752 400 1807 pag.
450 1736 555 1791 729
597 1747 644 1790 et
675 1735 851 1800 M76;
880 1734 1097 1800 Arnob.,
1129 1736 1218 1789 lib.
1250 1750 1307 1801 v,
1338 1751 1439 1805 pag
1466 1732 1619 1805 169).
1655 1734 1725 1789 At
1750 1734 1871 1804 quis
1900 1743 1949 1804 Β
1976 1736 2241 1794 Bacchus.
2280 1738 2432 1807 Apud
2469 1738 2794 1795 Macrobium
2823 1753 2952 1793 vero
2982 1757 2996 1792 :
3028 1756 3047 1790 ι
3077 1736 3135 1793 In
3166 1737 3392 1793 Thracia
3412 1752 3566 1793 eum-

276 1843 386 1885 non
408 1827 586 1883 videat
608 1828 693 1883 his
712 1826 1033 1896 turpissimis
1054 1827 1548 1897 crudelissimisque
1569 1824 1866 1898 mysteriis,

271 1929 333 1976 et
357 1919 513 1977 festis
540 1920 795 1976 radicitus
832 1920 994 1976 evelli
1035 1934 1220 1974 eorum
1249 1919 1604 1984 divinitatem,
1638 1933 1866 1988 quorum

272 2015 329 2069 in
372 2013 654 2081 honorem,
699 2012 867 2068 immo
911 2012 1258 2083 ignominiam
1306 2011 1713 2082 sempiternam,
1742 2025 1867 2082 egeo

270 2107 491 2164 bantur.

342 2202 585 2258 Breviter
607 2201 825 2270 (deinde
853 2210 1042 2257 auctor
1090 2210 1274 2257 noster
1303 2201 1478 2271 attigit
1515 2214 1669 2257 sacra
1698 2200 1865 2273 Cory-

268 2293 472 2362 bantia,
499 2295 696 2366 quibus
726 2295 907 2350 fratris
944 2311 975 2348 a
1010 2295 1178 2350 fratre
1203 2294 1455 2350 trucidati
1484 2310 1629 2349 mors
1659 2308 1862 2364 repue-

272 2391 476 2447 sentari
509 2392 740 2447 solebat.
785 2390 890 2446 Sed
936 2390 1003 2445 de
1034 2391 1117 2445 his
1146 2391 1201 2445 in
1231 2390 1405 2461 primo
1432 2390 1735 2460 Apparatus
1767 2402 1864 2444 no-

272 2484 371 2540 stri
421 2494 568 2540 tomo
607 2484 1031 2553 disputavimus,
1061 2497 1125 2537 ac
1167 2484 1213 2539 si
1251 2484 1373 2553 quis
1410 2497 1473 2537 ea
1505 2480 1683 2551 legere
1713 2483 1860 2548 velit,

267 2578 553 2634 confestim
594 2578 893 2648 comperiet
944 2575 1241 2632 Arnobium
1291 2574 1378 2630 hic
1420 2588 1608 2629 rursus
1646 2574 1699 2629 in
1743 2572 1863 2629 Cle-

271 2670 472 2726 mentis
493 2669 843 2725 Alexandrini
864 2669 1113 2724 insistere
1126 2667 1364 2737 vestigiis
1380 2665 1526 2741 (tom.
1551 2666 1857 2736 upper-an,

265 2780 392 2834 pag.
424 2762 530 2818 655
572 2772 620 2817 et
661 2762 803 2830 758;
841 2758 1278 2832 ClematsjAlcx.,
1311 2757 1574 2812 Admonit.
1604 2759 1671 2811 ad
1697 2766 1860 2829 gent.,

268 2871 393 2925 pag.
418 2854 528 2928 ﬂ).

348 2945 482 3001 Tum
526 2945 725 3002 deinde
769 2944 1065 3002 ftedissima
1095 2944 1210 3011 illa,
1236 2944 1431 3016 quibus
1475 2945 1715 3016 Phryges
1756 2942 1860 2997 ini-

268 3040 546 3095 tiabantur
569 3082 585 3106 ,
632 3040 885 3110 mysteria
926 3038 1096 3093 fusius
1126 3038 1365 3108 quidem,
1408 3038 1502 3094 sed
1532 3023 1751 3108 propter
1783 3037 1863 3091 in-

1972 1828 2094 1885 dem
2124 1830 2307 1885 haberi
2333 1830 2518 1886 Solem
2555 1840 2717 1901 atque
2754 1830 3009 1886 Liberum
3053 1830 3377 1900 accipimus;
3407 1844 3567 1900 quem

1969 1925 2257 1982 Sebadium
2332 1933 2702 1995 nuncupantes
2777 1924 3062 1997 magniﬁca
3109 1925 3371 1993 religione
3414 1916 3597 1980 cole?

1968 2022 2128 2077 brant
2175 2040 2193 2073 ι
2237 2021 2443 2094 (Apul.,
2474 2022 2564 2076 lib.
2610 2034 2702 2077 vni
2736 2020 2971 2084 Metam,
3021 2039 3075 2091 p.
3113 2020 3256 2084 11ος
3305 2018 3565 2088 Macrob”

1968 2114 2038 2168 lib
2086 2129 2142 2168 ιιι
2183 2114 2477 2178 Saturnal.,
2524 2127 2642 2184 cap.
2698 2112 2789 2179 18,
2844 2128 2962 2183 pag.
3010 2109 3165 2182 264).
3197 2109 3362 2165 Vides
3391 2110 3572 2180 itaque

1967 2205 2235 2260 Bacchum
2259 2205 2326 2259 ab
2363 2205 2426 2260 iis
2451 2213 2506 2259 et
2540 2203 2841 2269 Sebadium,
2866 2210 2920 2258 et
2945 2201 3251 2267 Sabadium,
3282 2201 3566 2273 mysteria-

1967 2313 2071 2367 que
2093 2298 2209 2368 ejus
2234 2298 2462 2354 Sabadia
2492 2296 2885 2368 cognominari.
2902 2295 3011 2351 Cur
3030 2310 3181 2367 ergo,
3206 2294 3566 2365 inquies,ipse

1968 2405 2181 2459 quoque
2216 2390 2469 2461 mysteria
2494 2430 2509 2454 ,
2536 2388 2728 2458 quibus
2758 2387 2969 2458 Jupiter
2997 2388 3257 2457 imprimis
3286 2385 3563 2442 colebatur

1966 2481 2187 2536 Sabasia
2202 2480 2584 2552 appellantur?
2610 2479 2883 2550 Numquid
2905 2479 3110 2535 idcirco
3125 2481 3246 2550 quia
3262 2478 3381 2535 Jovi
3402 2480 3566 2535 etiam

1967 2571 2192 2628 Sabasio
2228 2587 2526 2643 cognomen
2567 2571 2684 2626 fuit.
2730 2570 2865 2626 Nam
2899 2571 3203 2627 Grutherus
3220 2569 3566 2627 variasexhi-

1967 2665 2058 2721 bet
2089 2666 2487 2735 inscriptiones,
2518 2663 2637 2721 Jovi
2670 2665 2915 2721 SABASIO.
2960 2666 3029 2718 At
3078 2664 3343 2729 nonnulli,
3372 2680 3565 2735 quem-

1967 2761 2251 2816 admodum
2308 2760 2548 2827 Vossius,
2586 2760 2899 2816 existimant
2928 2757 3117 2813 Jovem
3164 2757 3411 2813 eumdem
3443 2772 3566 2815 esse

1966 2871 2029 2911 ac
2069 2855 2335 2919 Bacchum
2378 2869 2474 2910 seu
2516 2853 2768 2911 Liberum
2797 2851 3005 2925 (Vasa,
3039 2852 3128 2905 lib.
3173 2868 3212 2907 ιι
3235 2852 3299 2906 dc
3326 2850 3474 2923 Orig.
3512 2860 3560 2906 et

1974 2948 2156 3019 Progr.
2211 2947 2416 3015 idolol.,
2439 2963 2555 3016 cap.
2591 2947 2680 3012 14,
2719 2962 2840 3016 pag.
2870 2943 3025 3014 2M).
3053 2944 3191 3012 Quid
3215 2958 3345 3015 ergo
3365 2944 3561 2999 mirum
3630 2958 3635 2963 ‘

1965 3043 2010 3097 si
2051 3041 2355 3110 turpissima
2378 3040 2465 3094 illa
2495 3039 2772 3111 mysteria,
2800 3038 2994 3108 quibus
3022 3037 3217 3109 duplex
3234 3038 3390 3094 Jovis
3412 3037 3565 3093 adula-

266 3135 593 3206 terpositum
616 3133 762 3190 Jovis
793 3148 1012 3199 nomen,
1046 3133 1242 3187 invitus
1262 3132 1493 3202 explicat
1532 3131 1702 3202 (Am,
1731 3130 1769 3184 ι.
1802 3146 1854 3183 v.
1887 3131 1933 3196 Ο
1967 3135 2158 3191 terium
2200 3134 2596 3198 celebrabatur,
2628 3134 2852 3189 Sahasia
2883 3134 3250 3189 vocarentur?
3276 3132 3393 3188 Huc
3430 3131 3562 3188 illud

264 3246 389 3299 pag.
420 3226 524 3283 170
552 3236 601 3282 et
627 3225 817 3297 καφ).
849 3226 1106 3280 Ethnicos
1133 3225 1294 3296 igitur
1324 3235 1382 3277 ut
1410 3223 1596 3279 Jovem
1623 3223 1866 3293 aliosque

265 3321 403 3376 deos
431 3335 561 3375 suos
589 3319 1102 3376 obscenissimorum
1131 3317 1397 3372 scelerum
1446 3316 1737 3386 ignominia
1778 3316 1862 3370 in-

264 3416 480 3471 famare
510 3414 758 3485 puderet,
811 3412 1047 3468 breviter
1074 3412 1294 3480 exponit
1322 3410 1594 3481 quomodo
1625 3409 1676 3463 in
1717 3407 1866 3465 hisce

264 3508 545 3581 mysteriis
576 3507 1044 3577 reprazsentabant
1086 3504 1419 3560 eliminatum
1450 3502 1691 3572 ejusdem
1716 3500 1865 3557 Jovis

267 3600 576 3667 libidinem,
622 3599 714 3671 qui
768 3599 935 3654 variis
977 3598 1179 3653 artibus
1207 3598 1440 3667 primum
1485 3597 1762 3661 Cererem,
1805 3607 1869 3648 ac

266 3697 470 3753 deinde
515 3694 926 3766 Proserpinam,
977 3709 1043 3750 ex
1088 3693 1258 3763 ipsius
1303 3707 1426 3747 cum
1475 3691 1565 3747 illa
1604 3690 1868 3747 adulterio

267 3790 609 3862 progenitam
637 3789 1028 3859 constupravit.
1057 3787 1187 3855 Quae
1214 3795 1393 3841 autem
1425 3786 1496 3841 ibi
1526 3793 1727 3848 narrat,
1753 3783 1870 3838 haec

268 3887 319 3942 si
350 3900 474 3940 cum
498 3884 609 3954 jam
651 3887 817 3939 citato
857 3881 1151 3938 Clementis
1182 3878 1529 3935 Alexandrini
1576 3878 1715 3933 libro
1742 3892 1868 3932 con-

268 3980 419 4035 ferre
461 3978 726 4042 volueris,
775 3976 899 4031 inde
937 3974 1166 4029 delibata
1214 3987 1335 4027 esse
1366 3970 1523 4026 facile
1577 3968 1870 4040 pchpicies

270 4070 529 4147 (Clemens
571 4069 881 4134 Alexandr.,
927 4066 1190 4122 Admonil.
1229 4066 1297 4121 ad
1351 4074 1514 4136 gent.,
1555 4082 1676 4134 pag.
1710 4062 1777 4117 10
1823 4071 1872 4115 et

270 4164 464 4237 seqq).
504 4164 577 4219 De
607 4163 689 4218 his
716 4177 875 4233 porro
903 4160 1172 4232 mysteriis
1201 4162 1251 4214 in
1274 4159 1538 4229 superiori
1570 4158 1874 4227 Apparatus

272 4258 449 4312 nostri
478 4267 623 4310 torno
652 4255 1005 4310 disseruimus
1046 4254 1190 4325 (tom.
1223 4268 1237 4306 ι
1268 4253 1516 4321 Apparet.
1537 4293 1551 4318 ,
1595 4267 1713 4321 pag.
1769 4247 1873 4305 759

276 4360 325 4405 et
367 4349 520 4420 seq),
578 4349 862 4418 pluresque
907 4347 976 4400 ibi
1014 4344 1299 4400 citavimus
1327 4343 1649 4414 scriptores,
1680 4342 1770 4413 qui
1811 4358 1872 4397 ea

275 4442 569 4499 enucleare
598 4441 773 4496 conati
804 4448 949 4494 sunt.

1967 3228 2206 3292 accedit,
2240 3227 2383 3297 quod
2413 3230 2465 3282 in
2498 3227 2582 3282 his
2610 3227 2905 3299 mysteriis,
2947 3227 3025 3282 uti
3055 3224 3304 3282 Clemens
3333 3226 3566 3282 Alexan-

1968 3321 2156 3377 drinus
2176 3321 2483 3385 annotavit,
2522 3320 2890 3392 Corybantum
2922 3327 2978 3375 et
3007 3319 3205 3375 Bacchi
3243 3320 3444 3375 mentio
3470 3319 3566 3374 lie-

1967 3414 2059 3469 bat
2089 3412 2338 3485 (Clemens
2360 3413 2665 3480 Alexandra,
2686 3412 2945 3467 Admonit.
2977 3413 3045 3467 ad
3099 3422 3263 3484 gent.,
3289 3429 3408 3483 pag.
3445 3411 3559 3483 11).

2010 3503 2168 3573 ’ρυω
2193 3520 2321 3561 vero
2351 3505 2419 3562 de
2450 3507 2570 3562 aliis
2601 3505 2874 3577 mysteriis
2898 3545 2915 3571 ,
2948 3521 3069 3577 quae
3095 3504 3269 3561 Graeci
3296 3502 3563 3559 Thesmo-

1969 3599 2157 3670 phoria
2187 3598 2585 3669 nuncupabant,
2618 3598 2890 3654 Arnobius
2909 3608 3093 3669 postea
3120 3578 3453 3663 narrat,haec
3474 3594 3567 3650 ille

1967 3707 2160 3747 rursus
2206 3708 2272 3747 ex
2329 3692 2607 3748 Clemente
2653 3691 3017 3747 Alexandrino
3054 3691 3367 3761 deprompta
3393 3729 3413 3758 ,
3454 3689 3568 3746 suis

1969 3786 2148 3841 verbis
2196 3785 2427 3840 reddidit
2486 3786 2726 3858 (Arnob.,
2774 3786 2865 3839 lib.
2893 3803 2949 3851 v,
3003 3803 3123 3856 pag.
3155 3786 3301 3851 175;
3333 3784 3565 3841 Clemens

1970 3878 2276 3945 Alexandr.,
2308 3878 2405 3932 loc.
2438 3880 2575 3949 cia).
2609 3878 2784 3935 Pauca
2815 3878 3352 3949 tamenlillisadjecit,
3371 3877 3566 3948 quibus

1971 3971 2345 4042 exagitandam
2369 3986 2490 4027 esse
2518 3973 2722 4039 putavit
2748 3972 3010 4028 horumce
3041 3973 3420 4044 mysteriorum
3454 3982 3567 4026 tur-

1974 4065 2292 4135 pitudinem,
2326 4072 2381 4119 et
2404 4063 2743 4119 ethnicorum
2772 4080 2834 4119 ea
2861 4063 3565 4119 celebrantiumcaecitatem

1973 4170 2133 4229 atque
2183 4157 2590 4228 impudentiam.
2627 4157 2737 4212 Nos
2772 4171 2901 4212 vero
2938 4157 2993 4211 in
3039 4157 3213 4225 primo
3262 4156 3567 4228 Apparatus

1974 4252 2141 4305 nostri
2172 4259 2318 4306 torno
2351 4249 2419 4306 de
2446 4250 2550 4305 illis
2574 4249 2964 4322 disputavimus
3017 4246 3190 4321 (Tom.
3214 4253 3231 4304 ι
3256 4250 3512 4321 Apparet.
3544 4290 3563 4316 ,

1975 4345 2063 4400 lib.
2091 4359 2168 4410 ιιι,
2200 4343 2401 4399 dissert.
2425 4360 2464 4410 ι,
2487 4360 2602 4413 cap.
2621 4344 2673 4409 9,
2696 4353 2799 4398 art.
2821 4343 2878 4408 2,
2910 4360 3031 4415 pag.
3066 4343 3169 4400 759
3181 4353 3229 4398 et
3248 4343 3433 4417 seqq.).
3451 4344 3574 4401 Suf-

1976 4437 2119 4491 ﬁciat
2164 4438 2341 4507 itaque
2373 4436 2818 4492 animadvertisse
2860 4436 2934 4491 ibi
2983 4437 3134 4492 citari
3170 4436 3416 4507 quaedam
3443 4452 3567 4492 car-

350 4535 470 4592 Non
497 4536 614 4590 sine
635 4534 812 4605 aliqua
846 4544 1025 4589 tamen
1048 4531 1427 4588 observatione
1452 4530 1869 4600 praztcrmitten-
1896 4525 1952 4586 D
1977 4531 2120 4586 mina
2163 4531 2321 4602 grmci
2361 4540 2531 4601 poeta:
2551 4570 2567 4595 ,
2597 4546 2756 4601 quem
2778 4530 3029 4586 Clemens
3057 4530 3453 4585 Alexandrinus
3473 4530 3574 4588 0r-

279 4627 407 4683 dum
430 4636 514 4682 est
538 4626 620 4680 his
639 4627 913 4699 mysteriis
930 4626 1112 4680 datum
1144 4642 1172 4678 a
1203 4624 1484 4679 Clemente
1510 4622 1877 4676 Alexandrino

276 4720 539 4784 Σαϐαζίων
560 4722 861 4791 μυστηρίων
889 4732 1103 4783 nomen,
1133 4716 1494 4772 etabauctore
1520 4721 1706 4767 nostro
1734 4713 1835 4767 dici
1862 4730 1878 4766 :

284 4830 307 4865 ι
340 4812 545 4880 Quibus
572 4811 816 4867 Sabadiis
843 4826 1038 4865 nomen
1065 4821 1145 4865 est
1183 4829 1201 4861 ›
1226 4807 1400 4881 (Ann,
1425 4808 1461 4861 ι.
1494 4822 1553 4869 v.
1580 4824 1697 4877 pag.
1724 4806 1877 4878 171).

282 4902 333 4958 Α
364 4900 599 4970 pluribus
642 4911 823 4956 autem
866 4911 1177 4956 annotatnm
1227 4898 1326 4953 fuit
1376 4897 1647 4953 Bacchum
1698 4899 1879 4952 vocari

282 4995 585 5061 Sabasium,
615 5011 677 5050 ac
697 4995 950 5066 mysteria
971 4995 1086 5065 ejus
1112 4994 1352 5050 Sabasia.
1390 4996 1425 5047 Α
1440 4994 1540 5063 pud
1565 4992 1878 5051 Ciceronem

286 5089 485 5159 quippe
510 5088 770 5157 scriptum
799 5089 1023 5158 legimus
1049 5105 1061 5140 :
1098 5106 1114 5137 ι
1149 5086 1389 5141 Tertium
1421 5084 1760 5158 Dionysium,
1785 5099 1881 5137 seu

288 5182 587 5247 Bacchum,
610 5179 807 5249 Caprio
838 5190 989 5251 patre
1026 5188 1231 5244 natum,
1266 5195 1496 5250 eumque
1529 5195 1707 5250 regem
1741 5178 1883 5233 Asiae

284 5274 568 5345 przcluisse
581 5274 781 5341 dicunt,
802 5274 954 5343 cujus
967 5273 1183 5329 Subasia
1199 5281 1324 5327 sunt
1340 5272 1601 5327 instituta.
1629 5291 1647 5323 ι
1668 5268 1880 5343 (Cicer.,

284 5370 323 5422 ι.
354 5382 393 5421 ιι
430 5364 493 5421 de
534 5363 727 5430 Natur,
755 5367 919 5432 deor.,
962 5382 1081 5436 pag.
1109 5364 1238 5427 248.
1269 5363 1307 5418 ι.
1338 5362 1454 5435 25.)
1485 5362 1682 5418 Scribit
1719 5360 1879 5415 etiam

286 5458 553 5514 Diodorus
590 5459 802 5515 Siculus
845 5452 1107 5528 (Diodor.,
1141 5459 1179 5514 ι.
1211 5474 1291 5524 ιιι,
1333 5473 1451 5527 pag.
1485 5456 1611 5525 H8)
1652 5455 1878 5509 alterum

290 5552 519 5622 proferri
551 5552 885 5623 Dionysium,
932 5551 1046 5605 sive
1089 5548 1379 5613 Bacchum,
1412 5548 1545 5604 Jove
1574 5557 1628 5603 et
1660 5547 1883 5601 Proscr-

288 5646 418 5718 pina
471 5655 667 5709 orlnnt,
700 5649 785 5702 τὸν
832 5647 933 5702 ὑπὸ
996 5667 1140 5701 τινων
1193 5645 1442 5700 Σαϐάσιον
1493 5642 1877 5715 ὀνομαζόμενον,

289 5756 442 5812 quem
469 5741 700 5797 nonnulli
732 5738 1004 5796 Sabasium
1031 5737 1314 5808 appellant,
1342 5753 1407 5794 ac
1457 5736 1609 5805 cujus
1661 5743 1836 5792 ortum
1868 5774 1885 5801 ,

1981 4624 2211 4696 pheum,
2255 4634 2309 4679 et
2346 4625 2549 4681 Auctor
2585 4634 2769 4681 noster
2795 4624 3064 4694 Calliopes
3093 4623 3263 4677 ﬁlium
3295 4623 3568 4694 appellat,

1984 4717 2122 4771 haud
2163 4716 2323 4771 dubie
2362 4718 2483 4786 quia
2525 4715 2811 4786 Orpheus,
2847 4726 2902 4770 ut
2946 4716 3089 4770 canit
3130 4715 3384 4785 Virgilius
3408 4752 3423 4778 ,
3456 4713 3577 4770 Cal-

1984 4811 2125 4880 liope
2155 4823 2305 4864 musa
2332 4818 2488 4863 natus
2516 4807 2784 4864 ferebatur
2807 4806 3044 4879 (Virgil.,
3064 4806 3246 4877 Eclog.
3270 4807 3325 4871 4,
3350 4806 3403 4858 in
3430 4805 3573 4876 ﬁn.).

1989 4903 2060 4956 Ea
2090 4911 2266 4955 autem
2315 4901 2382 4955 ab
2439 4901 2529 4955 illo
2574 4915 2748 4971 graece
2775 4899 3116 4964 exhibentur,
3146 4906 3202 4953 et
3232 4897 3300 4952 ab
3329 4897 3574 4954 Arnobio

1987 4995 2148 5048 latine
2178 5003 2379 5047 tantum
2408 5008 2425 5048 :
2456 5001 2633 5047 utrum
2663 5000 2841 5046 autem
2873 5007 2937 5046 co
2967 4981 3083 5060 ipso
3110 4989 3424 5059 interprete,
3452 4989 3574 5060 quis

1964 5082 2211 5143 deﬁnire
2242 5086 2497 5143 audebit?
2528 5088 2598 5142 At
2624 5094 2832 5142 certum
2861 5094 2941 5155 est
2967 5084 3019 5138 in
3053 5083 3202 5154 regio
3231 5083 3416 5138 codice
3459 5098 3578 5141 ma-

1988 5181 2263 5251 nuscripto
2290 5181 2547 5238 mendose
2572 5183 2829 5251 scriptum
2858 5176 3210 5250 sanguinibus,
3236 5177 3425 5232 melius
3451 5192 3580 5234 vero

1986 5274 2040 5329 in
2068 5273 2228 5330 editis
2248 5274 2555 5345 inguinibus,
2588 5274 2684 5331 sed
2708 5274 2882 5328 minus
2908 5273 3153 5339 honeste,
3172 5285 3331 5342 quam
3362 5270 3417 5326 in
3443 5285 3583 5343 gm-

1988 5366 2066 5423 cis
2087 5364 2415 5420 carminibus
2438 5382 2451 5417 :
2487 5364 2600 5421 οὐδὲ
2626 5368 2891 5443 πρέποντα
2910 5365 3094 5420 τύπον.

2059 5457 2265 5511 Rursus
2293 5471 2420 5511 vero
2452 5457 2718 5513 Arnobius
2755 5472 2820 5511 ex
2852 5455 3042 5513 eodem
3067 5454 3345 5512 Clemente
3371 5469 3436 5510 ea
3463 5470 3585 5511 mu-

1992 5559 2165 5606 tuatus
2223 5559 2301 5606 est
2375 5564 2494 5619 qua:
2539 5549 2606 5604 de
2650 5549 2942 5605 Eleusiniis
2986 5548 3260 5622 mysteriis
3312 5545 3587 5617 subiunxit

1994 5641 2236 5713 (Arnob.,
2266 5640 2424 5708 lib.v,
2457 5657 2578 5712 pag.
2612 5642 2753 5709 175;
2784 5642 3013 5698 Clemens
3056 5638 3362 5705 Alemandr.,
3392 5639 3585 5693 Admo-

1995 5739 2088 5794 nit.
2122 5738 2188 5792 ad
2222 5745 2386 5813 gettl.,
2419 5752 2538 5808 pag.
2571 5737 2681 5810 15).
2714 5739 2781 5795 At
2813 5736 2860 5796 si
2886 5737 3052 5808 quisa
3072 5731 3231 5791 nobis
3246 5732 3477 5804 inquirat
3494 5745 3593 5788 cur
