3986 6058
445 240 550 300 599
1659 242 2110 302 DISSERTATIO
2147 243 2309 300 PRE
2318 243 2428 301 VIA
3628 252 3742 306 600

440 353 516 409 ibi
561 323 787 426 uterque.
821 355 1264 412 Erechthidarum
1297 360 1488 414 fecerit
1519 362 1876 428 mentionem;
1907 360 2030 417 huic
2058 381 2113 439 Α
2135 363 2408 419 naturales
2431 404 2448 431 ,
2479 379 2613 436 quas
2644 364 2854 421 illorum
2885 375 3158 433 auctores,
3207 377 3369 442 atque
3406 384 3472 426 ex
3505 371 3570 427 iis
3593 380 3742 442 post-

442 455 565 515 post
620 447 908 502 Diodorum
961 448 1199 504 Siculum
1248 450 1693 521 respondebimus
1749 453 2027 510 advectam

439 538 856 596 Atheniensibus
883 541 1177 596 sterilitatis
1206 551 1446 615 tempore
1473 546 1747 616 ingentem
1789 549 2028 602 frumen-

435 635 472 688 ti
527 637 736 703 copiam
783 635 850 690 ab
899 636 1206 693 Erechtheo
1259 638 1546 710 Egyptio,
1607 656 1762 708 quem
1823 651 2027 697 tantum

434 737 655 797 propter
685 727 1000 783 beneficium
1032 745 1209 800 regem
1233 742 1553 787 creaverunt
1582 732 2022 801 (Diodor.Sicul.,

434 819 524 872 lib.
575 836 588 873 ι
641 819 909 889 Βὶὐιι”οιΙι.,
937 840 1052 894 pag.
1092 823 1205 894 l7).
1236 823 1455 880 Summa
1485 841 1666 882 autem
1720 843 1899 883 rerum
1929 845 2024 900 po-

429 915 579 980 titus,
608 916 897 982 Eleusinia,
926 920 1038 973 sive
1073 917 1285 975 Cereris
1313 924 1564 994 mysteria
1585 966 1600 989 ,
1631 924 1821 981 ritibus
1843 942 1907 980 ex
1934 923 2027 980 ΑΞ]-

435 1019 600 1078 gypto
642 1011 900 1066 traductis
931 1054 945 1077 ,
1000 1012 1250 1067 instituit.
1281 1013 1621 1085 QuaprOpter
1669 1018 2027 1075 Athenienses

433 1100 796 1168 Erechthidw,
830 1121 925 1160 seu
947 1108 1390 1164 Erechthidarum
1428 1113 1628 1181 populi,
1653 1111 2027 1170 ab—Clemente

433 1201 820 1262 Alexandrino.
851 1203 1088 1260 Arnobio
1115 1213 1170 1258 et
1200 1206 1318 1259 aliis
1345 1217 1625 1260 vocantur.
1674 1210 1745 1262 De
1778 1208 1883 1264 illis
1928 1225 2023 1264 au-

433 1303 541 1348 tem
574 1295 860 1351 Eleusiniis
891 1298 1161 1368 mysteriis
1191 1314 1219 1350 a
1245 1300 1394 1354 nobis
1443 1301 1493 1354 in
1526 1301 1804 1372 superiore
1845 1305 2024 1373 Appa-

425 1398 572 1443 ratus
620 1391 790 1444 nostri
851 1401 995 1447 tomo
1037 1402 1215 1448 actum
1269 1403 1351 1449 est
1383 1393 1508 1466 (tam
1555 1395 1877 1463 tApparat.,
1935 1398 2022 1452 lib.

431 1490 545 1554 cit,
572 1509 692 1562 pag.
721 1490 869 1564 760).

497 1583 814 1639 Execranda
846 1586 1091 1650 tandem,
1139 1601 1237 1642 nec
1267 1589 1397 1644 satis
1443 1605 1675 1661 unquam
1705 1589 2026 1646 detestanda

432 1676 723 1731 Alimentia
747 1679 997 1750 mysteria
1030 1681 1316 1747 Arnobius,
1350 1681 1639 1738 Clementis
1671 1683 2022 1739 Alexandrini

2132 454 2350 512 modum
2406 455 2611 512 Natalis
2661 455 2858 514 Comes
2882 468 2938 514 et
2969 457 3192 517 Vossius
3228 462 3516 519 enucleare
3543 463 3738 520 conati

2131 555 2276 602 sunt.
2295 547 2361 602 Et
2393 560 2539 605 certe
2560 565 2626 605 ex
2653 549 2913 607 Cicerone
2926 550 3184 608 discimus
3203 553 3339 610 hanc
3363 555 3536 626 ipsam
3565 554 3734 611 fuisse

2130 639 2414 714 Chrysippi
2435 644 2769 716 aliorumque
2787 644 3250 717 philosophorum,
3281 651 3368 720 qui
3401 649 3611 722 physici
3639 664 3738 707 vo-

2133 734 2413 800 cabantur,
2450 735 2759 805 opinionem
2787 753 2849 793 ac
2877 754 3222 810 responsum.
3253 742 3308 797 ln
3348 741 3589 798 secundo
3613 751 3734 799 ete-

2132 827 2242 881 nim
2272 827 2414 884 illius
2443 827 2512 884 de
2530 827 2729 884 Natura
2753 830 2981 886 deorum
3011 833 3150 889 libro
3170 832 3388 900 Balbus,
3419 834 3734 891 Stoicorum

2132 923 2380 991 nomine,
2413 924 2665 980 latentem
2693 924 2746 980 in
2778 924 3018 982 historiis
3047 928 3179 997 illis,
3207 937 3262 984 et
3290 929 3558 1002 mysteriis
3588 929 3732 1002 phy—

2131 1015 2300 1070 sicum
2328 1015 2786 1088 allegoricumque
2831 1034 3047 1075 sensum
3108 1037 3301 1078 eruere
3337 1032 3391 1077 et
3437 1023 3735 1092 explanare

2129 1107 2333 1162 nititur.
2369 1109 2654 1180 Postquam
2683 1127 2814 1166 vero
2837 1113 3054 1182 planum
3082 1113 3154 1168 ibi
3178 1115 3321 1180 fecit,
3352 1114 3478 1186 quid
3507 1114 3730 1172 Saturni

2127 1213 2158 1253 a
2186 1199 2319 1256 Jove
2348 1201 2510 1256 vincti
2541 1244 2555 1267 ,
2599 1213 2654 1257 et
2681 1203 2909 1260 aliorum
2939 1205 3180 1275 ejusdem
3220 1208 3437 1278 generis
3464 1207 3730 1264 factorum

2130 1293 2434 1349 nominibus
2467 1295 2689 1367 physice
2715 1307 2770 1353 et
2797 1297 3090 1365 allegorice
3123 1299 3478 1370 significetur,
3510 1300 3652 1356 hunc
3676 1301 3730 1356 in

2128 1385 2344 1439 modum
2385 1386 2687 1442 concludit:
2721 1406 2743 1441 ι
2767 1388 3041 1445 Videtisne
3061 1390 3222 1460 igitur
3243 1398 3350 1446 uta
3370 1391 3606 1464 physicis
3632 1407 3729 1448 re-

2127 1476 2388 1542 bus,beue
2403 1490 2563 1549 atque
2583 1480 2781 1536 utiliter
2803 1481 3231 1551 inventis,tracta
3251 1483 3387 1538 ratio
3404 1485 3476 1539 sit
3494 1485 3560 1539 ad
3573 1498 3731 1541 com-

2129 1570 2406 1624 mentitios
2433 1578 2489 1624 et
2532 1569 2689 1627 fictos
2733 1571 2899 1628 deos?
2929 1572 3060 1641 Quae.
3087 1590 3176 1630 res
3199 1577 3381 1646 genuit
3409 1577 3570 1634 falsas
3609 1578 3729 1649 opi-

2129 1662 2343 1730 niones,
2397 1679 2726 1738 erroresque
2779 1668 3114 1726 turbulentos
3138 1710 3154 1736 ,
3212 1681 3269 1726 et
3307 1674 3724 1743 superstitiones

430 1779 710 1839 sequester
741 1770 915 1827 adhuc
944 1782 997 1827 et
1041 1773 1327 1844 interpres,
1359 1791 1454 1844 pro
1489 1776 1684 1830 merito
1730 1777 2023 1832 insectatur

2137 1769 2265 1826 pene
2284 1756 2476 1812 aniles.
2513 1776 2534 1810 ι
2581 1758 2792 1829 (Cicer.,
2833 1759 2923 1815 lib.
2980 1777 2997 1815 ι
3040 1762 3104 1818 de
3151 1761 3344 1818 Natur.
3381 1765 3547 1829 deor.,
3605 1783 3728 1838 pag.

431 1862 674 1932 (Arnob.,
711 1863 798 1918 lib.
828 1881 880 1925 v.
913 1883 1028 1937 pag.
1066 1866 1170 1923 176
1190 1877 1237 1922 et
1261 1884 1407 1935 seq.;
1463 1868 1693 1924 Clemens
1722 1869 2023 1935 Alexandr.,

429 1955 690 2010 Admonit.
727 1957 793 2009 ad
823 1969 960 2029 gent.
989 2001 1002 2022 ,
1034 1977 1153 2031 pag.
1183 1960 1244 2015 2|
1281 1971 1327 2014 et
1349 1961 1463 2031 29.).
1493 1962 1601 2018 Nos
1633 1978 1761 2018 vero
1781 1963 1849 2018 de
1879 1963 2029 2020 hisce

431 2047 600 2101 sacris
626 2045 940 2104 foedissimis
969 2061 1023 2105 ct
1053 2061 1252 2107 aeterna
1277 2055 1570 2118 oblivione.
1600 2055 1700 2111 nisi
1745 2057 1810 2110 ad
1833 2057 2029 2112 confu-

428 2136 622 2194 tandos
636 2141 864 2209 gentiles
887 2183 901 2206 ,
933 2158 1136 2213 eosque
1165 2159 1193 2197 a
1224 2147 1600 2213 superstitioso
1627 2147 1852 2204 deorum
1883 2150 2030 2205 cultu

430 2228 497 2283 ad
546 2246 727 2286 verant
781 2233 1095 2304 religionem
1145 2237 1508 2306 adducendas,
1544 2240 1901 2309 damnandis,
1931 2257 2030 2298 nos

429 2323 558 2380 alibi
583 2325 970 2396 disputavimus
998 2327 1158 2402 (Eod.
1213 2341 1333 2386 tom.
1383 2349 1398 2386 l
1434 2334 1708 2405 Apparat.,
1733 2353 1854 2408 pag.
1883 2338 1987 2393 774
2010 2381 2024 2404 ,

438 2426 486 2469 et
514 2419 700 2490 θείη).

509 2511 678 2566 Porro
699 2524 874 2569 autem
902 2518 1019 2587 quis
1036 2531 1182 2572 sana:
1214 2521 1410 2574 mentis
1433 2521 1594 2576 homo
1617 2521 1762 2578 illam
1794 2533 1870 2580 tot
1895 2533 2032 2580 tam-

438 2617 545 2672 que
586 2602 975 2661 horrendornm
1012 2609 1393 2680 mysteriorum
1417 2614 1812 2670 enarrationem
1847 2616 2031 2674 audire

432 2706 631 2765 potest,
680 2701 804 2769 quin
856 2705 1034 2756 statim
1063 2718 1184 2758 cum
1234 2707 1466 2761 Auctore
1509 2716 1694 2763 nostro
1745 2711 2032 2767 concludat

430 2804 698 2845 summam
732 2808 852 2848 esse
879 2795 1218 2852 ethnicorum
1250 2798 1584 2868 iniquitatem
1601 2801 2028 2870 acdementiam,

441 2883 529 2949 qui
561 2882 626 2936 ad
656 2883 790 2939 deos
830 2887 990 2940 tantis
1038 2888 1280 2960 adeoque
1312 2889 1556 2947 nefandis
1578 2893 1874 2950 sceleribus
1897 2896 2033 2951 infa-

440 2989 558 3030 mes
585 2977 840 3032 colendos
860 3021 874 3040 .
907 2990 1065 3050 atque
1094 2983 1161 3037 ad
1214 2992 1320 3038 tam
1352 2985 1581 3040 obscena
1616 3003 1678 3043 ac
1697 2988 2031 3046 detestabilia

434 3070 692 3140 mysteria
721 3072 1020 3143 peragenda
1049 3076 1193 3130 omni
1219 3078 1604 3148 suppliciorum
1627 3096 1826 3151 genere
1852 3083 2022 3139 chris-

2130 1845 2238 1902 225
2261 1860 2310 1902 et
2334 1864 2467 1920 seqq
2495 1859 2540 1904 et
2568 1850 2656 1907 lib.
2689 1867 2706 1907 ι
2763 1869 2883 1924 pag.
2913 1853 3064 1926 20f.)
3095 1854 3382 1911 Contendit
3418 1858 3598 1930 itaque
3627 1874 3718 1916 res

2131 1940 2380 2012 physicas
2423 1951 2479 1998 et
2507 1946 2803 2012 naturales,
2841 1963 3051 2002 summa
3079 1960 3354 2019 poetarum
3398 1950 3735 2026 aliorumque

2132 2031 2345 2088 licentia
2373 2077 2388 2100 ,
2420 2035 2486 2092 ad
2531 2036 2665 2093 deos
2701 2038 2863 2094 falsos
2911 2051 2968 2096 et
3011 2043 3414 2100 commentitios
3445 2045 3736 2104 translatas

2133 2122 2320 2192 fuisse,
2343 2134 2502 2197 atque
2523 2129 2575 2183 in
2597 2144 2692 2185 eos
2719 2141 3047 2202 praepostere
3075 2133 3503 2194 transformatas.
3531 2137 3734 2195 Contra

2136 2227 2314 2274 tamen
2347 2219 2608 2278 Eusebius
2631 2221 2869 2295 (Euseb.,
2915 2226 3005 2280 lib.
3040 2243 3078 2283 tt
3101 2225 3342 2300 Prtepar.
3371 2247 3580 2304 evang.,
3609 2250 3727 2304 cap.

2135 2309 2185 2376 ϐ,
2217 2327 2339 2383 pag.
2375 2313 2492 2385 74),
2522 2313 2741 2371 Diodori
2770 2316 2940 2373 Siculi
2963 2329 3016 2375 et
3046 2318 3339 2378 Clementis
3378 2324 3735 2382 Alexandrini

2133 2405 2455 2461 auctoritate
2503 2405 2698 2476 fretus,
2747 2411 3025 2466 contendit
3063 2413 3211 2483 prius
3240 2414 3310 2470 ab
3345 2416 3735 2487 antiquissimis

2134 2496 2426 2568 gentilibus
2454 2497 2838 2557 disseminatas
2865 2503 3032 2560 fuisse
3061 2506 3397 2576 turpissimas
3413 2507 3530 2563 illas
3547 2509 3617 2564 de
3629 2509 3737 2567 diis

2135 2591 2247 2644 suis
2262 2591 2564 2662 opiniones.
2595 2595 2679 2649 vel
2713 2595 2888 2664 potius
2917 2597 3232 2666 opinionum
3262 2610 3505 2656 monstra
3527 2616 3591 2658 ac
3607 2617 3737 2673 por-

2139 2693 2304 2739 tenta.
2339 2683 2587 2742 Posthzec
2617 2703 2745 2744 vero
2773 2704 2894 2744 cum
2925 2693 3257 2749 recentiores
3290 2703 3558 2749 tantarum
3589 2737 3606 2764 ,
3649 2696 3737 2751 in-

2136 2778 2273 2849 quit,
2306 2779 2750 2852 obscoauitatum,
2782 2782 2836 2838 in
2857 2782 2939 2838 his
2965 2789 3075 2839 tam
3107 2785 3336 2856 turpiter
3361 2802 3739 2858 expressarum

2137 2876 2382 2945 puderet,
2412 2894 2514 2933 nec
2541 2893 2604 2934 ea
2629 2887 2810 2934 tamen
2833 2889 3057 2951 possent
3084 2882 3308 2938 omnino
3337 2896 3430 2939 aut
3461 2884 3690 2956 rejicere
3718 2929 3736 2956 ,

2137 2979 2230 3022 aut
2274 2970 2497 3026 inliciari
2529 3013 2545 3038 ,
2596 2973 2664 3027 ad
2712 2972 2994 3046 physicum
3024 2975 3487 3050 allegorieumque
3515 2993 3737 3038 sensum

2139 3064 2435 3135 confugere
2455 3069 2628 3122 coacti
2654 3077 2801 3122 sunt.

432 3161 611 3216 tianos
635 3166 963 3234 compellere
991 3169 1370 3224 conabantur?
1399 3172 1534 3241 Quid
1562 3176 1706 3230 enim
1738 3177 1908 3247 magis
1928 3178 2029 3233 ini-

2210 3158 2432 3227 Verum,
2448 3170 2735 3232 utcumque
2758 3177 2845 3219 res
2860 3177 2919 3218 se
2936 3162 3205 3231 habuerit,
3235 3177 3448 3223 constat
3467 3183 3598 3226 sane
3615 3168 3734 3226 hare

436 3265 622 3320 quum,
673 3270 834 3324 quam
895 3272 990 3312 eos
1054 3259 1255 3315 idcirco
1305 3265 1702 3333 condemnare,
1759 3277 2034 3339 tamquam

442 3344 691 3401 atheismi
722 3350 1036 3406 convictos?
1087 3351 1274 3409 Nonne
1319 3355 1416 3424 ipsi
1444 3360 1670 3426 gentiles
1701 3363 1890 3430 potiori
1915 3363 2036 3433 jure

439 3437 585 3492 athei
615 3438 826 3496 dicendi
858 3453 1042 3509 erant,
1097 3447 1208 3515 qui,
1238 3447 1440 3515 rejecto
1468 3451 1577 3504 veri
1611 3451 1706 3506 Dei
1737 3455 1906 3520 cultu,
1940 3471 2038 3525 pu-

443 3528 600 3583 blicis
624 3531 675 3584 in
703 3531 854 3588 festis
880 3544 930 3588 et
961 3539 1231 3606 mysteriis
1258 3538 1477 3595 fictitios
1501 3542 1750 3597 colebant
1771 3545 1924 3614 deos,
1944 3550 2035 3618 qui

436 3625 738 3680 execranda
786 3642 881 3683 sua
909 3629 978 3683 ob
1008 3629 1202 3700 ﬂagitia
1244 3648 1344 3688 nec
1389 3634 1664 3692 hominum
1694 3637 1841 3710 digni
1881 3651 2036 3698 erant

440 3717 659 3771 nomine
675 3718 698 3768 ?

1050 3900 1346 3944 ARTICULUS
1378 3903 1429 3944 ll.

445 4014 697 4093 Quomodo
716 4021 1022 4094 ethnicorum
1043 4028 1316 4094 responsio,
1343 4041 1439 4094 qua
1459 4033 1705 4094 mysteria
1729 4031 1809 4081 illa
1833 4045 1890 4082 ac
1928 4040 2035 4084 tur-

503 4083 728 4142 pissimas
741 4085 954 4157 deorum
971 4083 1168 4157 succum
1189 4083 1414 4157 historias
1428 4083 1696 4157 allegorice
1723 4083 2038 4157 explicandas

506 4156 619 4194 esse
645 4148 1030 4206 contendebant,
1055 4150 1116 4199 ab
1133 4149 1349 4202 Arnobio
1366 4148 1584 4204 funditus
1605 4148 1876 4207 evertatur.

517 4295 631 4350 Non
673 4313 861 4369 magna
903 4300 1020 4355 sine
1056 4300 1218 4355 animi
1247 4305 1606 4360 commotione
1637 4309 2039 4377 persentiebant

444 4388 666 4455 ethnici,
697 4407 854 4460 quam
887 4391 1164 4449 evidenter
1193 4395 1414 4451 deorum
1444 4414 1663 4454 suorum
1708 4401 1860 4462 festa,
1889 4419 2036 4475 mys-

445 4484 606 4546 teria,
639 4493 800 4554 atque
829 4487 989 4541 etiam
1025 4487 1283 4557 historiae,
1317 4508 1451 4563 quas
1480 4493 1531 4547 in
1572 4496 1833 4564 superiori
1863 4499 2036 4568 capite

441 4578 817 4632 recensuimns
841 4622 854 4643 ,
909 4579 1097 4635 falsam
1123 4598 1307 4638 eorum
1340 4584 1672 4641 divinitatem
1695 4587 2033 4646 demonstra-

445 4681 568 4726 rent
619 4673 857 4742 (Arnob.,
911 4675 999 4730 lib.
1033 4693 1083 4743 v,
1115 4678 1414 4752 pdg.179).
1468 4679 1825 4748 Quamobrem
1878 4700 2037 4756 argu-

439 4778 620 4823 menta
647 4785 712 4824 ex
764 4770 829 4823 iis
855 4769 1013 4824 ducta
1037 4813 1051 4838 ,
1083 4787 1298 4843 quoquo
1325 4773 1542 4829 tandem
1576 4774 1734 4829 modo
1763 4777 2037 4837 infirmare

436 4863 872 4917 connitehantur.
906 4862 1092 4932 Itaque
1129 4865 1525 4935 respondebant
1551 4883 1612 4922 ea
1665 4883 1786 4938 quae
1811 4870 1912 4925 sibi
1941 4871 2036 4925 oh-

429 4953 778 5023 jiciebantttr,
812 4971 911 5012 nec
937 4972 1134 5029 negare
1151 4968 1243 5013 aut
1267 4960 1607 5017 dissimulare
1626 4971 1894 5032 poterant,
1924 4973 2035 5019 tur-

441 5051 526 5120 pia
551 5048 774 5105 deorum
792 5065 1010 5106 suorum
1029 5055 1230 5109 seclera
1251 5055 1300 5109 in
1335 5057 1606 5126 mysteriis
1628 5067 2032 5127 reprmsentata,

437 5141 750 5209 neutiquam
777 5143 1031 5200 debuisse
1061 5146 1126 5199 ad
1159 5147 1409 5210 litteram,
1443 5147 1535 5201 sed
1565 5147 1854 5217 allegorico
1880 5148 2035 5203 altio-

434 5237 589 5305 rique
637 5250 796 5289 sensu
832 5237 1074 5309 intelligi.
1108 5239 1396 5293 Peritiores
1431 5239 1634 5298 etenim
1667 5239 1934 5294 docebant
1977 5240 2028 5295 in

430 5328 501 5385 iis
537 5332 827 5394 omnibus,
865 5334 1257 5402 quantumlibet
1301 5335 1471 5404 turpia
1522 5336 1859 5404 obscenaque
1883 5333 2032 5389 vide-

436 5428 656 5482 rentur,
707 5423 968 5479 contineri
1019 5427 1287 5497 physicas,
1319 5426 1600 5499 mysticas,
1647 5426 1918 5483 mirabiles
1967 5442 2030 5483 ac

435 5513 622 5583 paucis
653 5515 893 5582 cognitas
924 5518 1179 5574 rationes.
1209 5517 1339 5574 Nam
1354 5517 1528 5582 Jovis,
1557 5517 2024 5588 inquiebant,cum

435 5600 654 5670 Cerere,
686 5615 778 5658 aut
813 5605 916 5660 filia
959 5623 1052 5661 sua
1083 5611 1423 5676 concubitus,
1456 5619 1641 5677 raptus
1667 5608 2022 5681 Proserpinae,

436 5706 490 5751 et
520 5697 619 5750 alia
647 5698 896 5765 qumlihet
942 5699 1024 5755 his
1050 5700 1241 5756 similia
1270 5703 1401 5758 nihil
1432 5701 1805 5773 significabant
1834 5703 1976 5758 aliud
2006 5748 2021 5772 ,

431 5792 533 5849 nisi
559 5791 813 5863 pluviam,
841 5796 1111 5864 tellurem,
1143 5797 1392 5866 imbrem,
1421 5800 1648 5864 semina,
1678 5797 1918 5870 aliasque
1939 5813 2027 5855 res

2137 3252 2474 3309 ethnicorum
2493 3270 2772 3326 responsa,
2815 3273 3090 3330 vanasque
3119 3260 3511 3332 explicationes
3539 3264 3610 3318 ab
3632 3265 3735 3321 Ar-

2137 3349 2301 3404 nobio
2326 3362 2512 3405 nostro
2542 3350 2771 3422 aliisque
2797 3350 3055 3408 Ecclesiae
3084 3353 3335 3410 Patribus
3376 3357 3615 3426 stirpitus
3642 3373 3736 3414 ex-

2137 3441 2299 3496 trahi.
2328 3441 2447 3510 Quo
2475 3442 2619 3498 enim
2650 3452 2805 3513 pacto
2834 3485 2849 3509 ,
2898 3445 2975 3499 ait
3000 3453 3191 3500 auctor
3208 3456 3417 3514 noster,
3450 3448 3531 3502 ha:
3565 3448 3736 3505 inter-

2136 3535 2464 3605 pretationes
2487 3537 2772 3606 prohibere
2797 3547 3020 3608 possunt
3040 3538 3279 3610 (Arnob.,
3304 3539 3392 3596 lib.
3411 3557 3465 3608 v,
3488 3559 3612 3615 pag.
3630 3544 3735 3601 180

2137 3638 2185 3682 ει
2233 3628 2399 3701 seqq.)
2443 3630 2572 3700 quin
2616 3645 2716 3696 ea,
2763 3645 2881 3701 qua:
2932 3630 3000 3687 de
3055 3632 3158 3686 diis
3203 3633 3402 3704 scripta
3459 3635 3732 3706 legimus,

2137 3735 2299 3797 prout
2328 3725 2486 3782 verba
2505 3737 2720 3794 sonant,
2749 3733 2858 3783 sint
2883 3728 3145 3800 ﬂagitiosa
3191 3746 3255 3786 ac
3280 3731 3502 3787 omnino
3524 3734 3686 3805 impia
3705 3736 3730 3788 ?

2136 3820 2269 3890 Quis
2298 3836 2428 3878 vero
2448 3837 2510 3878 ea
2535 3823 2823 3896 allegorice
2840 3833 3045 3880 tantum
3077 3840 3239 3881 sensu
3257 3826 3573 3897 explicanda
3596 3843 3721 3885 esse

2138 3915 2375 3984 probare
2419 3915 2653 3986 poterit?
2678 3915 2733 3972 Si
2763 3917 2849 3972 hic
2877 3918 3156 3973 enimvero
3181 3933 3404 3986 sensus,
3437 3921 3592 3976 sicuti
3619 3922 3732 3977 aie—

2137 4006 2302 4073 bant,
2362 4008 2604 4063 occultus
2643 4018 2768 4077 est,
2795 4010 2915 4079 quis
2942 4011 3090 4064 illttm
3119 4012 3407 4080 gentilibus
3439 4012 3733 4083 patefecit?

2138 4099 2327 4156 Nonne
2354 4103 2514 4157 etiam
2548 4103 2731 4174 plures
2756 4103 2939 4161 aflerri
2961 4115 3186 4175 possunt
3209 4106 3368 4162 unius
3391 4116 3447 4162 et
3486 4107 3732 4178 ejusdem

2140 4193 2378 4250 historiae
2407 4236 2424 4261 ,
2467 4195 2616 4251 verbi
2648 4198 2839 4268 gratia,
2871 4197 2940 4254 de
2964 4198 3097 4254 Jove
3125 4208 3180 4254 et
3208 4198 3406 4257 Cerere
3422 4201 3733 4273 explicatio-

2143 4293 2278 4346 nes?
2305 4292 2436 4361 Quis
2463 4309 2595 4365 ergo
2623 4310 2782 4350 unam
2808 4296 3007 4366 potius,
3037 4311 3195 4365 quam
3225 4297 3408 4364 aliam,
3442 4312 3621 4354 veram
3649 4312 3735 4368 ge-

2143 4385 2476 4456 nuinamque
2503 4403 2626 4443 esse
2655 4398 2807 4443 certo
2839 4388 2995 4444 nobis
3022 4388 3308 4459 probabit?

2211 4477 2326 4549 Age
2358 4493 2518 4545 vero;
2559 4480 2815 4552 numquid
2853 4496 3045 4536 omnes
3072 4481 3315 4550 ejusdem
3341 4481 3582 4539 historiae
3615 4499 3734 4554 par-

2061 4555 2114 4616 D
2139 4577 2220 4626 tes
2249 4584 2410 4626 sensu
2433 4572 2725 4642 allegorico
2755 4572 3114 4644 intelligenda:
3142 4574 3311 4628 sunt?
3331 4574 3521 4646 (lbid.,
3547 4594 3600 4640 p.
3624 4576 3727 4633 l89

2143 4673 2190 4719 et
2211 4663 2372 4736 seqq.)
2405 4664 2509 4721 Sed
2542 4667 2662 4736 quis
2691 4667 2846 4723 nobis
2877 4682 3130 4738 umquam
3161 4667 3451 4724 edisseruit
3467 4681 3559 4724 aut
3592 4669 3734 4726 edis-

2141 4771 2327 4814 serere
2368 4759 2542 4829 potuit
2567 4760 2694 4831 quid
2742 4760 2943 4824 Brimo,
2973 4759 3101 4831 quid
3133 4760 3337 4826 Bauho,
3370 4760 3498 4833 quid
3533 4761 3733 4817 Hennae

2139 4868 2328 4908 nemus
2349 4862 2405 4908 et
2434 4853 2615 4922 flores,
2645 4854 2773 4924 quid
2815 4854 2994 4910 Etna:
3034 4855 3171 4926 ignis
3201 4866 3257 4910 et
3284 4855 3449 4923 faces,
3481 4857 3609 4928 quid
3637 4857 3734 4912 At-

2141 4945 2245 4999 tica
2275 4946 2444 5016 regio,
2471 4945 2600 5016 quid
2632 4961 2798 5016 pagus
2827 4945 3157 5011 Eleusinius,
3186 4956 3241 5001 et
3269 4947 3371 5002 alia
3402 4948 3730 5017 ejuscemodi

2140 5039 2531 5108 propemodum
2553 5039 2756 5094 infinita
2784 5039 3073 5110 allegorice
3098 5040 3440 5112 signiﬁcent?

2210 5135 2279 5188 At
2304 5134 2433 5190 illud
2461 5134 2706 5204 inprimis
2751 5135 3051 5191 attentione
3069 5134 3309 5206 dignum,
3347 5135 3489 5208 quod
3519 5136 3573 5192 in
3603 5135 3728 5193 illo-

2139 5245 2258 5285 rum
2289 5229 2603 5285 memoriam
2635 5229 2766 5284 festa
2828 5239 2882 5284 et
2923 5231 3196 5303 mysteria,
3229 5231 3424 5286 annuis
3464 5245 3527 5286 ac
3573 5235 3728 5290 statis

2138 5320 2460 5389 quibusdam
2490 5319 2684 5406 diebus
2710 5362 2727 5388 ,
2760 5321 2829 5376 ab
2855 5323 3106 5378 omnibus
3131 5321 3363 5378 ethnicis
3393 5323 3726 5396 perageban-

2137 5429 2224 5475 tur
2253 5418 2440 5491 (Ibid.,
2501 5434 2623 5489 pag.
2666 5418 2768 5474 184
2814 5428 2861 5472 et
2903 5418 3053 5489 seq.).
3081 5417 3547 5487 Quemadmodum
3595 5434 3726 5490 ergo

2133 5522 2279 5568 certa
2310 5523 2365 5568 et
2386 5521 2663 5578 constans,
2695 5527 2759 5566 ac
2785 5511 2976 5582 insigni
3010 5508 3152 5566 facto
3181 5511 3363 5582 aliquo
3388 5510 3607 5567 fundata
3634 5526 3724 5568 es-

2131 5622 2191 5662 se
2217 5605 2444 5662 debebat
2472 5606 2730 5662 horurnce
2763 5604 3022 5661 festorum
3043 5604 3251 5661 dierum
3279 5605 3429 5675 origo
3461 5623 3474 5658 :
3506 5606 3576 5660 ita
3604 5621 3724 5676 qua:

2130 5701 2377 5757 solebant
2415 5701 2468 5757 in
2512 5702 2594 5757 eis
2624 5700 2892 5767 exhiberi,
2915 5698 3114 5771 aliquid
3147 5714 3340 5770 reapse
3359 5710 3520 5754 antea
3544 5710 3724 5758 actum

2131 5795 2614 5866 reprasentnbant.
2641 5794 2873 5853 Necesse
2894 5795 3052 5866 igitur
3071 5792 3169 5851 fuit
3183 5803 3242 5851 ut
3261 5795 3504 5866 quredam
3527 5795 3723 5854 saltem
