3986 6058
199 263 297 321 601

1406 249 1469 304 ΙΝ
1508 238 1883 308 ΔΒΝΟΒΙΠΜ,
1925 235 2078 296 CAP.
2119 236 2263 295 XIX.

3377 221 3486 278 602

194 378 545 437 historiarum
567 374 778 432 illarum
797 381 990 448 partes
1020 367 1318 427 naturalem
1348 375 1404 421 et
1431 361 1655 419 minime
1710 356 1786 412 al-
1811 360 1868 420 Α
1891 357 2042 425 tiani,
2077 366 2190 412 tum
2226 352 2449 423 ethnici,
2475 352 2597 410 illos
2626 366 2692 409 ex
2715 351 2815 407 hac
2853 347 3133 406 levissima
3163 341 3481 401 defensione

211 475 492 545 egorieum
545 484 764 526 sensum
805 466 1110 523 habuerint.
1139 465 1208 518 At
1236 461 1284 518 si
1318 457 1564 531 quaedam
1601 461 1784 525 partes

194 567 430 624 naturali
471 574 523 621 et
568 564 692 619 alia:
735 560 1029 630 allegorico
1058 571 1221 612 sensu
1253 561 1380 610 sunt
1405 546 1731 619 accipienda:
1759 584 1776 610 ,

192 660 321 730 quis
347 673 440 715 eas
468 666 612 712 recte
639 651 950 710 discernet?
976 649 1132 706 Nulla
1165 647 1442 703 enimvero
1473 649 1629 708 nota,
1669 636 1785 692 nul-

195 753 418 822 lumque
442 750 652 820 signum
683 755 768 803 est
787 760 894 817 quo
924 759 1029 798 una
1053 743 1122 796 ab
1147 739 1252 794 alia
1274 744 1612 794 secernatur.

271 819 377 900 Sed
418 819 666 899 ethnicos
699 837 874 894 adhuc
893 835 1068 892 acrius
1097 841 1252 902 urget
1286 826 1576 884 Arnobius.
1610 819 1789 880 Gratis

195 941 342 998 enim
369 948 421 994 et
440 938 732 995 liberaliter
757 934 864 990 illis
889 928 1138 987 concedit
1163 926 1261 981 bas
1292 922 1570 986 historias,
1587 927 1642 974 et
1668 929 1788 984 quae

194 1034 250 1089 in
276 1030 553 1104 mysteriis
581 1029 782 1085 ﬁebant
801 1067 817 1094 ,
858 1022 1167 1091 neutiquam
1196 1014 1436 1078 litterali,
1466 1011 1560 1067 sed
1591 1009 1790 1104 allego-

194 1128 312 1184 rieo
338 1102 550 1182 tantum
591 1137 754 1179 sensu
787 1133 945 1192 posse
974 1113 1256 1188 explicari.
1287 1113 1356 1166 At
1384 1122 1492 1163 non
1516 1102 1640 1160 inde
1671 1115 1792 1171 pro-

193 1218 363 1286 fecto,
393 1217 570 1289 arguit
601 1215 710 1281 ille,
757 1212 938 1268 minor
968 1209 1021 1264 in
1071 1206 1202 1262 deos
1248 1198 1513 1259 redundat
1550 1194 1789 1252 infamia.

196 1309 321 1379 Quo
340 1312 483 1366 enim
505 1306 738 1378 graviori
769 1302 1014 1359 convicio
1040 1295 1312 1356 verberari
1345 1298 1612 1364 paterent,
1631 1300 1791 1358 quam

195 1405 322 1461 illos
358 1403 559 1458 idcirco
605 1397 915 1456 nominibus
961 1392 1234 1465 appellare
1271 1386 1470 1458 flagitia
1509 1391 1563 1438 et
1587 1380 1793 1437 scelera

196 1497 540 1570 apertissime
567 1489 1017 1565 signiﬁcantibus,
1047 1485 1170 1556 quia
1195 1482 1377 1554 plures
1405 1472 1714 1550 garriebant
1729 1467 1793 1524 iis

195 1607 292 1650 res
311 1590 587 1646 naturales
611 1586 840 1660 mystico
869 1596 1032 1640 sensu
1059 1576 1282 1634 indicari
1309 1574 1332 1629 ‘l

271 1687 408 1755 Quid
446 1684 634 1741 iisdem
664 1682 766 1738 diis
793 1681 962 1751 magis
990 1671 1442 1733 contumeliosum
1489 1679 1652 1737 quam
1681 1671 1795 1717 tur-

1887 449 2217 521 dejecerunt.

1959 562 2148 618 Cicero
2177 560 2436 631 siquidem
2461 561 2513 614 in
2541 559 2700 615 tertio
2730 557 2799 614 de
2837 555 3038 613 Natura
3073 554 3301 611 deorum
3343 550 3483 608 libro

1888 653 2155 728 Balbum,
2217 652 2301 708 his
2349 651 2794 723 explicationibus
2835 649 3117 721 opiniones
3185 647 3482 702 stoicorum

1893 757 2344 822 propugnantem,
2369 747 2537 804 Cottae
2556 745 2862 801 Academici
2886 745 3127 808 nomine,
3146 741 3225 797 sic
3245 738 3442 796 refellit
3467 758 3481 795 :

1897 860 1916 894 ι
1945 841 2062 897 Jam
2102 857 2228 898 vero
2265 841 2390 912 quid
2419 855 2548 905 vos,
2588 860 2606 892 ι
2642 840 2832 911 inquit,
2863 857 2882 891 ι
2919 839 3006 894 illa
3034 836 3269 894 delectat
3293 833 3471 906 expli-

1891 937 2032 991 catio
2062 935 2394 1005 fabularurnf,
2438 946 2492 990 et
2527 933 2782 990 enodatio
2805 933 3202 988 nominum.....
3234 929 3483 1001 Magnam

1892 1026 2193 1083 molestiam
2225 1031 2492 1097 suscepit,
2543 1037 2596 1081 et
2625 1026 2844 1080 minime
2872 1023 3235 1081 necessariam
3267 1024 3481 1095 primus

1892 1121 2059 1183 Zeno,
2093 1133 2212 1191 pom
2251 1119 2558 1186 Cleanthes,
2583 1119 2777 1175 deinde
2803 1117 3138 1190 Chrysippus
3161 1160 3177 1186 ,
3205 1131 3487 1173 commen-

1896 1216 2131 1271 titiarum
2162 1215 2463 1271 fabularum
2488 1214 2714 1270 reddere
2738 1215 3002 1270 rationem
3031 1232 3046 1282 ;
3073 1213 3480 1282 vocabulorum,

1894 1325 1992 1367 cur
2035 1312 2268 1384 quidque
2317 1313 2388 1367 ita
2441 1311 2761 1381 explicatum
2804 1310 2911 1377 sit,
2949 1323 3143 1364 causas
3186 1307 3483 1374 eXplicare.

1895 1405 2048 1474 Quod
2079 1419 2201 1460 cum
2235 1403 2409 1459 facitis
2431 1446 2446 1469 ,
2504 1403 2633 1459 illud
2681 1405 2921 1474 profecto
2945 1401 3277 1458 conﬁtemini
3317 1402 3479 1474 longe

1894 1499 2048 1554 aliter
2063 1514 2121 1553 se
2151 1513 2265 1554 rem
2298 1497 2497 1552 habere
2521 1506 2681 1567 atque
2705 1495 2984 1550 hominum
3013 1494 3197 1563 opinio
3221 1493 3330 1558 sit;
3380 1507 3474 1548 eos

1895 1592 2060 1657 enim,
2092 1591 2181 1661 qui
2208 1591 2283 1646 dii
2332 1589 2692 1661 appellantur,
2729 1604 2908 1644 rerum
2937 1599 3155 1643 naturas
3181 1601 3303 1643 esse
3330 1628 3346 1652 ,
3377 1601 3486 1642 non

1901 1684 2098 1756 ﬁguras
2118 1685 2362 1739 deorum.
2395 1683 2494 1751 Qui
2524 1693 2702 1737 tantus
2734 1697 2889 1738 error
2917 1682 3042 1747 fuit;
3077 1689 3135 1735 ut
3169 1679 3489 1750 perniciosis

197 1749 425 1856 pissima
457 1781 671 1836 illorum
699 1779 833 1833 facta
864 1749 1035 1846 palam
1063 1781 1118 1827 et
1139 1769 1334 1840 ubique
1354 1774 1410 1820 et
1431 1756 1792 1834 prmdicando,

1908 1779 2059 1835 etiam
2094 1779 2251 1833 rebus
2280 1793 2386 1832 non
2420 1777 2581 1832 modo
2613 1791 2808 1831 nomen
2841 1776 3066 1830 deorum
3113 1774 3442 1830 tribueretur
3470 1814 3487 1842 ,

199 1888 261 1934 et
303 1872 764 1946 reprtesentando,
811 1884 900 1925 res
948 1866 1088 1923 velle
1135 1859 1426 1934 signiﬁcari
1471 1867 1664 1929 graves
1697 1865 1800 1906 nec

197 1943 554 2026 inbon-estas?
603 1965 684 2020 Eo
737 1965 934 2036 quippe
980 1957 1216 2014 absurdo
1276 1952 1488 2024 penitus
1544 1943 1799 2018 loquendi

194 2061 365 2120 modo
391 2059 666 2131 turpitudo
685 2060 832 2129 prius
862 2055 1118 2117 animum,
1156 2065 1314 2122 quam
1342 2061 1531 2102 sensus
1560 2043 1704 2098 illius
1721 2043 1799 2095 al-

196 2155 496 2227 legoricus,
549 2161 603 2208 et
659 2149 932 2223 religionis
957 2145 1247 2203 auctoritas
1297 2139 1624 2213 perstringit.
1668 2134 1800 2202 Quis

205 2250 372 2307 etiam
424 2247 630 2304 inﬁcias
681 2247 761 2302 ire
820 2243 1015 2300 audeat
1068 2240 1228 2311 longe
1275 2236 1442 2292 satius
1479 2233 1643 2288 fuisse
1685 2243 1798 2285 rem

197 2343 496 2416 quamlibet
527 2340 760 2397 naturali
785 2353 906 2406 suo,
947 2351 1106 2408 quam
1139 2333 1298 2389 ullius
1319 2329 1538 2388 obsceni
1570 2334 1662 2381 aut
1679 2339 1800 2379 cru-

198 2439 341 2497 delis
363 2439 590 2495 deorum
619 2434 874 2492 facinoris
912 2431 1130 2488 nomine
1158 2425 1377 2483 vocari?
1402 2421 1539 2480 Tum
1569 2420 1710 2475 enim
1736 2432 1800 2474 ea

200 2545 260 2590 et
298 2532 513 2605 cognitu
567 2529 759 2594 facilis,
799 2536 856 2585 et
893 2526 1064 2582 illaesa
1120 2529 1332 2578 servata
1374 2517 1565 2573 fuisset
1607 2511 1801 2569 caeles-

197 2628 337 2684 tium
365 2625 643 2681 numinum
669 2621 928 2692 dignitas.

271 2721 389 2776 Non
441 2720 622 2790 itaque
668 2714 919 2770 audiendi
951 2711 1181 2782 amplius
1206 2706 1438 2780 gentiles
1463 2747 1478 2771 ,
1504 2703 1597 2776 qui
1624 2701 1802 2758 adhuc

195 2812 547 2885 obiectabant
569 2810 704 2866 deos
741 2809 886 2864 nolle
915 2793 1011 2862 sua
1049 2805 1174 2861 sciri
1217 2803 1469 2873 mysteria
1491 2841 1506 2865 ,
1537 2809 1698 2869 atque
1727 2809 1790 2852 ea

192 2908 405 2966 idcirco
427 2947 443 2973 ,
500 2913 555 2960 et
605 2903 817 2959 illorum
863 2898 1117 2955 historias
1142 2893 1443 2966 allegoricis
1475 2900 1642 2947 tectas
1679 2899 1802 2945 esse

197 3000 522 3070 ambagibus
570 2995 733 3071 (Ibid.
764 3036 779 3062 ,
836 3010 956 3066 pag.
992 2988 1140 3062 187).
1169 2987 1298 3057 Quis
1325 2986 1601 3042 enimvero
1641 2995 1802 3037 nosse

198 3097 377 3166 potuit
429 3094 500 3147 ita
527 3091 630 3147 diis
667 3090 835 3146 fuisse
870 3084 1173 3160 placitum?
1210 3081 1372 3138 Certo
1412 3091 1588 3134 autem
1644 3076 1800 3132 nobis

198 3196 538 3257 compertum
567 3194 650 3240 est
675 3185 808 3239 deos
836 3196 1126 3250 numquam
1158 3177 1397 3233 voluisse
1436 3177 1611 3245 turpia
1638 3172 1706 3228 de
1735 3186 1797 3228 se

195 3281 306 3337 dici
327 3289 381 3335 et
407 3277 704 3351 praedicari.
730 3275 870 3344 Quid
897 3274 1042 3331 enim
1084 3273 1188 3336 sol,
1215 3269 1367 3327 verbi
1391 3284 1550 3324 causa
1571 3312 1584 3335 ,
1612 3265 1793 3332 tellus,

199 3371 435 3442 aliaeque
461 3385 549 3426 res
570 3367 867 3432 naturales,
900 3368 944 3421 si
992 3365 1237 3435 quzedam
1267 3364 1375 3418 sint
1403 3362 1646 3427 numina,
1681 3374 1796 3414 me-

199 3475 427 3522 ruerunt
458 3472 518 3518 ut
540 3462 608 3516 ab
631 3462 883 3526 ethnicis,
927 3457 1126 3516 Attidis
1147 3499 1163 3523 ,
1194 3456 1246 3510 id
1275 3465 1380 3522 est,
1413 3455 1647 3511 hominis
1679 3467 1792 3509 cas.

199 3558 329 3615 trati
355 3567 412 3615 et
430 3557 691 3620 semiviri.
735 3556 1075 3624 aliorumque
1103 3551 1492 3606 sceleratorum
1523 3547 1801 3603 hominum

200 3655 516 3711 nominibus
566 3648 1038 3722 nuncuparentur?
1085 3646 1330 3717 Denique
1373 3659 1480 3699 non
1529 3643 1702 3697 Solum
1725 3639 1798 3698 dii

206 3749 315 3821 ipsi
341 3747 577 3812 colendi,
607 3745 704 3802 sed
749 3747 962 3801 illorum
990 3743 1152 3799 etiam
1192 3739 1408 3796 nomina
1457 3737 1802 3792 veneratione

208 3855 266 3900 et
295 3843 501 3898 honore
544 3839 702 3910 digna
756 3847 901 3902 sunt,
943 3852 1117 3907 neque
1157 3834 1246 3888 illa
1289 3831 1412 3886 aliis
1451 3827 1802 3900 proculdubio

207 3935 441 3992 terrenis
464 3943 517 3988 et
546 3931 788 4001 objectis,
810 3929 1087 4000 multoque
1110 3927 1285 3980 minus
1303 3922 1547 3992 turpibus
1565 3935 1628 3976 ac
1647 3918 1803 3976 foedis

208 4030 374 4085 rebus
398 4025 740 4097 imponenda.
773 4023 905 4092 Quis
932 4037 1061 4092 ergo
1090 4019 1172 4075 his
1218 4017 1514 4073 rationibus
1553 4015 1654 4069 rite
1683 4029 1802 4083 per-

207 4122 413 4194 pensis,
439 4135 546 4175 non
575 4118 722 4174 videt
748 4133 908 4189 quam
935 4125 1083 4170 recte
1122 4112 1388 4168 Arnobius
1412 4108 1718 4180 probaverit
1736 4106 1804 4160 ab

210 4215 302 4280 iis,
329 4213 418 4284 qui
440 4212 664 4268 deorum
705 4224 926 4266 suorum
962 4207 1214 4262 historias
1242 4214 1297 4260 et
1323 4200 1576 4277 mysteria
1607 4199 1804 4270 allego-

207 4310 328 4363 rico
372 4306 706 4376 mysticoqne
731 4318 891 4359 sensu
923 4301 1268 4373 cxplicabant
1291 4337 1307 4362 ,
1351 4310 1455 4351 non
1487 4299 1654 4364 magis
1675 4292 1806 4347 reli-

209 4401 461 4472 gionibus
487 4401 600 4455 suis
631 4398 795 4454 fuisse
817 4397 1142 4461 consultum,
1167 4408 1326 4464 quam
1356 4391 1424 4446 ab
1442 4389 1581 4454 aliis,
1601 4388 1692 4459 qui
1713 4401 1806 4442 eas

207 4496 429 4551 litterali
451 4495 717 4564 obvioque
745 4507 908 4548 sensu
940 4486 1312 4560 intelligendas
1353 4499 1474 4540 esse
1508 4483 1803 4554 opinaban-
1829 4531 1884 4594 Β

211 4589 346 4644 tur?
375 4587 565 4644 Parem
593 4586 869 4642 enimvero
915 4583 1130 4654 utrique
1155 4580 1258 4635 diis
1291 4578 1406 4633 suis
1432 4576 1634 4632 faciunt
1659 4577 1802 4646 inju-

211 4683 348 4739 riam
371 4725 387 4751 ,
428 4697 753 4752 omnemque
789 4678 1154 4752 imprudentes
1179 4675 1258 4732 eis
1285 4673 1528 4730 adimunt
1557 4672 1805 4728 divinita-

210 4786 322 4834 tem
331 4816 344 4830 .

812 4880 1098 4921 ARTICULUS
1131 4879 1209 4920 Ill.

211 4982 466 5044 Quomodo
487 4984 658 5033 eadem
683 4982 944 5045 gentilium
970 4981 1226 5045 responsio
1251 4979 1314 5028 ab
1349 4977 1457 5027 aliis
1489 4974 1811 5038 scriptoribus

557 5043 757 5110 penitus
781 5043 1053 5094 inﬁrmatur
1093 5053 1144 5092 et
1162 5043 1464 5093 destruatur.

291 5153 650 5225 Expnsnimus
690 5168 848 5224 quam
894 5151 1113 5206 brevius
1139 5148 1445 5216 clariusque
1475 5143 1590 5198 ﬁeri
1611 5143 1811 5198 anobis

211 5250 387 5319 potuit
406 5290 421 5312 ,
451 5248 628 5301 omnia
663 5245 887 5301 Arnobii
920 5251 1107 5297 contra
1138 5242 1294 5295 datas
1319 5241 1386 5294 ab
1417 5239 1706 5311 gentilibus
1736 5238 1811 5291 al-

216 5341 484 5410 legoricas
523 5350 576 5394 et
609 5343 861 5410 mysticus
892 5337 1114 5392 deorum
1157 5332 1646 5406 mysteriorumque
1686 5344 1810 5386 suo—

215 5448 339 5488 rum
374 5431 867 5502 interpretationes,
901 5435 1212 5499 argumenta
1241 5442 1256 5490 ;
1291 5433 1348 5478 ut
1375 5439 1566 5479 omnes
1599 5422 1806 5476 facilius

217 5524 518 5592 intelligant
552 5522 667 5576 illas
702 5533 847 5576 tanto
875 5521 1086 5592 planius
1112 5519 1178 5573 ab
1208 5533 1271 5573 eo
1303 5515 1596 5578 confutari,
1627 5530 1801 5586 quan-

218 5627 280 5672 to
311 5616 504 5684 smpins
532 5614 731 5671 ethnici
760 5615 825 5670 ad
855 5630 945 5669 eas
979 5623 1229 5681 tanquam
1259 5611 1322 5666 ad
1353 5611 1647 5664 maximum
1677 5607 1807 5663 reli-

217 5706 400 5780 gionis
443 5722 550 5761 sua:
579 5709 1032 5781 propugnaculum
1064 5704 1458 5774 COnfttgiebanl.
1501 5701 1616 5757 Non
1659 5702 1807 5758 solus

219 5812 404 5857 tamen
433 5800 722 5864 Arnobius,
745 5799 837 5854 sed
869 5799 956 5854 alii
979 5798 1138 5854 etiam
1165 5796 1457 5867 scriptores
1481 5809 1602 5849 eum
1639 5793 1812 5849 chris-

1897 1869 1994 1927 sed
2017 1874 2177 1926 etiam
2204 1885 2355 1925 saera
2380 1872 2858 1925 constituerentur.
2892 1866 3084 1922 Febris
3122 1869 3268 1922 enim
3300 1865 3487 1922 fanum

1899 1962 1955 2019 in
1984 1964 2299 2034 palatio.....
2323 1963 2510 2019 Omnis
2550 1964 2710 2034 igitur
2737 1962 2859 2017 talis
2888 1977 2917 2014 a
2949 1960 3289 2032 philosophia
3321 1961 3490 2033 pella-

1900 2067 1987 2112 tur
2007 2071 2193 2122 error;
2224 2066 2281 2110 ut
2301 2071 2423 2112 cum
2441 2056 2510 2111 de
2528 2055 2628 2111 diis
2655 2055 3010 2126 disputamus,
3039 2053 3283 2110 dicamus
3313 2053 3480 2126 digna

1899 2150 2002 2207 diis
2034 2150 2422 2206 immortalibus
2455 2168 2469 2205 :
2497 2148 2566 2205 de
2604 2150 2799 2221 quibus
2848 2147 3024 2204 habeo
3051 2148 3179 2220 quid
3205 2149 3436 2204 sentiam
3468 2189 3485 2216 ,

1903 2259 2010 2300 non
2050 2243 2224 2299 habeo
2275 2253 2451 2299 autem
2477 2242 2618 2314 quod
2675 2243 2768 2297 tibi
2797 2242 3065 2297 assentiar
3100 2258 3120 2292 ι
3146 2239 3357 2313 (Cicer.,
3390 2239 3482 2295 lib.

1902 2355 1937 2394 ιι
1970 2339 2031 2394 de
2064 2338 2255 2392 Natur.
2311 2338 2476 2404 deor.,
2503 2354 2622 2408 pag.
2646 2335 2750 2392 248
2779 2345 2828 2392 et
2857 2334 3010 2407 δρψ),
3064 2334 3302 2392 Audisne
3329 2349 3491 2407 quam

1903 2444 2050 2489 recte
2075 2433 2281 2490 Tullius
2327 2431 2423 2488 has
2458 2432 2754 2487 stoicorum
2805 2430 3278 2501 interpretationes
3303 2470 3321 2496 ,
3351 2438 3492 2484 tam-

1903 2543 2062 2600 quam
2091 2525 2384 2583 absurdum
2413 2526 2626 2597 penitus
2647 2540 2913 2591 errorem,
2952 2539 2982 2578 a
3027 2523 3362 2596 philosophia
3404 2539 3491 2582 re-

1906 2623 2236 2694 pellendum,
2265 2619 2556 2692 explodat?
2580 2618 2690 2675 Nec
2716 2619 2924 2674 minore
2961 2617 3214 2674 facilitate
3248 2618 3494 2674 animad-

1904 2719 2111 2774 vertisti
2138 2726 2337 2789 quanta
2390 2715 2656 2772 evidentia
2698 2714 3032 2770 demonstret
3083 2713 3148 2768 iis
3187 2712 3362 2778 nihil,
3416 2713 3494 2769 uti

1903 2813 2065 2868 etiam
2107 2812 2377 2868 Arnobius
2410 2809 2723 2877 contendit,
2768 2807 2878 2864 Deo
2927 2805 3221 2863 immortali
3271 2805 3493 2878 dignum

1905 2907 2154 2978 proferri.

1977 3041 2238 3099 Eusebius
2287 3055 2446 3105 vero,
2487 3047 2543 3094 et
2577 3045 2699 3110 post
2737 3051 2862 3092 eum
2919 3035 3322 3107 Theodoretus,
3352 3042 3498 3090 tran-

1825 3138 1875 3203 C
1904 3137 2119 3208 scriptis
2162 3136 2396 3191 Platonis
2423 3149 2491 3190 ex
2518 3135 2684 3205 ipsius
2724 3132 2931 3188 Timaeo
2981 3130 3160 3187 verbis
3204 3129 3498 3186 ostendunt

1901 3231 2054 3287 illum
2104 3230 2305 3286 diserte
2333 3238 2387 3285 et
2419 3229 2684 3300 explicate
2727 3225 2978 3282 docuisse
3008 3224 3254 3295 vulgares
3281 3223 3401 3278 illas
3429 3222 3498 3278 de

1900 3323 2003 3379 diis
2031 3322 2256 3390 fabulas,
2288 3324 2400 3378 sive
2424 3321 2692 3384 historias,
2728 3331 3024 3388 omneSque
3046 3317 3367 3388 allegoricos
3389 3330 3486 3370 ea-

1901 3433 2019 3473 rum
2041 3431 2253 3484 sensus,
2273 3431 2404 3487 quos
2433 3414 2646 3470 Ethnici
2673 3411 2739 3466 ad
2770 3409 3164 3482 philosophiam
3193 3423 3499 3466 accommo-

1902 3511 2055 3564 datos
2107 3522 2226 3564 esse
2283 3507 2570 3573 rebantur,
2621 3503 2987 3561 excludendos
3032 3515 3153 3556 esse
3191 3515 3416 3573 prorsus
3443 3511 3498 3556 et

1901 3602 2231 3658 coercendos
2275 3600 2510 3674 (Euseb.,
2570 3598 2659 3654 lib.
2689 3613 2725 3652 It
2779 3595 3018 3663 Prwpar.
3042 3611 3255 3664 cvang.,
3283 3610 3398 3665 cap.
3429 3594 3461 3657 7
3481 3634 3495 3660 ,

1903 3711 2025 3766 pag.
2055 3693 2125 3749 76
2151 3703 2197 3748 et
2223 3707 2364 3762 seq.;
2402 3689 2656 3746 Tlieodor.
2679 3729 2693 3755 ,
2735 3704 2887 3743 serm.
2916 3688 2982 3753 3,
3027 3686 3088 3740 de
3114 3685 3293 3756 Augei.
3325 3693 3371 3740 et
3393 3683 3500 3738 da:-

1904 3801 2070 3852 mon.,
2104 3793 2226 3838 tom.
2259 3799 2334 3847 tv,
2362 3799 2484 3853 pag.
2514 3779 2621 3838 512
2639 3790 2684 3836 et
2711 3776 2865 3851 σαψ).
2926 3776 3007 3833 Ad
3050 3778 3164 3832 haec
3197 3791 3327 3830 vero
3356 3774 3498 3830 idem

1904 3877 2193 3941 Eusebius,
2232 3874 2470 3947 Dionysii
2499 3872 2897 3929 Halicarnassei
2925 3870 3138 3936 verbis,
3171 3884 3237 3924 ex
3263 3867 3500 3924 secundo

1905 3971 2051 4026 illius
2104 3969 2492 4038 Antiquitatum
2564 3980 2908 4021 romanarum
2966 3964 3104 4018 libro
3155 3961 3496 4031 desumptis,

1909 4064 2143 4132 probata
2165 4060 2352 4131 priscis
2378 4060 2636 4114 Romanis
2661 4067 2915 4114 statutum
2946 4055 3129 4118 fuisse,
3167 4063 3224 4108 ut
3250 4054 3500 4108 universa

1907 4155 1996 4210 illa
2043 4153 2352 4210 Grai-corum
2406 4151 2760 4225 physiologia,
2812 4159 3062 4218 tanquam
3094 4147 3249 4218 plane
3277 4147 3500 4216 inutilis,

1909 4264 2008 4303 nec
2035 4246 2137 4301 sibi
2168 4245 2484 4310 cohaerens,
2535 4245 2605 4300 ab
2659 4240 2923 4299 universis
2977 4239 3261 4311 theologize
3309 4240 3502 4297 ﬁnibus

1909 4341 2193 4412 ejiceretnr
2223 4339 2797 4410 exterminareturque.

1979 4478 2095 4535 Non
2124 4478 2317 4534 mirum
2346 4478 2547 4550 itaque,
2579 4477 2622 4532 si
2649 4473 3005 4548 antiquissimi
3030 4472 3286 4530 Ecclesia:
3314 4481 3497 4544 patres

1911 4585 2058 4632 tanto
2086 4575 2252 4630 animi
2279 4573 2472 4630 ardore
2501 4573 2718 4629 eosdem
2758 4570 3074 4641 allegoricos
3102 4583 3292 4625 sensus
3324 4569 3499 4623 insec-

1914 4671 2004 4727 tati
2049 4680 2191 4726 sunt.
2239 4668 2370 4724 Nam
2401 4678 2460 4723 ut
2488 4666 2930 4737 Rccognitionum
2957 4663 3250 4718 Clementis
3287 4662 3504 4717 nomine

1911 4763 2288 4834 inscriptarum
2310 4769 2365 4816 et
2388 4759 2839 4814 (Iletnentinarum
2881 4764 3155 4810 auctorem
3185 4755 3274 4824 qui
3305 4769 3397 4809 eas
3428 4755 3505 4809 si-

1913 4855 2128 4911 milibus
2153 4863 2314 4925 atque
2341 4853 2610 4908 Arnobius
2637 4859 2820 4905 noster
2855 4849 3151 4904 rationibus
3193 4847 3501 4917 impugnat,

1916 4953 2140 5005 missum
2163 4949 2438 5014 faciamus,
2473 4947 2842 5017 Athenagoras
2867 4943 3143 5000 evidenter
3169 4941 3503 4996 demonstrat

1920 5042 2186 5107 ethnicos,
2219 5057 2280 5096 ac
2312 5040 2627 5097 nominatim
2679 5041 2876 5096 stoicos
2927 5037 3071 5091 hisce
3119 5034 3390 5105 allegoriis
3439 5050 3508 5090 ne

1919 5138 2087 5193 hilum
2133 5136 2344 5208 quidem
2391 5135 2456 5190 ad
2506 5134 2777 5206 religionis
2806 5149 2914 5188 sua:
2941 5129 3309 5186 defensionem
3338 5129 3503 5200 proﬁ-

1919 5226 2298 5285 cere.Certum
2327 5229 2522 5299 quippe
2552 5240 2672 5282 esse
2701 5224 2860 5280 debet
2887 5223 2951 5278 iis
2980 5221 3314 5278 divinitatem
3346 5221 3528 5295 rebus,

1918 5323 2194 5378 dumtaxat
2230 5323 2423 5377 creatis
2456 5330 2508 5375 et
2533 5319 2804 5390 corporeis
2856 5316 3094 5371 attribui.
3149 5313 3274 5370 Veri
3326 5324 3506 5370 autem

1920 5413 2015 5468 Dei
2047 5429 2148 5469 una
2177 5423 2379 5468 tantum
2408 5426 2529 5466 esse
2559 5418 2734 5478 potest
2774 5408 3004 5479 ingenita
3027 5449 3040 5472 ,
3097 5408 3412 5478 incorporea
3453 5415 3508 5461 et

1918 5513 2119 5560 arterna
2175 5504 2493 5559 subsmntia.
2525 5503 2592 5556 At
2636 5501 2759 5555 hinc
2802 5500 2958 5571 plane
2993 5500 3275 5556 conﬁcitur
3315 5499 3504 5554 Satur-

1916 5614 2043 5654 num
2066 5639 2079 5663 ,
2107 5596 2328 5663 Jovem,
2367 5607 2420 5651 et
2444 5595 2579 5650 alios
2627 5593 2957 5664 ejuscemodi
2994 5607 3283 5663 numquam
3339 5591 3507 5647 fuisse

1916 5691 2047 5747 deos
2076 5688 2439 5763 (Clem.,!ib'.x
2478 5686 2730 5760 Recogn.,
2749 5704 2863 5758 cap.
2895 5687 2965 5743 '55
2992 5697 3037 5740 et
3061 5702 3192 5754 seq.,
3223 5701 3342 5754 pag.
3368 5677 3509 5748 517,-

1917 5785 2176 5851 Clemmh,
2216 5786 2355 5842 hom.
2387 5783 2443 5853 ὁ,
2470 5798 2585 5848 cap.
2609 5782 2682 5837 24
2705 5791 2751 5836 et
2774 5799 2903 5854 scq.,
2927 5797 3047 5851 pag.
3076 5778 3208 5846 607,
3231 5788 3275 5831 et
3294 5778 3430 5830 Itoni.
3453 5777 3511 5841 6,
