  <div class='ocr_page' id='page_1' title='image "/cluster/home/n/w/nwhite01/storage/ocr_20150623/5/hvd.32044073505083/307.png"; bbox 0 0 3986 6058; ppageno 0'>
   <div class='ocr_carea' id='block_1_1' title="bbox 354 248 564 308">
    <p class='ocr_par' dir='ltr' id='par_1_1' title="bbox 354 248 564 308">
     <span class='ocr_line' id='line_1_1' title="bbox 354 248 564 308; baseline 0 0"><span class='ocrx_word' id='word_1_1' title='bbox 354 248 564 308; x_wconf 36' lang='grc' dir='ltr'><strong>θεοῦ</strong></span> 
     </span>
    </p>
   </div>
   <div class='ocr_carea' id='block_1_2' title="bbox 1699 254 2469 316">
    <p class='ocr_par' dir='ltr' id='par_1_2' title="bbox 1699 254 2469 316">
     <span class='ocr_line' id='line_1_2' title="bbox 1699 254 2469 316; baseline 0.001 -3"><span class='ocrx_word' id='word_1_2' title='bbox 1699 254 2153 316; x_wconf 76' lang='lat' dir='ltr'><strong>DISSEBTATIO</strong></span> <span class='ocrx_word' id='word_1_3' title='bbox 2187 257 2275 315; x_wconf 77' lang='lat' dir='ltr'><strong>PR</strong></span> <span class='ocrx_word' id='word_1_4' title='bbox 2284 258 2469 316; x_wconf 65' lang='lat' dir='ltr'><strong>EVIA</strong></span> 
     </span>
    </p>
   </div>
   <div class='ocr_carea' id='block_1_3' title="bbox 3635 259 3750 317">
    <p class='ocr_par' dir='ltr' id='par_1_3' title="bbox 3635 259 3750 317">
     <span class='ocr_line' id='line_1_3' title="bbox 3635 259 3750 317; baseline 0 0"><span class='ocrx_word' id='word_1_5' title='bbox 3635 259 3750 317; x_wconf 67' lang='grc' dir='ltr'><strong>θοι</strong></span> 
     </span>
    </p>
   </div>
   <div class='ocr_carea' id='block_1_4' title="bbox 458 368 3751 447">
    <p class='ocr_par' dir='ltr' id='par_1_4' title="bbox 458 368 3751 447">
     <span class='ocr_line' id='line_1_4' title="bbox 458 368 3751 447; baseline 0.003 -26"><span class='ocrx_word' id='word_1_6' title='bbox 458 383 575 439; x_wconf 86' lang='lat' dir='ltr'><strong>cap.</strong></span> <span class='ocrx_word' id='word_1_7' title='bbox 604 368 670 424; x_wconf 77' lang='grc'><strong>17</strong></span> <span class='ocrx_word' id='word_1_8' title='bbox 698 377 747 423; x_wconf 91' lang='lat' dir='ltr'><strong>et</strong></span> <span class='ocrx_word' id='word_1_9' title='bbox 771 384 875 441; x_wconf 73' lang='lat' dir='ltr'><strong>seq.</strong></span> <span class='ocrx_word' id='word_1_10' title='bbox 897 411 913 439; x_wconf 90' lang='lat'><strong>,</strong></span> <span class='ocrx_word' id='word_1_11' title='bbox 960 387 1080 442; x_wconf 85' lang='lat' dir='ltr'><strong>pag.</strong></span> <span class='ocrx_word' id='word_1_12' title='bbox 1106 371 1211 435; x_wconf 67' lang='lat'><strong>625</strong></span> <span class='ocrx_word' id='word_1_13' title='bbox 1230 379 1277 427; x_wconf 91' lang='lat' dir='ltr'><strong>et</strong></span> <span class='ocrx_word' id='word_1_14' title='bbox 1298 387 1440 443; x_wconf 63' lang='lat' dir='ltr'><strong>rem;</strong></span> <span class='ocrx_word' id='word_1_15' title='bbox 1488 371 1763 443; x_wconf 82' lang='lat' dir='ltr'><strong>Athenag.,</strong></span> <span class='ocrx_word' id='word_1_16' title='bbox 1794 371 1919 444; x_wconf 85' lang='lat' dir='ltr'><strong>Leg.</strong></span> <span class='ocrx_word' id='word_1_17' title='bbox 1952 389 2045 443; x_wconf 85' lang='lat' dir='ltr'><strong>pro</strong></span> <span class='ocrx_word' id='word_1_18' title='bbox 2072 374 2123 438; x_wconf 81' lang='grc' dir='ltr'><strong>Α</strong></span> <span class='ocrx_word' id='word_1_19' title='bbox 2148 383 2408 440; x_wconf 90' lang='lat' dir='ltr'><strong>meretur,</strong></span> <span class='ocrx_word' id='word_1_20' title='bbox 2435 384 2490 430; x_wconf 88' lang='lat' dir='ltr'><strong>et</strong></span> <span class='ocrx_word' id='word_1_21' title='bbox 2515 375 2660 446; x_wconf 90' lang='lat' dir='ltr'><strong>quod</strong></span> <span class='ocrx_word' id='word_1_22' title='bbox 2706 384 2929 431; x_wconf 81' lang='lat' dir='ltr'><strong>exterae</strong></span> <span class='ocrx_word' id='word_1_23' title='bbox 2976 375 3145 431; x_wconf 86' lang='lat' dir='ltr'><strong>oculis</strong></span> <span class='ocrx_word' id='word_1_24' title='bbox 3172 376 3443 447; x_wconf 73' lang='lat' dir='ltr'><strong>obiicitur,</strong></span> <span class='ocrx_word' id='word_1_25' title='bbox 3475 376 3751 432; x_wconf 80' lang='lat' dir='ltr'><strong>funestum</strong></span> 
     </span>
    </p>
   </div>
   <div class='ocr_carea' id='block_1_5' title="bbox 458 461 1247 536">
    <p class='ocr_par' dir='ltr' id='par_1_5' title="bbox 458 461 1247 536">
     <span class='ocr_line' id='line_1_5' title="bbox 458 461 1247 536; baseline 0.006 -21"><span class='ocrx_word' id='word_1_26' title='bbox 458 461 746 528; x_wconf 77' lang='lat' dir='ltr'><strong>christian.,</strong></span> <span class='ocrx_word' id='word_1_27' title='bbox 778 480 898 535; x_wconf 86' lang='lat' dir='ltr'><strong>pag.</strong></span> <span class='ocrx_word' id='word_1_28' title='bbox 926 463 996 518; x_wconf 71' lang='lat'><strong>22</strong></span> <span class='ocrx_word' id='word_1_29' title='bbox 1021 475 1068 519; x_wconf 89' lang='lat' dir='ltr'><strong>et</strong></span> <span class='ocrx_word' id='word_1_30' title='bbox 1096 469 1247 536; x_wconf 57' lang='grc' dir='ltr'><strong>δαίμ).</strong></span> 
     </span>
    </p>
   </div>
   <div class='ocr_carea' id='block_1_6' title="bbox 468 553 2050 630">
    <p class='ocr_par' dir='ltr' id='par_1_6' title="bbox 468 553 2050 630">
     <span class='ocr_line' id='line_1_6' title="bbox 468 553 2050 630; baseline 0.003 -21"><span class='ocrx_word' id='word_1_31' title='bbox 468 624 469 627; x_wconf 18' lang='grc' dir='ltr'><strong>η</strong></span> <span class='ocrx_word' id='word_1_32' title='bbox 532 553 735 611; x_wconf 88' lang='lat' dir='ltr'><strong>Eodem</strong></span> <span class='ocrx_word' id='word_1_33' title='bbox 784 571 997 628; x_wconf 88' lang='lat' dir='ltr'><strong>quoque</strong></span> <span class='ocrx_word' id='word_1_34' title='bbox 1048 558 1210 613; x_wconf 90' lang='lat' dir='ltr'><strong>modo</strong></span> <span class='ocrx_word' id='word_1_35' title='bbox 1264 558 1551 625; x_wconf 86' lang='lat' dir='ltr'><strong>Tatiauus,</strong></span> <span class='ocrx_word' id='word_1_36' title='bbox 1600 559 2050 630; x_wconf 87' lang='lat' dir='ltr'><strong>quemadmodum</strong></span> 
     </span>
    </p>
   </div>
   <div class='ocr_carea' id='block_1_7' title="bbox 461 646 2053 724">
    <p class='ocr_par' dir='ltr' id='par_1_7' title="bbox 461 646 2053 724">
     <span class='ocr_line' id='line_1_7' title="bbox 461 646 2053 724; baseline 0.005 -21"><span class='ocrx_word' id='word_1_37' title='bbox 461 646 589 703; x_wconf 82' lang='lat' dir='ltr'><strong>alibi</strong></span> <span class='ocrx_word' id='word_1_38' title='bbox 618 651 990 706; x_wconf 85' lang='lat' dir='ltr'><strong>annotavimus</strong></span> <span class='ocrx_word' id='word_1_39' title='bbox 1013 692 1029 719; x_wconf 92' lang='lat'><strong>,</strong></span> <span class='ocrx_word' id='word_1_40' title='bbox 1060 653 1284 722; x_wconf 92' lang='lat' dir='ltr'><strong>corripit</strong></span> <span class='ocrx_word' id='word_1_41' title='bbox 1319 654 1580 724; x_wconf 73' lang='lat' dir='ltr'><strong>gentiles,</strong></span> <span class='ocrx_word' id='word_1_42' title='bbox 1635 669 1698 708; x_wconf 91' lang='lat' dir='ltr'><strong>ac</strong></span> <span class='ocrx_word' id='word_1_43' title='bbox 1754 655 2053 724; x_wconf 70' lang='lat' dir='ltr'><strong>prmsertim</strong></span> 
     </span>
    </p>
   </div>
   <div class='ocr_carea' id='block_1_8' title="bbox 461 738 2054 815">
    <p class='ocr_par' dir='ltr' id='par_1_8' title="bbox 461 738 2054 815">
     <span class='ocr_line' id='line_1_8' title="bbox 461 738 2054 815; baseline 0.003 -20"><span class='ocrx_word' id='word_1_44' title='bbox 461 738 821 795; x_wconf 73' lang='lat' dir='ltr'><strong>Metrodorum</strong></span> <span class='ocrx_word' id='word_1_45' title='bbox 850 741 1296 814; x_wconf 84' lang='lat' dir='ltr'><strong>Lampsacenum,</strong></span> <span class='ocrx_word' id='word_1_46' title='bbox 1320 747 1408 815; x_wconf 86' lang='lat' dir='ltr'><strong>qui</strong></span> <span class='ocrx_word' id='word_1_47' title='bbox 1439 760 1627 801; x_wconf 91' lang='lat' dir='ltr'><strong>omnes</strong></span> <span class='ocrx_word' id='word_1_48' title='bbox 1657 745 1806 814; x_wconf 88' lang='lat' dir='ltr'><strong>deos,</strong></span> <span class='ocrx_word' id='word_1_49' title='bbox 1841 762 2054 801; x_wconf 84' lang='lat' dir='ltr'><strong>eorum-</strong></span> 
     </span>
    </p>
   </div>
   <div class='ocr_carea' id='block_1_9' title="bbox 462 832 2053 908">
    <p class='ocr_par' dir='ltr' id='par_1_9' title="bbox 462 832 2053 908">
     <span class='ocr_line' id='line_1_9' title="bbox 462 832 2053 908; baseline 0.004 -21"><span class='ocrx_word' id='word_1_50' title='bbox 462 847 567 903; x_wconf 88' lang='lat' dir='ltr'><strong>que</strong></span> <span class='ocrx_word' id='word_1_51' title='bbox 598 832 872 902; x_wconf 84' lang='lat' dir='ltr'><strong>historias,</strong></span> <span class='ocrx_word' id='word_1_52' title='bbox 905 834 972 890; x_wconf 91' lang='lat' dir='ltr'><strong>ad</strong></span> <span class='ocrx_word' id='word_1_53' title='bbox 1001 837 1348 908; x_wconf 80' lang='lat' dir='ltr'><strong>allegoricum</strong></span> <span class='ocrx_word' id='word_1_54' title='bbox 1374 853 1593 892; x_wconf 89' lang='lat' dir='ltr'><strong>sensum</strong></span> <span class='ocrx_word' id='word_1_55' title='bbox 1641 839 1854 893; x_wconf 82' lang='lat' dir='ltr'><strong>trahere</strong></span> <span class='ocrx_word' id='word_1_56' title='bbox 1885 838 2053 893; x_wconf 89' lang='lat' dir='ltr'><strong>moliti</strong></span> 
     </span>
    </p>
   </div>
   <div class='ocr_carea' id='block_1_10' title="bbox 464 922 2053 1000">
    <p class='ocr_par' dir='ltr' id='par_1_10' title="bbox 464 922 2053 1000">
     <span class='ocr_line' id='line_1_10' title="bbox 464 922 2053 1000; baseline 0.005 -21"><span class='ocrx_word' id='word_1_57' title='bbox 464 932 590 979; x_wconf 88' lang='lat' dir='ltr'><strong>sunt</strong></span> <span class='ocrx_word' id='word_1_58' title='bbox 612 922 781 991; x_wconf 90' lang='lat' dir='ltr'><strong>(Tom.</strong></span> <span class='ocrx_word' id='word_1_59' title='bbox 807 941 824 979; x_wconf 82' lang='grc' dir='ltr'>ι</span> <span class='ocrx_word' id='word_1_60' title='bbox 873 928 1150 997; x_wconf 88' lang='lat' dir='ltr'><strong>Apparat.,</strong></span> <span class='ocrx_word' id='word_1_61' title='bbox 1168 946 1288 1000; x_wconf 89' lang='lat' dir='ltr'><strong>pag.</strong></span> <span class='ocrx_word' id='word_1_62' title='bbox 1310 928 1416 983; x_wconf 69' lang='grc'><strong>522</strong></span> <span class='ocrx_word' id='word_1_63' title='bbox 1436 940 1481 983; x_wconf 81' lang='lat' dir='ltr'><strong>et</strong></span> <span class='ocrx_word' id='word_1_64' title='bbox 1504 928 1607 985; x_wconf 76' lang='lat'><strong>550</strong></span> <span class='ocrx_word' id='word_1_65' title='bbox 1627 946 1646 995; x_wconf 86' lang='lat'><strong><em>;</em></strong></span> <span class='ocrx_word' id='word_1_66' title='bbox 1668 930 1875 984; x_wconf 86' lang='lat' dir='ltr'><strong>Tatian.</strong></span> <span class='ocrx_word' id='word_1_67' title='bbox 1905 931 2053 988; x_wconf 81' lang='lat' dir='ltr'><strong>Orat.</strong></span> 
     </span>
    </p>
   </div>
   <div class='ocr_carea' id='block_1_11' title="bbox 464 1015 1172 1091">
    <p class='ocr_par' dir='ltr' id='par_1_11' title="bbox 464 1015 1172 1091">
     <span class='ocr_line' id='line_1_11' title="bbox 464 1015 1172 1091; baseline 0.008 -23"><span class='ocrx_word' id='word_1_68' title='bbox 464 1024 628 1070; x_wconf 83' lang='lat' dir='ltr'><strong>contr.</strong></span> <span class='ocrx_word' id='word_1_69' title='bbox 656 1015 849 1085; x_wconf 64' lang='grc' dir='ltr'><strong>(ἔτ-ωε..</strong></span> <span class='ocrx_word' id='word_1_70' title='bbox 882 1037 1002 1091; x_wconf 89' lang='lat' dir='ltr'><strong>pag.</strong></span> <span class='ocrx_word' id='word_1_71' title='bbox 1022 1022 1146 1089; x_wconf 76' lang='grc'><strong>160)</strong></span> <span class='ocrx_word' id='word_1_72' title='bbox 1160 1061 1172 1074; x_wconf 93' lang='grc'><strong>.</strong></span> 
     </span>
    </p>
   </div>
   <div class='ocr_carea' id='block_1_12' title="bbox 537 1108 2054 1185">
    <p class='ocr_par' dir='ltr' id='par_1_12' title="bbox 537 1108 2054 1185">
     <span class='ocr_line' id='line_1_12' title="bbox 537 1108 2054 1185; baseline 0.005 -19"><span class='ocrx_word' id='word_1_73' title='bbox 537 1110 608 1167; x_wconf 83' lang='grc' dir='ltr'><strong>Αι</strong></span> <span class='ocrx_word' id='word_1_74' title='bbox 634 1108 895 1168; x_wconf 89' lang='lat' dir='ltr'><strong>Eusebius</strong></span> <span class='ocrx_word' id='word_1_75' title='bbox 921 1115 1042 1171; x_wconf 91' lang='lat' dir='ltr'><strong>aliis</strong></span> <span class='ocrx_word' id='word_1_76' title='bbox 1075 1116 1250 1172; x_wconf 88' lang='lat' dir='ltr'><strong>adhuc</strong></span> <span class='ocrx_word' id='word_1_77' title='bbox 1302 1117 1599 1173; x_wconf 84' lang='lat' dir='ltr'><strong>rationibus</strong></span> <span class='ocrx_word' id='word_1_78' title='bbox 1654 1117 1794 1173; x_wconf 89' lang='lat' dir='ltr'><strong>hanc</strong></span> <span class='ocrx_word' id='word_1_79' title='bbox 1840 1134 2054 1185; x_wconf 88' lang='lat' dir='ltr'><strong>novam,</strong></span> 
     </span>
    </p>
   </div>
   <div class='ocr_carea' id='block_1_13' title="bbox 467 1205 2057 1277">
    <p class='ocr_par' dir='ltr' id='par_1_13' title="bbox 467 1205 2057 1277">
     <span class='ocr_line' id='line_1_13' title="bbox 467 1205 2057 1277; baseline 0.004 -18"><span class='ocrx_word' id='word_1_80' title='bbox 467 1205 542 1260; x_wconf 90' lang='lat' dir='ltr'><strong>uti</strong></span> <span class='ocrx_word' id='word_1_81' title='bbox 568 1206 827 1277; x_wconf 84' lang='lat' dir='ltr'><strong>loquitur,</strong></span> <span class='ocrx_word' id='word_1_82' title='bbox 855 1217 910 1263; x_wconf 88' lang='lat' dir='ltr'><strong>et</strong></span> <span class='ocrx_word' id='word_1_83' title='bbox 935 1210 1253 1267; x_wconf 89' lang='lat' dir='ltr'><strong>insolentem</strong></span> <span class='ocrx_word' id='word_1_84' title='bbox 1297 1211 1635 1267; x_wconf 90' lang='lat' dir='ltr'><strong>ethnicorum</strong></span> <span class='ocrx_word' id='word_1_85' title='bbox 1669 1214 2057 1267; x_wconf 79' lang='lat' dir='ltr'><strong>contumaciam</strong></span> 
     </span>
    </p>
   </div>
   <div class='ocr_carea' id='block_1_14' title="bbox 468 1298 2057 1377">
    <p class='ocr_par' dir='ltr' id='par_1_14' title="bbox 468 1298 2057 1377">
     <span class='ocr_line' id='line_1_14' title="bbox 468 1298 2057 1377; baseline 0.004 -24"><span class='ocrx_word' id='word_1_86' title='bbox 468 1298 713 1369; x_wconf 75' lang='lat' dir='ltr'><strong>reprimit</strong></span> <span class='ocrx_word' id='word_1_87' title='bbox 767 1301 786 1371; x_wconf 92' lang='lat'>(</span> <span class='ocrx_word' id='word_1_88' title='bbox 812 1299 999 1357; x_wconf 83' lang='lat' dir='ltr'><strong>Euseb.</strong></span> <span class='ocrx_word' id='word_1_89' title='bbox 1023 1345 1037 1370; x_wconf 93' lang='lat'><strong>,</strong></span> <span class='ocrx_word' id='word_1_90' title='bbox 1083 1304 1170 1358; x_wconf 84' lang='lat' dir='ltr'><strong>lib.</strong></span> <span class='ocrx_word' id='word_1_91' title='bbox 1226 1320 1264 1360; x_wconf 79' lang='grc' dir='ltr'><strong>ιι</strong></span> <span class='ocrx_word' id='word_1_92' title='bbox 1303 1304 1540 1376; x_wconf 79' lang='lat' dir='ltr'><strong>Prwpar.</strong></span> <span class='ocrx_word' id='word_1_93' title='bbox 1571 1304 1773 1377; x_wconf 85' lang='lat' dir='ltr'><strong>Evang.</strong></span> <span class='ocrx_word' id='word_1_94' title='bbox 1798 1346 1813 1371; x_wconf 91' lang='lat'><strong>,</strong></span> <span class='ocrx_word' id='word_1_95' title='bbox 1843 1323 1959 1375; x_wconf 87' lang='lat' dir='ltr'><strong>cap.</strong></span> <span class='ocrx_word' id='word_1_96' title='bbox 1991 1305 2057 1372; x_wconf 88' lang='lat'><strong>6,</strong></span> 
     </span>
    </p>
   </div>
   <div class='ocr_carea' id='block_1_15' title="bbox 470 1392 2064 1470">
    <p class='ocr_par' dir='ltr' id='par_1_15' title="bbox 470 1392 2064 1470">
     <span class='ocr_line' id='line_1_15' title="bbox 470 1392 2064 1470; baseline 0.008 -26"><span class='ocrx_word' id='word_1_97' title='bbox 470 1408 593 1464; x_wconf 85' lang='lat' dir='ltr'><strong><em>pag.</em></strong></span> <span class='ocrx_word' id='word_1_98' title='bbox 623 1392 738 1465; x_wconf 71' lang='lat'><strong>74).</strong></span> <span class='ocrx_word' id='word_1_99' title='bbox 786 1394 916 1451; x_wconf 85' lang='lat' dir='ltr'><strong>Post</strong></span> <span class='ocrx_word' id='word_1_100' title='bbox 965 1398 1210 1453; x_wconf 86' lang='lat' dir='ltr'><strong>inventas</strong></span> <span class='ocrx_word' id='word_1_101' title='bbox 1262 1399 1536 1454; x_wconf 85' lang='lat' dir='ltr'><strong>enimvero</strong></span> <span class='ocrx_word' id='word_1_102' title='bbox 1583 1400 1703 1454; x_wconf 88' lang='lat' dir='ltr'><strong>illas</strong></span> <span class='ocrx_word' id='word_1_103' title='bbox 1750 1400 2064 1470; x_wconf 85' lang='lat' dir='ltr'><strong>allegoricas</strong></span> 
     </span>
    </p>
   </div>
   <div class='ocr_carea' id='block_1_16' title="bbox 469 1482 2065 1564">
    <p class='ocr_par' dir='ltr' id='par_1_16' title="bbox 469 1482 2065 1564">
     <span class='ocr_line' id='line_1_16' title="bbox 469 1482 2065 1564; baseline 0.009 -26"><span class='ocrx_word' id='word_1_104' title='bbox 469 1482 826 1557; x_wconf 89' lang='lat' dir='ltr'><strong>physicasque</strong></span> <span class='ocrx_word' id='word_1_105' title='bbox 871 1490 1369 1561; x_wconf 87' lang='lat' dir='ltr'><strong>interpretationes,</strong></span> <span class='ocrx_word' id='word_1_106' title='bbox 1414 1493 1574 1548; x_wconf 88' lang='lat' dir='ltr'><strong>iidem</strong></span> <span class='ocrx_word' id='word_1_107' title='bbox 1622 1494 1820 1549; x_wconf 90' lang='lat' dir='ltr'><strong>ethnici</strong></span> <span class='ocrx_word' id='word_1_108' title='bbox 1866 1495 2065 1564; x_wconf 89' lang='lat' dir='ltr'><strong>patrios</strong></span> 
     </span>
    </p>
   </div>
   <div class='ocr_carea' id='block_1_17' title="bbox 470 1581 2066 1655">
    <p class='ocr_par' dir='ltr' id='par_1_17' title="bbox 470 1581 2066 1655">
     <span class='ocr_line' id='line_1_17' title="bbox 470 1581 2066 1655; baseline 0.005 -20"><span class='ocrx_word' id='word_1_109' title='bbox 470 1581 820 1637; x_wconf 89' lang='lat' dir='ltr'><strong>colendorum</strong></span> <span class='ocrx_word' id='word_1_110' title='bbox 842 1583 1067 1640; x_wconf 90' lang='lat' dir='ltr'><strong>deorum</strong></span> <span class='ocrx_word' id='word_1_111' title='bbox 1093 1586 1227 1641; x_wconf 89' lang='lat' dir='ltr'><strong>ritus</strong></span> <span class='ocrx_word' id='word_1_112' title='bbox 1254 1602 1363 1641; x_wconf 92' lang='lat' dir='ltr'><strong>non</strong></span> <span class='ocrx_word' id='word_1_113' title='bbox 1389 1596 1685 1643; x_wconf 84' lang='lat' dir='ltr'><strong>mutavere.</strong></span> <span class='ocrx_word' id='word_1_114' title='bbox 1732 1587 1869 1655; x_wconf 86' lang='lat' dir='ltr'><strong>Quin</strong></span> <span class='ocrx_word' id='word_1_115' title='bbox 1903 1588 2066 1643; x_wconf 89' lang='lat' dir='ltr'><strong>immo</strong></span> 
     </span>
    </p>
   </div>
   <div class='ocr_carea' id='block_1_18' title="bbox 472 1674 2063 1753">
    <p class='ocr_par' dir='ltr' id='par_1_18' title="bbox 472 1674 2063 1753">
     <span class='ocr_line' id='line_1_18' title="bbox 472 1674 2063 1753; baseline 0.006 -25"><span class='ocrx_word' id='word_1_116' title='bbox 472 1674 728 1744; x_wconf 88' lang='lat' dir='ltr'><strong>pecudes,</strong></span> <span class='ocrx_word' id='word_1_117' title='bbox 765 1677 1009 1733; x_wconf 90' lang='lat' dir='ltr'><strong>homines</strong></span> <span class='ocrx_word' id='word_1_118' title='bbox 1028 1721 1043 1745; x_wconf 93' lang='lat'><strong>,</strong></span> <span class='ocrx_word' id='word_1_119' title='bbox 1073 1681 1324 1750; x_wconf 87' lang='lat' dir='ltr'><strong>ipsasque</strong></span> <span class='ocrx_word' id='word_1_120' title='bbox 1355 1680 1569 1736; x_wconf 83' lang='lat' dir='ltr'><strong>humani</strong></span> <span class='ocrx_word' id='word_1_121' title='bbox 1593 1683 1834 1753; x_wconf 88' lang='lat' dir='ltr'><strong>corporis</strong></span> <span class='ocrx_word' id='word_1_122' title='bbox 1862 1692 2063 1753; x_wconf 89' lang='lat' dir='ltr'><strong>partes,</strong></span> 
     </span>
    </p>
   </div>
   <div class='ocr_carea' id='block_1_19' title="bbox 2153 467 3754 541">
    <p class='ocr_par' dir='ltr' id='par_1_19' title="bbox 2153 467 3754 541">
     <span class='ocr_line' id='line_1_19' title="bbox 2153 467 3754 541; baseline 0.002 -21"><span class='ocrx_word' id='word_1_123' title='bbox 2153 475 2209 520; x_wconf 86' lang='lat' dir='ltr'><strong>et</strong></span> <span class='ocrx_word' id='word_1_124' title='bbox 2232 468 2515 522; x_wconf 81' lang='lat' dir='ltr'><strong>exitiosum</strong></span> <span class='ocrx_word' id='word_1_125' title='bbox 2565 478 2667 522; x_wconf 88' lang='lat' dir='ltr'><strong>est.</strong></span> <span class='ocrx_word' id='word_1_126' title='bbox 2706 487 2725 521; x_wconf 72' lang='grc' dir='ltr'><strong><em>ι</em></strong></span> <span class='ocrx_word' id='word_1_127' title='bbox 2767 467 2948 541; x_wconf 84' lang='lat' dir='ltr'><strong>(Greg.</strong></span> <span class='ocrx_word' id='word_1_128' title='bbox 3006 467 3144 523; x_wconf 79' lang='lat' dir='ltr'><strong>Naz.</strong></span> <span class='ocrx_word' id='word_1_129' title='bbox 3174 510 3191 536; x_wconf 94' lang='lat'><strong>,</strong></span> <span class='ocrx_word' id='word_1_130' title='bbox 3235 479 3368 525; x_wconf 80' lang='lat' dir='ltr'><strong>orat.</strong></span> <span class='ocrx_word' id='word_1_131' title='bbox 3398 469 3488 535; x_wconf 76' lang='lat'><strong>59,</strong></span> <span class='ocrx_word' id='word_1_132' title='bbox 3520 472 3656 524; x_wconf 72' lang='lat' dir='ltr'><strong>seut</strong></span> <span class='ocrx_word' id='word_1_133' title='bbox 3695 470 3754 524; x_wconf 81' lang='lat' dir='ltr'><strong>in</strong></span> 
     </span>
    </p>
   </div>
   <div class='ocr_carea' id='block_1_20' title="bbox 2152 558 3754 632">
    <p class='ocr_par' dir='ltr' id='par_1_20' title="bbox 2152 558 3754 632">
     <span class='ocr_line' id='line_1_20' title="bbox 2152 558 3754 632; baseline 0.003 -20"><span class='ocrx_word' id='word_1_134' title='bbox 2152 558 2373 627; x_wconf 80' lang='lat' dir='ltr'><strong>Julian.,</strong></span> <span class='ocrx_word' id='word_1_135' title='bbox 2408 577 2526 632; x_wconf 85' lang='lat' dir='ltr'><strong><em>pag.</em></strong></span> <span class='ocrx_word' id='word_1_136' title='bbox 2554 560 2707 629; x_wconf 73' lang='lat'><strong>250.)</strong></span> <span class='ocrx_word' id='word_1_137' title='bbox 2752 562 2908 617; x_wconf 90' lang='lat' dir='ltr'><strong>Prius</strong></span> <span class='ocrx_word' id='word_1_138' title='bbox 2955 578 3084 617; x_wconf 91' lang='lat' dir='ltr'><strong>vero</strong></span> <span class='ocrx_word' id='word_1_139' title='bbox 3124 560 3381 632; x_wconf 79' lang='lat' dir='ltr'><strong>Origenes</strong></span> <span class='ocrx_word' id='word_1_140' title='bbox 3423 562 3515 617; x_wconf 91' lang='lat' dir='ltr'><strong>ubi</strong></span> <span class='ocrx_word' id='word_1_141' title='bbox 3559 569 3754 617; x_wconf 83' lang='lat' dir='ltr'><strong>contra</strong></span> 
     </span>
    </p>
   </div>
   <div class='ocr_carea' id='block_1_21' title="bbox 2156 651 3753 724">
    <p class='ocr_par' dir='ltr' id='par_1_21' title="bbox 2156 651 3753 724">
     <span class='ocr_line' id='line_1_21' title="bbox 2156 651 3753 724; baseline 0.003 -17"><span class='ocrx_word' id='word_1_142' title='bbox 2156 651 2366 707; x_wconf 88' lang='lat' dir='ltr'><strong>Celsum</strong></span> <span class='ocrx_word' id='word_1_143' title='bbox 2392 653 2649 724; x_wconf 82' lang='lat' dir='ltr'><strong>disputat,</strong></span> <span class='ocrx_word' id='word_1_144' title='bbox 2674 655 2807 709; x_wconf 87' lang='lat' dir='ltr'><strong>scite</strong></span> <span class='ocrx_word' id='word_1_145' title='bbox 2827 654 3044 724; x_wconf 84' lang='lat' dir='ltr'><strong>quidem</strong></span> <span class='ocrx_word' id='word_1_146' title='bbox 3072 655 3308 710; x_wconf 87' lang='lat' dir='ltr'><strong>ostendit</strong></span> <span class='ocrx_word' id='word_1_147' title='bbox 3333 655 3753 711; x_wconf 85' lang='lat' dir='ltr'><strong>christianorum</strong></span> 
     </span>
    </p>
   </div>
   <div class='ocr_carea' id='block_1_22' title="bbox 2155 747 3753 820">
    <p class='ocr_par' dir='ltr' id='par_1_22' title="bbox 2155 747 3753 820">
     <span class='ocr_line' id='line_1_22' title="bbox 2155 747 3753 820; baseline 0.003 -18"><span class='ocrx_word' id='word_1_148' title='bbox 2155 747 2542 817; x_wconf 84' lang='lat' dir='ltr'><strong>gentiliumque</strong></span> <span class='ocrx_word' id='word_1_149' title='bbox 2579 749 2863 817; x_wconf 82' lang='lat' dir='ltr'><strong>allegorias</strong></span> <span class='ocrx_word' id='word_1_150' title='bbox 2892 765 2958 804; x_wconf 90' lang='lat' dir='ltr'><strong>eo</strong></span> <span class='ocrx_word' id='word_1_151' title='bbox 2984 749 3123 804; x_wconf 92' lang='lat' dir='ltr'><strong>inter</strong></span> <span class='ocrx_word' id='word_1_152' title='bbox 3142 763 3201 805; x_wconf 89' lang='lat' dir='ltr'><strong>se</strong></span> <span class='ocrx_word' id='word_1_153' title='bbox 3228 749 3460 816; x_wconf 75' lang='lat' dir='ltr'><strong>diﬁ‘erre,</strong></span> <span class='ocrx_word' id='word_1_154' title='bbox 3495 751 3635 820; x_wconf 90' lang='lat' dir='ltr'><strong>quod</strong></span> <span class='ocrx_word' id='word_1_155' title='bbox 3663 750 3753 805; x_wconf 60' lang='lat' dir='ltr'><strong>hin</strong></span> 
     </span>
    </p>
   </div>
   <div class='ocr_carea' id='block_1_23' title="bbox 2158 840 3753 914">
    <p class='ocr_par' dir='ltr' id='par_1_23' title="bbox 2158 840 3753 914">
     <span class='ocr_line' id='line_1_23' title="bbox 2158 840 3753 914; baseline 0.004 -20"><span class='ocrx_word' id='word_1_156' title='bbox 2158 841 2251 895; x_wconf 88' lang='lat' dir='ltr'><strong>Dei</strong></span> <span class='ocrx_word' id='word_1_157' title='bbox 2278 840 2549 897; x_wconf 72' lang='lat' dir='ltr'><strong>offendant</strong></span> <span class='ocrx_word' id='word_1_158' title='bbox 2600 844 2934 912; x_wconf 88' lang='lat' dir='ltr'><strong>majestatem</strong></span> <span class='ocrx_word' id='word_1_159' title='bbox 2982 844 3281 914; x_wconf 85' lang='lat' dir='ltr'><strong>(0rigen.,</strong></span> <span class='ocrx_word' id='word_1_160' title='bbox 3329 844 3417 899; x_wconf 79' lang='lat' dir='ltr'><strong>lib.</strong></span> <span class='ocrx_word' id='word_1_161' title='bbox 3470 860 3526 900; x_wconf 86' lang='lat' dir='ltr'><strong>tv</strong></span> <span class='ocrx_word' id='word_1_162' title='bbox 3581 855 3753 900; x_wconf 81' lang='lat' dir='ltr'><strong>contr.</strong></span> 
     </span>
    </p>
   </div>
   <div class='ocr_carea' id='block_1_24' title="bbox 2157 930 3757 1007">
    <p class='ocr_par' dir='ltr' id='par_1_24' title="bbox 2157 930 3757 1007">
     <span class='ocr_line' id='line_1_24' title="bbox 2157 930 3757 1007; baseline 0.004 -22"><span class='ocrx_word' id='word_1_163' title='bbox 2157 930 2315 999; x_wconf 52' lang='lat' dir='ltr'><strong>Cela,</strong></span> <span class='ocrx_word' id='word_1_164' title='bbox 2350 951 2467 1003; x_wconf 84' lang='lat' dir='ltr'><strong>pag.</strong></span> <span class='ocrx_word' id='word_1_165' title='bbox 2496 934 2620 1007; x_wconf 81' lang='grc'><strong>196)</strong></span> <span class='ocrx_word' id='word_1_166' title='bbox 2652 954 2665 990; x_wconf 92' lang='lat'><strong>:</strong></span> <span class='ocrx_word' id='word_1_167' title='bbox 2717 936 2823 990; x_wconf 66' lang='lat' dir='ltr'><strong>illa:</strong></span> <span class='ocrx_word' id='word_1_168' title='bbox 2870 952 2999 992; x_wconf 91' lang='lat' dir='ltr'><strong>vero</strong></span> <span class='ocrx_word' id='word_1_169' title='bbox 3045 939 3295 993; x_wconf 88' lang='lat' dir='ltr'><strong>omnibus</strong></span> <span class='ocrx_word' id='word_1_170' title='bbox 3331 939 3446 993; x_wconf 88' lang='lat' dir='ltr'><strong>sive</strong></span> <span class='ocrx_word' id='word_1_171' title='bbox 3484 938 3757 1005; x_wconf 82' lang='lat' dir='ltr'><strong>indoctis,</strong></span> 
     </span>
    </p>
   </div>
   <div class='ocr_carea' id='block_1_25' title="bbox 2158 1026 3761 1103">
    <p class='ocr_par' dir='ltr' id='par_1_25' title="bbox 2158 1026 3761 1103">
     <span class='ocr_line' id='line_1_25' title="bbox 2158 1026 3761 1103; baseline 0.004 -23"><span class='ocrx_word' id='word_1_172' title='bbox 2158 1028 2270 1081; x_wconf 85' lang='lat' dir='ltr'><strong>sive</strong></span> <span class='ocrx_word' id='word_1_173' title='bbox 2296 1026 2487 1094; x_wconf 88' lang='lat' dir='ltr'><strong>doctis,</strong></span> <span class='ocrx_word' id='word_1_174' title='bbox 2540 1044 2603 1084; x_wconf 89' lang='lat' dir='ltr'><strong>ac</strong></span> <span class='ocrx_word' id='word_1_175' title='bbox 2631 1030 3075 1102; x_wconf 74' lang='lat' dir='ltr'><strong>quibusCumque,</strong></span> <span class='ocrx_word' id='word_1_176' title='bbox 3114 1034 3205 1103; x_wconf 92' lang='lat' dir='ltr'><strong>qui</strong></span> <span class='ocrx_word' id='word_1_177' title='bbox 3233 1033 3455 1103; x_wconf 90' lang='lat' dir='ltr'><strong>cupiunt</strong></span> <span class='ocrx_word' id='word_1_178' title='bbox 3476 1047 3633 1087; x_wconf 87' lang='lat' dir='ltr'><strong>veros</strong></span> <span class='ocrx_word' id='word_1_179' title='bbox 3664 1047 3761 1087; x_wconf 79' lang='lat' dir='ltr'><strong>sa-</strong></span> 
     </span>
    </p>
   </div>
   <div class='ocr_carea' id='block_1_26' title="bbox 2158 1119 3761 1196">
    <p class='ocr_par' dir='ltr' id='par_1_26' title="bbox 2158 1119 3761 1196">
     <span class='ocr_line' id='line_1_26' title="bbox 2158 1119 3761 1196; baseline 0.002 -20"><span class='ocrx_word' id='word_1_180' title='bbox 2158 1136 2266 1176; x_wconf 62' lang='lat' dir='ltr'><strong>cra:</strong></span> <span class='ocrx_word' id='word_1_181' title='bbox 2315 1119 2608 1190; x_wconf 70' lang='lat' dir='ltr'><strong>Scriptura:</strong></span> <span class='ocrx_word' id='word_1_182' title='bbox 2646 1135 2836 1176; x_wconf 85' lang='lat' dir='ltr'><strong>sensus</strong></span> <span class='ocrx_word' id='word_1_183' title='bbox 2878 1125 3138 1190; x_wconf 90' lang='lat' dir='ltr'><strong>scrutari,</strong></span> <span class='ocrx_word' id='word_1_184' title='bbox 3170 1125 3370 1196; x_wconf 90' lang='lat' dir='ltr'><strong>optime</strong></span> <span class='ocrx_word' id='word_1_185' title='bbox 3396 1125 3761 1191; x_wconf 83' lang='lat' dir='ltr'><strong>conveniant,</strong></span> 
     </span>
    </p>
   </div>
   <div class='ocr_carea' id='block_1_27' title="bbox 2162 1216 3766 1288">
    <p class='ocr_par' dir='ltr' id='par_1_27' title="bbox 2162 1216 3766 1288">
     <span class='ocr_line' id='line_1_27' title="bbox 2162 1216 3766 1288; baseline 0.004 -22"><span class='ocrx_word' id='word_1_186' title='bbox 2162 1222 2319 1284; x_wconf 88' lang='lat' dir='ltr'><strong>atque</strong></span> <span class='ocrx_word' id='word_1_187' title='bbox 2344 1224 2400 1268; x_wconf 87' lang='lat' dir='ltr'><strong>ut</strong></span> <span class='ocrx_word' id='word_1_188' title='bbox 2418 1229 2483 1268; x_wconf 80' lang='lat' dir='ltr'><strong>ex</strong></span> <span class='ocrx_word' id='word_1_189' title='bbox 2504 1216 2802 1284; x_wconf 80' lang='lat' dir='ltr'><strong>Augustino</strong></span> <span class='ocrx_word' id='word_1_190' title='bbox 2827 1217 3149 1283; x_wconf 88' lang='lat' dir='ltr'><strong>audivimus,</strong></span> <span class='ocrx_word' id='word_1_191' title='bbox 3170 1233 3276 1272; x_wconf 90' lang='lat' dir='ltr'><strong>non</strong></span> <span class='ocrx_word' id='word_1_192' title='bbox 3307 1216 3600 1287; x_wconf 89' lang='lat' dir='ltr'><strong>impediant</strong></span> <span class='ocrx_word' id='word_1_193' title='bbox 3622 1231 3766 1288; x_wconf 78' lang='lat' dir='ltr'><strong>quo-</strong></span> 
     </span>
    </p>
   </div>
   <div class='ocr_carea' id='block_1_28' title="bbox 2163 1307 3766 1383">
    <p class='ocr_par' dir='ltr' id='par_1_28' title="bbox 2163 1307 3766 1383">
     <span class='ocr_line' id='line_1_28' title="bbox 2163 1307 3766 1383; baseline 0.004 -23"><span class='ocrx_word' id='word_1_194' title='bbox 2163 1309 2339 1361; x_wconf 83' lang='lat' dir='ltr'><strong>minus</strong></span> <span class='ocrx_word' id='word_1_195' title='bbox 2367 1321 2527 1362; x_wconf 89' lang='lat' dir='ltr'><strong>verus</strong></span> <span class='ocrx_word' id='word_1_196' title='bbox 2557 1307 2700 1364; x_wconf 90' lang='lat' dir='ltr'><strong>Deus</strong></span> <span class='ocrx_word' id='word_1_197' title='bbox 2719 1350 2734 1375; x_wconf 92' lang='lat'><strong>,</strong></span> <span class='ocrx_word' id='word_1_198' title='bbox 2765 1324 2829 1364; x_wconf 91' lang='lat' dir='ltr'><strong>eo</strong></span> <span class='ocrx_word' id='word_1_199' title='bbox 2851 1350 2864 1373; x_wconf 91' lang='lat'><strong>,</strong></span> <span class='ocrx_word' id='word_1_200' title='bbox 2917 1324 3077 1380; x_wconf 88' lang='lat' dir='ltr'><strong>quem</strong></span> <span class='ocrx_word' id='word_1_201' title='bbox 3121 1310 3309 1378; x_wconf 83' lang='lat' dir='ltr'><strong>decet,</strong></span> <span class='ocrx_word' id='word_1_202' title='bbox 3358 1311 3467 1366; x_wconf 88' lang='lat' dir='ltr'><strong>ritu</strong></span> <span class='ocrx_word' id='word_1_203' title='bbox 3491 1311 3766 1383; x_wconf 83' lang='lat' dir='ltr'><strong>modoque</strong></span> 
     </span>
    </p>
   </div>
   <div class='ocr_carea' id='block_1_29' title="bbox 2163 1399 2392 1454">
    <p class='ocr_par' dir='ltr' id='par_1_29' title="bbox 2163 1399 2392 1454">
     <span class='ocr_line' id='line_1_29' title="bbox 2163 1399 2392 1454; baseline 0 -1"><span class='ocrx_word' id='word_1_204' title='bbox 2163 1399 2392 1454; x_wconf 85' lang='lat' dir='ltr'><strong>colatur.</strong></span> 
     </span>
    </p>
   </div>
   <div class='ocr_carea' id='block_1_30' title="bbox 2765 1492 3148 1550">
    <p class='ocr_par' dir='ltr' id='par_1_30' title="bbox 2765 1492 3148 1550">
     <span class='ocr_line' id='line_1_30' title="bbox 2765 1492 3148 1550; baseline 0.005 -2"><span class='ocrx_word' id='word_1_205' title='bbox 2765 1492 2993 1550; x_wconf 81' lang='lat' dir='ltr'><strong>CAPUT</strong></span> <span class='ocrx_word' id='word_1_206' title='bbox 3031 1492 3148 1550; x_wconf 77' lang='lat' dir='ltr'><strong>XX.</strong></span> 
     </span>
    </p>
   </div>
   <div class='ocr_carea' id='block_1_31' title="bbox 2171 1583 3771 1658">
    <p class='ocr_par' dir='ltr' id='par_1_31' title="bbox 2171 1583 3771 1658">
     <span class='ocr_line' id='line_1_31' title="bbox 2171 1583 3771 1658; baseline 0.006 -22"><span class='ocrx_word' id='word_1_207' title='bbox 2171 1583 2337 1652; x_wconf 84' lang='lat' dir='ltr'><strong>Quam</strong></span> <span class='ocrx_word' id='word_1_208' title='bbox 2378 1590 2570 1655; x_wconf 80' lang='lat' dir='ltr'><strong>[rustra</strong></span> <span class='ocrx_word' id='word_1_209' title='bbox 2596 1585 2781 1641; x_wconf 78' lang='lat' dir='ltr'><strong>ethnici</strong></span> <span class='ocrx_word' id='word_1_210' title='bbox 2812 1602 2876 1642; x_wconf 67' lang='lat' dir='ltr'><strong>ex</strong></span> <span class='ocrx_word' id='word_1_211' title='bbox 2901 1587 3203 1658; x_wconf 73' lang='lat' dir='ltr'><strong>quibusdam</strong></span> <span class='ocrx_word' id='word_1_212' title='bbox 3256 1589 3550 1657; x_wconf 72' lang='lat' dir='ltr'><strong>miraculis,</strong></span> <span class='ocrx_word' id='word_1_213' title='bbox 3584 1598 3673 1643; x_wconf 85' lang='lat' dir='ltr'><strong>aut</strong></span> <span class='ocrx_word' id='word_1_214' title='bbox 3704 1591 3771 1646; x_wconf 84' lang='lat' dir='ltr'><strong>de</strong></span> 
     </span>
    </p>
   </div>
   <div class='ocr_carea' id='block_1_32' title="bbox 2238 1680 3771 1755">
    <p class='ocr_par' dir='ltr' id='par_1_32' title="bbox 2238 1680 3771 1755">
     <span class='ocr_line' id='line_1_32' title="bbox 2238 1680 3771 1755; baseline 0.006 -24"><span class='ocrx_word' id='word_1_215' title='bbox 2238 1695 2293 1733; x_wconf 84' lang='lat' dir='ltr'><strong>re</strong></span> <span class='ocrx_word' id='word_1_216' title='bbox 2317 1680 2489 1749; x_wconf 84' lang='lat' dir='ltr'><strong>aliqua</strong></span> <span class='ocrx_word' id='word_1_217' title='bbox 2516 1684 2692 1748; x_wconf 81' lang='lat' dir='ltr'><strong>futura</strong></span> <span class='ocrx_word' id='word_1_218' title='bbox 2720 1684 2978 1753; x_wconf 70' lang='lat' dir='ltr'><strong>responsis</strong></span> <span class='ocrx_word' id='word_1_219' title='bbox 3000 1726 3015 1751; x_wconf 93' lang='lat'><strong>,</strong></span> <span class='ocrx_word' id='word_1_220' title='bbox 3058 1685 3274 1755; x_wconf 77' lang='lat' dir='ltr'><strong>probare</strong></span> <span class='ocrx_word' id='word_1_221' title='bbox 3297 1686 3616 1739; x_wconf 85' lang='lat' dir='ltr'><strong>conabantur</strong></span> <span class='ocrx_word' id='word_1_222' title='bbox 3645 1686 3771 1741; x_wconf 75' lang='lat' dir='ltr'><strong>deos</strong></span> 
     </span>
    </p>
   </div>
   <div class='ocr_carea' id='block_1_33' title="bbox 473 1763 2827 1847">
    <p class='ocr_par' dir='ltr' id='par_1_33' title="bbox 473 1763 2827 1847">
     <span class='ocr_line' id='line_1_33' title="bbox 473 1763 2827 1847; baseline 0.004 -26"><span class='ocrx_word' id='word_1_223' title='bbox 473 1781 607 1836; x_wconf 88' lang='lat' dir='ltr'><strong>quas</strong></span> <span class='ocrx_word' id='word_1_224' title='bbox 628 1768 907 1825; x_wconf 86' lang='lat' dir='ltr'><strong>nominare</strong></span> <span class='ocrx_word' id='word_1_225' title='bbox 933 1771 1115 1841; x_wconf 90' lang='lat' dir='ltr'><strong>pudet,</strong></span> <span class='ocrx_word' id='word_1_226' title='bbox 1142 1772 1330 1828; x_wconf 90' lang='lat' dir='ltr'><strong>iisdem</strong></span> <span class='ocrx_word' id='word_1_227' title='bbox 1358 1773 1548 1829; x_wconf 73' lang='lat' dir='ltr'><strong>divinis</strong></span> <span class='ocrx_word' id='word_1_228' title='bbox 1577 1775 1891 1839; x_wconf 88' lang='lat' dir='ltr'><strong>honoribus,</strong></span> <span class='ocrx_word' id='word_1_229' title='bbox 1915 1780 2067 1847; x_wconf 85' lang='lat' dir='ltr'><strong>hym-</strong></span> <span class='ocrx_word' id='word_1_230' title='bbox 2095 1763 2143 1827; x_wconf 78' lang='grc' dir='ltr'><strong>Β</strong></span> <span class='ocrx_word' id='word_1_231' title='bbox 2192 1772 2198 1781; x_wconf 81' lang='grc'><strong>’</strong></span> <span class='ocrx_word' id='word_1_232' title='bbox 2240 1790 2361 1829; x_wconf 79' lang='lat' dir='ltr'><strong>suos</strong></span> <span class='ocrx_word' id='word_1_233' title='bbox 2388 1790 2563 1830; x_wconf 83' lang='lat' dir='ltr'><strong>revera</strong></span> <span class='ocrx_word' id='word_1_234' title='bbox 2592 1776 2827 1831; x_wconf 68' lang='lat' dir='ltr'><strong>existere.</strong></span> 
     </span>
    </p>
   </div>
   <div class='ocr_carea' id='block_1_34' title="bbox 475 1860 2067 1939">
    <p class='ocr_par' dir='ltr' id='par_1_34' title="bbox 475 1860 2067 1939">
     <span class='ocr_line' id='line_1_34' title="bbox 475 1860 2067 1939; baseline 0.007 -26"><span class='ocrx_word' id='word_1_235' title='bbox 475 1860 590 1927; x_wconf 91' lang='lat' dir='ltr'><strong>nis,</strong></span> <span class='ocrx_word' id='word_1_236' title='bbox 633 1862 910 1918; x_wconf 90' lang='lat' dir='ltr'><strong>sacriﬁciis</strong></span> <span class='ocrx_word' id='word_1_237' title='bbox 928 1905 944 1929; x_wconf 95' lang='lat'><strong>,</strong></span> <span class='ocrx_word' id='word_1_238' title='bbox 967 1864 1194 1936; x_wconf 89' lang='lat' dir='ltr'><strong>aliisque</strong></span> <span class='ocrx_word' id='word_1_239' title='bbox 1219 1866 1481 1937; x_wconf 76' lang='lat' dir='ltr'><strong>religiosis</strong></span> <span class='ocrx_word' id='word_1_240' title='bbox 1513 1868 1702 1923; x_wconf 87' lang='lat' dir='ltr'><strong>ritibus</strong></span> <span class='ocrx_word' id='word_1_241' title='bbox 1727 1881 1851 1926; x_wconf 90' lang='lat' dir='ltr'><strong>sunt</strong></span> <span class='ocrx_word' id='word_1_242' title='bbox 1880 1884 2067 1939; x_wconf 88' lang='lat' dir='ltr'><strong>prose-</strong></span> 
     </span>
    </p>
   </div>
   <div class='ocr_carea' id='block_1_35' title="bbox 475 1950 2068 2032">
    <p class='ocr_par' dir='ltr' id='par_1_35' title="bbox 475 1950 2068 2032">
     <span class='ocr_line' id='line_1_35' title="bbox 475 1950 2068 2032; baseline 0.007 -28"><span class='ocrx_word' id='word_1_243' title='bbox 475 1950 605 2005; x_wconf 91' lang='lat' dir='ltr'><strong>cuti.</strong></span> <span class='ocrx_word' id='word_1_244' title='bbox 664 1952 711 2008; x_wconf 86' lang='lat' dir='ltr'><strong>A</strong></span> <span class='ocrx_word' id='word_1_245' title='bbox 747 1952 890 2009; x_wconf 85' lang='lat' dir='ltr'><strong>Julio</strong></span> <span class='ocrx_word' id='word_1_246' title='bbox 931 1965 1109 2011; x_wconf 89' lang='lat' dir='ltr'><strong>autem</strong></span> <span class='ocrx_word' id='word_1_247' title='bbox 1157 1957 1390 2013; x_wconf 86' lang='lat' dir='ltr'><strong>Firmico</strong></span> <span class='ocrx_word' id='word_1_248' title='bbox 1436 1958 1623 2014; x_wconf 88' lang='lat' dir='ltr'><strong>eadem</strong></span> <span class='ocrx_word' id='word_1_249' title='bbox 1683 1960 2068 2032; x_wconf 82' lang='lat' dir='ltr'><strong>propemodum</strong></span> 
     </span>
    </p>
   </div>
   <div class='ocr_carea' id='block_1_36' title="bbox 475 2042 2067 2124">
    <p class='ocr_par' dir='ltr' id='par_1_36' title="bbox 475 2042 2067 2124">
     <span class='ocr_line' id='line_1_36' title="bbox 475 2042 2067 2124; baseline 0.006 -28"><span class='ocrx_word' id='word_1_250' title='bbox 475 2042 741 2099; x_wconf 88' lang='lat' dir='ltr'><strong>rationum</strong></span> <span class='ocrx_word' id='word_1_251' title='bbox 772 2057 1041 2102; x_wconf 90' lang='lat' dir='ltr'><strong>momenta</strong></span> <span class='ocrx_word' id='word_1_252' title='bbox 1071 2059 1256 2103; x_wconf 90' lang='lat' dir='ltr'><strong>contra</strong></span> <span class='ocrx_word' id='word_1_253' title='bbox 1284 2050 1531 2108; x_wconf 85' lang='lat' dir='ltr'><strong>ethnicos</strong></span> <span class='ocrx_word' id='word_1_254' title='bbox 1582 2051 1904 2108; x_wconf 84' lang='lat' dir='ltr'><strong>adhibentur</strong></span> <span class='ocrx_word' id='word_1_255' title='bbox 1933 2053 2067 2124; x_wconf 84' lang='lat' dir='ltr'><strong>(Jul.</strong></span> 
     </span>
    </p>
   </div>
   <div class='ocr_carea' id='block_1_37' title="bbox 476 2132 1583 2217">
    <p class='ocr_par' dir='ltr' id='par_1_37' title="bbox 476 2132 1583 2217">
     <span class='ocr_line' id='line_1_37' title="bbox 476 2132 1583 2217; baseline 0.007 -28"><span class='ocrx_word' id='word_1_256' title='bbox 476 2132 669 2204; x_wconf 84' lang='lat' dir='ltr'><strong>Firm.,</strong></span> <span class='ocrx_word' id='word_1_257' title='bbox 697 2139 760 2193; x_wconf 83' lang='lat' dir='ltr'><strong>de</strong></span> <span class='ocrx_word' id='word_1_258' title='bbox 790 2139 966 2194; x_wconf 84' lang='lat' dir='ltr'><strong>Error.</strong></span> <span class='ocrx_word' id='word_1_259' title='bbox 999 2143 1134 2212; x_wconf 81' lang='lat' dir='ltr'><strong>prof.</strong></span> <span class='ocrx_word' id='word_1_260' title='bbox 1162 2143 1334 2214; x_wconf 83' lang='lat' dir='ltr'><strong>relig.,</strong></span> <span class='ocrx_word' id='word_1_261' title='bbox 1364 2162 1480 2215; x_wconf 90' lang='lat' dir='ltr'><strong>pag.</strong></span> <span class='ocrx_word' id='word_1_262' title='bbox 1506 2143 1583 2217; x_wconf 75' lang='grc'><strong>4).</strong></span> 
     </span>
    </p>
   </div>
   <div class='ocr_carea' id='block_1_38' title="bbox 548 2231 2065 2309">
    <p class='ocr_par' dir='ltr' id='par_1_38' title="bbox 548 2231 2065 2309">
     <span class='ocr_line' id='line_1_38' title="bbox 548 2231 2065 2309; baseline 0.005 -24"><span class='ocrx_word' id='word_1_263' title='bbox 548 2231 905 2299; x_wconf 86' lang='lat' dir='ltr'><strong>Quamobrem</strong></span> <span class='ocrx_word' id='word_1_264' title='bbox 958 2236 1286 2306; x_wconf 82' lang='lat' dir='ltr'><strong>Augustinus</strong></span> <span class='ocrx_word' id='word_1_265' title='bbox 1315 2243 1448 2293; x_wconf 86' lang='lat' dir='ltr'><strong>scite</strong></span> <span class='ocrx_word' id='word_1_266' title='bbox 1496 2239 1654 2294; x_wconf 90' lang='lat' dir='ltr'><strong>docet</strong></span> <span class='ocrx_word' id='word_1_267' title='bbox 1683 2256 1804 2294; x_wconf 88' lang='lat' dir='ltr'><strong>cum</strong></span> <span class='ocrx_word' id='word_1_268' title='bbox 1834 2240 1923 2309; x_wconf 85' lang='lat' dir='ltr'><strong>qui</strong></span> <span class='ocrx_word' id='word_1_269' title='bbox 1954 2253 2065 2293; x_wconf 80' lang='lat' dir='ltr'><strong>sce-</strong></span> 
     </span>
    </p>
   </div>
   <div class='ocr_carea' id='block_1_39' title="bbox 479 2323 2070 2399">
    <p class='ocr_par' dir='ltr' id='par_1_39' title="bbox 479 2323 2070 2399">
     <span class='ocr_line' id='line_1_39' title="bbox 479 2323 2070 2399; baseline 0.005 -21"><span class='ocrx_word' id='word_1_270' title='bbox 479 2323 627 2379; x_wconf 88' lang='lat' dir='ltr'><strong>lestis</strong></span> <span class='ocrx_word' id='word_1_271' title='bbox 654 2326 1004 2399; x_wconf 88' lang='lat' dir='ltr'><strong>turpibusque</strong></span> <span class='ocrx_word' id='word_1_272' title='bbox 1030 2330 1212 2397; x_wconf 88' lang='lat' dir='ltr'><strong>rebus,</strong></span> <span class='ocrx_word' id='word_1_273' title='bbox 1238 2347 1325 2387; x_wconf 90' lang='lat' dir='ltr'><strong>res</strong></span> <span class='ocrx_word' id='word_1_274' title='bbox 1346 2331 1479 2386; x_wconf 88' lang='lat' dir='ltr'><strong>alias</strong></span> <span class='ocrx_word' id='word_1_275' title='bbox 1506 2334 1777 2388; x_wconf 84' lang='lat' dir='ltr'><strong>naturales</strong></span> <span class='ocrx_word' id='word_1_276' title='bbox 1804 2333 1952 2399; x_wconf 90' lang='lat' dir='ltr'><strong>colit,</strong></span> <span class='ocrx_word' id='word_1_277' title='bbox 1985 2332 2070 2387; x_wconf 89' lang='lat' dir='ltr'><strong>bis</strong></span> 
     </span>
    </p>
   </div>
   <div class='ocr_carea' id='block_1_40' title="bbox 480 2420 2071 2495">
    <p class='ocr_par' dir='ltr' id='par_1_40' title="bbox 480 2420 2071 2495">
     <span class='ocr_line' id='line_1_40' title="bbox 480 2420 2071 2495; baseline 0.006 -23"><span class='ocrx_word' id='word_1_278' title='bbox 480 2432 705 2489; x_wconf 87' lang='lat' dir='ltr'><strong>peccare</strong></span> <span class='ocrx_word' id='word_1_279' title='bbox 757 2420 1072 2493; x_wconf 82' lang='lat' dir='ltr'><strong>(Augustin.</strong></span> <span class='ocrx_word' id='word_1_280' title='bbox 1106 2466 1121 2492; x_wconf 91' lang='lat'><strong>,</strong></span> <span class='ocrx_word' id='word_1_281' title='bbox 1184 2424 1273 2478; x_wconf 86' lang='lat' dir='ltr'><strong>lib.</strong></span> <span class='ocrx_word' id='word_1_282' title='bbox 1328 2442 1400 2480; x_wconf 82' lang='lat' dir='ltr'><strong>vn</strong></span> <span class='ocrx_word' id='word_1_283' title='bbox 1451 2427 1513 2481; x_wconf 90' lang='lat' dir='ltr'><strong>de</strong></span> <span class='ocrx_word' id='word_1_284' title='bbox 1555 2426 1786 2492; x_wconf 85' lang='lat' dir='ltr'><strong>Civitat.,</strong></span> <span class='ocrx_word' id='word_1_285' title='bbox 1821 2444 1934 2495; x_wconf 89' lang='lat' dir='ltr'><strong>cap.</strong></span> <span class='ocrx_word' id='word_1_286' title='bbox 1965 2427 2071 2493; x_wconf 70' lang='lat'><strong>27,</strong></span> 
     </span>
    </p>
   </div>
   <div class='ocr_carea' id='block_1_41' title="bbox 479 2511 2074 2590">
    <p class='ocr_par' dir='ltr' id='par_1_41' title="bbox 479 2511 2074 2590">
     <span class='ocr_line' id='line_1_41' title="bbox 479 2511 2074 2590; baseline 0.007 -27"><span class='ocrx_word' id='word_1_287' title='bbox 479 2527 600 2582; x_wconf 85' lang='lat' dir='ltr'><strong>pag.</strong></span> <span class='ocrx_word' id='word_1_288' title='bbox 630 2511 790 2578; x_wconf 66' lang='lat'><strong>185):</strong></span> <span class='ocrx_word' id='word_1_289' title='bbox 818 2525 925 2568; x_wconf 91' lang='lat' dir='ltr'><strong>tum</strong></span> <span class='ocrx_word' id='word_1_290' title='bbox 948 2516 1068 2586; x_wconf 89' lang='lat' dir='ltr'><strong>quia</strong></span> <span class='ocrx_word' id='word_1_291' title='bbox 1092 2533 1276 2572; x_wconf 89' lang='lat' dir='ltr'><strong>verum</strong></span> <span class='ocrx_word' id='word_1_292' title='bbox 1310 2519 1475 2573; x_wconf 89' lang='lat' dir='ltr'><strong>Deum</strong></span> <span class='ocrx_word' id='word_1_293' title='bbox 1504 2534 1609 2573; x_wconf 89' lang='lat' dir='ltr'><strong>non</strong></span> <span class='ocrx_word' id='word_1_294' title='bbox 1632 2520 1779 2586; x_wconf 90' lang='lat' dir='ltr'><strong>colit,</strong></span> <span class='ocrx_word' id='word_1_295' title='bbox 1810 2529 1919 2573; x_wconf 90' lang='lat' dir='ltr'><strong>tum</strong></span> <span class='ocrx_word' id='word_1_296' title='bbox 1949 2520 2074 2590; x_wconf 87' lang='lat' dir='ltr'><strong>quia</strong></span> 
     </span>
    </p>
   </div>
   <div class='ocr_carea' id='block_1_42' title="bbox 480 2601 2075 2681">
    <p class='ocr_par' dir='ltr' id='par_1_42' title="bbox 480 2601 2075 2681">
     <span class='ocr_line' id='line_1_42' title="bbox 480 2601 2075 2681; baseline 0.006 -25"><span class='ocrx_word' id='word_1_297' title='bbox 480 2601 632 2657; x_wconf 89' lang='lat' dir='ltr'><strong>illum</strong></span> <span class='ocrx_word' id='word_1_298' title='bbox 662 2619 727 2659; x_wconf 92' lang='lat' dir='ltr'><strong>eo</strong></span> <span class='ocrx_word' id='word_1_299' title='bbox 748 2605 909 2661; x_wconf 91' lang='lat' dir='ltr'><strong>modo</strong></span> <span class='ocrx_word' id='word_1_300' title='bbox 939 2624 1045 2662; x_wconf 87' lang='lat' dir='ltr'><strong>non</strong></span> <span class='ocrx_word' id='word_1_301' title='bbox 1071 2610 1218 2673; x_wconf 86' lang='lat' dir='ltr'><strong>colit,</strong></span> <span class='ocrx_word' id='word_1_302' title='bbox 1248 2624 1354 2681; x_wconf 93' lang='lat' dir='ltr'><strong>quo</strong></span> <span class='ocrx_word' id='word_1_303' title='bbox 1378 2610 1634 2666; x_wconf 91' lang='lat' dir='ltr'><strong>colendus</strong></span> <span class='ocrx_word' id='word_1_304' title='bbox 1660 2622 1761 2666; x_wconf 90' lang='lat' dir='ltr'><strong>est.</strong></span> <span class='ocrx_word' id='word_1_305' title='bbox 1789 2611 1928 2665; x_wconf 87' lang='lat' dir='ltr'><strong>Alibi</strong></span> <span class='ocrx_word' id='word_1_306' title='bbox 1946 2625 2075 2666; x_wconf 89' lang='lat' dir='ltr'><strong>vero</strong></span> 
     </span>
    </p>
   </div>
   <div class='ocr_carea' id='block_1_43' title="bbox 480 2694 2077 2774">
    <p class='ocr_par' dir='ltr' id='par_1_43' title="bbox 480 2694 2077 2774">
     <span class='ocr_line' id='line_1_43' title="bbox 480 2694 2077 2774; baseline 0.007 -26"><span class='ocrx_word' id='word_1_307' title='bbox 480 2694 599 2750; x_wconf 89' lang='lat' dir='ltr'><strong>illas</strong></span> <span class='ocrx_word' id='word_1_308' title='bbox 625 2696 941 2768; x_wconf 74' lang='lat' dir='ltr'><strong>allegoricus</strong></span> <span class='ocrx_word' id='word_1_309' title='bbox 966 2710 1019 2754; x_wconf 89' lang='lat' dir='ltr'><strong>et</strong></span> <span class='ocrx_word' id='word_1_310' title='bbox 1047 2701 1296 2773; x_wconf 87' lang='lat' dir='ltr'><strong>physicas</strong></span> <span class='ocrx_word' id='word_1_311' title='bbox 1330 2705 1563 2773; x_wconf 90' lang='lat' dir='ltr'><strong>turpium</strong></span> <span class='ocrx_word' id='word_1_312' title='bbox 1591 2703 1812 2759; x_wconf 87' lang='lat' dir='ltr'><strong>deorum</strong></span> <span class='ocrx_word' id='word_1_313' title='bbox 1844 2705 2077 2774; x_wconf 85' lang='lat' dir='ltr'><strong>explica-</strong></span> 
     </span>
    </p>
   </div>
   <div class='ocr_carea' id='block_1_44' title="bbox 483 2788 2074 2868">
    <p class='ocr_par' dir='ltr' id='par_1_44' title="bbox 483 2788 2074 2868">
     <span class='ocr_line' id='line_1_44' title="bbox 483 2788 2074 2868; baseline 0.005 -26"><span class='ocrx_word' id='word_1_314' title='bbox 483 2788 656 2844; x_wconf 89' lang='lat' dir='ltr'><strong>tiones</strong></span> <span class='ocrx_word' id='word_1_315' title='bbox 684 2806 715 2845; x_wconf 92' lang='lat' dir='ltr'><strong>a</strong></span> <span class='ocrx_word' id='word_1_316' title='bbox 743 2788 1074 2861; x_wconf 85' lang='lat' dir='ltr'><strong>doctioribus</strong></span> <span class='ocrx_word' id='word_1_317' title='bbox 1104 2795 1292 2850; x_wconf 84' lang='lat' dir='ltr'><strong>allatas</strong></span> <span class='ocrx_word' id='word_1_318' title='bbox 1321 2797 1559 2866; x_wconf 82' lang='lat' dir='ltr'><strong>explodit</strong></span> <span class='ocrx_word' id='word_1_319' title='bbox 1578 2839 1593 2863; x_wconf 94' lang='lat'><strong>,</strong></span> <span class='ocrx_word' id='word_1_320' title='bbox 1624 2797 1745 2868; x_wconf 89' lang='lat' dir='ltr'><strong>quia</strong></span> <span class='ocrx_word' id='word_1_321' title='bbox 1777 2813 1963 2866; x_wconf 88' lang='lat' dir='ltr'><strong>parum</strong></span> <span class='ocrx_word' id='word_1_322' title='bbox 1992 2798 2074 2851; x_wconf 90' lang='lat' dir='ltr'><strong>in-</strong></span> 
     </span>
    </p>
   </div>
   <div class='ocr_carea' id='block_1_45' title="bbox 484 2887 2075 2960">
    <p class='ocr_par' dir='ltr' id='par_1_45' title="bbox 484 2887 2075 2960">
     <span class='ocr_line' id='line_1_45' title="bbox 484 2887 2075 2960; baseline 0.005 -24"><span class='ocrx_word' id='word_1_323' title='bbox 484 2891 651 2939; x_wconf 78' lang='lat' dir='ltr'><strong>tereat</strong></span> <span class='ocrx_word' id='word_1_324' title='bbox 696 2895 872 2940; x_wconf 93' lang='lat' dir='ltr'><strong>utrum</strong></span> <span class='ocrx_word' id='word_1_325' title='bbox 909 2905 929 2937; x_wconf 72' lang='grc' dir='ltr'><strong><em>ι</em></strong></span> <span class='ocrx_word' id='word_1_326' title='bbox 961 2887 1094 2955; x_wconf 92' lang='lat' dir='ltr'><strong>hoc,</strong></span> <span class='ocrx_word' id='word_1_327' title='bbox 1129 2909 1148 2941; x_wconf 73' lang='grc' dir='ltr'><strong><em>ι</em></strong></span> <span class='ocrx_word' id='word_1_328' title='bbox 1189 2891 1393 2960; x_wconf 87' lang='lat' dir='ltr'><strong>inquit,</strong></span> <span class='ocrx_word' id='word_1_329' title='bbox 1443 2909 1463 2943; x_wconf 85' lang='grc'><em>‹</em></span> <span class='ocrx_word' id='word_1_330' title='bbox 1499 2892 1547 2944; x_wconf 91' lang='lat' dir='ltr'><strong>iu</strong></span> <span class='ocrx_word' id='word_1_331' title='bbox 1595 2891 1874 2945; x_wconf 89' lang='lat' dir='ltr'><strong>vcracibus</strong></span> <span class='ocrx_word' id='word_1_332' title='bbox 1928 2892 2075 2946; x_wconf 88' lang='lat' dir='ltr'><strong>libris</strong></span> 
     </span>
    </p>
   </div>
   <div class='ocr_carea' id='block_1_46' title="bbox 482 2977 2075 3053">
    <p class='ocr_par' dir='ltr' id='par_1_46' title="bbox 482 2977 2075 3053">
     <span class='ocr_line' id='line_1_46' title="bbox 482 2977 2075 3053; baseline 0.004 -21"><span class='ocrx_word' id='word_1_333' title='bbox 482 2977 732 3033; x_wconf 88' lang='lat' dir='ltr'><strong>homines</strong></span> <span class='ocrx_word' id='word_1_334' title='bbox 760 2979 990 3035; x_wconf 89' lang='lat' dir='ltr'><strong>instruat</strong></span> <span class='ocrx_word' id='word_1_335' title='bbox 1016 2983 1328 3053; x_wconf 84' lang='lat' dir='ltr'><strong>religiosos,</strong></span> <span class='ocrx_word' id='word_1_336' title='bbox 1376 2984 1503 3038; x_wconf 90' lang='lat' dir='ltr'><strong>illud</strong></span> <span class='ocrx_word' id='word_1_337' title='bbox 1544 2985 1595 3037; x_wconf 91' lang='lat' dir='ltr'><strong>in</strong></span> <span class='ocrx_word' id='word_1_338' title='bbox 1627 2984 1905 3039; x_wconf 78' lang='lat' dir='ltr'><strong>fallacibus</strong></span> <span class='ocrx_word' id='word_1_339' title='bbox 1938 2984 2075 3038; x_wconf 89' lang='lat' dir='ltr'><strong>ludis</strong></span> 
     </span>
    </p>
   </div>
   <div class='ocr_carea' id='block_1_47' title="bbox 480 3072 2075 3146">
    <p class='ocr_par' dir='ltr' id='par_1_47' title="bbox 480 3072 2075 3146">
     <span class='ocr_line' id='line_1_47' title="bbox 480 3072 2075 3146; baseline 0.001 -19"><span class='ocrx_word' id='word_1_340' title='bbox 480 3072 753 3129; x_wconf 83' lang='lat' dir='ltr'><strong>daemones</strong></span> <span class='ocrx_word' id='word_1_341' title='bbox 791 3073 1015 3130; x_wconf 86' lang='lat' dir='ltr'><strong>delectet</strong></span> <span class='ocrx_word' id='word_1_342' title='bbox 1060 3076 1334 3145; x_wconf 91' lang='lat' dir='ltr'><strong>impuros,</strong></span> <span class='ocrx_word' id='word_1_343' title='bbox 1366 3090 1502 3146; x_wconf 89' lang='lat' dir='ltr'><strong>quos</strong></span> <span class='ocrx_word' id='word_1_344' title='bbox 1532 3085 1707 3131; x_wconf 90' lang='lat' dir='ltr'><strong>tamen</strong></span> <span class='ocrx_word' id='word_1_345' title='bbox 1741 3076 1814 3130; x_wconf 87' lang='lat' dir='ltr'><strong>illi</strong></span> <span class='ocrx_word' id='word_1_346' title='bbox 1838 3075 2075 3145; x_wconf 82' lang='lat' dir='ltr'><strong>religiosi</strong></span> 
     </span>
    </p>
   </div>
   <div class='ocr_carea' id='block_1_48' title="bbox 2705 1884 3244 1925">
    <p class='ocr_par' dir='ltr' id='par_1_48' title="bbox 2705 1884 3244 1925">
     <span class='ocr_line' id='line_1_48' title="bbox 2705 1884 3244 1925; baseline 0.004 -2"><span class='ocrx_word' id='word_1_347' title='bbox 2705 1884 3002 1925; x_wconf 78' lang='lat' dir='ltr'><strong>ARTICULUS</strong></span> <span class='ocrx_word' id='word_1_348' title='bbox 3032 1886 3244 1925; x_wconf 69' lang='lat' dir='ltr'><strong>PRIIUS.</strong></span> 
     </span>
    </p>
   </div>
   <div class='ocr_carea' id='block_1_49' title="bbox 2171 1958 3776 2024">
    <p class='ocr_par' dir='ltr' id='par_1_49' title="bbox 2171 1958 3776 2024">
     <span class='ocr_line' id='line_1_49' title="bbox 2171 1958 3776 2024; baseline 0.001 -15"><span class='ocrx_word' id='word_1_349' title='bbox 2171 1958 2361 2019; x_wconf 86' lang='lat' dir='ltr'><strong>Quanta</strong></span> <span class='ocrx_word' id='word_1_350' title='bbox 2391 1959 3028 2024; x_wconf 68' lang='lat' dir='ltr'><strong>perSplcuitateArnobius</strong></span> <span class='ocrx_word' id='word_1_351' title='bbox 3069 1960 3227 2010; x_wconf 86' lang='lat' dir='ltr'><strong>diluat</strong></span> <span class='ocrx_word' id='word_1_352' title='bbox 3266 1961 3577 2013; x_wconf 86' lang='lat' dir='ltr'><strong>ethnicorum</strong></span> <span class='ocrx_word' id='word_1_353' title='bbox 3620 1974 3776 2024; x_wconf 82' lang='lat' dir='ltr'><strong>argu-</strong></span> 
     </span>
    </p>
   </div>
   <div class='ocr_carea' id='block_1_50' title="bbox 2232 2022 3777 2087">
    <p class='ocr_par' dir='ltr' id='par_1_50' title="bbox 2232 2022 3777 2087">
     <span class='ocr_line' id='line_1_50' title="bbox 2232 2022 3777 2087; baseline 0.002 -16"><span class='ocrx_word' id='word_1_354' title='bbox 2232 2022 2451 2087; x_wconf 84' lang='lat' dir='ltr'><strong>mentum</strong></span> <span class='ocrx_word' id='word_1_355' title='bbox 2482 2034 2543 2071; x_wconf 85' lang='lat' dir='ltr'><strong>cx</strong></span> <span class='ocrx_word' id='word_1_356' title='bbox 2573 2022 2820 2087; x_wconf 69' lang='lat' dir='ltr'><strong>miraculis</strong></span> <span class='ocrx_word' id='word_1_357' title='bbox 2855 2025 3080 2087; x_wconf 70' lang='lat' dir='ltr'><strong>petitum,</strong></span> <span class='ocrx_word' id='word_1_358' title='bbox 3105 2025 3212 2073; x_wconf 86' lang='lat' dir='ltr'><strong>sive</strong></span> <span class='ocrx_word' id='word_1_359' title='bbox 3246 2038 3357 2073; x_wconf 90' lang='lat' dir='ltr'><strong>cum</strong></span> <span class='ocrx_word' id='word_1_360' title='bbox 3398 2026 3557 2087; x_wconf 83' lang='lat' dir='ltr'><strong>pestis</strong></span> <span class='ocrx_word' id='word_1_361' title='bbox 3600 2022 3777 2074; x_wconf 74' lang='lat' dir='ltr'><strong>sedata</strong></span> 
     </span>
    </p>
   </div>
   <div class='ocr_carea' id='block_1_51' title="bbox 2236 2083 3775 2143">
    <p class='ocr_par' dir='ltr' id='par_1_51' title="bbox 2236 2083 3775 2143">
     <span class='ocr_line' id='line_1_51' title="bbox 2236 2083 3775 2143; baseline 0.001 -9"><span class='ocrx_word' id='word_1_362' title='bbox 2236 2091 2332 2143; x_wconf 83' lang='lat' dir='ltr'><strong>cst,</strong></span> <span class='ocrx_word' id='word_1_363' title='bbox 2353 2085 2456 2133; x_wconf 85' lang='lat' dir='ltr'><strong>sive</strong></span> <span class='ocrx_word' id='word_1_364' title='bbox 2478 2096 2587 2132; x_wconf 89' lang='lat' dir='ltr'><strong>cum</strong></span> <span class='ocrx_word' id='word_1_365' title='bbox 2611 2083 2730 2141; x_wconf 93' lang='lat' dir='ltr'><strong>ludi,</strong></span> <span class='ocrx_word' id='word_1_366' title='bbox 2770 2083 3003 2134; x_wconf 85' lang='lat' dir='ltr'><strong>monente</strong></span> <span class='ocrx_word' id='word_1_367' title='bbox 3034 2083 3176 2142; x_wconf 79' lang='lat' dir='ltr'><strong>Jove,</strong></span> <span class='ocrx_word' id='word_1_368' title='bbox 3222 2083 3496 2143; x_wconf 79' lang='lat' dir='ltr'><strong>instaurati,</strong></span> <span class='ocrx_word' id='word_1_369' title='bbox 3529 2086 3634 2136; x_wconf 86' lang='lat' dir='ltr'><strong>sive</strong></span> <span class='ocrx_word' id='word_1_370' title='bbox 3659 2100 3775 2136; x_wconf 86' lang='lat' dir='ltr'><strong>cum</strong></span> 
     </span>
    </p>
   </div>
   <div class='ocr_carea' id='block_1_52' title="bbox 2234 2145 3770 2261">
    <p class='ocr_par' dir='ltr' id='par_1_52' title="bbox 2234 2145 3770 2261">
     <span class='ocr_line' id='line_1_52' title="bbox 2234 2145 3770 2261; baseline 0.002 -64"><span class='ocrx_word' id='word_1_371' title='bbox 2234 2145 2495 2261; x_wconf 29' lang='lat' dir='ltr'><strong>{Escq‘la&#39;pii</strong></span> <span class='ocrx_word' id='word_1_372' title='bbox 2517 2146 2829 2197; x_wconf 88' lang='lat' dir='ltr'><strong>simulacrum</strong></span> <span class='ocrx_word' id='word_1_373' title='bbox 2846 2149 2897 2198; x_wconf 88' lang='lat' dir='ltr'><strong>in</strong></span> <span class='ocrx_word' id='word_1_374' title='bbox 2927 2148 3132 2197; x_wconf 83' lang='lat' dir='ltr'><strong>insulam</strong></span> <span class='ocrx_word' id='word_1_375' title='bbox 3157 2148 3443 2199; x_wconf 87' lang='lat' dir='ltr'><strong>Tiberinam</strong></span> <span class='ocrx_word' id='word_1_376' title='bbox 3462 2156 3770 2213; x_wconf 76' lang='lat' dir='ltr'><strong>transporta-</strong></span> 
     </span>
     <span class='ocr_line' id='line_1_53' title="bbox 2260 2223 3043 2260; baseline -0.001 -1"><span class='ocrx_word' id='word_1_377' title='bbox 2260 2224 2339 2259; x_wconf 91' lang='lat' dir='ltr'><strong>um</strong></span> <span class='ocrx_word' id='word_1_378' title='bbox 2382 2223 2433 2260; x_wconf 82' lang='lat' dir='ltr'><strong>ut</strong></span> <span class='ocrx_word' id='word_1_379' title='bbox 2460 2246 2471 2258; x_wconf 92' lang='lat'><strong><em>.</em></strong></span> <span class='ocrx_word' id='word_1_380' title='bbox 3036 2239 3043 2247; x_wconf 85' lang='lat'><strong><em>-</em></strong></span> 
     </span>
    </p>
   </div>
   <div class='ocr_carea' id='block_1_53' title="bbox 2260 2223 3043 2260">
    <p class='ocr_par' dir='ltr' id='par_1_53' title="bbox 2260 2223 3043 2260">
     <span class='ocr_line' id='line_1_54' title="bbox 2260 2223 3043 2260; baseline -0.001 -1"><span class='ocrx_word' id='word_1_381' title='bbox 2260 2224 2339 2259; x_wconf 91' lang='lat' dir='ltr'><strong>um</strong></span> <span class='ocrx_word' id='word_1_382' title='bbox 2364 2223 2471 2260; x_wconf 83' lang='grc' dir='ltr'><strong>ιυιι.</strong></span> <span class='ocrx_word' id='word_1_383' title='bbox 3036 2239 3043 2247; x_wconf 78' lang='grc' dir='ltr'><strong><em>ι</em></strong></span> 
     </span>
    </p>
   </div>
   <div class='ocr_carea' id='block_1_54' title="bbox 2250 2313 3778 2388">
    <p class='ocr_par' dir='ltr' id='par_1_54' title="bbox 2250 2313 3778 2388">
     <span class='ocr_line' id='line_1_55' title="bbox 2250 2313 3778 2388; baseline 0.001 -19"><span class='ocrx_word' id='word_1_384' title='bbox 2250 2313 2473 2369; x_wconf 91' lang='lat' dir='ltr'><strong>Unicum</strong></span> <span class='ocrx_word' id='word_1_385' title='bbox 2517 2314 2745 2370; x_wconf 85' lang='lat' dir='ltr'><strong>ethnicis</strong></span> <span class='ocrx_word' id='word_1_386' title='bbox 2801 2322 2988 2371; x_wconf 88' lang='lat' dir='ltr'><strong>contra</strong></span> <span class='ocrx_word' id='word_1_387' title='bbox 3030 2323 3105 2369; x_wconf 92' lang='lat' dir='ltr'><strong>tot</strong></span> <span class='ocrx_word' id='word_1_388' title='bbox 3134 2314 3554 2372; x_wconf 89' lang='lat' dir='ltr'><strong>christianorum</strong></span> <span class='ocrx_word' id='word_1_389' title='bbox 3608 2331 3778 2388; x_wconf 85' lang='lat' dir='ltr'><strong>argu-</strong></span> 
     </span>
    </p>
   </div>
   <div class='ocr_carea' id='block_1_55' title="bbox 2174 2407 3779 2479">
    <p class='ocr_par' dir='ltr' id='par_1_55' title="bbox 2174 2407 3779 2479">
     <span class='ocr_line' id='line_1_56' title="bbox 2174 2407 3779 2479; baseline 0.002 -17"><span class='ocrx_word' id='word_1_390' title='bbox 2174 2416 2378 2471; x_wconf 88' lang='lat' dir='ltr'><strong>menta,</strong></span> <span class='ocrx_word' id='word_1_391' title='bbox 2410 2423 2637 2479; x_wconf 89' lang='lat' dir='ltr'><strong>quorum</strong></span> <span class='ocrx_word' id='word_1_392' title='bbox 2666 2408 2751 2462; x_wconf 89' lang='lat' dir='ltr'><strong>vel</strong></span> <span class='ocrx_word' id='word_1_393' title='bbox 2776 2424 2882 2463; x_wconf 88' lang='lat' dir='ltr'><strong>uno</strong></span> <span class='ocrx_word' id='word_1_394' title='bbox 2912 2407 3029 2463; x_wconf 90' lang='lat' dir='ltr'><strong>solo</strong></span> <span class='ocrx_word' id='word_1_395' title='bbox 3052 2409 3226 2462; x_wconf 91' lang='lat' dir='ltr'><strong>omnis</strong></span> <span class='ocrx_word' id='word_1_396' title='bbox 3252 2408 3473 2464; x_wconf 91' lang='lat' dir='ltr'><strong>deorum</strong></span> <span class='ocrx_word' id='word_1_397' title='bbox 3494 2410 3694 2478; x_wconf 86' lang='lat' dir='ltr'><strong>cultus,</strong></span> <span class='ocrx_word' id='word_1_398' title='bbox 3718 2420 3779 2466; x_wconf 84' lang='lat' dir='ltr'><strong>et</strong></span> 
     </span>
    </p>
   </div>
   <div class='ocr_carea' id='block_1_56' title="bbox 2178 2499 3782 2571">
    <p class='ocr_par' dir='ltr' id='par_1_56' title="bbox 2178 2499 3782 2571">
     <span class='ocr_line' id='line_1_57' title="bbox 2178 2499 3782 2571; baseline 0.002 -18"><span class='ocrx_word' id='word_1_399' title='bbox 2178 2510 2285 2554; x_wconf 86' lang='lat' dir='ltr'><strong>tota</strong></span> <span class='ocrx_word' id='word_1_400' title='bbox 2317 2501 2530 2555; x_wconf 89' lang='lat' dir='ltr'><strong>illorum</strong></span> <span class='ocrx_word' id='word_1_401' title='bbox 2562 2501 2753 2567; x_wconf 80' lang='lat' dir='ltr'><strong>religio</strong></span> <span class='ocrx_word' id='word_1_402' title='bbox 2781 2499 3017 2555; x_wconf 81' lang='lat' dir='ltr'><strong>funditus</strong></span> <span class='ocrx_word' id='word_1_403' title='bbox 3063 2500 3441 2567; x_wconf 89' lang='lat' dir='ltr'><strong>evertebatur,</strong></span> <span class='ocrx_word' id='word_1_404' title='bbox 3497 2512 3782 2571; x_wconf 87' lang='lat' dir='ltr'><strong>supererat</strong></span> 
     </span>
    </p>
   </div>
   <div class='ocr_carea' id='block_1_57' title="bbox 2179 2592 3779 2667">
    <p class='ocr_par' dir='ltr' id='par_1_57' title="bbox 2179 2592 3779 2667">
     <span class='ocr_line' id='line_1_58' title="bbox 2179 2592 3779 2667; baseline 0.004 -22"><span class='ocrx_word' id='word_1_405' title='bbox 2179 2592 2486 2662; x_wconf 75' lang='lat' dir='ltr'><strong>prtesidium</strong></span> <span class='ocrx_word' id='word_1_406' title='bbox 2511 2634 2527 2657; x_wconf 95' lang='lat'><strong>,</strong></span> <span class='ocrx_word' id='word_1_407' title='bbox 2573 2594 2715 2662; x_wconf 92' lang='lat' dir='ltr'><strong>quod</strong></span> <span class='ocrx_word' id='word_1_408' title='bbox 2743 2592 3012 2649; x_wconf 88' lang='lat' dir='ltr'><strong>Arnobius</strong></span> <span class='ocrx_word' id='word_1_409' title='bbox 3043 2594 3254 2667; x_wconf 88' lang='lat' dir='ltr'><strong>penitus</strong></span> <span class='ocrx_word' id='word_1_410' title='bbox 3275 2593 3438 2649; x_wconf 87' lang='lat' dir='ltr'><strong>diruit</strong></span> <span class='ocrx_word' id='word_1_411' title='bbox 3463 2609 3526 2649; x_wconf 84' lang='lat' dir='ltr'><strong>ac</strong></span> <span class='ocrx_word' id='word_1_412' title='bbox 3546 2594 3779 2651; x_wconf 84' lang='lat' dir='ltr'><strong>demoli-</strong></span> 
     </span>
    </p>
   </div>
   <div class='ocr_carea' id='block_1_58' title="bbox 2180 2685 3779 2756">
    <p class='ocr_par' dir='ltr' id='par_1_58' title="bbox 2180 2685 3779 2756">
     <span class='ocr_line' id='line_1_59' title="bbox 2180 2685 3779 2756; baseline 0.003 -17"><span class='ocrx_word' id='word_1_413' title='bbox 2180 2694 2283 2740; x_wconf 92' lang='lat' dir='ltr'><strong>tur.</strong></span> <span class='ocrx_word' id='word_1_414' title='bbox 2337 2685 2678 2755; x_wconf 86' lang='lat' dir='ltr'><strong>Objiciebant</strong></span> <span class='ocrx_word' id='word_1_415' title='bbox 2706 2688 2846 2742; x_wconf 90' lang='lat' dir='ltr'><strong>enim</strong></span> <span class='ocrx_word' id='word_1_416' title='bbox 2881 2686 3042 2741; x_wconf 90' lang='lat' dir='ltr'><strong>multa</strong></span> <span class='ocrx_word' id='word_1_417' title='bbox 3069 2702 3100 2740; x_wconf 85' lang='lat' dir='ltr'><strong>a</strong></span> <span class='ocrx_word' id='word_1_418' title='bbox 3129 2686 3230 2740; x_wconf 89' lang='lat' dir='ltr'><strong>diis</strong></span> <span class='ocrx_word' id='word_1_419' title='bbox 3260 2696 3470 2756; x_wconf 88' lang='lat' dir='ltr'><strong>patrata</strong></span> <span class='ocrx_word' id='word_1_420' title='bbox 3498 2688 3779 2754; x_wconf 90' lang='lat' dir='ltr'><strong>miracula,</strong></span> 
     </span>
    </p>
   </div>
   <div class='ocr_carea' id='block_1_59' title="bbox 2176 2779 3779 2850">
    <p class='ocr_par' dir='ltr' id='par_1_59' title="bbox 2176 2779 3779 2850">
     <span class='ocr_line' id='line_1_60' title="bbox 2176 2779 3779 2850; baseline 0.002 -16"><span class='ocrx_word' id='word_1_421' title='bbox 2176 2790 2232 2842; x_wconf 82' lang='lat' dir='ltr'><strong>et</strong></span> <span class='ocrx_word' id='word_1_422' title='bbox 2259 2779 2464 2835; x_wconf 88' lang='lat' dir='ltr'><strong>reddita</strong></span> <span class='ocrx_word' id='word_1_423' title='bbox 2493 2780 2559 2834; x_wconf 88' lang='lat' dir='ltr'><strong>de</strong></span> <span class='ocrx_word' id='word_1_424' title='bbox 2603 2779 2797 2835; x_wconf 82' lang='lat' dir='ltr'><strong>futuris</strong></span> <span class='ocrx_word' id='word_1_425' title='bbox 2825 2780 2985 2836; x_wconf 90' lang='lat' dir='ltr'><strong>rebus</strong></span> <span class='ocrx_word' id='word_1_426' title='bbox 3013 2795 3302 2848; x_wconf 87' lang='lat' dir='ltr'><strong>responsa,</strong></span> <span class='ocrx_word' id='word_1_427' title='bbox 3336 2781 3531 2850; x_wconf 87' lang='lat' dir='ltr'><strong>quibus</strong></span> <span class='ocrx_word' id='word_1_428' title='bbox 3562 2796 3657 2837; x_wconf 89' lang='lat' dir='ltr'><strong>eos</strong></span> <span class='ocrx_word' id='word_1_429' title='bbox 3687 2798 3779 2837; x_wconf 90' lang='lat' dir='ltr'><strong>re-</strong></span> 
     </span>
    </p>
   </div>
   <div class='ocr_carea' id='block_1_60' title="bbox 2178 2873 3779 2945">
    <p class='ocr_par' dir='ltr' id='par_1_60' title="bbox 2178 2873 3779 2945">
     <span class='ocr_line' id='line_1_61' title="bbox 2178 2873 3779 2945; baseline 0.001 -17"><span class='ocrx_word' id='word_1_430' title='bbox 2178 2890 2298 2931; x_wconf 84' lang='lat' dir='ltr'><strong>vera</strong></span> <span class='ocrx_word' id='word_1_431' title='bbox 2332 2876 2564 2930; x_wconf 85' lang='lat' dir='ltr'><strong>existere</strong></span> <span class='ocrx_word' id='word_1_432' title='bbox 2590 2884 2645 2929; x_wconf 90' lang='lat' dir='ltr'><strong>et</strong></span> <span class='ocrx_word' id='word_1_433' title='bbox 2671 2875 2946 2929; x_wconf 89' lang='lat' dir='ltr'><strong>hominum</strong></span> <span class='ocrx_word' id='word_1_434' title='bbox 3000 2873 3365 2929; x_wconf 79' lang='lat' dir='ltr'><strong>satisfactione</strong></span> <span class='ocrx_word' id='word_1_435' title='bbox 3404 2883 3564 2945; x_wconf 90' lang='lat' dir='ltr'><strong>atque</strong></span> <span class='ocrx_word' id='word_1_436' title='bbox 3605 2875 3779 2931; x_wconf 88' lang='lat' dir='ltr'><strong>sacri-</strong></span> 
     </span>
    </p>
   </div>
   <div class='ocr_carea' id='block_1_61' title="bbox 2180 2965 3778 3034">
    <p class='ocr_par' dir='ltr' id='par_1_61' title="bbox 2180 2965 3778 3034">
     <span class='ocr_line' id='line_1_62' title="bbox 2180 2965 3778 3034; baseline 0.001 -13"><span class='ocrx_word' id='word_1_437' title='bbox 2180 2965 2319 3021; x_wconf 85' lang='lat' dir='ltr'><strong>ﬁciis</strong></span> <span class='ocrx_word' id='word_1_438' title='bbox 2350 2966 2570 3034; x_wconf 88' lang='lat' dir='ltr'><strong>placari,</strong></span> <span class='ocrx_word' id='word_1_439' title='bbox 2604 2981 2703 3020; x_wconf 87' lang='lat' dir='ltr'><strong>nec</strong></span> <span class='ocrx_word' id='word_1_440' title='bbox 2732 2966 2900 3021; x_wconf 90' lang='lat' dir='ltr'><strong>semel</strong></span> <span class='ocrx_word' id='word_1_441' title='bbox 2932 2980 3029 3020; x_wconf 89' lang='lat' dir='ltr'><strong>nec</strong></span> <span class='ocrx_word' id='word_1_442' title='bbox 3070 2965 3299 3021; x_wconf 88' lang='lat' dir='ltr'><strong>obscure</strong></span> <span class='ocrx_word' id='word_1_443' title='bbox 3351 2966 3778 3022; x_wconf 88' lang='lat' dir='ltr'><strong>demonstratum</strong></span> 
     </span>
    </p>
   </div>
   <div class='ocr_carea' id='block_1_62' title="bbox 2183 3059 2605 3115">
    <p class='ocr_par' dir='ltr' id='par_1_62' title="bbox 2183 3059 2605 3115">
     <span class='ocr_line' id='line_1_63' title="bbox 2183 3059 2605 3115; baseline -0.007 -1"><span class='ocrx_word' id='word_1_444' title='bbox 2183 3059 2605 3115; x_wconf 86' lang='lat' dir='ltr'><strong>arbitrabantur.</strong></span> 
     </span>
    </p>
   </div>
   <div class='ocr_carea' id='block_1_63' title="bbox 484 3134 3780 3240">
    <p class='ocr_par' dir='ltr' id='par_1_63' title="bbox 484 3134 3780 3240">
     <span class='ocr_line' id='line_1_64' title="bbox 484 3134 3780 3240; baseline 0.001 -35"><span class='ocrx_word' id='word_1_445' title='bbox 484 3171 737 3235; x_wconf 61' lang='lat' dir='ltr'><strong>unquam</strong></span> <span class='ocrx_word' id='word_1_446' title='bbox 764 3165 897 3220; x_wconf 67' lang='lat' dir='ltr'><strong>deos</strong></span> <span class='ocrx_word' id='word_1_447' title='bbox 934 3134 1151 3232; x_wconf 67' lang='grc' dir='ltr'><strong>οοιυηιξ</strong></span> <span class='ocrx_word' id='word_1_448' title='bbox 1183 3176 1236 3222; x_wconf 68' lang='grc' dir='ltr'><strong>ει</strong></span> <span class='ocrx_word' id='word_1_449' title='bbox 1253 3134 1465 3223; x_wconf 47' lang='lat' dir='ltr'><strong>cu&#39;m&#39;de</strong></span> <span class='ocrx_word' id='word_1_450' title='bbox 1487 3169 1594 3223; x_wconf 73' lang='lat' dir='ltr'><strong>mis</strong></span> <span class='ocrx_word' id='word_1_451' title='bbox 1619 3168 1735 3224; x_wconf 57' lang='lat' dir='ltr'><strong>meo</strong></span> <span class='ocrx_word' id='word_1_452' title='bbox 1758 3134 1969 3240; x_wconf 50' lang='lat' dir='ltr'><strong>negant:</strong></span> <span class='ocrx_word' id='word_1_453' title='bbox 2010 3167 2077 3223; x_wconf 66' lang='lat' dir='ltr'><strong>ab</strong></span> <span class='ocrx_word' id='word_1_454' title='bbox 2103 3152 2150 3219; x_wconf 68' lang='grc' dir='ltr'><em>Β</em></span> <span class='ocrx_word' id='word_1_455' title='bbox 2253 3154 2488 3208; x_wconf 89' lang='lat' dir='ltr'><strong>Primum</strong></span> <span class='ocrx_word' id='word_1_456' title='bbox 2521 3154 2701 3224; x_wconf 90' lang='lat' dir='ltr'><strong>itaque</strong></span> <span class='ocrx_word' id='word_1_457' title='bbox 2725 3146 3231 3208; x_wconf 86' lang='lat' dir='ltr'><strong>narrabauteditum</strong></span> <span class='ocrx_word' id='word_1_458' title='bbox 3254 3134 3419 3207; x_wconf 70' lang='lat' dir='ltr'><strong>luisse</strong></span> <span class='ocrx_word' id='word_1_459' title='bbox 3442 3150 3780 3220; x_wconf 88' lang='lat' dir='ltr'><strong>miraculum,</strong></span> 
     </span>
    </p>
   </div>
   <div class='ocr_carea' id='block_1_64' title="bbox 480 3258 2077 3333">
    <p class='ocr_par' dir='ltr' id='par_1_64' title="bbox 480 3258 2077 3333">
     <span class='ocr_line' id='line_1_65' title="bbox 480 3258 2077 3333; baseline 0.002 -22"><span class='ocrx_word' id='word_1_460' title='bbox 480 3259 627 3311; x_wconf 82' lang='lat' dir='ltr'><strong>omni</strong></span> <span class='ocrx_word' id='word_1_461' title='bbox 654 3272 748 3312; x_wconf 89' lang='lat' dir='ltr'><strong>eos</strong></span> <span class='ocrx_word' id='word_1_462' title='bbox 779 3258 1003 3313; x_wconf 84' lang='lat' dir='ltr'><strong>crimine</strong></span> <span class='ocrx_word' id='word_1_463' title='bbox 1026 3274 1255 3330; x_wconf 87' lang='lat' dir='ltr'><strong>purgare</strong></span> <span class='ocrx_word' id='word_1_464' title='bbox 1282 3274 1389 3316; x_wconf 91' lang='lat' dir='ltr'><strong>non</strong></span> <span class='ocrx_word' id='word_1_465' title='bbox 1420 3271 1678 3331; x_wconf 86' lang='lat' dir='ltr'><strong>possunt;</strong></span> <span class='ocrx_word' id='word_1_466' title='bbox 1715 3264 1964 3333; x_wconf 86' lang='lat' dir='ltr'><strong>quoniam</strong></span> <span class='ocrx_word' id='word_1_467' title='bbox 1996 3262 2077 3315; x_wconf 91' lang='lat' dir='ltr'><strong>Iu-</strong></span> 
     </span>
    </p>
   </div>
   <div class='ocr_carea' id='block_1_65' title="bbox 482 3346 2079 3425">
    <p class='ocr_par' dir='ltr' id='par_1_65' title="bbox 482 3346 2079 3425">
     <span class='ocr_line' id='line_1_66' title="bbox 482 3346 2079 3425; baseline 0.003 -22"><span class='ocrx_word' id='word_1_468' title='bbox 482 3346 582 3403; x_wconf 86' lang='lat' dir='ltr'><strong>dos</strong></span> <span class='ocrx_word' id='word_1_469' title='bbox 611 3348 676 3404; x_wconf 86' lang='lat' dir='ltr'><strong>iis</strong></span> <span class='ocrx_word' id='word_1_470' title='bbox 702 3351 893 3406; x_wconf 90' lang='lat' dir='ltr'><strong>ritibus</strong></span> <span class='ocrx_word' id='word_1_471' title='bbox 918 3351 1212 3418; x_wconf 81' lang='lat' dir='ltr'><strong>exhibent,</strong></span> <span class='ocrx_word' id='word_1_472' title='bbox 1263 3354 1349 3408; x_wconf 91' lang='lat' dir='ltr'><strong>ubi</strong></span> <span class='ocrx_word' id='word_1_473' title='bbox 1402 3355 1627 3423; x_wconf 89' lang='lat' dir='ltr'><strong>turpiter</strong></span> <span class='ocrx_word' id='word_1_474' title='bbox 1681 3364 1928 3425; x_wconf 80' lang='lat' dir='ltr'><strong>aguntur,</strong></span> <span class='ocrx_word' id='word_1_475' title='bbox 1958 3368 2079 3424; x_wconf 65' lang='lat' dir='ltr'><strong>quae</strong></span> 
     </span>
    </p>
   </div>
   <div class='ocr_carea' id='block_1_66' title="bbox 481 3441 2078 3516">
    <p class='ocr_par' dir='ltr' id='par_1_66' title="bbox 481 3441 2078 3516">
     <span class='ocr_line' id='line_1_67' title="bbox 481 3441 2078 3516; baseline 0.004 -22"><span class='ocrx_word' id='word_1_476' title='bbox 481 3441 630 3496; x_wconf 84' lang='lat' dir='ltr'><strong>velut</strong></span> <span class='ocrx_word' id='word_1_477' title='bbox 650 3443 921 3512; x_wconf 88' lang='lat' dir='ltr'><strong>sapienter</strong></span> <span class='ocrx_word' id='word_1_478' title='bbox 947 3455 1244 3514; x_wconf 84' lang='lat' dir='ltr'><strong>negantur;</strong></span> <span class='ocrx_word' id='word_1_479' title='bbox 1275 3453 1331 3500; x_wconf 88' lang='lat' dir='ltr'><strong>et</strong></span> <span class='ocrx_word' id='word_1_480' title='bbox 1359 3445 1440 3500; x_wconf 90' lang='lat' dir='ltr'><strong>his</strong></span> <span class='ocrx_word' id='word_1_481' title='bbox 1466 3446 1617 3501; x_wconf 81' lang='lat' dir='ltr'><strong>falsis</strong></span> <span class='ocrx_word' id='word_1_482' title='bbox 1643 3462 1705 3502; x_wconf 92' lang='lat' dir='ltr'><strong>ac</strong></span> <span class='ocrx_word' id='word_1_483' title='bbox 1736 3447 1979 3516; x_wconf 86' lang='lat' dir='ltr'><strong>turpibus</strong></span> <span class='ocrx_word' id='word_1_484' title='bbox 2005 3447 2078 3500; x_wconf 93' lang='lat' dir='ltr'><strong>dii</strong></span> 
     </span>
    </p>
   </div>
   <div class='ocr_carea' id='block_1_67' title="bbox 484 3534 2077 3604">
    <p class='ocr_par' dir='ltr' id='par_1_67' title="bbox 484 3534 2077 3604">
     <span class='ocr_line' id='line_1_68' title="bbox 484 3534 2077 3604; baseline 0.003 -16"><span class='ocrx_word' id='word_1_485' title='bbox 484 3534 795 3604; x_wconf 79' lang='lat' dir='ltr'><strong>placantur,</strong></span> <span class='ocrx_word' id='word_1_486' title='bbox 840 3535 927 3589; x_wconf 88' lang='lat' dir='ltr'><strong>ubi</strong></span> <span class='ocrx_word' id='word_1_487' title='bbox 968 3536 1067 3591; x_wconf 92' lang='lat' dir='ltr'><strong>etsi</strong></span> <span class='ocrx_word' id='word_1_488' title='bbox 1109 3536 1289 3591; x_wconf 83' lang='lat' dir='ltr'><strong>fabula</strong></span> <span class='ocrx_word' id='word_1_489' title='bbox 1330 3546 1510 3594; x_wconf 88' lang='lat' dir='ltr'><strong>cantat</strong></span> <span class='ocrx_word' id='word_1_490' title='bbox 1548 3538 1751 3593; x_wconf 89' lang='lat' dir='ltr'><strong>crimen</strong></span> <span class='ocrx_word' id='word_1_491' title='bbox 1798 3539 2077 3593; x_wconf 86' lang='lat' dir='ltr'><strong>numinum</strong></span> 
     </span>
    </p>
   </div>
   <div class='ocr_carea' id='block_1_68' title="bbox 482 3626 2083 3697">
    <p class='ocr_par' dir='ltr' id='par_1_68' title="bbox 482 3626 2083 3697">
     <span class='ocr_line' id='line_1_69' title="bbox 482 3626 2083 3697; baseline 0.004 -16"><span class='ocrx_word' id='word_1_492' title='bbox 482 3626 709 3691; x_wconf 76' lang='lat' dir='ltr'><strong>falsum,</strong></span> <span class='ocrx_word' id='word_1_493' title='bbox 739 3628 992 3684; x_wconf 86' lang='lat' dir='ltr'><strong>delectari</strong></span> <span class='ocrx_word' id='word_1_494' title='bbox 1033 3637 1209 3684; x_wconf 89' lang='lat' dir='ltr'><strong>tamen</strong></span> <span class='ocrx_word' id='word_1_495' title='bbox 1253 3629 1389 3685; x_wconf 83' lang='lat' dir='ltr'><strong>falso</strong></span> <span class='ocrx_word' id='word_1_496' title='bbox 1437 3631 1697 3697; x_wconf 65' lang='lat' dir='ltr'><strong>crimine},</strong></span> <span class='ocrx_word' id='word_1_497' title='bbox 1747 3632 1949 3686; x_wconf 90' lang='lat' dir='ltr'><strong>crimen</strong></span> <span class='ocrx_word' id='word_1_498' title='bbox 2001 3644 2083 3688; x_wconf 84' lang='lat' dir='ltr'><strong>est</strong></span> 
     </span>
    </p>
   </div>
   <div class='ocr_carea' id='block_1_69' title="bbox 484 3720 2079 3794">
    <p class='ocr_par' dir='ltr' id='par_1_69' title="bbox 484 3720 2079 3794">
     <span class='ocr_line' id='line_1_70' title="bbox 484 3720 2079 3794; baseline 0.005 -25"><span class='ocrx_word' id='word_1_499' title='bbox 484 3734 669 3775; x_wconf 85' lang='lat' dir='ltr'><strong>verum</strong></span> <span class='ocrx_word' id='word_1_500' title='bbox 705 3738 725 3773; x_wconf 75' lang='grc' dir='ltr'><strong><em>ι</em></strong></span> <span class='ocrx_word' id='word_1_501' title='bbox 768 3720 987 3793; x_wconf 63' lang='lat' dir='ltr'><strong>(Idem,</strong></span> <span class='ocrx_word' id='word_1_502' title='bbox 1016 3720 1298 3785; x_wconf 84' lang='lat' dir='ltr'><strong>ibid.,libr.</strong></span> <span class='ocrx_word' id='word_1_503' title='bbox 1322 3737 1509 3787; x_wconf 78' lang='lat' dir='ltr'><strong>xxvm,</strong></span> <span class='ocrx_word' id='word_1_504' title='bbox 1537 3737 1653 3791; x_wconf 89' lang='lat' dir='ltr'><strong>cap.</strong></span> <span class='ocrx_word' id='word_1_505' title='bbox 1681 3722 1765 3787; x_wconf 76' lang='grc'><strong>12,</strong></span> <span class='ocrx_word' id='word_1_506' title='bbox 1787 3722 2079 3794; x_wconf 71' lang='lat' dir='ltr'><strong>pag.49‘l).</strong></span> 
     </span>
    </p>
   </div>
   <div class='ocr_carea' id='block_1_70' title="bbox 554 3812 2085 3885">
    <p class='ocr_par' dir='ltr' id='par_1_70' title="bbox 554 3812 2085 3885">
     <span class='ocr_line' id='line_1_71' title="bbox 554 3812 2085 3885; baseline 0.001 -18"><span class='ocrx_word' id='word_1_507' title='bbox 554 3812 724 3868; x_wconf 80' lang='lat' dir='ltr'><strong>Nobis</strong></span> <span class='ocrx_word' id='word_1_508' title='bbox 769 3828 932 3883; x_wconf 88' lang='lat' dir='ltr'><strong>porro</strong></span> <span class='ocrx_word' id='word_1_509' title='bbox 979 3814 1179 3869; x_wconf 88' lang='lat' dir='ltr'><strong>ethnici</strong></span> <span class='ocrx_word' id='word_1_510' title='bbox 1226 3815 1461 3884; x_wconf 85' lang='lat' dir='ltr'><strong>objicere</strong></span> <span class='ocrx_word' id='word_1_511' title='bbox 1487 3831 1591 3869; x_wconf 88' lang='lat' dir='ltr'><strong>non</strong></span> <span class='ocrx_word' id='word_1_512' title='bbox 1625 3823 1874 3885; x_wconf 84' lang='lat' dir='ltr'><strong>poterant</strong></span> <span class='ocrx_word' id='word_1_513' title='bbox 1904 3829 2085 3870; x_wconf 84' lang='lat' dir='ltr'><strong>sacra-</strong></span> 
     </span>
    </p>
   </div>
   <div class='ocr_carea' id='block_1_71' title="bbox 484 3907 2083 3978">
    <p class='ocr_par' dir='ltr' id='par_1_71' title="bbox 484 3907 2083 3978">
     <span class='ocr_line' id='line_1_72' title="bbox 484 3907 2083 3978; baseline 0.001 -18"><span class='ocrx_word' id='word_1_514' title='bbox 484 3918 606 3961; x_wconf 90' lang='lat' dir='ltr'><strong>rum</strong></span> <span class='ocrx_word' id='word_1_515' title='bbox 629 3920 842 3977; x_wconf 89' lang='lat' dir='ltr'><strong>quoque</strong></span> <span class='ocrx_word' id='word_1_516' title='bbox 872 3914 1175 3962; x_wconf 87' lang='lat' dir='ltr'><strong>nostrarum</strong></span> <span class='ocrx_word' id='word_1_517' title='bbox 1234 3907 1631 3978; x_wconf 88' lang='lat' dir='ltr'><strong>Scripturarum</strong></span> <span class='ocrx_word' id='word_1_518' title='bbox 1681 3908 1978 3972; x_wconf 88' lang='lat' dir='ltr'><strong>abstrusos,</strong></span> <span class='ocrx_word' id='word_1_519' title='bbox 2011 3908 2083 3961; x_wconf 90' lang='lat' dir='ltr'><strong>la-</strong></span> 
     </span>
    </p>
   </div>
   <div class='ocr_carea' id='block_1_72' title="bbox 488 3997 2086 4070">
    <p class='ocr_par' dir='ltr' id='par_1_72' title="bbox 488 3997 2086 4070">
     <span class='ocr_line' id='line_1_73' title="bbox 488 3997 2086 4070; baseline 0.001 -18"><span class='ocrx_word' id='word_1_520' title='bbox 488 4006 663 4053; x_wconf 87' lang='lat' dir='ltr'><strong>tentes</strong></span> <span class='ocrx_word' id='word_1_521' title='bbox 686 4040 701 4064; x_wconf 97' lang='lat'><strong>,</strong></span> <span class='ocrx_word' id='word_1_522' title='bbox 730 4007 782 4054; x_wconf 91' lang='lat' dir='ltr'><strong>et</strong></span> <span class='ocrx_word' id='word_1_523' title='bbox 811 3999 1130 4070; x_wconf 85' lang='lat' dir='ltr'><strong>allegoricos</strong></span> <span class='ocrx_word' id='word_1_524' title='bbox 1158 4013 1279 4054; x_wconf 90' lang='lat' dir='ltr'><strong>esse</strong></span> <span class='ocrx_word' id='word_1_525' title='bbox 1304 4013 1514 4054; x_wconf 89' lang='lat' dir='ltr'><strong>sensus.</strong></span> <span class='ocrx_word' id='word_1_526' title='bbox 1548 3998 1681 4054; x_wconf 86' lang='lat' dir='ltr'><strong>Nam</strong></span> <span class='ocrx_word' id='word_1_527' title='bbox 1710 3997 1763 4052; x_wconf 90' lang='lat' dir='ltr'><strong>hi</strong></span> <span class='ocrx_word' id='word_1_528' title='bbox 1792 3998 1948 4068; x_wconf 86' lang='lat' dir='ltr'><strong>plane</strong></span> <span class='ocrx_word' id='word_1_529' title='bbox 1989 4013 2086 4067; x_wconf 89' lang='lat' dir='ltr'><strong>pe-</strong></span> 
     </span>
    </p>
   </div>
   <div class='ocr_carea' id='block_1_73' title="bbox 488 4090 2086 4162">
    <p class='ocr_par' dir='ltr' id='par_1_73' title="bbox 488 4090 2086 4162">
     <span class='ocr_line' id='line_1_74' title="bbox 488 4090 2086 4162; baseline 0 -17"><span class='ocrx_word' id='word_1_530' title='bbox 488 4090 739 4162; x_wconf 85' lang='lat' dir='ltr'><strong>nitusque</strong></span> <span class='ocrx_word' id='word_1_531' title='bbox 769 4091 837 4146; x_wconf 89' lang='lat' dir='ltr'><strong>ab</strong></span> <span class='ocrx_word' id='word_1_532' title='bbox 867 4093 1080 4147; x_wconf 92' lang='lat' dir='ltr'><strong>illorum</strong></span> <span class='ocrx_word' id='word_1_533' title='bbox 1103 4093 1527 4162; x_wconf 82' lang='lat' dir='ltr'><strong>expositionibus</strong></span> <span class='ocrx_word' id='word_1_534' title='bbox 1545 4093 1872 4160; x_wconf 85' lang='lat' dir='ltr'><strong>discrepant,</strong></span> <span class='ocrx_word' id='word_1_535' title='bbox 1894 4108 2086 4162; x_wconf 88' lang='lat' dir='ltr'><strong>quem-</strong></span> 
     </span>
    </p>
   </div>
   <div class='ocr_carea' id='block_1_74' title="bbox 485 4181 2085 4255">
    <p class='ocr_par' dir='ltr' id='par_1_74' title="bbox 485 4181 2085 4255">
     <span class='ocr_line' id='line_1_75' title="bbox 485 4181 2085 4255; baseline 0 -18"><span class='ocrx_word' id='word_1_536' title='bbox 485 4181 772 4238; x_wconf 87' lang='lat' dir='ltr'><strong>admodum</strong></span> <span class='ocrx_word' id='word_1_537' title='bbox 811 4182 1104 4255; x_wconf 81' lang='lat' dir='ltr'><strong>Gregorius</strong></span> <span class='ocrx_word' id='word_1_538' title='bbox 1167 4183 1567 4249; x_wconf 81' lang='lat' dir='ltr'><strong>Nazianzenus,</strong></span> <span class='ocrx_word' id='word_1_539' title='bbox 1624 4184 1974 4241; x_wconf 83' lang='lat' dir='ltr'><strong>hisceverbis</strong></span> <span class='ocrx_word' id='word_1_540' title='bbox 2000 4183 2085 4238; x_wconf 86' lang='lat' dir='ltr'><strong>di-</strong></span> 
     </span>
    </p>
   </div>
   <div class='ocr_carea' id='block_1_75' title="bbox 489 4276 2083 4348">
    <p class='ocr_par' dir='ltr' id='par_1_75' title="bbox 489 4276 2083 4348">
     <span class='ocr_line' id='line_1_76' title="bbox 489 4276 2083 4348; baseline 0 -16"><span class='ocrx_word' id='word_1_541' title='bbox 489 4277 787 4332; x_wconf 82' lang='lat' dir='ltr'><strong>sertissime</strong></span> <span class='ocrx_word' id='word_1_542' title='bbox 840 4276 1109 4347; x_wconf 65' lang='lat' dir='ltr'><strong>eaplicat:</strong></span> <span class='ocrx_word' id='word_1_543' title='bbox 1146 4296 1164 4329; x_wconf 87' lang='grc'>‹</span> <span class='ocrx_word' id='word_1_544' title='bbox 1198 4277 1351 4347; x_wconf 84' lang='lat' dir='ltr'><strong>Apud</strong></span> <span class='ocrx_word' id='word_1_545' title='bbox 1399 4294 1497 4333; x_wconf 90' lang='lat' dir='ltr'><strong>nos</strong></span> <span class='ocrx_word' id='word_1_546' title='bbox 1547 4292 1788 4348; x_wconf 86' lang='lat' dir='ltr'><strong>quoque,</strong></span> <span class='ocrx_word' id='word_1_547' title='bbox 1824 4298 1843 4329; x_wconf 74' lang='grc' dir='ltr'><strong><em>ι</em></strong></span> <span class='ocrx_word' id='word_1_548' title='bbox 1888 4278 2083 4348; x_wconf 89' lang='lat' dir='ltr'><strong>inquit,</strong></span> 
     </span>
    </p>
   </div>
   <div class='ocr_carea' id='block_1_76' title="bbox 497 4370 2084 4441">
    <p class='ocr_par' dir='ltr' id='par_1_76' title="bbox 497 4370 2084 4441">
     <span class='ocr_line' id='line_1_77' title="bbox 497 4370 2084 4441; baseline 0.001 -21"><span class='ocrx_word' id='word_1_549' title='bbox 497 4388 515 4420; x_wconf 83' lang='grc'><strong>‹</strong></span> <span class='ocrx_word' id='word_1_550' title='bbox 550 4370 713 4425; x_wconf 89' lang='lat' dir='ltr'><strong>abditi</strong></span> <span class='ocrx_word' id='word_1_551' title='bbox 744 4371 960 4441; x_wconf 86' lang='lat' dir='ltr'><strong>quidem</strong></span> <span class='ocrx_word' id='word_1_552' title='bbox 991 4382 1044 4425; x_wconf 88' lang='lat' dir='ltr'><strong>et</strong></span> <span class='ocrx_word' id='word_1_553' title='bbox 1067 4372 1297 4426; x_wconf 87' lang='lat' dir='ltr'><strong>abstrusi</strong></span> <span class='ocrx_word' id='word_1_554' title='bbox 1326 4382 1606 4426; x_wconf 84' lang='lat' dir='ltr'><strong>sermones</strong></span> <span class='ocrx_word' id='word_1_555' title='bbox 1631 4379 1788 4437; x_wconf 87' lang='lat' dir='ltr'><strong>sunt;</strong></span> <span class='ocrx_word' id='word_1_556' title='bbox 1821 4384 1918 4425; x_wconf 90' lang='lat' dir='ltr'><strong>nec</strong></span> <span class='ocrx_word' id='word_1_557' title='bbox 1943 4370 2084 4424; x_wconf 90' lang='lat' dir='ltr'><strong>enim</strong></span> 
     </span>
    </p>
   </div>
   <div class='ocr_carea' id='block_1_77' title="bbox 488 4461 2089 4532">
    <p class='ocr_par' dir='ltr' id='par_1_77' title="bbox 488 4461 2089 4532">
     <span class='ocr_line' id='line_1_78' title="bbox 488 4461 2089 4532; baseline -0.001 -15"><span class='ocrx_word' id='word_1_558' title='bbox 488 4461 697 4517; x_wconf 87' lang='lat' dir='ltr'><strong>inﬁcias</strong></span> <span class='ocrx_word' id='word_1_559' title='bbox 738 4463 909 4517; x_wconf 89' lang='lat' dir='ltr'><strong>ivero.</strong></span> <span class='ocrx_word' id='word_1_560' title='bbox 938 4463 1136 4518; x_wconf 74' lang='lat' dir='ltr'><strong>Verum</strong></span> <span class='ocrx_word' id='word_1_561' title='bbox 1166 4479 1410 4532; x_wconf 71' lang='lat' dir='ltr'><strong>quaenam</strong></span> <span class='ocrx_word' id='word_1_562' title='bbox 1434 4462 1660 4532; x_wconf 89' lang='lat' dir='ltr'><strong>duplicis</strong></span> <span class='ocrx_word' id='word_1_563' title='bbox 1683 4477 1869 4517; x_wconf 88' lang='lat' dir='ltr'><strong>eorum</strong></span> <span class='ocrx_word' id='word_1_564' title='bbox 1898 4476 2089 4516; x_wconf 89' lang='lat' dir='ltr'><strong>sensus</strong></span> 
     </span>
    </p>
   </div>
   <div class='ocr_carea' id='block_1_78' title="bbox 2179 3246 3777 3318">
    <p class='ocr_par' dir='ltr' id='par_1_78' title="bbox 2179 3246 3777 3318">
     <span class='ocr_line' id='line_1_79' title="bbox 2179 3246 3777 3318; baseline 0.001 -15"><span class='ocrx_word' id='word_1_565' title='bbox 2179 3264 2299 3303; x_wconf 92' lang='lat' dir='ltr'><strong>cum</strong></span> <span class='ocrx_word' id='word_1_566' title='bbox 2350 3257 2567 3318; x_wconf 72' lang='lat' dir='ltr'><strong>promer</strong></span> <span class='ocrx_word' id='word_1_567' title='bbox 2610 3248 2763 3303; x_wconf 90' lang='lat' dir='ltr'><strong>ludos</strong></span> <span class='ocrx_word' id='word_1_568' title='bbox 2805 3249 3104 3314; x_wconf 91' lang='lat' dir='ltr'><strong>circenses,</strong></span> <span class='ocrx_word' id='word_1_569' title='bbox 3152 3248 3242 3318; x_wconf 87' lang='lat' dir='ltr'><strong>qui</strong></span> <span class='ocrx_word' id='word_1_570' title='bbox 3265 3248 3318 3302; x_wconf 92' lang='lat' dir='ltr'><strong>in</strong></span> <span class='ocrx_word' id='word_1_571' title='bbox 3338 3246 3486 3303; x_wconf 84' lang='lat' dir='ltr'><strong>Jovis</strong></span> <span class='ocrx_word' id='word_1_572' title='bbox 3514 3248 3777 3304; x_wconf 88' lang='lat' dir='ltr'><strong>honorem</strong></span> 
     </span>
    </p>
   </div>
   <div class='ocr_carea' id='block_1_79' title="bbox 2181 3337 3771 3409">
    <p class='ocr_par' dir='ltr' id='par_1_79' title="bbox 2181 3337 3771 3409">
     <span class='ocr_line' id='line_1_80' title="bbox 2181 3337 3771 3409; baseline -0.001 -16"><span class='ocrx_word' id='word_1_573' title='bbox 2181 3339 2408 3395; x_wconf 91' lang='lat' dir='ltr'><strong>instituti</strong></span> <span class='ocrx_word' id='word_1_574' title='bbox 2439 3348 2612 3405; x_wconf 89' lang='lat' dir='ltr'><strong>erant,</strong></span> <span class='ocrx_word' id='word_1_575' title='bbox 2642 3354 2747 3394; x_wconf 90' lang='lat' dir='ltr'><strong>non</strong></span> <span class='ocrx_word' id='word_1_576' title='bbox 2778 3338 2880 3393; x_wconf 90' lang='lat' dir='ltr'><strong>rite</strong></span> <span class='ocrx_word' id='word_1_577' title='bbox 2910 3338 3099 3403; x_wconf 83' lang='lat' dir='ltr'><strong>factos,</strong></span> <span class='ocrx_word' id='word_1_578' title='bbox 3122 3338 3286 3407; x_wconf 88' lang='lat' dir='ltr'><strong>pestis</strong></span> <span class='ocrx_word' id='word_1_579' title='bbox 3310 3338 3496 3394; x_wconf 90' lang='lat' dir='ltr'><strong>urbem</strong></span> <span class='ocrx_word' id='word_1_580' title='bbox 3526 3337 3771 3409; x_wconf 85' lang='lat' dir='ltr'><strong>depopu-</strong></span> 
     </span>
    </p>
   </div>
   <div class='ocr_carea' id='block_1_80' title="bbox 2178 3429 3770 3505">
    <p class='ocr_par' dir='ltr' id='par_1_80' title="bbox 2178 3429 3770 3505">
     <span class='ocr_line' id='line_1_81' title="bbox 2178 3429 3770 3505; baseline -0.001 -19"><span class='ocrx_word' id='word_1_581' title='bbox 2178 3432 2388 3486; x_wconf 87' lang='lat' dir='ltr'><strong>labatur</strong></span> <span class='ocrx_word' id='word_1_582' title='bbox 2417 3429 2654 3505; x_wconf 54' lang='grc' dir='ltr'><strong>(Δωσὼ,</strong></span> <span class='ocrx_word' id='word_1_583' title='bbox 2685 3432 2773 3485; x_wconf 86' lang='lat' dir='ltr'><strong>lib.</strong></span> <span class='ocrx_word' id='word_1_584' title='bbox 2802 3447 2895 3499; x_wconf 86' lang='lat' dir='ltr'><strong>vu,</strong></span> <span class='ocrx_word' id='word_1_585' title='bbox 2930 3449 3048 3502; x_wconf 90' lang='lat' dir='ltr'><strong>pag.</strong></span> <span class='ocrx_word' id='word_1_586' title='bbox 3077 3430 3184 3485; x_wconf 69' lang='grc'><strong>242</strong></span> <span class='ocrx_word' id='word_1_587' title='bbox 3208 3440 3255 3485; x_wconf 89' lang='lat' dir='ltr'><strong>et</strong></span> <span class='ocrx_word' id='word_1_588' title='bbox 3275 3432 3431 3501; x_wconf 60' lang='grc' dir='ltr'><strong>δρψ).</strong></span> <span class='ocrx_word' id='word_1_589' title='bbox 3481 3430 3575 3486; x_wconf 84' lang='lat' dir='ltr'><strong>His</strong></span> <span class='ocrx_word' id='word_1_590' title='bbox 3625 3432 3770 3486; x_wconf 85' lang='lat' dir='ltr'><strong>enim</strong></span> 
     </span>
    </p>
   </div>
   <div class='ocr_carea' id='block_1_81' title="bbox 2181 3522 3777 3593">
    <p class='ocr_par' dir='ltr' id='par_1_81' title="bbox 2181 3522 3777 3593">
     <span class='ocr_line' id='line_1_82' title="bbox 2181 3522 3777 3593; baseline -0.001 -15"><span class='ocrx_word' id='word_1_591' title='bbox 2181 3523 2322 3579; x_wconf 91' lang='lat' dir='ltr'><strong>ludis</strong></span> <span class='ocrx_word' id='word_1_592' title='bbox 2364 3539 2430 3578; x_wconf 93' lang='lat' dir='ltr'><strong>eo</strong></span> <span class='ocrx_word' id='word_1_593' title='bbox 2470 3539 2628 3592; x_wconf 89' lang='lat' dir='ltr'><strong>quem</strong></span> <span class='ocrx_word' id='word_1_594' title='bbox 2679 3523 2837 3578; x_wconf 90' lang='lat' dir='ltr'><strong>alibis</strong></span> <span class='ocrx_word' id='word_1_595' title='bbox 2891 3523 3258 3593; x_wconf 86' lang='lat' dir='ltr'><strong>exposuimus,</strong></span> <span class='ocrx_word' id='word_1_596' title='bbox 3285 3522 3437 3578; x_wconf 82' lang='lat' dir='ltr'><strong>Jovis</strong></span> <span class='ocrx_word' id='word_1_597' title='bbox 3465 3524 3674 3578; x_wconf 90' lang='lat' dir='ltr'><strong>monitu</strong></span> <span class='ocrx_word' id='word_1_598' title='bbox 3703 3524 3777 3577; x_wconf 81' lang='lat' dir='ltr'><strong>in-</strong></span> 
     </span>
    </p>
   </div>
   <div class='ocr_carea' id='block_1_82' title="bbox 2182 3614 3780 3690">
    <p class='ocr_par' dir='ltr' id='par_1_82' title="bbox 2182 3614 3780 3690">
     <span class='ocr_line' id='line_1_83' title="bbox 2182 3614 3780 3690; baseline -0.001 -17"><span class='ocrx_word' id='word_1_599' title='bbox 2182 3616 2454 3681; x_wconf 87' lang='lat' dir='ltr'><strong>stauratis,</strong></span> <span class='ocrx_word' id='word_1_600' title='bbox 2483 3617 2598 3672; x_wconf 91' lang='lat' dir='ltr'><strong>lucs</strong></span> <span class='ocrx_word' id='word_1_601' title='bbox 2626 3615 2908 3672; x_wconf 86' lang='lat' dir='ltr'><strong>confestim</strong></span> <span class='ocrx_word' id='word_1_602' title='bbox 2963 3616 3195 3672; x_wconf 88' lang='lat' dir='ltr'><strong>cessavit</strong></span> <span class='ocrx_word' id='word_1_603' title='bbox 3228 3614 3472 3690; x_wconf 77' lang='lat' dir='ltr'><strong>(Dissert.</strong></span> <span class='ocrx_word' id='word_1_604' title='bbox 3502 3617 3557 3671; x_wconf 87' lang='lat' dir='ltr'><strong>in</strong></span> <span class='ocrx_word' id='word_1_605' title='bbox 3581 3616 3780 3673; x_wconf 78' lang='lat' dir='ltr'><strong>Minue.</strong></span> 
     </span>
    </p>
   </div>
   <div class='ocr_carea' id='block_1_83' title="bbox 2188 3707 2910 3783">
    <p class='ocr_par' dir='ltr' id='par_1_83' title="bbox 2188 3707 2910 3783">
     <span class='ocr_line' id='line_1_84' title="bbox 2188 3707 2910 3783; baseline -0.003 -20"><span class='ocrx_word' id='word_1_606' title='bbox 2188 3707 2395 3771; x_wconf 85' lang='lat' dir='ltr'><strong>Octav.,</strong></span> <span class='ocrx_word' id='word_1_607' title='bbox 2426 3726 2543 3778; x_wconf 90' lang='lat' dir='ltr'><strong>cap.</strong></span> <span class='ocrx_word' id='word_1_608' title='bbox 2582 3709 2670 3770; x_wconf 80' lang='lat'><strong>~17.</strong></span> <span class='ocrx_word' id='word_1_609' title='bbox 2699 3718 2800 3764; x_wconf 89' lang='lat' dir='ltr'><strong>art.</strong></span> <span class='ocrx_word' id='word_1_610' title='bbox 2833 3711 2910 3783; x_wconf 80' lang='grc'><strong>5).</strong></span> 
     </span>
    </p>
   </div>
   <div class='ocr_carea' id='block_1_84' title="bbox 2256 3803 3781 3874">
    <p class='ocr_par' dir='ltr' id='par_1_84' title="bbox 2256 3803 3781 3874">
     <span class='ocr_line' id='line_1_85' title="bbox 2256 3803 3781 3874; baseline 0.001 -16"><span class='ocrx_word' id='word_1_611' title='bbox 2256 3803 2415 3858; x_wconf 82' lang='lat' dir='ltr'><strong>Aliud</strong></span> <span class='ocrx_word' id='word_1_612' title='bbox 2441 3804 2758 3859; x_wconf 88' lang='lat' dir='ltr'><strong>miraculum</strong></span> <span class='ocrx_word' id='word_1_613' title='bbox 2780 3803 2982 3859; x_wconf 78' lang='lat' dir='ltr'><strong>factum</strong></span> <span class='ocrx_word' id='word_1_614' title='bbox 3009 3803 3172 3859; x_wconf 85' lang='lat' dir='ltr'><strong>fuisse</strong></span> <span class='ocrx_word' id='word_1_615' title='bbox 3194 3804 3424 3874; x_wconf 80' lang='lat' dir='ltr'><strong>gentiles</strong></span> <span class='ocrx_word' id='word_1_616' title='bbox 3445 3804 3781 3874; x_wconf 87' lang='lat' dir='ltr'><strong>jactitabant,</strong></span> 
     </span>
    </p>
   </div>
   <div class='ocr_carea' id='block_1_85' title="bbox 2185 3895 3785 3967">
    <p class='ocr_par' dir='ltr' id='par_1_85' title="bbox 2185 3895 3785 3967">
     <span class='ocr_line' id='line_1_86' title="bbox 2185 3895 3785 3967; baseline 0.001 -19"><span class='ocrx_word' id='word_1_617' title='bbox 2185 3895 2400 3966; x_wconf 89' lang='lat' dir='ltr'><strong>quando</strong></span> <span class='ocrx_word' id='word_1_618' title='bbox 2447 3897 2516 3951; x_wconf 90' lang='lat' dir='ltr'><strong>ob</strong></span> <span class='ocrx_word' id='word_1_619' title='bbox 2558 3896 2903 3951; x_wconf 88' lang='lat' dir='ltr'><strong>simulacrum</strong></span> <span class='ocrx_word' id='word_1_620' title='bbox 2960 3896 3258 3967; x_wconf 60' lang='lat' dir='ltr'><strong>[Esculapii</strong></span> <span class='ocrx_word' id='word_1_621' title='bbox 3313 3896 3617 3967; x_wconf 85' lang='lat' dir='ltr'><strong>Epidauro,</strong></span> <span class='ocrx_word' id='word_1_622' title='bbox 3666 3913 3785 3967; x_wconf 60' lang='lat' dir='ltr'><strong>quae</strong></span> 
     </span>
    </p>
   </div>
   <div class='ocr_carea' id='block_1_86' title="bbox 2188 3982 3790 4058">
    <p class='ocr_par' dir='ltr' id='par_1_86' title="bbox 2188 3982 3790 4058">
     <span class='ocr_line' id='line_1_87' title="bbox 2188 3982 3790 4058; baseline 0.002 -15"><span class='ocrx_word' id='word_1_623' title='bbox 2188 3987 2551 4058; x_wconf 86' lang='lat' dir='ltr'><strong>Peloponnesi</strong></span> <span class='ocrx_word' id='word_1_624' title='bbox 2580 3988 2774 4044; x_wconf 91' lang='lat' dir='ltr'><strong>civitas</strong></span> <span class='ocrx_word' id='word_1_625' title='bbox 2800 3998 2905 4057; x_wconf 90' lang='lat' dir='ltr'><strong>est,</strong></span> <span class='ocrx_word' id='word_1_626' title='bbox 2928 3989 2983 4044; x_wconf 90' lang='lat' dir='ltr'><strong>in</strong></span> <span class='ocrx_word' id='word_1_627' title='bbox 3005 3988 3318 4045; x_wconf 85' lang='lat' dir='ltr'><strong>Tiberinam</strong></span> <span class='ocrx_word' id='word_1_628' title='bbox 3351 3988 3583 4045; x_wconf 89' lang='lat' dir='ltr'><strong>insulam</strong></span> <span class='ocrx_word' id='word_1_629' title='bbox 3614 3982 3790 4047; x_wconf 79' lang='lat' dir='ltr'><strong>trans-</strong></span> 
     </span>
    </p>
   </div>
   <div class='ocr_carea' id='block_1_87' title="bbox 2188 4082 3787 4155">
    <p class='ocr_par' dir='ltr' id='par_1_87' title="bbox 2188 4082 3787 4155">
     <span class='ocr_line' id='line_1_88' title="bbox 2188 4082 3787 4155; baseline 0.001 -16"><span class='ocrx_word' id='word_1_630' title='bbox 2188 4091 2460 4154; x_wconf 90' lang='lat' dir='ltr'><strong>portatum</strong></span> <span class='ocrx_word' id='word_1_631' title='bbox 2481 4126 2493 4147; x_wconf 89' lang='lat'><strong>,</strong></span> <span class='ocrx_word' id='word_1_632' title='bbox 2525 4083 2697 4154; x_wconf 88' lang='lat' dir='ltr'><strong>pestis</strong></span> <span class='ocrx_word' id='word_1_633' title='bbox 2748 4083 2925 4139; x_wconf 89' lang='lat' dir='ltr'><strong>adhuc</strong></span> <span class='ocrx_word' id='word_1_634' title='bbox 2951 4083 3141 4139; x_wconf 87' lang='lat' dir='ltr'><strong>sedata</strong></span> <span class='ocrx_word' id='word_1_635' title='bbox 3164 4082 3264 4138; x_wconf 81' lang='lat' dir='ltr'><strong>fuit</strong></span> <span class='ocrx_word' id='word_1_636' title='bbox 3289 4083 3548 4155; x_wconf 82' lang='lat' dir='ltr'><strong>(Arnob.,</strong></span> <span class='ocrx_word' id='word_1_637' title='bbox 3580 4085 3670 4139; x_wconf 83' lang='lat' dir='ltr'><strong>lib.</strong></span> <span class='ocrx_word' id='word_1_638' title='bbox 3696 4102 3787 4154; x_wconf 80' lang='lat' dir='ltr'><strong>vu,</strong></span> 
     </span>
    </p>
   </div>
   <div class='ocr_carea' id='block_1_88' title="bbox 2190 4174 3787 4247">
    <p class='ocr_par' dir='ltr' id='par_1_88' title="bbox 2190 4174 3787 4247">
     <span class='ocr_line' id='line_1_89' title="bbox 2190 4174 3787 4247; baseline 0.003 -19"><span class='ocrx_word' id='word_1_639' title='bbox 2190 4191 2311 4244; x_wconf 84' lang='lat' dir='ltr'><strong>pag.</strong></span> <span class='ocrx_word' id='word_1_640' title='bbox 2342 4174 2450 4228; x_wconf 70' lang='grc'><strong>248</strong></span> <span class='ocrx_word' id='word_1_641' title='bbox 2481 4184 2528 4227; x_wconf 89' lang='lat' dir='ltr'><strong>et</strong></span> <span class='ocrx_word' id='word_1_642' title='bbox 2557 4192 2695 4245; x_wconf 82' lang='lat' dir='ltr'><strong>seqq.</strong></span> <span class='ocrx_word' id='word_1_643' title='bbox 2718 4175 2760 4247; x_wconf 93' lang='lat'><strong>).</strong></span> <span class='ocrx_word' id='word_1_644' title='bbox 2790 4176 2897 4232; x_wconf 80' lang='lat' dir='ltr'><strong>Res</strong></span> <span class='ocrx_word' id='word_1_645' title='bbox 2926 4185 3108 4231; x_wconf 90' lang='lat' dir='ltr'><strong>autem</strong></span> <span class='ocrx_word' id='word_1_646' title='bbox 3148 4184 3258 4230; x_wconf 84' lang='lat' dir='ltr'><strong>tota</strong></span> <span class='ocrx_word' id='word_1_647' title='bbox 3287 4174 3464 4231; x_wconf 88' lang='lat' dir='ltr'><strong>Ovidii</strong></span> <span class='ocrx_word' id='word_1_648' title='bbox 3505 4176 3787 4233; x_wconf 88' lang='lat' dir='ltr'><strong>decantata</strong></span> 
     </span>
    </p>
   </div>
   <div class='ocr_carea' id='block_1_89' title="bbox 2190 4267 3789 4340">
    <p class='ocr_par' dir='ltr' id='par_1_89' title="bbox 2190 4267 3789 4340">
     <span class='ocr_line' id='line_1_90' title="bbox 2190 4267 3789 4340; baseline 0.003 -18"><span class='ocrx_word' id='word_1_649' title='bbox 2190 4269 2525 4323; x_wconf 90' lang='lat' dir='ltr'><strong>carminibus</strong></span> <span class='ocrx_word' id='word_1_650' title='bbox 2566 4268 2738 4336; x_wconf 90' lang='lat' dir='ltr'><strong>hunc,</strong></span> <span class='ocrx_word' id='word_1_651' title='bbox 2772 4270 2815 4323; x_wconf 91' lang='lat' dir='ltr'><strong>si</strong></span> <span class='ocrx_word' id='word_1_652' title='bbox 2844 4284 2963 4340; x_wconf 77' lang='lat' dir='ltr'><strong>quae</strong></span> <span class='ocrx_word' id='word_1_653' title='bbox 2992 4269 3047 4325; x_wconf 91' lang='lat' dir='ltr'><strong>ei</strong></span> <span class='ocrx_word' id='word_1_654' title='bbox 3077 4267 3245 4331; x_wconf 88' lang='lat' dir='ltr'><strong>lides,</strong></span> <span class='ocrx_word' id='word_1_655' title='bbox 3279 4282 3339 4324; x_wconf 89' lang='lat' dir='ltr'><strong>se</strong></span> <span class='ocrx_word' id='word_1_656' title='bbox 3369 4268 3557 4325; x_wconf 88' lang='lat' dir='ltr'><strong>habuit</strong></span> <span class='ocrx_word' id='word_1_657' title='bbox 3581 4271 3635 4324; x_wconf 91' lang='lat' dir='ltr'><strong>in</strong></span> <span class='ocrx_word' id='word_1_658' title='bbox 3670 4285 3789 4326; x_wconf 86' lang='lat' dir='ltr'><strong>mo-</strong></span> 
     </span>
    </p>
   </div>
   <div class='ocr_carea' id='block_1_90' title="bbox 2189 4360 3783 4433">
    <p class='ocr_par' dir='ltr' id='par_1_90' title="bbox 2189 4360 3783 4433">
     <span class='ocr_line' id='line_1_91' title="bbox 2189 4360 3783 4433; baseline 0.001 -17"><span class='ocrx_word' id='word_1_659' title='bbox 2189 4361 2318 4416; x_wconf 89' lang='lat' dir='ltr'><strong>dum</strong></span> <span class='ocrx_word' id='word_1_660' title='bbox 2351 4361 2561 4431; x_wconf 84' lang='lat' dir='ltr'><strong>(0vid.,</strong></span> <span class='ocrx_word' id='word_1_661' title='bbox 2591 4363 2681 4416; x_wconf 85' lang='lat' dir='ltr'><strong>lib.</strong></span> <span class='ocrx_word' id='word_1_662' title='bbox 2709 4379 2772 4417; x_wconf 85' lang='lat' dir='ltr'><strong>xv</strong></span> <span class='ocrx_word' id='word_1_663' title='bbox 2797 4360 3037 4429; x_wconf 71' lang='lat' dir='ltr'><strong>Metam,</strong></span> <span class='ocrx_word' id='word_1_664' title='bbox 3070 4378 3194 4432; x_wconf 88' lang='lat' dir='ltr'><strong>pag.</strong></span> <span class='ocrx_word' id='word_1_665' title='bbox 3220 4360 3331 4417; x_wconf 79' lang='lat'><strong>580</strong></span> <span class='ocrx_word' id='word_1_666' title='bbox 3355 4372 3400 4414; x_wconf 87' lang='lat' dir='ltr'><strong>et</strong></span> <span class='ocrx_word' id='word_1_667' title='bbox 3426 4365 3589 4433; x_wconf 75' lang='lat' dir='ltr'><strong>seqq.)</strong></span> <span class='ocrx_word' id='word_1_668' title='bbox 3611 4379 3625 4416; x_wconf 88' lang='lat'><strong>:</strong></span> <span class='ocrx_word' id='word_1_669' title='bbox 3650 4361 3783 4417; x_wconf 87' lang='lat' dir='ltr'><strong>Cum</strong></span> 
     </span>
    </p>
   </div>
   <div class='ocr_carea' id='block_1_91' title="bbox 2192 4453 3789 4525">
    <p class='ocr_par' dir='ltr' id='par_1_91' title="bbox 2192 4453 3789 4525">
     <span class='ocr_line' id='line_1_92' title="bbox 2192 4453 3789 4525; baseline 0.001 -18"><span class='ocrx_word' id='word_1_670' title='bbox 2192 4453 2464 4509; x_wconf 87' lang='lat' dir='ltr'><strong>dirissima</strong></span> <span class='ocrx_word' id='word_1_671' title='bbox 2505 4455 2674 4525; x_wconf 87' lang='lat' dir='ltr'><strong>pestis</strong></span> <span class='ocrx_word' id='word_1_672' title='bbox 2704 4454 2932 4510; x_wconf 82' lang='lat' dir='ltr'><strong>Romam</strong></span> <span class='ocrx_word' id='word_1_673' title='bbox 2966 4454 3282 4524; x_wconf 84' lang='lat' dir='ltr'><strong>vicinasque</strong></span> <span class='ocrx_word' id='word_1_674' title='bbox 3316 4455 3568 4524; x_wconf 82' lang='lat' dir='ltr'><strong>regiones</strong></span> <span class='ocrx_word' id='word_1_675' title='bbox 3594 4453 3789 4510; x_wconf 82' lang='lat' dir='ltr'><strong>devas-</strong></span> 
     </span>
    </p>
   </div>
   <div class='ocr_carea' id='block_1_92' title="bbox 489 4544 3788 4631">
    <p class='ocr_par' dir='ltr' id='par_1_92' title="bbox 489 4544 3788 4631">
     <span class='ocr_line' id='line_1_93' title="bbox 489 4544 3788 4631; baseline -0.002 -22"><span class='ocrx_word' id='word_1_676' title='bbox 489 4564 574 4609; x_wconf 88' lang='lat' dir='ltr'><strong>est</strong></span> <span class='ocrx_word' id='word_1_677' title='bbox 598 4555 755 4621; x_wconf 91' lang='lat' dir='ltr'><strong>ratio,</strong></span> <span class='ocrx_word' id='word_1_678' title='bbox 788 4567 843 4610; x_wconf 90' lang='lat' dir='ltr'><strong>et</strong></span> <span class='ocrx_word' id='word_1_679' title='bbox 867 4572 987 4625; x_wconf 68' lang='lat' dir='ltr'><strong>quae</strong></span> <span class='ocrx_word' id='word_1_680' title='bbox 1022 4556 1121 4623; x_wconf 90' lang='lat' dir='ltr'><strong>vis,</strong></span> <span class='ocrx_word' id='word_1_681' title='bbox 1152 4555 1551 4631; x_wconf 72' lang='lat' dir='ltr'><strong>quaelacultas?</strong></span> <span class='ocrx_word' id='word_1_682' title='bbox 1576 4553 1687 4608; x_wconf 87' lang='lat' dir='ltr'><strong>Nec</strong></span> <span class='ocrx_word' id='word_1_683' title='bbox 1713 4563 1932 4608; x_wconf 84' lang='lat' dir='ltr'><strong>externa</strong></span> <span class='ocrx_word' id='word_1_684' title='bbox 1965 4570 2088 4623; x_wconf 89' lang='lat' dir='ltr'><strong>spe-</strong></span> <span class='ocrx_word' id='word_1_685' title='bbox 2115 4544 2169 4607; x_wconf 86' lang='grc' dir='ltr'><strong>Ι)</strong></span> <span class='ocrx_word' id='word_1_686' title='bbox 2194 4557 2365 4614; x_wconf 88' lang='lat' dir='ltr'><strong>taret,</strong></span> <span class='ocrx_word' id='word_1_687' title='bbox 2398 4549 2625 4604; x_wconf 81' lang='lat' dir='ltr'><strong>Romani</strong></span> <span class='ocrx_word' id='word_1_688' title='bbox 2655 4557 2779 4619; x_wconf 85' lang='lat' dir='ltr'><strong>post</strong></span> <span class='ocrx_word' id='word_1_689' title='bbox 2803 4548 3041 4603; x_wconf 89' lang='lat' dir='ltr'><strong>adhibita</strong></span> <span class='ocrx_word' id='word_1_690' title='bbox 3069 4549 3344 4605; x_wconf 90' lang='lat' dir='ltr'><strong>incassum</strong></span> <span class='ocrx_word' id='word_1_691' title='bbox 3404 4549 3636 4603; x_wconf 89' lang='lat' dir='ltr'><strong>humana</strong></span> <span class='ocrx_word' id='word_1_692' title='bbox 3669 4564 3788 4604; x_wconf 87' lang='lat' dir='ltr'><strong>me-</strong></span> 
     </span>
    </p>
   </div>
   <div class='ocr_carea' id='block_1_93' title="bbox 488 4647 2090 4719">
    <p class='ocr_par' dir='ltr' id='par_1_93' title="bbox 488 4647 2090 4719">
     <span class='ocr_line' id='line_1_94' title="bbox 488 4647 2090 4719; baseline -0.002 -14"><span class='ocrx_word' id='word_1_693' title='bbox 488 4651 600 4707; x_wconf 89' lang='lat' dir='ltr'><strong>cies</strong></span> <span class='ocrx_word' id='word_1_694' title='bbox 652 4652 905 4707; x_wconf 86' lang='lat' dir='ltr'><strong>indecora</strong></span> <span class='ocrx_word' id='word_1_695' title='bbox 949 4660 1004 4704; x_wconf 86' lang='lat' dir='ltr'><strong>et</strong></span> <span class='ocrx_word' id='word_1_696' title='bbox 1055 4649 1338 4705; x_wconf 82' lang='lat' dir='ltr'><strong>inhonesta</strong></span> <span class='ocrx_word' id='word_1_697' title='bbox 1386 4661 1496 4717; x_wconf 84' lang='lat' dir='ltr'><strong>est;</strong></span> <span class='ocrx_word' id='word_1_698' title='bbox 1540 4657 1595 4703; x_wconf 91' lang='lat' dir='ltr'><strong>et</strong></span> <span class='ocrx_word' id='word_1_699' title='bbox 1621 4647 1762 4719; x_wconf 90' lang='lat' dir='ltr'><strong>quod</strong></span> <span class='ocrx_word' id='word_1_700' title='bbox 1790 4648 2090 4702; x_wconf 87' lang='lat' dir='ltr'><strong>occultatur</strong></span> 
     </span>
    </p>
   </div>
   <div class='ocr_carea' id='block_1_94' title="bbox 488 4741 2089 4814">
    <p class='ocr_par' dir='ltr' id='par_1_94' title="bbox 488 4741 2089 4814">
     <span class='ocr_line' id='line_1_95' title="bbox 488 4741 2089 4814; baseline -0.006 -10"><span class='ocrx_word' id='word_1_701' title='bbox 488 4745 863 4804; x_wconf 90' lang='lat' dir='ltr'><strong>admirandum</strong></span> <span class='ocrx_word' id='word_1_702' title='bbox 909 4753 989 4799; x_wconf 90' lang='lat' dir='ltr'><strong>est</strong></span> <span class='ocrx_word' id='word_1_703' title='bbox 1011 4786 1027 4811; x_wconf 92' lang='lat'><strong>,</strong></span> <span class='ocrx_word' id='word_1_704' title='bbox 1073 4744 1245 4814; x_wconf 89' lang='lat' dir='ltr'><strong>iisque</strong></span> <span class='ocrx_word' id='word_1_705' title='bbox 1270 4743 1358 4814; x_wconf 93' lang='lat' dir='ltr'><strong>qui</strong></span> <span class='ocrx_word' id='word_1_706' title='bbox 1388 4744 1438 4797; x_wconf 94' lang='lat' dir='ltr'><strong>in</strong></span> <span class='ocrx_word' id='word_1_707' title='bbox 1471 4741 1763 4812; x_wconf 85' lang='lat' dir='ltr'><strong>penetralia</strong></span> <span class='ocrx_word' id='word_1_708' title='bbox 1796 4744 1909 4811; x_wconf 91' lang='lat' dir='ltr'><strong>ipsa</strong></span> <span class='ocrx_word' id='word_1_709' title='bbox 1940 4741 2089 4795; x_wconf 90' lang='lat' dir='ltr'><strong>incu-</strong></span> 
     </span>
    </p>
   </div>
   <div class='ocr_carea' id='block_1_95' title="bbox 489 4826 2088 4909">
    <p class='ocr_par' dir='ltr' id='par_1_95' title="bbox 489 4826 2088 4909">
     <span class='ocr_line' id='line_1_96' title="bbox 489 4826 2088 4909; baseline -0.006 -11"><span class='ocrx_word' id='word_1_710' title='bbox 489 4843 705 4908; x_wconf 85' lang='lat' dir='ltr'><strong>duntur,</strong></span> <span class='ocrx_word' id='word_1_711' title='bbox 756 4840 892 4896; x_wconf 91' lang='lat' dir='ltr'><strong>mire</strong></span> <span class='ocrx_word' id='word_1_712' title='bbox 940 4838 1277 4909; x_wconf 80' lang='lat' dir='ltr'><strong>Splendidum</strong></span> <span class='ocrx_word' id='word_1_713' title='bbox 1300 4878 1314 4902; x_wconf 94' lang='lat'><strong>,</strong></span> <span class='ocrx_word' id='word_1_714' title='bbox 1347 4854 1409 4892; x_wconf 89' lang='lat' dir='ltr'><strong>ac</strong></span> <span class='ocrx_word' id='word_1_715' title='bbox 1440 4826 1784 4906; x_wconf 84' lang='lat' dir='ltr'><strong>pulcherrimi</strong></span> <span class='ocrx_word' id='word_1_716' title='bbox 1813 4834 2088 4905; x_wconf 86' lang='lat' dir='ltr'><strong>cujusdam</strong></span> 
     </span>
    </p>
   </div>
   <div class='ocr_carea' id='block_1_96' title="bbox 490 4931 2080 5008">
    <p class='ocr_par' dir='ltr' id='par_1_96' title="bbox 490 4931 2080 5008">
     <span class='ocr_line' id='line_1_97' title="bbox 490 4931 2080 5008; baseline -0.006 -15"><span class='ocrx_word' id='word_1_717' title='bbox 490 4937 731 5008; x_wconf 91' lang='lat' dir='ltr'><strong>corporis</strong></span> <span class='ocrx_word' id='word_1_718' title='bbox 774 4937 942 4991; x_wconf 87' lang='lat' dir='ltr'><strong>instar</strong></span> <span class='ocrx_word' id='word_1_719' title='bbox 963 4976 978 5001; x_wconf 94' lang='lat'><strong>,</strong></span> <span class='ocrx_word' id='word_1_720' title='bbox 1011 4933 1151 4988; x_wconf 91' lang='lat' dir='ltr'><strong>haud</strong></span> <span class='ocrx_word' id='word_1_721' title='bbox 1181 4931 1515 5003; x_wconf 89' lang='lat' dir='ltr'><strong>aspernanda</strong></span> <span class='ocrx_word' id='word_1_722' title='bbox 1565 4940 1723 4989; x_wconf 89' lang='lat' dir='ltr'><strong>veste.</strong></span> <span class='ocrx_word' id='word_1_723' title='bbox 1756 4931 2080 5001; x_wconf 86' lang='lat' dir='ltr'><strong>contegitur.</strong></span> 
     </span>
    </p>
   </div>
   <div class='ocr_carea' id='block_1_97' title="bbox 492 5024 2090 5095">
    <p class='ocr_par' dir='ltr' id='par_1_97' title="bbox 492 5024 2090 5095">
     <span class='ocr_line' id='line_1_98' title="bbox 492 5024 2090 5095; baseline -0.004 -12"><span class='ocrx_word' id='word_1_724' title='bbox 492 5028 691 5083; x_wconf 83' lang='lat' dir='ltr'><strong>Rerum</strong></span> <span class='ocrx_word' id='word_1_725' title='bbox 724 5028 866 5082; x_wconf 90' lang='lat' dir='ltr'><strong>enim</strong></span> <span class='ocrx_word' id='word_1_726' title='bbox 894 5026 1230 5093; x_wconf 90' lang='lat' dir='ltr'><strong>divinarum,</strong></span> <span class='ocrx_word' id='word_1_727' title='bbox 1282 5041 1400 5080; x_wconf 84' lang='lat' dir='ltr'><strong>mea</strong></span> <span class='ocrx_word' id='word_1_728' title='bbox 1426 5024 1645 5095; x_wconf 90' lang='lat' dir='ltr'><strong>quidem</strong></span> <span class='ocrx_word' id='word_1_729' title='bbox 1676 5024 1940 5079; x_wconf 88' lang='lat' dir='ltr'><strong>sententia</strong></span> <span class='ocrx_word' id='word_1_730' title='bbox 1960 5064 1975 5084; x_wconf 88' lang='lat'><strong>,</strong></span> <span class='ocrx_word' id='word_1_731' title='bbox 2022 5037 2090 5077; x_wconf 90' lang='lat' dir='ltr'><strong>ne</strong></span> 
     </span>
    </p>
   </div>
   <div class='ocr_carea' id='block_1_98' title="bbox 493 5117 2091 5192">
    <p class='ocr_par' dir='ltr' id='par_1_98' title="bbox 493 5117 2091 5192">
     <span class='ocr_line' id='line_1_99' title="bbox 493 5117 2091 5192; baseline -0.006 -16"><span class='ocrx_word' id='word_1_732' title='bbox 493 5121 847 5177; x_wconf 86' lang='lat' dir='ltr'><strong>indicationes</strong></span> <span class='ocrx_word' id='word_1_733' title='bbox 872 5120 1088 5192; x_wconf 89' lang='lat' dir='ltr'><strong>quidem</strong></span> <span class='ocrx_word' id='word_1_734' title='bbox 1120 5120 1263 5190; x_wconf 88' lang='lat' dir='ltr'><strong>ipsas</strong></span> <span class='ocrx_word' id='word_1_735' title='bbox 1294 5127 1652 5187; x_wconf 81' lang='lat' dir='ltr'><strong>externasque</strong></span> <span class='ocrx_word' id='word_1_736' title='bbox 1690 5117 1896 5186; x_wconf 88' lang='lat' dir='ltr'><strong>species</strong></span> <span class='ocrx_word' id='word_1_737' title='bbox 1938 5117 2091 5170; x_wconf 88' lang='lat' dir='ltr'><strong>inho-</strong></span> 
     </span>
    </p>
   </div>
   <div class='ocr_carea' id='block_1_99' title="bbox 494 5209 2083 5283">
    <p class='ocr_par' dir='ltr' id='par_1_99' title="bbox 494 5209 2083 5283">
     <span class='ocr_line' id='line_1_100' title="bbox 494 5209 2083 5283; baseline -0.004 -13"><span class='ocrx_word' id='word_1_738' title='bbox 494 5224 678 5271; x_wconf 90' lang='lat' dir='ltr'><strong>nestas</strong></span> <span class='ocrx_word' id='word_1_739' title='bbox 713 5229 833 5270; x_wconf 89' lang='lat' dir='ltr'><strong>esse</strong></span> <span class='ocrx_word' id='word_1_740' title='bbox 874 5213 1145 5278; x_wconf 87' lang='lat' dir='ltr'><strong>convenit,</strong></span> <span class='ocrx_word' id='word_1_741' title='bbox 1176 5214 1444 5283; x_wconf 85' lang='lat' dir='ltr'><strong>rebusque</strong></span> <span class='ocrx_word' id='word_1_742' title='bbox 1474 5210 1786 5281; x_wconf 90' lang='lat' dir='ltr'><strong>signiﬁcatis</strong></span> <span class='ocrx_word' id='word_1_743' title='bbox 1816 5209 2083 5281; x_wconf 82' lang='lat' dir='ltr'><strong>indignas,</strong></span> 
     </span>
    </p>
   </div>
   <div class='ocr_carea' id='block_1_100' title="bbox 493 5301 2094 5377">
    <p class='ocr_par' dir='ltr' id='par_1_100' title="bbox 493 5301 2094 5377">
     <span class='ocr_line' id='line_1_101' title="bbox 493 5301 2094 5377; baseline -0.004 -13"><span class='ocrx_word' id='word_1_744' title='bbox 493 5325 556 5365; x_wconf 90' lang='lat' dir='ltr'><strong>ac</strong></span> <span class='ocrx_word' id='word_1_745' title='bbox 606 5308 839 5377; x_wconf 86' lang='lat' dir='ltr'><strong>denique</strong></span> <span class='ocrx_word' id='word_1_746' title='bbox 890 5309 1054 5372; x_wconf 87' lang='lat' dir='ltr'><strong>tales,</strong></span> <span class='ocrx_word' id='word_1_747' title='bbox 1102 5318 1154 5361; x_wconf 92' lang='lat' dir='ltr'><strong>ut</strong></span> <span class='ocrx_word' id='word_1_748' title='bbox 1190 5306 1437 5361; x_wconf 90' lang='lat' dir='ltr'><strong>homines</strong></span> <span class='ocrx_word' id='word_1_749' title='bbox 1466 5318 1677 5374; x_wconf 90' lang='lat' dir='ltr'><strong>quoque</strong></span> <span class='ocrx_word' id='word_1_750' title='bbox 1707 5304 1804 5374; x_wconf 91' lang='lat' dir='ltr'><strong>ipsi</strong></span> <span class='ocrx_word' id='word_1_751' title='bbox 1825 5318 1916 5357; x_wconf 88' lang='lat' dir='ltr'><strong>eas</strong></span> <span class='ocrx_word' id='word_1_752' title='bbox 1945 5301 2012 5357; x_wconf 90' lang='lat' dir='ltr'><strong>de</strong></span> <span class='ocrx_word' id='word_1_753' title='bbox 2034 5317 2094 5358; x_wconf 89' lang='lat' dir='ltr'><strong>se</strong></span> 
     </span>
    </p>
   </div>
   <div class='ocr_carea' id='block_1_101' title="bbox 494 5382 2093 5475">
    <p class='ocr_par' dir='ltr' id='par_1_101' title="bbox 494 5382 2093 5475">
     <span class='ocr_line' id='line_1_102' title="bbox 494 5382 2093 5475; baseline -0.005 -17"><span class='ocrx_word' id='word_1_754' title='bbox 494 5399 777 5475; x_wconf 67' lang='lat' dir='ltr'><strong>praedicari</strong></span> <span class='ocrx_word' id='word_1_755' title='bbox 792 5382 1126 5469; x_wconf 74' lang='lat' dir='ltr'><strong>permoleste</strong></span> <span class='ocrx_word' id='word_1_756' title='bbox 1156 5402 1311 5456; x_wconf 91' lang='lat' dir='ltr'><strong>laturi</strong></span> <span class='ocrx_word' id='word_1_757' title='bbox 1341 5401 1469 5467; x_wconf 92' lang='lat' dir='ltr'><strong>sint,</strong></span> <span class='ocrx_word' id='word_1_758' title='bbox 1488 5415 1669 5453; x_wconf 83' lang='lat' dir='ltr'><strong>veram</strong></span> <span class='ocrx_word' id='word_1_759' title='bbox 1692 5407 1785 5453; x_wconf 92' lang='lat' dir='ltr'><strong>aut</strong></span> <span class='ocrx_word' id='word_1_760' title='bbox 1806 5396 2093 5453; x_wconf 82' lang='lat' dir='ltr'><strong>maximam</strong></span> 
     </span>
    </p>
   </div>
   <div class='ocr_carea' id='block_1_102' title="bbox 494 5493 2094 5562">
    <p class='ocr_par' dir='ltr' id='par_1_102' title="bbox 494 5493 2094 5562">
     <span class='ocr_line' id='line_1_103' title="bbox 494 5493 2094 5562; baseline -0.004 -12"><span class='ocrx_word' id='word_1_761' title='bbox 494 5494 716 5550; x_wconf 90' lang='lat' dir='ltr'><strong>omnino</strong></span> <span class='ocrx_word' id='word_1_762' title='bbox 744 5493 1190 5562; x_wconf 89' lang='lat' dir='ltr'><strong>pulchritudinem</strong></span> <span class='ocrx_word' id='word_1_763' title='bbox 1226 5494 1458 5558; x_wconf 89' lang='lat' dir='ltr'><strong>habere,</strong></span> <span class='ocrx_word' id='word_1_764' title='bbox 1508 5501 1599 5547; x_wconf 90' lang='lat' dir='ltr'><strong>aut</strong></span> <span class='ocrx_word' id='word_1_765' title='bbox 1652 5500 1799 5547; x_wconf 90' lang='lat' dir='ltr'><strong>certe</strong></span> <span class='ocrx_word' id='word_1_766' title='bbox 1827 5506 1856 5545; x_wconf 88' lang='lat' dir='ltr'><strong>a</strong></span> <span class='ocrx_word' id='word_1_767' title='bbox 1885 5504 2094 5547; x_wconf 89' lang='lat' dir='ltr'><strong>summa</strong></span> 
     </span>
    </p>
   </div>
   <div class='ocr_carea' id='block_1_103' title="bbox 495 5585 2092 5661">
    <p class='ocr_par' dir='ltr' id='par_1_103' title="bbox 495 5585 2092 5661">
     <span class='ocr_line' id='line_1_104' title="bbox 495 5585 2092 5661; baseline -0.005 -15"><span class='ocrx_word' id='word_1_768' title='bbox 495 5588 827 5661; x_wconf 89' lang='lat' dir='ltr'><strong>turpitudine</strong></span> <span class='ocrx_word' id='word_1_769' title='bbox 869 5587 1082 5654; x_wconf 85' lang='lat' dir='ltr'><strong>abesse,</strong></span> <span class='ocrx_word' id='word_1_770' title='bbox 1109 5600 1162 5644; x_wconf 90' lang='lat' dir='ltr'><strong>ut</strong></span> <span class='ocrx_word' id='word_1_771' title='bbox 1193 5590 1384 5660; x_wconf 88' lang='lat' dir='ltr'><strong>partim</strong></span> <span class='ocrx_word' id='word_1_772' title='bbox 1432 5587 1752 5644; x_wconf 87' lang='lat' dir='ltr'><strong>eruditiores</strong></span> <span class='ocrx_word' id='word_1_773' title='bbox 1800 5585 2092 5651; x_wconf 86' lang='lat' dir='ltr'><strong>oblectent,</strong></span> 
     </span>
    </p>
   </div>
   <div class='ocr_carea' id='block_1_104' title="bbox 498 5678 2100 5754">
    <p class='ocr_par' dir='ltr' id='par_1_104' title="bbox 498 5678 2100 5754">
     <span class='ocr_line' id='line_1_105' title="bbox 498 5678 2100 5754; baseline -0.002 -19"><span class='ocrx_word' id='word_1_774' title='bbox 498 5684 693 5754; x_wconf 83' lang='lat' dir='ltr'><strong>partim</strong></span> <span class='ocrx_word' id='word_1_775' title='bbox 727 5681 869 5749; x_wconf 78' lang='lat' dir='ltr'><strong>vulgi</strong></span> <span class='ocrx_word' id='word_1_776' title='bbox 900 5681 1108 5735; x_wconf 89' lang='lat' dir='ltr'><strong>animos</strong></span> <span class='ocrx_word' id='word_1_777' title='bbox 1159 5682 1380 5738; x_wconf 89' lang='lat' dir='ltr'><strong>minime</strong></span> <span class='ocrx_word' id='word_1_778' title='bbox 1430 5680 1781 5739; x_wconf 83' lang='lat' dir='ltr'><strong>labefactent.</strong></span> <span class='ocrx_word' id='word_1_779' title='bbox 1820 5678 1975 5749; x_wconf 86' lang='lat' dir='ltr'><strong>Apud</strong></span> <span class='ocrx_word' id='word_1_780' title='bbox 2003 5691 2100 5733; x_wconf 90' lang='lat' dir='ltr'><strong>vos</strong></span> 
     </span>
    </p>
   </div>
   <div class='ocr_carea' id='block_1_105' title="bbox 510 5771 2100 5845">
    <p class='ocr_par' dir='ltr' id='par_1_105' title="bbox 510 5771 2100 5845">
     <span class='ocr_line' id='line_1_106' title="bbox 510 5771 2100 5845; baseline -0.004 -14"><span class='ocrx_word' id='word_1_781' title='bbox 510 5785 735 5843; x_wconf 79' lang='lat' dir='ltr'><strong>contra,</strong></span> <span class='ocrx_word' id='word_1_782' title='bbox 774 5791 875 5833; x_wconf 85' lang='lat' dir='ltr'><strong>nec</strong></span> <span class='ocrx_word' id='word_1_783' title='bbox 918 5775 1061 5845; x_wconf 85' lang='lat' dir='ltr'><strong>quod</strong></span> <span class='ocrx_word' id='word_1_784' title='bbox 1115 5774 1522 5843; x_wconf 82' lang='lat' dir='ltr'><strong>intelligendum</strong></span> <span class='ocrx_word' id='word_1_785' title='bbox 1572 5773 1910 5845; x_wconf 88' lang='lat' dir='ltr'><strong>proponitur,</strong></span> <span class='ocrx_word' id='word_1_786' title='bbox 1942 5771 2100 5825; x_wconf 79' lang='lat' dir='ltr'><strong>ﬁdem</strong></span> 
     </span>
    </p>
   </div>
   <div class='ocr_carea' id='block_1_106' title="bbox 2194 4640 3793 4713">
    <p class='ocr_par' dir='ltr' id='par_1_106' title="bbox 2194 4640 3793 4713">
     <span class='ocr_line' id='line_1_107' title="bbox 2194 4640 3793 4713; baseline 0.002 -18"><span class='ocrx_word' id='word_1_787' title='bbox 2194 4641 2532 4710; x_wconf 82' lang='lat' dir='ltr'><strong>dicainenta,</strong></span> <span class='ocrx_word' id='word_1_788' title='bbox 2588 4642 2903 4713; x_wconf 90' lang='lat' dir='ltr'><strong>Delphicum</strong></span> <span class='ocrx_word' id='word_1_789' title='bbox 2954 4642 3232 4697; x_wconf 88' lang='lat' dir='ltr'><strong>oraculum</strong></span> <span class='ocrx_word' id='word_1_790' title='bbox 3285 4641 3355 4696; x_wconf 90' lang='lat' dir='ltr'><strong>ab</strong></span> <span class='ocrx_word' id='word_1_791' title='bbox 3404 4656 3472 4697; x_wconf 87' lang='lat' dir='ltr'><strong>eo</strong></span> <span class='ocrx_word' id='word_1_792' title='bbox 3516 4640 3793 4712; x_wconf 84' lang='lat' dir='ltr'><strong>accipiunt</strong></span> 
     </span>
    </p>
   </div>
   <div class='ocr_carea' id='block_1_107' title="bbox 2196 4734 3791 4807">
    <p class='ocr_par' dir='ltr' id='par_1_107' title="bbox 2196 4734 3791 4807">
     <span class='ocr_line' id='line_1_108' title="bbox 2196 4734 3791 4807; baseline 0.001 -18"><span class='ocrx_word' id='word_1_793' title='bbox 2196 4734 2561 4807; x_wconf 63' lang='lat' dir='ltr'><strong>Aisculapium</strong></span> <span class='ocrx_word' id='word_1_794' title='bbox 2585 4737 2861 4807; x_wconf 82' lang='lat' dir='ltr'><strong>Epidauro</strong></span> <span class='ocrx_word' id='word_1_795' title='bbox 2883 4736 3112 4790; x_wconf 81' lang='lat' dir='ltr'><strong>Romam</strong></span> <span class='ocrx_word' id='word_1_796' title='bbox 3142 4735 3553 4791; x_wconf 89' lang='lat' dir='ltr'><strong>arcessendum.</strong></span> <span class='ocrx_word' id='word_1_797' title='bbox 3587 4736 3791 4792; x_wconf 88' lang='lat' dir='ltr'><strong>Parent</strong></span> 
     </span>
    </p>
   </div>
   <div class='ocr_carea' id='block_1_108' title="bbox 2198 4827 3783 4899">
    <p class='ocr_par' dir='ltr' id='par_1_108' title="bbox 2198 4827 3783 4899">
     <span class='ocr_line' id='line_1_109' title="bbox 2198 4827 3783 4899; baseline 0 -16"><span class='ocrx_word' id='word_1_798' title='bbox 2198 4829 2419 4884; x_wconf 86' lang='lat' dir='ltr'><strong>oraculo</strong></span> <span class='ocrx_word' id='word_1_799' title='bbox 2472 4829 2739 4896; x_wconf 81' lang='lat' dir='ltr'><strong>Romani,</strong></span> <span class='ocrx_word' id='word_1_800' title='bbox 2793 4828 3110 4899; x_wconf 88' lang='lat' dir='ltr'><strong>legatosque</strong></span> <span class='ocrx_word' id='word_1_801' title='bbox 3166 4827 3496 4898; x_wconf 87' lang='lat' dir='ltr'><strong>Epidaurum</strong></span> <span class='ocrx_word' id='word_1_802' title='bbox 3548 4828 3783 4884; x_wconf 88' lang='lat' dir='ltr'><strong>mittunt.</strong></span> 
     </span>
    </p>
   </div>
   <div class='ocr_carea' id='block_1_109' title="bbox 2196 4919 3792 4991">
    <p class='ocr_par' dir='ltr' id='par_1_109' title="bbox 2196 4919 3792 4991">
     <span class='ocr_line' id='line_1_110' title="bbox 2196 4919 3792 4991; baseline 0.001 -15"><span class='ocrx_word' id='word_1_803' title='bbox 2196 4921 2401 4976; x_wconf 90' lang='lat' dir='ltr'><strong>Eorum</strong></span> <span class='ocrx_word' id='word_1_804' title='bbox 2457 4921 2708 4990; x_wconf 91' lang='lat' dir='ltr'><strong>precibus</strong></span> <span class='ocrx_word' id='word_1_805' title='bbox 2763 4929 3009 4975; x_wconf 89' lang='lat' dir='ltr'><strong>annuunt</strong></span> <span class='ocrx_word' id='word_1_806' title='bbox 3065 4919 3341 4990; x_wconf 89' lang='lat' dir='ltr'><strong>Epidaurii</strong></span> <span class='ocrx_word' id='word_1_807' title='bbox 3390 4920 3649 4991; x_wconf 89' lang='lat' dir='ltr'><strong>quidam,</strong></span> <span class='ocrx_word' id='word_1_808' title='bbox 3702 4937 3792 4979; x_wconf 87' lang='lat' dir='ltr'><strong>re-</strong></span> 
     </span>
    </p>
   </div>
   <div class='ocr_carea' id='block_1_110' title="bbox 2198 5010 3790 5081">
    <p class='ocr_par' dir='ltr' id='par_1_110' title="bbox 2198 5010 3790 5081">
     <span class='ocr_line' id='line_1_111' title="bbox 2198 5010 3790 5081; baseline -0.003 -11"><span class='ocrx_word' id='word_1_809' title='bbox 2198 5023 2368 5070; x_wconf 91' lang='lat' dir='ltr'><strong>nuunt</strong></span> <span class='ocrx_word' id='word_1_810' title='bbox 2405 5013 2514 5069; x_wconf 90' lang='lat' dir='ltr'><strong>alii.</strong></span> <span class='ocrx_word' id='word_1_811' title='bbox 2577 5012 2682 5068; x_wconf 89' lang='lat' dir='ltr'><strong>Sed</strong></span> <span class='ocrx_word' id='word_1_812' title='bbox 2729 5012 2956 5068; x_wconf 80' lang='lat' dir='ltr'><strong>Romani</strong></span> <span class='ocrx_word' id='word_1_813' title='bbox 2995 5012 3063 5068; x_wconf 88' lang='lat' dir='ltr'><strong>ab</strong></span> <span class='ocrx_word' id='word_1_814' title='bbox 3110 5010 3425 5081; x_wconf 67' lang='lat' dir='ltr'><strong>Esculapio</strong></span> <span class='ocrx_word' id='word_1_815' title='bbox 3484 5010 3790 5079; x_wconf 83' lang='lat' dir='ltr'><strong>admoniti,</strong></span> 
     </span>
    </p>
   </div>
   <div class='ocr_carea' id='block_1_111' title="bbox 2200 5104 3794 5178">
    <p class='ocr_par' dir='ltr' id='par_1_111' title="bbox 2200 5104 3794 5178">
     <span class='ocr_line' id='line_1_112' title="bbox 2200 5104 3794 5178; baseline -0.003 -13"><span class='ocrx_word' id='word_1_816' title='bbox 2200 5111 2348 5166; x_wconf 90' lang='lat' dir='ltr'><strong>illum</strong></span> <span class='ocrx_word' id='word_1_817' title='bbox 2390 5111 2440 5164; x_wconf 91' lang='lat' dir='ltr'><strong>in</strong></span> <span class='ocrx_word' id='word_1_818' title='bbox 2480 5107 2749 5178; x_wconf 88' lang='lat' dir='ltr'><strong>serpentis</strong></span> <span class='ocrx_word' id='word_1_819' title='bbox 2787 5106 3014 5162; x_wconf 82' lang='lat' dir='ltr'><strong>formam</strong></span> <span class='ocrx_word' id='word_1_820' title='bbox 3055 5113 3313 5161; x_wconf 89' lang='lat' dir='ltr'><strong>mutatum</strong></span> <span class='ocrx_word' id='word_1_821' title='bbox 3337 5144 3353 5171; x_wconf 92' lang='lat'><strong>,</strong></span> <span class='ocrx_word' id='word_1_822' title='bbox 3397 5105 3452 5158; x_wconf 93' lang='lat' dir='ltr'><strong>in</strong></span> <span class='ocrx_word' id='word_1_823' title='bbox 3482 5104 3794 5160; x_wconf 77' lang='lat' dir='ltr'><strong>Tiberinum</strong></span> 
     </span>
    </p>
   </div>
   <div class='ocr_carea' id='block_1_112' title="bbox 2200 5199 3790 5270">
    <p class='ocr_par' dir='ltr' id='par_1_112' title="bbox 2200 5199 3790 5270">
     <span class='ocr_line' id='line_1_113' title="bbox 2200 5199 3790 5270; baseline -0.004 -11"><span class='ocrx_word' id='word_1_824' title='bbox 2200 5203 2427 5259; x_wconf 89' lang='lat' dir='ltr'><strong>insulam</strong></span> <span class='ocrx_word' id='word_1_825' title='bbox 2456 5203 2784 5258; x_wconf 89' lang='lat' dir='ltr'><strong>detulerunt.</strong></span> <span class='ocrx_word' id='word_1_826' title='bbox 2809 5201 2925 5270; x_wconf 86' lang='lat' dir='ltr'><strong>Quo</strong></span> <span class='ocrx_word' id='word_1_827' title='bbox 2948 5200 3088 5256; x_wconf 82' lang='lat' dir='ltr'><strong>facto</strong></span> <span class='ocrx_word' id='word_1_828' title='bbox 3113 5199 3417 5270; x_wconf 89' lang='lat' dir='ltr'><strong>pestilentia</strong></span> <span class='ocrx_word' id='word_1_829' title='bbox 3438 5199 3661 5270; x_wconf 90' lang='lat' dir='ltr'><strong>depulsa</strong></span> <span class='ocrx_word' id='word_1_830' title='bbox 3688 5207 3790 5255; x_wconf 87' lang='lat' dir='ltr'><strong>est.</strong></span> 
     </span>
    </p>
   </div>
   <div class='ocr_carea' id='block_1_113' title="bbox 2202 5290 3795 5366">
    <p class='ocr_par' dir='ltr' id='par_1_113' title="bbox 2202 5290 3795 5366">
     <span class='ocr_line' id='line_1_114' title="bbox 2202 5290 3795 5366; baseline -0.003 -15"><span class='ocrx_word' id='word_1_831' title='bbox 2202 5294 2268 5351; x_wconf 88' lang='lat' dir='ltr'><strong>Et</strong></span> <span class='ocrx_word' id='word_1_832' title='bbox 2309 5302 2376 5350; x_wconf 87' lang='lat' dir='ltr'><strong>ita</strong></span> <span class='ocrx_word' id='word_1_833' title='bbox 2417 5294 2633 5366; x_wconf 90' lang='lat' dir='ltr'><strong>quidem</strong></span> <span class='ocrx_word' id='word_1_834' title='bbox 2674 5293 2929 5362; x_wconf 89' lang='lat' dir='ltr'><strong>Ovidius,</strong></span> <span class='ocrx_word' id='word_1_835' title='bbox 2963 5293 3187 5364; x_wconf 89' lang='lat' dir='ltr'><strong>ejusque</strong></span> <span class='ocrx_word' id='word_1_836' title='bbox 3220 5293 3458 5347; x_wconf 87' lang='lat' dir='ltr'><strong>narratio</strong></span> <span class='ocrx_word' id='word_1_837' title='bbox 3487 5299 3664 5362; x_wconf 90' lang='lat' dir='ltr'><strong>potest</strong></span> <span class='ocrx_word' id='word_1_838' title='bbox 3690 5290 3795 5347; x_wconf 83' lang='lat' dir='ltr'><strong>Va-</strong></span> 
     </span>
    </p>
   </div>
   <div class='ocr_carea' id='block_1_114' title="bbox 2202 5382 3796 5457">
    <p class='ocr_par' dir='ltr' id='par_1_114' title="bbox 2202 5382 3796 5457">
     <span class='ocr_line' id='line_1_115' title="bbox 2202 5382 3796 5457; baseline -0.003 -13"><span class='ocrx_word' id='word_1_839' title='bbox 2202 5390 2320 5445; x_wconf 90' lang='lat' dir='ltr'><strong>lerii</strong></span> <span class='ocrx_word' id='word_1_840' title='bbox 2351 5388 2598 5457; x_wconf 79' lang='lat' dir='ltr'><strong>Maximi,</strong></span> <span class='ocrx_word' id='word_1_841' title='bbox 2631 5387 2802 5455; x_wconf 88' lang='lat' dir='ltr'><strong>Livii,</strong></span> <span class='ocrx_word' id='word_1_842' title='bbox 2833 5385 3145 5452; x_wconf 88' lang='lat' dir='ltr'><strong>Plutarchi,</strong></span> <span class='ocrx_word' id='word_1_843' title='bbox 3175 5385 3380 5441; x_wconf 84' lang='lat' dir='ltr'><strong>Aurelii</strong></span> <span class='ocrx_word' id='word_1_844' title='bbox 3408 5383 3673 5453; x_wconf 83' lang='lat' dir='ltr'><strong>Victoris,</strong></span> <span class='ocrx_word' id='word_1_845' title='bbox 3704 5382 3796 5440; x_wconf 44' lang='lat' dir='ltr'><strong>La.</strong></span> 
     </span>
    </p>
   </div>
   <div class='ocr_carea' id='block_1_115' title="bbox 2203 5478 3798 5554">
    <p class='ocr_par' dir='ltr' id='par_1_115' title="bbox 2203 5478 3798 5554">
     <span class='ocr_line' id='line_1_116' title="bbox 2203 5478 3798 5554; baseline -0.003 -15"><span class='ocrx_word' id='word_1_846' title='bbox 2203 5484 2391 5539; x_wconf 81' lang='lat' dir='ltr'><strong>ctantii</strong></span> <span class='ocrx_word' id='word_1_847' title='bbox 2433 5492 2488 5540; x_wconf 90' lang='lat' dir='ltr'><strong>et</strong></span> <span class='ocrx_word' id='word_1_848' title='bbox 2525 5482 2815 5554; x_wconf 81' lang='lat' dir='ltr'><strong>Augustini</strong></span> <span class='ocrx_word' id='word_1_849' title='bbox 2846 5482 3169 5535; x_wconf 88' lang='lat' dir='ltr'><strong>auctoritate</strong></span> <span class='ocrx_word' id='word_1_850' title='bbox 3198 5478 3507 5535; x_wconf 88' lang='lat' dir='ltr'><strong>conlirmari</strong></span> <span class='ocrx_word' id='word_1_851' title='bbox 3532 5520 3546 5543; x_wconf 90' lang='lat'><strong>,</strong></span> <span class='ocrx_word' id='word_1_852' title='bbox 3581 5479 3798 5534; x_wconf 87' lang='lat' dir='ltr'><strong>tametsi</strong></span> 
     </span>
    </p>
   </div>
   <div class='ocr_carea' id='block_1_116' title="bbox 2202 5569 3799 5644">
    <p class='ocr_par' dir='ltr' id='par_1_116' title="bbox 2202 5569 3799 5644">
     <span class='ocr_line' id='line_1_117' title="bbox 2202 5569 3799 5644; baseline -0.006 -11"><span class='ocrx_word' id='word_1_853' title='bbox 2202 5588 2294 5633; x_wconf 88' lang='lat' dir='ltr'><strong>aut</strong></span> <span class='ocrx_word' id='word_1_854' title='bbox 2319 5578 2578 5642; x_wconf 89' lang='lat' dir='ltr'><strong>brevius,</strong></span> <span class='ocrx_word' id='word_1_855' title='bbox 2611 5587 2703 5631; x_wconf 91' lang='lat' dir='ltr'><strong>aut</strong></span> <span class='ocrx_word' id='word_1_856' title='bbox 2735 5575 2892 5644; x_wconf 89' lang='lat' dir='ltr'><strong>paulo</strong></span> <span class='ocrx_word' id='word_1_857' title='bbox 2917 5574 3073 5629; x_wconf 86' lang='lat' dir='ltr'><strong>aliter</strong></span> <span class='ocrx_word' id='word_1_858' title='bbox 3104 5571 3362 5639; x_wconf 84' lang='lat' dir='ltr'><strong>quasdam</strong></span> <span class='ocrx_word' id='word_1_859' title='bbox 3395 5569 3537 5625; x_wconf 92' lang='lat' dir='ltr'><strong>illius</strong></span> <span class='ocrx_word' id='word_1_860' title='bbox 3564 5569 3799 5624; x_wconf 89' lang='lat' dir='ltr'><strong>circum-</strong></span> 
     </span>
    </p>
   </div>
   <div class='ocr_carea' id='block_1_117' title="bbox 2202 5664 3797 5739">
    <p class='ocr_par' dir='ltr' id='par_1_117' title="bbox 2202 5664 3797 5739">
     <span class='ocr_line' id='line_1_118' title="bbox 2202 5664 3797 5739; baseline -0.003 -14"><span class='ocrx_word' id='word_1_861' title='bbox 2202 5671 2428 5726; x_wconf 78' lang='lat' dir='ltr'><strong>stantias</strong></span> <span class='ocrx_word' id='word_1_862' title='bbox 2458 5669 2741 5727; x_wconf 83' lang='lat' dir='ltr'><strong>retulerth</strong></span> <span class='ocrx_word' id='word_1_863' title='bbox 2768 5670 2786 5739; x_wconf 93' lang='lat'>(</span> <span class='ocrx_word' id='word_1_864' title='bbox 2818 5667 2935 5723; x_wconf 82' lang='lat' dir='ltr'><strong>Val.</strong></span> <span class='ocrx_word' id='word_1_865' title='bbox 2971 5667 3143 5735; x_wconf 50' lang='lat' dir='ltr'><strong>illam,</strong></span> <span class='ocrx_word' id='word_1_866' title='bbox 3176 5667 3264 5722; x_wconf 80' lang='lat' dir='ltr'><strong>lib.</strong></span> <span class='ocrx_word' id='word_1_867' title='bbox 3297 5683 3345 5733; x_wconf 86' lang='grc' dir='ltr'><strong>ι,</strong></span> <span class='ocrx_word' id='word_1_868' title='bbox 3378 5682 3495 5736; x_wconf 86' lang='lat' dir='ltr'><strong>cap.</strong></span> <span class='ocrx_word' id='word_1_869' title='bbox 3530 5665 3585 5731; x_wconf 89' lang='lat'><strong>8,</strong></span> <span class='ocrx_word' id='word_1_870' title='bbox 3640 5664 3669 5737; x_wconf 57' lang='grc' dir='ltr'>ᾗ</span> <span class='ocrx_word' id='word_1_871' title='bbox 3716 5665 3797 5731; x_wconf 68' lang='grc' dir='ltr'><strong>Ξς</strong></span> 
     </span>
    </p>
   </div>
   <div class='ocr_carea' id='block_1_118' title="bbox 2209 5756 3799 5835">
    <p class='ocr_par' dir='ltr' id='par_1_118' title="bbox 2209 5756 3799 5835">
     <span class='ocr_line' id='line_1_119' title="bbox 2209 5756 3799 5835; baseline -0.003 -19"><span class='ocrx_word' id='word_1_872' title='bbox 2209 5763 2345 5831; x_wconf 76' lang='lat' dir='ltr'><strong>Liv.,</strong></span> <span class='ocrx_word' id='word_1_873' title='bbox 2369 5766 2419 5821; x_wconf 87' lang='lat' dir='ltr'><strong>in</strong></span> <span class='ocrx_word' id='word_1_874' title='bbox 2443 5765 2535 5835; x_wconf 79' lang='lat' dir='ltr'><strong>fin.</strong></span> <span class='ocrx_word' id='word_1_875' title='bbox 2586 5763 2673 5818; x_wconf 82' lang='lat' dir='ltr'><strong>lib.</strong></span> <span class='ocrx_word' id='word_1_876' title='bbox 2730 5779 2800 5831; x_wconf 67' lang='grc' dir='ltr'><strong>κ,</strong></span> <span class='ocrx_word' id='word_1_877' title='bbox 2831 5773 2878 5820; x_wconf 88' lang='lat' dir='ltr'><strong>et</strong></span> <span class='ocrx_word' id='word_1_878' title='bbox 2907 5761 2994 5819; x_wconf 81' lang='lat' dir='ltr'><strong>lib.</strong></span> <span class='ocrx_word' id='word_1_879' title='bbox 3026 5778 3183 5831; x_wconf 76' lang='lat' dir='ltr'><strong>xxix,</strong></span> <span class='ocrx_word' id='word_1_880' title='bbox 3214 5776 3330 5831; x_wconf 84' lang='lat' dir='ltr'><strong>cap.</strong></span> <span class='ocrx_word' id='word_1_881' title='bbox 3362 5758 3421 5816; x_wconf 75' lang='lat' dir='ltr'><strong>ll</strong></span> <span class='ocrx_word' id='word_1_882' title='bbox 3453 5776 3469 5826; x_wconf 88' lang='lat'><strong>;</strong></span> <span class='ocrx_word' id='word_1_883' title='bbox 3496 5756 3799 5825; x_wconf 80' lang='lat' dir='ltr'><strong>Plutarch.,</strong></span> 
     </span>
    </p>
   </div>
  </div>
