3986 6058
272 197 378 255 605

1486 203 1552 259 IN
1595 198 1971 271 ARNOBIUM,
2011 205 2165 262 CAP.
2208 205 2326 263 XX.

3440 210 3544 268 606

272 309 471 377 Qumt.
511 327 738 380 romam,
782 321 907 370 tom.
941 328 1011 379 ιι,
1046 332 1167 389 pag.
1196 315 1343 385 286;
1380 316 1556 371 Aurel.
1602 314 1760 385 Vict.,
1795 314 1858 369 de
1884 315 1938 376 A
1962 330 2067 387 quo
2098 317 2326 376 filiorum
2353 321 2637 378 orbitatem
2684 330 2738 378 et
2789 329 3017 379 mortem
3067 322 3235 380 sensit
3280 321 3544 379 acerbius.

274 399 387 456 Vir.
427 402 620 471 illust.,
665 423 782 479 cap.
832 406 935 476 22;
975 409 1238 478 Lactanl.,
1270 409 1359 464 lib.
1392 426 1464 477 ιι,
1500 427 1615 480 cap.
1648 411 1699 477 7,
1733 429 1852 483 pag.

266 496 403 567 175;
436 497 683 573 Aagust.,
717 503 806 558 lib.
837 520 893 559 nt
926 505 992 559 de
1022 505 1195 573 Cirin,
1230 523 1351 578 pag.
1390 506 1460 561 12
1490 516 1536 561 et
1568 509 1656 572 17,
1689 518 1735 562 et
1765 508 1854 563 lib.

262 603 303 645 ι
323 632 339 658 ,
370 608 488 665 cap.
525 591 653 667 16).

337 683 552 741 Ethnici
583 686 765 759 itaque
795 691 1158 762 prtecipunm,
1191 700 1353 765 atque
1384 704 1441 749 ut
1468 695 1600 766 ipsis
1631 693 1852 750 videba-

256 784 368 841 tur,
401 780 721 848 palmarium
756 798 850 852 pro
881 799 974 839 sua
995 828 1009 853 ,
1042 794 1097 842 et
1120 797 1304 842 contra
1332 788 1648 860 religionem
1676 789 1848 845 chris‘

255 866 463 924 tianam
489 883 867 943 argumentum
894 891 959 931 ex
988 877 1099 933 illis
1123 879 1350 951 aliisque
1377 881 1618 950 ejusdem
1640 884 1854 953 generis

252 963 659 1020 narrationibus
692 976 876 1037 petere
906 971 1181 1027 solebant.
1214 973 1323 1029 Nec
1350 974 1613 1031 difiitetur
1635 978 1850 1046 quidem

252 1055 533 1113 Arnobius
572 1060 676 1115 hac
715 1061 767 1116 in
809 1077 870 1119 re
908 1066 1212 1132 articulum,
1248 1068 1404 1123 sicuti
1443 1067 1703 1139 loquitur,
1737 1072 1852 1126 sive

255 1148 541 1208 cardinem
595 1155 762 1210 totius
808 1156 969 1229 hujus
1013 1175 1192 1216 causa:
1241 1177 1303 1218 ac
1351 1165 1663 1235 qumstionis
1709 1168 1850 1221 verti

253 1244 503 1315 (Arnob.,
528 1245 617 1303 lib.
641 1265 747 1317 vn,
782 1269 908 1325 pag.
932 1253 1095 1326 243).
1127 1256 1207 1311 Eo
1230 1258 1373 1312 enim
1404 1258 1535 1314 illud
1562 1274 1849 1331 argumen-

232 1340 369 1392 ‘tum
400 1339 629 1396 validius
657 1342 889 1411 videtur,
923 1347 1064 1417 quod
1095 1346 1213 1404 haec
1257 1351 1308 1404 in
1352 1349 1691 1407 ethnicorum
1742 1368 1843 1408 an-

249 1430 473 1487 nalibus
498 1436 695 1505 scripta
728 1452 839 1508 prae
865 1453 923 1493 se
966 1438 1209 1496 ferebant
1247 1442 1480 1515 aliquam
1512 1447 1754 1501 veritatis
1785 1463 1848 1502 ac

247 1522 500 1579 miraculi
531 1528 792 1597 speciem.
823 1529 1022 1588 Verum
1050 1534 1094 1589 si
1124 1536 1343 1605 penitus
1366 1580 1380 1603 ,
1414 1538 1618 1609 inquit,
1650 1540 1848 1598 intros-

250 1619 545 1688 piciantur,
580 1632 691 1679 tum
723 1625 1099 1698 deprehendes
1129 1632 1259 1687 nihil
1292 1633 1494 1691 habere
1535 1637 1674 1708 quod
1703 1637 1843 1706 diis,

2030 411 2145 468 Non
2175 414 2353 470 minus
2377 416 2579 471 insulse
2609 427 2663 472 et
2692 420 2871 485 inepte
2897 416 3123 472 conficta
3166 414 3335 471 fuerat
3360 414 3548 471 {Escu-

1956 505 2114 576 lapii,
2179 508 2445 577 Epidauro
2500 510 2725 563 Romam
2771 509 3013 576 advecti,
3061 509 3287 563 historia
3327 504 3545 579 (lbid.,

1957 617 2076 671 pag.
2097 599 2254 672 2i9).
2282 600 2397 655 Non
2428 601 2571 655 enim
2593 601 2683 655 ille
2711 601 2991 657 Coronidis
3033 601 3175 656 filius
3213 601 3319 656 dici
3345 610 3544 671 potest,

1953 692 2047 760 qui
2077 691 2299 747 fulmine
2321 693 2599 763 perculsus
2622 693 2845 748 interiit.
2864 692 2970 749 Sed
2991 692 3235 764 quisquis
3255 693 3346 747 ille
3363 692 3542 759 fuerit,

1940 783 2090 839 nihil
2145 785 2287 840 aliud
2331 784 2597 855 Epidauro
2646 786 2865 841 allatum
2914 785 3137 853 ferunt,
3187 785 3292 842 nisi
3336 800 3546 857 magnae

1954 878 2113 933 molis
2158 888 2212 933 et
2243 878 2520 933 immensae
2564 878 2902 949 proceritatis
2944 889 3272 949 serpentem.
3296 877 3430 946 Quis
3452 892 3546 933 au-

1954 979 2059 1024 tem
2087 970 2187 1024 sibi
2216 970 2369 1025 facile
2392 970 2711 1041 persuadeat
2765 970 2925 1026 deum
2970 970 3212 1026 vilissimi
3255 971 3540 1041 serpentis,

1952 1078 2116 1135 super
2169 1073 2363 1119 terram
2412 1064 2708 1134 reptantis,
2742 1064 2978 1121 induisse
3008 1063 3231 1120 formam
3254 1108 3270 1133 ,
3303 1064 3542 1120 membra

1954 1155 2204 1213 habuisse
2224 1157 2290 1212 ad
2312 1157 2742 1213 manducandum
2767 1166 2822 1213 et
2843 1156 3192 1229 digerendum
3216 1158 3539 1224 necessaria,

1951 1257 2112 1321 atque
2142 1260 2197 1306 ut
2227 1253 2391 1307 maria
2423 1259 2818 1319 transuataret,
2874 1267 3009 1307 nave
3058 1250 3387 1322 indiguisse?
3436 1248 3544 1305 Cur

1949 1359 2080 1399 vero
2108 1359 2167 1401 se
2194 1345 2365 1415 ipsum
2418 1346 2598 1413 talem,
2620 1346 2793 1415 qualis
2817 1348 2929 1416 ipse
2957 1354 3038 1401 est
3061 1389 3076 1412 ,
3107 1344 3400 1401 videndum
3434 1357 3539 1399 non

1950 1439 2214 1508 pra:hnit?
2242 1439 2299 1494 Si
2324 1450 2503 1495 autem
2536 1439 2749 1495 mentiri
2776 1448 2831 1494 et
2858 1438 3082 1494 fortnam
3115 1448 3323 1493 mutare
3349 1435 3539 1503 voluit,

1948 1544 2046 1585 cur
2066 1544 2170 1585 non
2201 1531 2358 1586 aliam
2390 1532 2711 1603 assumpsit,
2735 1547 2892 1601 quam
2922 1530 3244 1586 horrendam
3280 1527 3542 1597 serpentis

1949 1622 2400 1679 similitudinem?
2442 1625 2632 1681 Nonne
2678 1627 2852 1681 locum
2889 1622 3164 1680 dubitandi
3190 1621 3337 1678 dedit
3360 1631 3534 1676 utrum

246 1727 549 1787 eorumque
573 1716 758 1774 divino
784 1722 1023 1791 numini,
1050 1740 1115 1781 ac
1141 1741 1369 1783 summa:
1414 1705 1681 1799 maiestati
1710 1705 1844 1786 con?
1873 1705 1923 1767 Β
1950 1719 2277 1789 ι’θνθνίινῖρεθ
2300 1729 2463 1787 esset.
2490 1721 2576 1775 νει
2603 1720 2747 1776 amid
2775 1721 2841 1774 ab
2865 1719 2982 1788 ipso
3012 1716 3167 1789 β¹ί¹¹¹θ
3195 1715 3506 1772 (nmmum?

245 1806 454 1862 veniat.

320 1898 406 1954 Ad
425 1899 755 1961 instauratos
772 1906 1051 1963 enimvero
1074 1908 1228 1966 ludos
1245 1911 1387 1983 quod
1406 1923 1615 1984 spectat
1629 1957 1642 1981 ,
1664 1931 1844 1973 nonne

247 1993 432 2060 dictu,
464 1994 666 2067 inquit,
696 1998 985 2056 absurdum
1016 2012 1099 2059 est
1128 2004 1314 2061 Jovem
1351 2006 1501 2064 illum
1534 2008 1839 2080 Optimum,

242 2086 569 2156 Maximum,
600 2106 784 2146 rerum
811 2095 1082 2157 omnium,
1116 2099 1191 2152 uti
1225 2100 1600 2166 venditabant.
1634 2114 1844 2159 creato-

244 2195 362 2236 rem
383 2224 399 2247 ,
432 2196 626 2254 magna
658 2199 780 2240 cum
811 2189 975 2243 animi
1007 2191 1368 2250 oblectatione
1396 2212 1427 2251 e
1457 2197 1595 2252 coelo
1626 2209 1840 2270 specta-

246 2282 361 2328 tum
394 2276 614 2333 venisse
652 2283 965 2338 cantherios
1007 2301 1099 2341 seu
1129 2302 1295 2358 equos
1327 2300 1623 2359 castratos,
1653 2293 1719 2348 de
1747 2310 1843 2350 ve-

240 2364 466 2422 locitate
505 2377 811 2438 certantes,
852 2376 1161 2446 replicantes
1199 2397 1350 2452 gyros
1380 2393 1603 2453 septem,
1634 2384 1685 2438 id
1717 2396 1798 2440 est
1823 2428 1839 2454 ,

241 2461 447 2528 septies
477 2461 610 2517 circi
642 2473 838 2520 metam
870 2469 1307 2540 circumeuntes,
1342 2483 1565 2545 tumque
1596 2476 1841 2535 homines

239 2566 367 2606 cum
408 2554 655 2610 curribus
696 2562 899 2626 everti,
943 2571 1034 2617 aut
1077 2560 1261 2620 fratris
1290 2564 1415 2623 inde
1445 2569 1640 2624 retrahi
1669 2572 1841 2625 cruri-

241 2643 385 2700 bus?
406 2643 597 2716 (Ibid.,
626 2666 747 2721 pag.
771 2651 879 2707 245
901 2664 947 2707 et
968 2655 1098 2727 seq.)
1123 2656 1254 2725 Quis
1279 2660 1514 2729 prudens
1541 2663 1704 2720 homo
1727 2667 1841 2723 hzec

239 2746 518 2808 tamquam
546 2742 782 2810 pueriles
805 2744 1147 2818 ludicrasque
1180 2750 1577 2811 ludiﬁcatioucs
1612 2772 1721 2811 non
1754 2773 1842 2813 as-

242 2829 602 2898 pernabitur?

313 2921 455 2990 Quid
496 2935 674 2981 autem
713 2926 848 2985 Jove
891 2933 1059 3003 magis
1090 2935 1366 3008 indignum
1417 2956 1575 3011 quam
1609 2943 1686 2998 ira
1717 2943 1840 3002 ideo

237 3016 676 3083 excandescere;
710 3021 829 3090 Quia
861 3039 1050 3079 servus
1080 3026 1132 3081 in
1162 3029 1308 3083 circo
1340 3031 1520 3102 ﬂagris
1548 3018 1745 3102 exesus,
1775 3054 1837 3093 ac

236 3106 433 3162 mortis
480 3110 744 3181 supplicio
793 3111 1018 3170 affectus
1075 3116 1210 3174 fuit?
1255 3120 1312 3177 Si
1358 3124 1500 3178 enim
1534 3140 1719 3194 poenas
1751 3131 1838 3186 ille

238 3201 438 3256 merito
463 3203 630 3271 dedit,
664 3220 769 3260 non
802 3205 985 3264 debuit
1013 3208 1220 3282 Jupiter
1247 3214 1324 3269 ira
1355 3215 1588 3273 incendi.
1631 3220 1684 3275 Si
1709 3238 1836 3277 vero

235 3293 501 3351 innocens
529 3298 739 3353 occisus
762 3309 863 3368 est,
888 3318 1011 3360 reus
1040 3307 1140 3361 fuit
1168 3306 1549 3380 ludimagister,
1575 3314 1661 3383 qui
1686 3315 1833 3370 illum

235 3401 363 3441 cum
400 3400 617 3458 posset,
653 3406 680 3444 a
710 3404 882 3450 morte
910 3411 1016 3451 non
1038 3399 1268 3469 eripuit,
1298 3411 1352 3457 et
1380 3401 1565 3460 Jovem
1595 3422 1832 3476 pronun-

238 3478 393 3533 tiavit
412 3479 573 3551 hujus
593 3498 727 3539 nece
758 3484 1045 3543 offensum.
1075 3490 1175 3559 Qui
1204 3503 1382 3549 autem
1415 3496 1528 3550 fieri
1560 3506 1750 3568 potuit,
1776 3510 1835 3558 ut

234 3586 300 3625 ea
330 3573 473 3627 servi
504 3583 676 3630 morte
704 3576 916 3649 Jupiter
944 3581 1265 3651 laederetur,
1316 3586 1405 3657 qui
1442 3587 1637 3645 dicitur
1663 3592 1831 3662 pluri-

234 3679 359 3720 mos
383 3667 544 3735 plane
572 3667 890 3727 innocentes
919 3674 969 3727 in
999 3675 1084 3730 his
1106 3676 1246 3732 ludis
1266 3680 1473 3735 occisos
1504 3682 1625 3738 laeto
1652 3662 1831 3742 animo

234 3760 627 3828 conspexisse?
653 3761 877 3819 Fatetur
899 3767 1114 3835 quidem
1152 3770 1442 3839 Arnobius,
1471 3776 1515 3829 si
1540 3777 1591 3830 in
1619 3778 1831 3850 religio-

235 3852 322 3904 nis
335 3857 701 3923 contemptum
726 3855 777 3909 id
800 3866 924 3912 ante
951 3858 1105 3914 ludos
1131 3874 1308 3918 actum
1334 3864 1831 3936 fuerit,condonau-

232 3943 365 3998 dum
422 3942 548 3999 Jovi
578 3988 593 4010 ,
624 3948 727 4017 qui
773 3949 1061 4022 sacrilegio
1090 3969 1151 4009 se
1182 3958 1365 4025 sperni
1396 3961 1663 4028 patienter
1690 3965 1829 4022 ferre

232 4035 511 4107 nequibat.
537 4036 630 4093 Sin
653 4048 833 4096 autem
862 4057 1048 4099 errore
1075 4054 1126 4100 et
1156 4061 1281 4102 casu
1312 4047 1506 4105 factum
1536 4063 1637 4121 est,
1667 4056 1830 4112 debe-

230 4133 328 4189 bat
357 4133 540 4205 utique
565 4135 797 4206 optimus
827 4136 1035 4207 Jupiter
1060 4139 1305 4197 humanae
1340 4143 1611 4216 fragilitati
1641 4158 1695 4204 et
1723 4150 1827 4205 im-

230 4223 538 4294 prudentia:
567 4226 696 4282 dare
718 4230 955 4284 veniam.
989 4230 1245 4299 Quamvis
1273 4250 1436 4305 porro
1466 4237 1596 4293 illud
1622 4282 1634 4304 ,
1690 4257 1826 4312 quo-

228 4317 507 4388 quomodo
548 4318 782 4387 factum,
826 4337 932 4377 non
976 4323 1223 4380 debuerit
1276 4327 1501 4383 inultum
1559 4331 1822 4404 relinqui;

231 4409 393 4464 unius
442 4417 619 4466 tamen
672 4424 893 4484 propter
941 4414 1197 4473 delictum
1231 4434 1336 4473 non
1368 4420 1603 4479 debuere
1649 4428 1825 4483 omnis

229 4500 466 4556 civitatis
486 4503 734 4573 populus,
762 4521 952 4563 omnes
982 4507 1214 4576 feminae,
1235 4513 1406 4580 pueri,
1431 4511 1683 4585 infantes,
1707 4519 1827 4575 alii-

228 4606 340 4663 que
366 4594 630 4651 innumeri
656 4599 896 4656 insontes
926 4601 1127 4658 crudeli
1160 4603 1316 4671 plecti
1346 4606 1511 4675 pestis
1537 4611 1822 4680 supplicio.

227 4685 424 4742 Nonne
445 4690 589 4743 enim
617 4690 856 4761 iniquum
884 4703 969 4749 est
991 4705 1067 4750 tot
1094 4696 1343 4754 innoxios
1366 4714 1462 4770 pro
1484 4716 1591 4756 uno
1618 4711 1821 4760 tantum

227 4794 331 4836 reo
355 4785 700 4839 condemnari
728 4793 783 4840 et
806 4788 982 4856 puniri
998 4788 1024 4840 t

306 4873 592 4942 Praeterea,
623 4877 667 4930 si
687 4876 895 4948 Jupiter
922 4878 1075 4935 ludos
1096 4882 1303 4937 restitui
1326 4883 1513 4951 voluit,
1544 4900 1641 4941 cur
1656 4889 1819 4943 rusti-

227 4984 357 5025 cum
403 4969 672 5028 hominem
721 4973 921 5043 potius,
950 4990 1108 5045 quam
1135 4976 1443 5048 Consulem,
1477 4991 1571 5035 aut
1601 4983 1817 5052 pontiﬁ-

224 5076 350 5118 cem
374 5064 691 5130 maximum,
717 5074 808 5120 aut
833 5066 1102 5122 flaminem
1133 5085 1287 5124 suum
1315 5070 1536 5139 dialem,
1562 5072 1818 5132 horumce

224 5156 426 5211 rituum
448 5156 607 5227 longe
636 5159 955 5228 peritiores,
1003 5162 1287 5218 voluntatis
1325 5178 1434 5219 suae
1465 5165 1819 5222 admonebat?

223 5248 339 5303 Cur
386 5250 575 5305 rustici
619 5252 857 5307 animum
881 5253 947 5308 ad
978 5268 1183 5311 morem
1227 5257 1328 5312 sibi
1375 5259 1666 5328 gerendum
1710 5272 1817 5316 non

222 5342 381 5412 prius
408 5340 650 5408 adduxit,
679 5359 838 5413 quam
870 5346 923 5399 in
955 5360 1077 5402 eum
1106 5354 1211 5402 tam
1240 5349 1434 5406 acerbe
1472 5351 1720 5407 sazviret?
1750 5350 1818 5408 At

223 5433 520 5501 completo,
554 5435 894 5505 inquiebant,
923 5440 1344 5496 annuntiationis
1373 5441 1550 5498 officio
1571 5486 1585 5509 ,
1613 5444 1702 5499 ille
1726 5459 1815 5499 sa-

222 5533 391 5582 natus
417 5536 522 5581 est.
552 5527 755 5599 Ecquid
786 5530 1001 5598 mirum,
1031 5533 1244 5603 reponit
1268 5534 1557 5600 Arnobius,
1588 5536 1632 5591 si
1656 5537 1702 5591 is
1726 5539 1817 5610 qui

222 5616 414 5676 intulit
450 5621 645 5676 malum
670 5662 685 5688 ,
745 5623 871 5679 illud
915 5625 1150 5694 repulit?
1199 5627 1425 5682 Reddita
1459 5644 1587 5685 vero
1615 5628 1814 5688 sanitas

220 5711 450 5768 crudele
516 5713 868 5784 proculdubio
916 5715 1018 5772 fuit
1067 5716 1270 5775 homini
1321 5718 1397 5774 illi
1453 5722 1770 5781 beneficium
1797 5768 1811 5794 ,

2018 1810 2206 1866 Nonne
2252 1812 2415 1867 etiam
2461 1811 2637 1883 aliqua
2677 1811 2866 1867 sa!tem
2900 1810 3037 1864 ratio
3062 1806 3131 1864 ab
3159 1808 3388 1864 ethnicis
3419 1805 3541 1862 red-

1945 1903 2119 1960 denda
2167 1913 2283 1960 erat
2311 1947 2327 1972 ,
2373 1918 2471 1961 cur
2514 1919 2738 1975 serpens
2779 1904 2869 1959 ille
2894 1911 3015 1975 post
3037 1916 3191 1956 suum
3217 1900 3286 1955 ad
3310 1901 3538 1956 insulam

1946 1998 2271 2070 Tyberinam
2294 2013 2571 2055 accessum
2594 2015 2701 2054 non
2730 1998 2961 2069 amplius
2981 1994 3375 2066 comparuerit?
3398 1993 3540 2050 Nihil

1945 2093 2142 2163 quippe
2164 2092 2464 2161 christiani,
2488 2108 2667 2164 neque
2694 2092 2908 2164 ipsimet
2931 2088 3288 2162 proculdubio
3314 2088 3536 2153 ethnici,

1944 2182 2086 2238 aliud
2114 2184 2180 2239 de
2210 2186 2309 2240 hac
2337 2182 2514 2240 fabula
2546 2192 2803 2239 noverant
2828 2226 2843 2250 ,
2882 2196 3042 2253 quam
3074 2181 3218 2252 quod
3245 2181 3296 2235 in
3318 2194 3537 2235 eorum-

1942 2275 2065 2331 detn
2095 2278 2374 2348 gentilium
2403 2277 2619 2348 scriptis
2649 2276 2902 2331 traditum
2933 2273 3242 2330 invenitur?

2015 2370 2256 2440 Denique
2301 2370 2504 2425 ethnici
2555 2385 2751 2441 negare
2780 2385 2884 2423 non
2912 2377 3200 2439 potuerunt
3238 2368 3380 2422 hunc
3410 2381 3524 2422 ser-

1942 2473 2156 2535 pentem
2210 2466 2425 2537 generis
2474 2463 2637 2520 fuisse
2690 2463 2924 2530 terreni,
2954 2481 2973 2514 t
3001 2462 3265 2534 quamvis,
3304 2480 3322 2514 ι
3360 2461 3531 2532 inquit

1941 2556 2211 2613 Arnobius
2238 2556 2402 2627 (Ibid.
2433 2599 2448 2622 ,
2494 2575 2613 2629 pag.
2635 2556 2790 2629 9.51),
2824 2575 2843 2608 ί
2883 2558 3043 2611 fuerit
3092 2554 3340 2610 immanis
3370 2563 3426 2611 et
3452 2555 3534 2610 ni-

1940 2648 2099 2715 mius,
2130 2651 2373 2719 quamvis
2401 2648 2553 2704 illum
2581 2649 2648 2705 ab
2678 2646 2903 2719 Regulo,
2935 2647 3201 2703 exercitus
3229 2647 3278 2702 vi
3307 2661 3529 2711 caesum,

1940 2739 2272 2812 longitudine
2318 2743 2560 2815 corporis
2599 2750 2653 2796 et
2706 2740 2915 2796 roboris
2967 2741 3218 2795 anteiret.
3256 2759 3276 2791 ι
3306 2739 3533 2808 Quanta:

1942 2849 2072 2889 vero
2105 2834 2260 2890 molis
2287 2835 2375 2891 hic
2400 2834 2591 2900 fuerit,
2638 2833 2761 2889 inde
2797 2832 3007 2905 judica,
3057 2832 3198 2904 quod
3250 2841 3530 2903 postquam

1939 2926 2033 2982 ille
2059 2927 2124 2982 ab
2149 2925 2317 2984 Attilii
2368 2927 2556 2998 Reguli
2601 2928 2842 2984 exercitu
2891 2926 3032 2998 apud
3085 2922 3380 2999 Bragadhm
3431 2926 3533 2980 ilu-

1941 3019 2109 3083 vium,
2144 3018 2231 3073 ubi
2262 3019 2498 3090 Regulus
2527 3029 2701 3075 castra
2729 3029 3001 3090 posuerat,
3036 3020 3388 3090 interemptus
3408 3028 3529 3084 est;

1864 3091 1910 3156 C
1942 3113 2083 3169 illius
2129 3114 2370 3180 corium,
2425 3114 2648 3168 Romam
2692 3126 2877 3184 postea
2916 3115 3167 3181 missum,
3228 3112 3392 3185 pedes
3434 3112 3532 3168 120

1937 3207 2152 3279 longum
2203 3208 2366 3264 fuisse
2413 3208 2744 3278 perhibetur.
2795 3208 2987 3265 Testes
3027 3209 3184 3279 hujus
3214 3208 3292 3263 rei
3322 3209 3363 3261 si
3390 3222 3527 3277 quos

1935 3299 2232 3367 desideras,
2267 3301 2359 3355 tibi
2392 3300 2638 3355 dabimus
2667 3302 2730 3355 A.
2759 3300 3232 3366 Gellium,Liviutn
3263 3314 3291 3352 a
3315 3299 3531 3353 Valerio

1934 3393 2164 3449 Maximo
2194 3395 2443 3463 citatum,
2476 3394 2701 3450 Plinium
2724 3437 2740 3463 ,
2771 3395 3032 3450 Senecam
3059 3436 3074 3461 ,
3104 3392 3324 3448 Florum
3346 3434 3359 3457 ,
3396 3392 3531 3446 Oro-

1934 3486 2071 3540 sium
2092 3531 2106 3553 ,
2132 3498 2187 3542 et
2216 3488 2348 3541 alios
2371 3487 2547 3543 adhuc
2570 3530 2586 3555 ,
2628 3489 2673 3544 si
2708 3494 2929 3545 necesse
2975 3487 3115 3543 foret
3145 3485 3326 3560 (Geli.,
3358 3484 3447 3540 lib.
3474 3501 3529 3541 vt

1935 3575 2093 3633 Noct.
2141 3579 2329 3648 Attic.,
2382 3596 2497 3651 cap.
2532 3581 2601 3647 5,
2647 3597 2767 3652 pag.
2799 3578 2937 3641 568;
2994 3577 3108 3634 Val.
3146 3576 3291 3634 Max.
3313 3621 3327 3645 ,
3361 3577 3447 3633 lib.
3478 3594 3526 3645 ι,

1931 3686 2047 3744 cap.
2074 3672 2194 3739 ult.,
2227 3671 2368 3744 §19,
2392 3690 2509 3745 pag.
2539 3674 2640 3738 77;
2675 3670 2952 3737 Pliu.,'lib.
2986 3686 3078 3726 vnt
3138 3669 3278 3725 Hist.
3329 3681 3527 3738 natur.,

1931 3781 2047 3835 cap.
2073 3765 2159 3831 15,
2192 3782 2312 3837 pag.
2339 3767 2478 3832 155;
2512 3767 2719 3831 Senec.,
2750 3767 2898 3836 epist.
2930 3766 3019 3831 82,
3040 3783 3160 3838 pag.
3193 3766 3327 3831 156;
3354 3763 3526 3829 Flor.,

1933 3857 2021 3912 lib.
2056 3874 2145 3923 ιιι,
2183 3868 2315 3928 post.
2345 3860 2502 3925 init.;
2533 3860 2708 3923 (tros.,
2740 3860 2828 3914 lib.
2861 3874 2915 3914 tv
2952 3856 3111 3925 Hist,
3146 3874 3263 3928 cap.
3289 3859 3365 3929 8).
3395 3858 3527 3926 Quis

1930 3967 2060 4022 ergo
2083 3951 2328 4007 ethnicos
2354 3968 2460 4006 non
2492 3954 2738 4020 miretur,
2764 3953 2854 4023 qui
2888 3950 3193 4022 huiusmodi
3214 3959 3522 4020 serpentem

1928 4042 2088 4098 deum
2115 4058 2237 4099 esse
2266 4044 2516 4100 dixerunt
2536 4055 2590 4100 et
2618 4045 2936 4100 coluerunt?

2001 4135 2271 4207 Urgebant
2297 4146 2495 4202 tamen,
2522 4138 2610 4194 ubi
2648 4138 2876 4206 primum
2904 4138 3010 4202 ille,
3039 4152 3155 4202 seu,
3183 4145 3243 4191 ut
3284 4136 3519 4202 aiebant,

1929 4227 2287 4299 Esculapius,
2318 4245 2382 4285 ex
2406 4230 2549 4285 libris
2575 4229 2835 4302 fatalibus,
2868 4231 2919 4285 id
2950 4238 3054 4296 est,
3079 4229 3373 4302 Sibyllinis,
3417 4227 3521 4284 Va-

1931 4334 2157 4394 tumque,
2190 4322 2290 4378 hoc
2318 4332 2419 4390 est,
2451 4323 2713 4395 Apollinis
2738 4325 3015 4395 responsis,
3038 4322 3262 4377 Romam
3289 4323 3521 4378 advoca-

1931 4425 2014 4471 tus
2045 4426 2145 4487 est,
2178 4426 2286 4472 tum
2320 4429 2521 4489 pestem
2554 4419 2819 4489 protinus,
2864 4432 2963 4474 nec
2991 4432 3183 4489 magno
3213 4424 3328 4474 sine
3358 4421 3518 4474 mira-

1850 4478 1905 4539 Ῑ)
1930 4510 2051 4565 culo
2081 4478 2247 4567 fuisse
2276 4478 2831 4585 depulsam-(Arnob,
2874 4510 2965 4566 lib.
2994 4478 3107 4577 vn:
3122 4527 3241 4582 pag.
3262 4505 3422 4584 εει).
3453 4513 3523 4566 At

1926 4604 1972 4658 si
1996 4602 2337 4673 Esculapius
2368 4605 2419 4659 in
2450 4616 2752 4674 serpentem
2780 4618 3094 4671 conversus,
3125 4604 3200 4659 uti
3230 4603 3521 4674 reSpondet

1926 4700 2215 4769 Arnobius,
2241 4701 2361 4755 ideo
2384 4700 2585 4754 accitus
2613 4708 2714 4764 est,
2742 4708 2800 4752 ut
2826 4698 2963 4755 hanc
3000 4699 3202 4754 cladem
3231 4708 3514 4762 averteret,

1925 4793 2015 4847 ubi
2048 4800 2173 4847 tunc
2211 4801 2348 4857 erat,
2380 4791 2596 4862 quando
2639 4790 2826 4847 eadem
2870 4792 3058 4848 civitas
3100 4790 3289 4845 eodem
3336 4796 3517 4860 postea

1926 4885 2114 4941 morbo
2153 4885 2311 4941 toties
2348 4883 2543 4940 afilicta
2582 4885 2697 4949 fuit,
2743 4893 2992 4955 tantaque
3037 4884 3311 4939 hominum
3352 4882 3515 4937 millia

1925 4978 2087 5034 simili
2119 4991 2269 5050 peste
2299 4979 2608 5049 perierunt?
2632 4979 2742 5033 Cur
2781 4989 2900 5048 post
2933 4976 3123 5046 templa
3154 4977 3200 5029 ei
3232 4976 3512 5042 mdiiicata,

1926 5088 2034 5127 non
2076 5072 2367 5143 prohibuit,
2401 5088 2468 5128 ne
2500 5074 2615 5128 lues
2658 5074 2887 5144 amplius
2929 5071 3305 5142 grassaretur?
3333 5069 3516 5141 Neque

1924 5166 2126 5222 dixeris
2164 5167 2509 5238 subseqttenti
2552 5177 2791 5235 tempore
2833 5174 3111 5232 corruptos
3142 5160 3306 5219 fuisse
3339 5163 3513 5217 honii-

1924 5274 2051 5314 num
2091 5274 2286 5314 mores.
2318 5258 2375 5314 lu
2408 5261 2615 5330 magnis
2644 5260 2838 5314 etenim
2870 5266 2923 5312 et
2952 5257 3159 5328 populis
3196 5266 3250 5313 et
3289 5257 3516 5312 civitati-

1923 5353 2024 5408 bus
2053 5369 2267 5424 semper
2292 5354 2415 5409 boni
2447 5370 2568 5409 cum
2601 5353 2755 5407 malis
2782 5352 3019 5423 permisti
3049 5352 3283 5406 fuerunt.
3320 5352 3513 5407 Dicen-

1923 5444 2048 5502 dum
2086 5462 2214 5517 ergo
2242 5458 2335 5503 aut
2373 5449 2608 5503 attritum
2646 5447 2808 5502 fuisse
2841 5447 3109 5517 serpentis
3144 5445 3209 5501 ad
3247 5444 3515 5502 sedandas

1924 5549 2106 5610 postea
2135 5551 2312 5610 pestes
2337 5540 2442 5594 vim
2470 5549 2526 5595 et
2552 5549 2891 5611 potestatem,
2916 5550 3008 5595 aut
3029 5538 3157 5594 falsa
3187 5537 3366 5593 fatalia
3396 5554 3514 5593 car—

1922 5632 2099 5696 mina;
2151 5630 2362 5700 quando
2406 5630 2621 5703 quidem
2664 5640 2973 5702 suggest-um
3016 5629 3084 5685 ab
3123 5628 3203 5683 eis
3248 5629 3515 5697 serpentis

1921 5725 2220 5783 remedium
2262 5725 2410 5781 omni
2449 5741 2554 5780 non
2596 5723 2795 5795 profuit
2821 5734 3000 5781 mtate.
3034 5718 3171 5786 Quid
3201 5735 3428 5791 ergotex
3458 5717 3520 5771 iis
