3986 6058
447 180 552 240 607

1698 172 2155 235 DISSERTA'I‘IO
2191 173 2472 234 PRIEVIA

3637 173 3763 237 θῦε

449 290 701 350 omnibus
719 290 1171 359 concludendum,
1197 291 1299 348 nisi
1320 289 1548 364 gentiles
1571 299 1679 347 tota
1699 291 1783 346 via
1803 305 2035 358 errasse,
2067 295 2119 355 Λ
2143 290 2274 358 diis;
2307 306 2370 347 ac
2398 291 2542 348 nulla
2577 290 2678 348 sibi
2711 291 2835 348 data
2862 304 3046 360 causa,
3073 304 3205 364 opes
3242 290 3438 348 horum
3466 291 3759 364 frangere,

449 386 600 458 quia
633 383 769 443 Jove
796 394 852 442 et
888 382 1202 458 IEsculapio
1235 399 1362 442 vere
1400 382 1543 440 edita
1580 382 1745 441 fuisse
1786 383 2041 440 miracula

451 477 815 536 venditabant.

1053 586 1348 629 ARTICULUS
1385 572 1443 628 ti.

451 685 641 748 Quanta
677 685 928 748 evidentia
948 685 1197 736 Arnobius
1230 685 1458 748 ostendat
1491 682 1612 734 falsa
1655 695 1767 734 esse
1791 683 2042 748 miracula,

545 760 621 796 uae
646 749 831 797 ethnici
851 747 975 797 facta
1002 759 1115 796 esse
1158 747 1543 807 contendebant,
1583 759 1693 798 cum
1729 745 2044 795 simulacrum

564 812 684 861 atris
705 823 895 874 magna?
917 824 982 860 ex
1009 809 1236 874 _Phrygio
1250 817 1417 874 monte
1443 809 1648 874 Romam
1667 809 1922 874 adductum
1948 816 2042 874 est,

511 881 662 986 ﬁguli:
685 869 818 923 aliud
836 876 984 926 etiam
1002 869 1137 924 .lovis
1160 869 1211 924 in
1234 872 1444 923 editiore
1463 871 1570 923 loco
1591 870 1653 920 ad
1675 870 1934 924 Orientem
1950 869 2046 920 eol-

591 950 618 986 a
641 949 740 986 um.

531 944 720 987 ocatum
727 971 740 984 .

523 1039 643 1096 Non
690 1039 910 1111 majoris
955 1037 1195 1111 profecto
1246 1037 1500 1110 ponderis
1547 1047 1666 1095 erat
1706 1038 2045 1095 ethnicorum

454 1132 870 1205 argumentatio,
914 1147 978 1188 ex
1020 1132 1126 1188 alio
1163 1139 1219 1188 et
1259 1146 1453 1202 magno
1498 1131 1736 1203 quidem,
1780 1132 1854 1186 uti
1893 1131 2050 1201 jacri-

456 1224 664 1293 tabant,
687 1224 946 1280 miraculo
965 1223 1249 1294 desumpta
1271 1223 1515 1293 (Arnob.,
1531 1224 1620 1278 lib.
1641 1239 1732 1288 vn,
1758 1239 1877 1294 pag.
1893 1220 2046 1293 253).

455 1317 730 1375 Instabant
777 1319 973 1373 etenim
1029 1317 1292 1388 frequenti
1335 1332 1585 1373 sermone
1635 1317 1817 1373 tritum
1869 1315 2050 1372 divino

458 1427 665 1484 magna:
699 1409 902 1473 Matris,
937 1409 1052 1466 sive
1080 1410 1264 1465 Matt-is
1287 1409 1445 1465 deum
1474 1409 1730 1478 subsidio,
1769 1421 2052 1482 postquam

459 1505 654 1562 Vatum
680 1504 832 1576 jussu
861 1504 1073 1576 signum
1106 1504 1248 1559 illius
1271 1517 1338 1558 ex
1364 1503 1596 1575 Phrygio
1619 1514 1801 1560 monte
1826 1503 2051 1559 Romam

459 1607 790 1670 aSportatum
852 1596 988 1664 fuit,
1027 1605 1157 1653 tunc
1184 1595 1395 1651 hostem
1425 1596 1856 1666 potentissimum
1887 1594 2054 1650 Anni—

2145 393 2202 439 ut
2244 383 2459 439 illorum
2507 384 2785 440 fautricem
2830 400 2892 442 se
2937 383 3248 450 exhiberet;
3298 383 3601 441 libertatem
3661 385 3766 442 his

2143 475 2377 544 auferre,
2412 488 2466 532 ut
2500 477 2624 532 illos
2666 475 2733 533 ad
2773 491 3082 550 supremum
3111 476 3394 533 extolleret
3419 475 3766 533 dominatio—-

2145 569 2227 626 nis
2259 569 2548 641 fastigium,
2581 569 2841 643 Phrygios
2866 570 3073 636 delere,
3097 579 3157 625 ut
3185 569 3428 626 Romana
3454 570 3664 637 civitas,
3699 571 3763 628 in

2145 664 2364 720 humani
2388 667 2602 735 generis
2628 665 2918 735 perniciem
2949 673 3094 732 nata,
3125 664 3401 720 innoxium
3429 663 3619 721 orbem
3649 664 3767 720 sub

2143 759 2520 834 gravissimum
2551 759 2826 815 servitutis
2849 759 3035 831 jugum
3066 760 3326 815 mitteret.

2218 851 2491 923 Urgebant
2511 851 2708 908 ethnici
2735 862 2896 923 atque
2916 852 3022 908 alio
3045 851 3306 908 miraculo
3337 865 3578 922 prorsus,
3605 849 3768 906 sicut

2147 945 2279 1018 ipsis
2316 945 2617 1008 videbatur,
2649 946 2917 1017 stupendo
2953 945 3182 1016 probare
3211 961 3399 1002 rursus
3439 945 3768 1002 nitebantur

2149 1037 2282 1095 deos
2305 1053 2432 1095 suos
2454 1040 2626 1110 reipsa
2650 1040 2906 1103 existere,
2937 1047 3100 1111 atque
3129 1038 3392 1094 inﬁnitam
3419 1051 3540 1094 esse
3558 1053 3766 1094 eorum

2151 1141 2474 1203 potestatem
2501 1131 2740 1202 (Arnob.,
2769 1131 2857 1186 lib.
2883 1147 2976 1198 vn,
3023 1150 3076 1201 p.
3118 1131 3271 1202 245).
3299 1130 3551 1188 Testibus
3572 1131 3768 1188 enim-

2154 1239 2305 1289 vero,
2339 1224 2670 1296 inquiebant,
2696 1223 2800 1279 fide
2822 1223 3150 1296 dignissimis
3179 1224 3452 1279 memorias
3481 1223 3767 1294 proditum

2153 1328 2421 1374 eratcum
2461 1318 2780 1389 Capitolium
2820 1317 3044 1373 fulmine
3073 1318 3234 1372 ictum
3274 1315 3485 1383 fuisset,
3520 1327 3650 1372 tunc
3693 1315 3772 1373 de

2154 1408 2286 1466 sede
2332 1425 2427 1466 sua
2477 1409 2818 1466 deturbatum
2865 1409 3013 1465 Jovis
3055 1409 3428 1466 simulacrum.
3471 1407 3575 1466 Ubi
3624 1423 3769 1465 vero

2157 1500 2285 1556 illud
2337 1501 2528 1556 altiore
2583 1503 2702 1558 loco
2746 1501 2816 1558 ad
2881 1503 3145 1558 orientem
3195 1500 3361 1557 solem
3411 1500 3770 1572 haruspicum

2158 1610 2420 1667 responso
2446 1597 2767 1652 collocatum
2798 1605 2902 1662 est,
2928 1605 3039 1651 tum
3073 1596 3309 1670 patuisse
3336 1611 3424 1652 res
3449 1595 3684 1662 abditas,
3708 1603 3771 1652 et

461 1691 639 1747 balem
661 1707 725 1746 ex
753 1689 904 1745 Italia
927 1689 1164 1761 pulsum,
1186 1705 1250 1746 ac
1270 1689 1556 1760 reportatis
1579 1688 1869 1744 illustribus
1891 1687 2056 1742 victo—
2084 1688 2132 1749 B
2159 1690 2213 1745 in
2261 1699 2502 1746 reserata
2554 1689 2877 1746 vindicatum
2923 1689 3202 1745 maleﬁcia.
3255 1688 3448 1745 Narrat
3492 1688 3769 1760 siquidem

462 1785 580 1852 riis,
627 1785 892 1840 redditum
937 1783 1068 1841 Urbi
1114 1782 1296 1851 decus,
1341 1782 1616 1854 multaque
1656 1783 1759 1837 alia
1811 1781 1955 1837 domi
2002 1789 2058 1836 et

465 1879 595 1936 foris
635 1879 890 1950 prteclare
917 1889 1090 1950 gesta,
1127 1894 1244 1950 quae
1283 1878 1538 1933 Romana:
1568 1878 1744 1949 gentis
1778 1888 1973 1932 nomen
2003 1887 2058 1932 et

466 1970 798 2042 majestatem
826 1969 1171 2042 insuperabili
1196 1970 1447 2025 ﬁrmitate
1475 1969 1845 2025 fundaverant.
1870 1967 1918 2024 A
1943 1969 2058 2040 qui-

468 2064 568 2122 bus
609 2074 791 2121 autem
833 2063 1194 2137 Scriptorihus
1241 2063 1358 2120 haec
1403 2064 1592 2121 litteris
1636 2065 1885 2120 mandata
1928 2064 2056 2131 sint,

464 2157 591 2214 alibi
620 2157 955 2215 ostendimus
989 2157 1229 2229 (Dissert.
1263 2158 1318 2212 in
1344 2155 1564 2224 Ninum,
1595 2172 1711 2227 cap.
1745 2156 1834 2224 19,
1863 2164 1964 2210 art.
1992 2155 2057 2226 ι).

538 2249 645 2306 Sed
694 2250 798 2308 hoc
836 2263 1210 2322 argumentum
1254 2250 1523 2307 Arnobius
1567 2251 1851 2317 similibus,
1900 2261 2060 2321 atque

465 2344 735 2416 superius,
765 2344 1040 2416 responsis
1070 2342 1286 2400 refellit.
1317 2342 1456 2399 Nihil
1481 2343 1677 2415 quippe
1699 2342 1833 2409 veri,
1868 2342 2058 2414 inquit,

466 2441 522 2496 in
551 2448 660 2494 tota
697 2438 786 2494 illa
825 2438 1047 2494 historia
1081 2439 1405 2504 continetur,
1434 2438 1536 2493 nisi
1564 2437 1707 2506 quod
1735 2453 1765 2492 a
1795 2451 1924 2508 rege
1961 2437 2058 2491 At-

471 2531 601 2601 talo,
633 2532 790 2587 sicuti
829 2531 1067 2598 aiebant,
1109 2531 1308 2588 missus
1349 2540 1434 2588 est
1473 2547 1539 2586 ex
1578 2530 1811 2602 Phrygio
1853 2539 2057 2596 monte,

471 2637 527 2684 et
575 2625 801 2682 Romam
847 2624 972 2682 inde
1019 2633 1326 2696 asportatos
1400 2639 1595 2695 parvus
1640 2623 1856 2694 quidam
1904 2623 2057 2692 lapis,

470 2719 645 2790 niger,
700 2718 885 2784 durus,
938 2732 1097 2790 asper
1146 2731 1246 2774 nec
1298 2718 1428 2774 satis
1486 2731 1740 2787 expressa
1790 2715 2062 2771 simulacri

469 2809 648 2882 efﬁgie
676 2811 891 2882 politus.
920 2810 1017 2866 Cui
1049 2821 1228 2867 autem
1251 2826 1500 2880 umquam
1530 2811 1861 2882 probabitur.
1889 2809 2062 2865 Anni-

470 2903 671 2972 balem,
700 2904 800 2959 sub
821 2919 927 2975 quo
949 2903 1187 2960 Romana
1216 2903 1512 2976 respublicn
1549 2903 1747 2959 tamdiu
1772 2903 1934 2958 sortis
1953 2917 2065 2958 sua:

470 2996 632 3052 dubia
659 2997 1006 3063 contremuit,
1031 3011 1098 3052 eo
1129 2996 1304 3068 lapide
1353 3006 1650 3068 asportato,
1684 2996 1880 3051 factum
1919 2995 2065 3050 illico

2161 1783 2353 1839 Cicero
2379 1798 2408 1837 a
2435 1782 2693 1838 Romanis
2734 1781 3045 1838 memoriter
3073 1781 3248 1837 adhuc
3279 1781 3448 1836 teneri
3487 1780 3773 1853 quomodo

2164 1877 2409 1948 plurimis
2435 1877 2660 1932 deorum
2689 1875 3008 1944 simulacris,
3041 1892 3107 1932 ex
3137 1890 3230 1931 sua
3263 1875 3316 1932 in
3342 1875 3605 1946 Capitolio
3631 1874 3774 1930 sede

2161 1970 2419 2040 depulsis,
2449 1970 2784 2041 haruspices,
2813 1985 2883 2026 ex
2916 1979 3026 2024 tota
3058 1969 3273 2025 Etruria
3305 1968 3571 2036 accersiti,
3604 1988 3624 2020 ι
3649 1969 3776 2038 jus-

2162 2075 2349 2120 serunt
2386 2065 2733 2120 simulacrum
2762 2063 2912 2120 .Iovis
2942 2062 3118 2119 facere
3145 2063 3336 2134 majus,
3367 2071 3422 2118 et
3456 2063 3510 2118 in
3547 2062 3773 2118 excelso

2163 2159 2454 2222 collocare,
2490 2169 2541 2215 et
2571 2169 2760 2214 contra
2787 2168 2946 2231 atque
2977 2157 3171 2224 fuerat,
3203 2157 3270 2214 ad
3310 2157 3588 2214 Orientem
3631 2171 3773 2212 con-

2163 2262 2410 2317 vertere;
2459 2267 2523 2308 ac
2567 2268 2627 2308 se
2669 2267 2892 2324 sperare
2933 2250 3203 2317 dixerunt,
3249 2250 3298 2306 si
3347 2249 3480 2305 illud
3527 2249 3769 2321 signum,

2164 2347 2307 2418 quod
2333 2347 2548 2413 videtis,
2577 2346 2719 2402 Solis
2745 2355 2946 2412 ortum,
2977 2355 3034 2401 et
3062 2344 3263 2410 forum,
3293 2344 3607 2414 curiamque
3633 2358 3774 2398 con-

2165 2440 2418 2511 spiceret,
2451 2441 2567 2496 fore
2593 2449 2650 2495 ut
2677 2454 2739 2496 ea
2769 2438 3014 2507 consilia,
3043 2453 3162 2509 quae
3199 2437 3334 2493 clam
3372 2436 3598 2494 fuissent
3637 2436 3772 2494 inita

2165 2543 2350 2590 contra
2390 2534 2618 2590 salutem
2660 2533 2816 2591 Urbis
2856 2543 3019 2604 atque
3061 2533 3292 2602 imperii,
3331 2531 3764 2599 illustrarentur;

2167 2637 2225 2682 ut
2267 2643 2297 2682 a
2340 2627 2398 2683 S.
2445 2628 2504 2682 P.
2551 2628 2617 2695 ρ.
2663 2627 2730 2682 Β.
2781 2626 3009 2697 perspici
3051 2635 3294 2698 possent.
3325 2645 3359 2699 t_
3391 2624 3601 2699 (Ciam,
3633 2634 3768 2680 orat.

2165 2721 2200 2775 5
2233 2721 2286 2774 in
2331 2717 2508 2784 Catil.,
2541 2736 2660 2791 pag.
2694 2718 2849 2791 529.)

2238 2814 2374 2882 Quid
2409 2815 2475 2869 ad
2513 2813 2650 2870 hanc
2674 2814 3013 2870 ethnicorum
3051 2812 3566 2884 argumentationem
3593 2816 3773 2868 Arno-

2168 2906 2291 2962 bius
2326 2906 2682 2976 responderit,
2719 2905 2849 2960 nihil
2889 2905 3050 2976 plane
3091 2920 3264 2974 neque
3304 2904 3358 2960 in
3405 2905 3772 2972 manuscripto

2172 3000 2430 3056 librorum
2481 3000 2596 3070 ejus
2641 2999 2827 3056 codice
2875 2999 3047 3072 regio,
3096 3013 3270 3071 neque
3316 3001 3368 3054 in
3412 2996 3516 3053 nlla
3555 2998 3773 3053 illorum

470 3089 574 3146 sibi
601 3103 820 3162 prorsus
839 3089 1172 3154 dissimilem.
1201 3089 1270 3144 ab
1299 3088 1446 3144 Italia
1470 3088 1686 3160 pulsum
1713 3087 2066 3158 etfusalum?
2095 3090 2142 3154 C
2172 3094 2431 3160 editione,
2484 3105 2574 3149 aut
2620 3093 2745 3151 alibi
2803 3094 3016 3164 legitur.
3063 3093 3490 3164 Suspicabuntur
3538 3091 3773 3148 fortasse

470 3183 741 3255 Numquid
761 3194 888 3240 tunc
900 3183 1032 3239 nihil
1048 3183 1298 3239 humanis
1311 3183 1574 3248 consiliis,
1593 3182 1722 3237 nihil
1741 3183 2068 3252 praestantis-

477 3277 738 3332 simorum
770 3277 986 3332 militari
1018 3276 1212 3332 virtute
1240 3275 1610 3342 ducum,nihil
1635 3290 1830 3346 magno
1851 3275 2067 3331 exerci-

481 3385 628 3425 tuum
651 3369 847 3426 robore
861 3380 1039 3425 actum
1063 3378 1146 3424 est
1164 3367 1466 3440 ‘lNumquid
1492 3369 1654 3424 etiam
1673 3367 1765 3422 ille
1796 3368 1951 3439 lapis,
1975 3368 2065 3438 qni

475 3479 544 3519 an
574 3479 680 3519 uno
708 3462 926 3519 homine
954 3463 1158 3535 portari
1186 3462 1342 3518 facile
1380 3471 1610 3532 poterat,
1646 3462 1796 3518 auxit
1839 3462 2070 3516 Romani

473 3557 762 3622 exercitus,
818 3566 875 3612 et
914 3556 1070 3628 fregit
1113 3571 1176 3611 ac
1214 3555 1515 3612 debilitavit
1574 3555 1855 3611 Annibalis
1905 3556 2067 3622 vires,

473 3666 703 3722 eumque
731 3649 952 3717 victum,
977 3658 1030 3705 et
1059 3649 1329 3705 Romanos
1374 3649 1608 3705 victores
1654 3648 1921 3705 reddidit?
1970 3649 2070 3704 Cui

479 3742 694 3800 tandem
730 3743 886 3799 facile
924 3742 1270 3814 persuadebis
1320 3743 1374 3798 in
1429 3743 1737 3813 hujusmodi
1757 3741 1933 3813 lapide
1962 3741 2073 3797 Ma-

476 3848 612 3895 trem
650 3837 810 3893 deum
842 3852 1029 3894 revera
1061 3836 1245 3902 fuisse;
1270 3845 1364 3892 aut
1384 3851 1582 3892 numen
1609 3835 1824 3908 aliquod
1847 3835 1899 3890 in
1929 3834 2074 3890 illius

473 3929 746 3987 habitasse
784 3931 956 3996 venis,
1002 3929 1186 3987 frustis
1209 3945 1273 3986 ac
1293 3928 1649 4002 fragmentis?

549 4023 670 4094 Quo
701 4037 832 4096 ergo
862 4021 1042 4089 modo,
1074 4023 1388 4095 inquit-bant
1415 4021 1640 4088 ethnici,
1671 4022 1904 4078 adventu
1929 4021 2076 4078 illius

477 4129 630 4190 parta
673 4128 758 4175 est
802 4118 1044 4183 victoria,
1094 4118 1140 4172 si
1185 4118 1388 4173 nullum
1434 4119 1488 4173 in
1535 4133 1601 4173 eo
1651 4117 1828 4188 lapide
1877 4132 2075 4173 numen

476 4211 687 4269 inerat?
734 4208 1050 4281 Respondet
1105 4210 1377 4267 Arnobius
1423 4225 1542 4266 eam
1599 4209 1936 4268 tribuendam
1981 4226 2080 4280 pu—

477 4317 754 4374 gnanttum
799 4302 985 4357 virtuti
1019 4317 1084 4356 ac
1119 4301 1436 4368 fortitudini,
1468 4313 1560 4358 aut
1591 4301 1818 4357 fortuna!
1847 4303 2079 4359 mutabi-

478 4393 615 4450 litati
646 4405 702 4451 et
727 4395 1118 4450 inconstantia.
1148 4395 1217 4450 Et
1249 4410 1383 4452 vero
1423 4396 1638 4450 ubinam
1669 4396 1908 4466 gentium
1950 4395 2080 4450 illud

2173 3187 2416 3243 nonnulli
2459 3185 2562 3242 hoc
2602 3187 2671 3242 ab
2711 3186 2804 3243 illo
2843 3186 3082 3256 potuisse
3119 3186 3482 3257 praetermitti;
3512 3185 3772 3256 quoniam

2172 3281 2291 3335 aliis
2326 3281 2394 3336 ad
2429 3281 2674 3353 superius
2700 3281 2911 3351 objecta
2938 3281 3210 3352 responsis
3240 3279 3341 3336 hoc
3369 3281 3501 3336 satis
3528 3279 3773 3336 confuta-

2174 3388 2286 3434 tum
2321 3377 2513 3434 fuerat.
2549 3378 2656 3434 Sed
2683 3381 2804 3450 quia
2831 3379 2941 3448 jam
2980 3378 3348 3433 annotavimus
3389 3376 3462 3432 ibi
3498 3375 3769 3443 fragmen—

2177 3479 2290 3525 tum
2329 3472 2396 3527 ab
2436 3471 2698 3526 oscitante
2736 3470 2958 3526 librario
2997 3479 3328 3541 praepostere
3365 3467 3770 3538 transpositum,

2179 3563 2305 3618 hinc
2346 3563 2521 3634 colligi
2565 3571 2747 3635 potest
2784 3562 3082 3619 Arnobium
3125 3562 3250 3618 huic
3292 3560 3568 3633 gentilium
3610 3573 3770 3628 argu-

2174 3667 2380 3724 mento,
2423 3657 2564 3712 sicut
2594 3666 2648 3712 et
2686 3656 2805 3710 aliis
2844 3656 3138 3728 sigillatim,
3179 3654 3544 3726 reSpondisse,
3581 3652 3675 3709 sed
3710 3666 3771 3706 ea

2175 3749 2356 3804 omnia
2392 3749 2460 3806 de
2500 3749 2678 3805 medio
2719 3749 2950 3816 sublata,
2993 3765 3114 3821 quae
3149 3750 3217 3805 ab
3257 3749 3350 3804 illo
3390 3747 3528 3802 hanc
3566 3745 3621 3801 itt
3659 3759 3770 3800 rem

2177 3841 2377 3910 scripta
2402 3839 2632 3897 fuerant.
2668 3839 2864 3896 Verum
2897 3842 3068 3907 illam,
3091 3842 3137 3898 si
3159 3856 3277 3912 quae
3303 3841 3392 3904 sit,
3418 3841 3679 3910 jacturam
3704 3852 3768 3890 ea

2177 3933 2388 3988 abunde
2431 3932 2701 4004 supplent,
2749 3949 2867 4004 qua:
2908 3950 2975 3989 ex
3015 3933 3136 3989 aliis
3173 3934 3292 4005 ejus
3333 3931 3772 4004 reSponsionihus

2178 4022 2440 4080 hactenus
2484 4024 2785 4093 retulimus,
2833 4035 2888 4081 et
2934 4026 2986 4080 in
3036 4025 3154 4096 ejus
3203 4025 3352 4082 libris
3403 4025 3605 4096 integra
3650 4037 3771 4095 per-

2180 4127 2420 4176 manent.

2251 4210 2310 4267 Si
2345 4209 2472 4282 quid
2513 4221 2691 4268 tamen
2722 4211 2848 4270 huic
2886 4222 3204 4284 argumento
3228 4211 3526 4284 respondit,
3557 4210 3772 4269 minime

2181 4305 2486 4362 dubitamus
2529 4307 2658 4362 illud
2694 4307 2860 4364 fuisse
2888 4309 3244 4380 potissimum,
3281 4306 3424 4378 quod
3458 4303 3665 4373 Cicero,
3701 4321 3770 4360 ex

2182 4415 2289 4471 quo
2329 4401 2508 4472 plura,
2549 4411 2607 4456 ut
2649 4416 2795 4474 saepe
2827 4401 3085 4467 diximus,
3131 4400 3480 4466 delibaverat,
3521 4399 3768 4469 scripturn

478 4490 752 4562 egregium
785 4506 983 4546 numen
1009 4490 1255 4562 degeb.tt,
1284 4505 1408 4545 cum
1435 4490 1597 4545 tantis
1621 4489 1948 4545 exercitibus
1975 4504 2078 4546 εξε-
2105 4487 2160 4547 1)
2183 4495 2421 4565 reliquit.
2471 4495 2599 4550 Post
2640 4495 2800 4551 allata
2847 4494 3108 4566 siquidem
3177 4510 3206 4547 a
3248 4493 3406 4548 nobis
3451 4492 3571 4562 ejus
3615 4491 3771 4546 verba

480 4585 576 4653 sis,
605 4584 832 4641 Romani
859 4584 913 4638 in
939 4599 1207 4640 summum
1242 4582 1538 4655 periculum
1568 4583 1867 4637 venerunt?

555 4679 612 4736 Si
659 4679 778 4750 quis
822 4693 950 4734 vero
999 4685 1225 4749 reponat
1265 4677 1422 4732 deum
1472 4676 1692 4731 Matrem
1747 4685 1857 4730 tum
1906 4674 2076 4731 Roma

485 4772 719 4830 abfuisse
747 4787 841 4843 per
859 4787 1019 4842 quam
1041 4771 1382 4841 longissime;
1413 4771 1482 4824 ah
1512 4769 1749 4825 Arnobio
1776 4768 1955 4824 statim
1985 4785 2078 4824 au-

487 4865 598 4921 diet
627 4866 864 4922 divinum
894 4880 1093 4920 numen
1119 4864 1318 4935 ubique
1346 4878 1562 4933 semper
1586 4879 1707 4919 esse
1738 4878 1996 4934 praesens,
2028 4873 2084 4919 et

489 4971 585 5011 sua
625 4957 725 5012 sub
775 4966 1040 5026 potestate
1085 4956 1261 5012 omnia
1312 4970 1527 5026 semper
1566 4955 1785 5010 habere.
1819 4953 2084 5011 Prmterea

491 5066 604 5118 cur,
639 5051 866 5108 obsecro
893 5061 966 5119 te,
991 5051 1090 5108 dea
1122 5051 1235 5118 illa,
1263 5050 1470 5122 priores
1497 5066 1624 5106 suos
1651 5049 1885 5106 cultores
1914 5049 2083 5122 Phry-

490 5147 606 5216 gios
649 5147 860 5218 penitus
903 5147 1175 5212 deseruit;
1224 5155 1284 5202 ut
1324 5146 1390 5200 ad
1431 5145 1786 5216 potentiorem
1828 5147 2083 5218 populum

492 5240 792 5298 Romanum
824 5244 1236 5316 commigraret?
1273 5241 1417 5298 Talis
1453 5250 1705 5313 tantaque
1745 5242 1931 5298 levitas
1975 5241 2086 5297 Deo

493 5349 602 5390 non
633 5335 906 5406 competit.

567 5428 679 5484 Nec
723 5429 951 5486 Romani
979 5430 1308 5504 respondere
1335 5438 1586 5503 poterant
1611 5429 1734 5486 ideo
1761 5427 1901 5484 hanc
1930 5429 2088 5484 deam

496 5521 563 5579 ad
599 5522 910 5581 bellicosam
941 5524 1180 5595 ipsorum
1208 5535 1422 5597 gentem
1461 5524 1790 5588 transivisse,
1833 5523 1955 5593 quia
2002 5536 2090 5578 res

498 5617 760 5676 militares
806 5620 1042 5677 amabat.
1091 5619 1290 5676 Divina:
1345 5619 1610 5692 siquidem
1662 5617 1926 5689 aequitatis
1986 5631 2091 5672 non

495 5720 632 5781 erat,
651 5713 822 5785 inquit
841 5715 1132 5787 Arnobius,
1157 5713 1407 5772 humanis
1427 5727 1546 5771 sese
1565 5710 1871 5770 immiscere
1890 5708 2090 5769 discor-

2184 4587 2522 4645 continenter
2567 4587 2765 4656 adjecit
2799 4609 2811 4643 :
2854 4609 2872 4640 ι
2910 4588 2980 4643 At
3018 4586 3172 4650 illud,
3217 4587 3364 4641 Jovis
3407 4585 3766 4650 simulacrum,

2184 4681 2256 4736 ita
2295 4681 2664 4738 collocandum
2710 4681 2971 4738 Consules
3010 4681 3083 4736 illi
3119 4688 3424 4737 statuerunt
3454 4698 3468 4733 :
3499 4678 3595 4735 sed
3631 4687 3768 4733 tanta

2185 4773 2285 4828 fuit
2312 4775 2493 4845 operis
2534 4776 2788 4838 tarditas;
2823 4782 2879 4828 ut
2905 4789 3080 4845 neque
3109 4792 3138 4828 a
3166 4774 3542 4845 superioribus
3566 4772 3770 4828 Consu-

2187 4866 2350 4934 libus,
2381 4883 2556 4939 neque
2581 4884 2608 4923 a
2641 4869 2794 4924 nobis
2819 4878 2942 4924 ante
2971 4869 3288 4924 hodiernum
3315 4867 3458 4924 diem
3488 4867 3771 4923 collocare-

2191 4969 2298 5016 tur.
2331 4981 2350 5013 ι
2385 4959 2576 5034 (Ιὺὶά.)
2621 4961 2810 5016 Nonne
2846 4961 2988 5016 enim
3029 4962 3112 5016 his
3151 4961 3236 5018 vel
3273 4962 3403 5017 solis
3444 4959 3624 5016 verbis
3666 4968 3771 5016 tota

2191 5057 2528 5112 ethnicorum
2562 5056 2832 5112 levissima
2863 5056 3102 5124 profecto
3127 5055 3467 5111 ratiocinatio
3495 5053 3651 5125 plane
3678 5067 3771 5123 pe-

2191 5147 2444 5218 nitusque
2467 5147 2805 5202 inﬁrmatur?
2834 5146 3026 5202 Nonne
3047 5147 3132 5202 illa
3157 5144 3454 5202 Consulnm
3485 5143 3771 5200 aliorumve

2190 5241 2513 5313 negligentia
2556 5241 2989 5299 manifestissime
3021 5243 3209 5313 probat
3249 5251 3509 5312 quantum
3546 5238 3772 5311 gentiles

2195 5333 2538 5406 haruspicum
2595 5336 2809 5392 oracula
2854 5350 2919 5391 ac
2968 5333 3370 5405 praedictiones,
3423 5343 3586 5405 atque
3635 5331 3758 5389 illud

2195 5425 2344 5483 Jovis
2373 5429 2720 5484 simulacrum
2755 5428 3162 5498 parvifecerint?

2263 5520 2531 5577 Caeterum
2565 5526 2674 5591 jam
2709 5524 3042 5580 ostendimus
3071 5531 3235 5580 totam
3269 5524 3428 5589 hanc,
3459 5536 3622 5594 quam
3647 5536 3770 5594 gen-

2194 5614 2320 5672 tiles
2358 5616 2741 5673 validissimam
2780 5633 2904 5676 esse
2943 5618 3224 5690 putabant,
3267 5616 3771 5689 argumentationem

2193 5710 2296 5768 alia
2327 5711 2535 5769 ratione
2559 5712 2628 5771 ab
2657 5712 2886 5771 Minucio
2910 5713 3110 5781 Felice,
3136 5713 3362 5783 aliisque
3384 5711 3622 5782 antiquis
3643 5711 3772 5768 scri-
