3986 6058
210 134 319 196 609

1439 137 1504 193 lN
1542 127 1916 206 ARNOBIUM,
1951 133 2108 193 CAP.
2140 122 2279 192 XXI.

3393 133 3496 196 610

207 252 451 325 ptoribus
493 252 695 309 nostris
739 253 929 310 everti.
976 252 1159 311 Multis
1199 253 1463 324 siquidem
1505 256 1802 327 validisque
1832 260 1882 320 Α
1977 253 2248 311 Lucianus
2297 265 2426 325 ergo
2470 252 2630 324 longe
2672 251 2866 324 potiori
2903 250 3113 309 ratione
3149 265 3277 308 suos
3312 253 3502 311 irridet

207 345 480 401 rationum
529 345 882 402 ﬁrmamentis
925 345 1317 414 demonstrant,
1367 349 1412 403 si
1452 349 1582 420 quid
1623 349 1707 404 his
1747 350 1800 406 in

206 436 463 492 omnibus
493 437 828 506 inusitatum,
858 448 912 494 et
940 451 1092 495 extra
1119 449 1439 497 consuetum
1471 451 1678 498 natura:
1707 457 1800 498 or-

204 526 394 586 dinem
422 529 616 586 factum
643 529 827 598 fuerit,
857 531 987 587 illud
1011 546 1174 590 omne
1198 532 1504 589 daemonum
1528 533 1803 592 fraudibus

202 635 272 677 ac
289 621 578 694 praestigiis
594 637 718 680 esse
745 621 1113 681 tribuendum.
1145 627 1246 681 Ast
1271 626 1404 681 nulli
1431 635 1578 682 certe
1607 628 1800 682 mirum

203 712 380 769 videri
419 713 605 780 debet,
649 718 696 771 si
736 731 874 772 unus
905 716 1154 788 idemque
1182 718 1459 788 gentilium
1500 734 1654 774 error
1683 719 1802 790 plu-

201 807 356 864 ribus
391 809 726 880 argumentis
764 811 1106 890 convellatur
1141 816 1462 884 penitusque
1496 813 1804 870 destruatur

202 898 450 971 (Dissert.
482 903 539 958 in
568 901 766 958 Minue.
803 903 1008 970 0ctav.,
1036 922 1152 976 cap.
1186 904 1274 974 19,
1307 915 1408 960 art.
1443 921 1461 961 ι
1487 917 1535 961 et
1559 906 1641 978 ιι).
1661 974 1682 986 1

808 1017 1036 1077 CAPUT
1073 1017 1220 1075 XXI.

707 1135 784 1192 De
813 1136 1014 1208 templis
1040 1135 1323 1208 gentilium.

742 1265 1031 1307 Αιιτιουιυε
1069 1265 1282 1307 PRIMUS.

203 1386 400 1448 Quibus
421 1390 728 1452 argumentis
745 1387 988 1438 Arnobius
1009 1387 1238 1452 ostendat
1249 1384 1384 1436 nulla
1405 1385 1804 1452 diisgtediﬂmnda

272 1464 387 1514 esse
413 1449 614 1514 templa,
640 1463 805 1514 neque
825 1450 1086 1514 tuguriola,
1113 1464 1280 1514 neque
1303 1449 1572 1514 conclavia,
1593 1458 1678 1500 aut
1701 1450 1803 1500 cel-

273 1512 425 1574 lulas;
447 1513 531 1564 ubi
549 1512 612 1562 de
640 1512 819 1576 primis
845 1512 1050 1562 deorum
1083 1512 1281 1576 templis
1310 1520 1363 1576 et
1385 1512 1516 1573 aliis,
1535 1525 1646 1575 quae
1672 1526 1804 1562 mor-

275 1583 468 1625 tuorum
513 1574 766 1624 dumtaxat
810 1575 1059 1625 hominum
1083 1574 1306 1638 sepulcra
1332 1574 1568 1626 themati
1597 1580 1714 1624 item
1737 1576 1803 1624 de

1903 347 2158 418 gentiles,
2197 346 2289 417 qui
2329 345 2525 415 templa
2573 344 2679 400 diis
2721 359 2780 399 se
2824 342 3126 399 fabricasse
3165 343 3502 411 asserebant,

1903 454 1972 495 ne
1994 438 2148 495 tectis
2175 449 2266 494 aut
2291 437 2574 508 penatibus
2593 446 2841 493 carerent
2857 435 3124 509 (Lucian.,
3149 436 3212 492 de
3235 437 3498 508 Sacri/ia,

1904 547 2025 603 pag.
2059 529 2212 603 185).
2241 529 2475 586 Timaeus
2502 538 2704 596 autem,
2738 539 2873 586 teste
2902 528 3082 586 adhuc
3106 531 3389 596 Cicerone,
3417 530 3502 586 vel

1904 631 1964 678 ut
1991 633 2177 679 narrat
2201 623 2542 691 Plutarchus,
2573 621 2828 694 Hegesias
2856 623 3184 694 Magnesius,
3217 623 3386 680 libere
3411 624 3500 693 jo-

1905 716 2210 779 culabatur,
2240 732 2362 772 cum
2393 717 2528 773 dixit
2558 717 2740 774 Dianae
2769 719 3015 788 Ephesiae
3045 718 3303 790 templum
3329 717 3501 774 dena-

1903 813 2165 880 gravisse,
2184 811 2305 883 quia
2325 828 2440 867 cum
2455 812 2508 865 in
2524 822 2676 881 partu
2699 810 3042 883 Olympiadis,
3062 813 3250 868 matris
3263 813 3501 869 Alexano

1903 901 1986 958 dri
2029 902 2224 974 Magni,
2273 905 2450 960 adesse
2493 905 2751 972 coluisset,
2793 904 3034 974 abfuisset
3078 905 3247 971 domo,
3287 904 3341 961 id
3393 915 3496 974 est,

1904 997 2238 1068 templosuo
2269 997 2482 1070 (Cicer.,
2516 999 2605 1053 lib.
2639 1014 2676 1053 ιι
2704 999 2768 1052 de
2792 997 2984 1052 Natur.
3019 999 3188 1066 deor.,
3222 1015 3343 1070 pag.
3371 998 3495 1067 224,

1911 1094 2004 1148 lin.
2045 1093 2150 1158 26;
2194 1093 2488 1161 Mutare/1.,
2522 1095 2576 1149 in
2623 1093 2724 1148 Vit.
2769 1094 2918 1149 Alex.
2952 1092 3159 1165 Magn.,
3190 1111 3311 1166 pag.
3343 1093 3495 1164 665).

1905 1185 2166 1254 Quamvis
2195 1199 2377 1243 autem
2408 1187 2624 1258 quidam
2655 1187 2938 1258 peritiores
2973 1186 3173 1242 ethnici
3203 1186 3318 1242 haec
3352 1187 3504 1242 simi-

1906 1279 2032 1336 liter
2081 1280 2384 1347 irriserint;
2431 1292 2659 1338 caeteros
2702 1291 2878 1338 ulmea
2930 1297 3122 1338 omnes
3165 1283 3278 1338 haec
3319 1282 3503 1353 opinio

1905 1374 2122 1444 penitus
2170 1386 2481 1446 pervaserat
2521 1375 2652 1432 deos
2691 1391 2820 1432 suos
2865 1391 2972 1432 non
3016 1392 3138 1432 esse
3187 1375 3500 1444 immensos,

1905 1477 2068 1536 atque
2099 1465 2304 1522 idcirco
2339 1466 2571 1538 quodam
2619 1469 2738 1524 loco
2773 1467 2974 1523 includi
3012 1478 3065 1522 et
3092 1467 3503 1539 comprehendi.

1977 1556 2339 1626 Quamobrem
2361 1559 2414 1616 bi
2438 1560 2627 1617 iisdem
2649 1561 2753 1617 diis
2776 1562 2888 1616 suis
2908 1575 3016 1616 non
3033 1561 3505 1630 sumptuosissima

273 1639 556 1724 abscondito
574 1639 747 1724 Attidis
765 1640 979 1724 tumulo;
1008 1646 1061 1688 et
1083 1637 1492 1724 papitpliolaquod
1511 1640 1576 1690 ab
1601 1637 1804 1688 invento

1914 1652 2283 1708 tantummodo
2313 1658 2509 1724 templa
2538 1653 2912 1710 condcderant
2935 1695 2951 1720 ,
2981 1653 3099 1720 sed,
3132 1663 3189 1709 ut
3229 1653 3307 1708 ait
3331 1655 3508 1709 Arno-

273 1700 382 1752 Toli
397 1703 561 1766 capite
577 1699 757 1752 dictum
781 1707 877 1763 est,
905 1699 1050 1765 atque
1073 1699 1470 1764 de’polyandriis.

283 1830 424 1887 Deos
445 1829 729 1902 gentilium
758 1827 937 1885 nullos
963 1842 1028 1885 ac
1059 1828 1220 1899 plane
1253 1827 1654 1884 commentitios
1678 1842 1803 1885 esse

206 1940 332 1982 cum
371 1924 640 1981 Arnobius
678 1934 758 1982 tot
799 1924 1071 1994 tantisque
1110 1923 1402 1991 rationum,
1433 1922 1510 1978 uti
1551 1922 1800 1988 vidimus,

209 2021 502 2078 momentis
555 2019 910 2076 invictissime
957 2017 1438 2084 domoustraverit,
1485 2017 1632 2072 nulla
1682 2032 1806 2087 pro-

207 2115 354 2170 fecto
380 2129 518 2184 opus
545 2121 669 2168 erat
703 2113 808 2168 alia
838 2110 1326 2183 argumentatione,
1371 2125 1475 2182 qua
1515 2110 1625 2165 illis
1659 2109 1805 2165 nulla

208 2207 410 2276 templa
455 2204 768 2262 aedificanda
813 2205 1085 2276 probaret.
1129 2203 1327 2260 Verum
1365 2203 1504 2259 ultra
1549 2202 1640 2259 ille
1679 2217 1804 2273 pro-

209 2299 476 2372 greditur,
508 2299 670 2370 idque
706 2298 1072 2370 peculiaribus
1108 2298 1434 2370 quibusdam
1475 2297 1807 2369 argumentis

206 2394 492 2452 evidenter
510 2394 768 2450 ostendit.
793 2394 1013 2464 Templa
1037 2394 1205 2460 enim,
1231 2393 1424 2464 inquit,
1448 2393 1493 2448 si
1514 2392 1620 2448 diis
1647 2393 1805 2449 alicui

208 2489 334 2544 usui
372 2503 494 2545 esse
519 2489 753 2560 possint,
785 2503 884 2544 cur
911 2503 1006 2558 per
1031 2488 1284 2559 plurima,
1313 2496 1601 2557 antequam
1639 2487 1807 2542 aedili-

205 2591 486 2648 carentur,
519 2571 717 2639 saecula
750 2581 815 2638 iis
849 2580 1182 2638 caruerunt?
1209 2581 1424 2636 Primus
1452 2580 1652 2650 quippe
1681 2580 1806 2635 illo-

207 2691 331 2732 rum
362 2675 674 2742 fabricator,
703 2676 778 2731 ait
799 2674 1093 2740 Arnobius,
1128 2692 1147 2725 ι
1181 2682 1274 2728 aut
1300 2672 1618 2729 Phoroneus
1643 2671 1810 2745 .IEgy-

207 2769 378 2842 ptius,
419 2779 512 2826 aut
550 2769 763 2841 Merops
801 2770 897 2825 tibi
937 2769 1104 2824 fuisse
1145 2768 1573 2825 monstrabitur:
1602 2777 1715 2835 aut,
1753 2777 1811 2824 ut

208 2862 378 2919 tradit
395 2863 450 2919 in
472 2862 815 2920 Admirandis
837 2862 1032 2928 Varro,
1054 2861 1206 2920 lovis
1225 2862 1509 2935 progenies
1531 2861 1752 2919 IEacus.
1784 2881 1803 2914 ι

210 2957 454 3030 (Arnob.,
488 2957 577 3012 lib.
609 2973 683 3024 vr,
719 2974 836 3029 pag.
869 2957 974 3014 189
1010 2966 1056 3012 et
1090 2973 1263 3028 seqq.;
1295 2956 1462 3022 lbid.,
1499 2973 1620 3028 pag.
1654 2954 1808 3027 191.)

1906 1743 2047 1813 bius,
2089 1748 2365 1819 tuguriolo,
2407 1749 2668 1803 conclavia
2706 1757 2754 1804 et
2787 1749 3022 1815 cellulas,
3055 1747 3105 1803 id
3137 1756 3239 1814 est,
3285 1748 3503 1816 sacella,

1907 1853 2001 1895 seu
2055 1840 2292 1910 privatas
2341 1841 2599 1912 quasdam
2649 1843 2788 1896 intra
2833 1840 3116 1913 magniﬁca
3164 1841 3255 1897 illa
3307 1842 3508 1913 templa

1907 1929 2184 1999 aediculas,
2215 1931 2303 1989 ubi
2324 1932 2542 2005 aliquod
2570 1933 2656 1988 dei
2685 1933 2984 2005 cujuspiam
3011 1931 3362 1989 simulacrum
3389 1935 3508 1990 col-

1907 2021 2190 2078 Iocabatur
2227 2023 2471 2095 (Arnob.,
2513 2024 2605 2079 lib.
2647 2040 2718 2090 vt,
2753 2041 2875 2097 pag.
2915 2022 3068 2094 191).
3102 2023 3182 2080 Ex
3220 2027 3284 2080 A.
3333 2023 3509 2082 Gellio

1908 2114 2174 2186 siquidem
2225 2115 2483 2172 discimus
2534 2116 2864 2188 Scipionem,
2915 2116 3126 2172 scilicet
3170 2115 3503 2185 Africanum,

1907 2211 2130 2266 solitum
2180 2209 2347 2266 fuisse
2391 2209 2494 2267 sub
2539 2210 2916 2281 crepusculum
2963 2209 3017 2265 in
3063 2209 3386 2282 Capitolium
3429 2211 3510 2266 in-

1909 2313 2075 2370 trare,
2106 2322 2125 2353 ‹
2154 2317 2219 2359 ac
2247 2303 2442 2373 jubere
2479 2304 2678 2375 aperiri
2719 2302 2912 2360 cellam
2942 2301 3112 2368 lovis,
3142 2319 3207 2360 ac
3233 2303 3304 2360 ibi
3334 2305 3507 2360 solum

1908 2393 2000 2452 diu
2028 2399 2248 2462 morari,
2293 2397 2446 2468 quasi
2488 2397 2883 2453 consultantem
2935 2396 3003 2453 de
3048 2396 3343 2468 Republica
3385 2413 3508 2454 cum

1909 2487 2065 2546 Jove.
2093 2509 2112 2542 ι
2136 2489 2224 2562 (Α.
2245 2489 2405 2554 δριιη
2428 2489 2519 2546 lib.
2555 2505 2626 2545 vn
2647 2488 2806 2544 Noct.
2824 2492 2992 2558 attic.,
3009 2505 3128 2561 cap.
3151 2507 3189 2559 ι,
3211 2508 3335 2564 pag.
3354 2489 3507 2564 396.)

1909 2581 2060 2650 Quod
2097 2582 2315 2654 quidem
2347 2583 2417 2638 ab
2449 2581 2620 2650 Livio,
2657 2582 2869 2638 Valerio
2906 2581 3158 2650 Maximo,
3203 2593 3258 2639 et
3289 2585 3512 2642 Aurelio

1911 2671 2130 2729 Victore
2157 2674 2526 2731 conﬁrmatur.
2562 2674 2667 2731 Sed
2697 2674 2839 2731 haud
2867 2674 3179 2748 infrequens
3207 2677 3348 2748 apud
3377 2677 3512 2735 alios

1911 2768 2204 2837 scriptores
2235 2767 2424 2823 harum
2455 2767 2774 2824 cellularum
2810 2769 3014 2824 mentio
3045 2766 3209 2839 (Liv.,
3235 2769 3326 2824 lib.
3355 2785 3508 2839 xxvi,

1911 2876 2028 2932 cap.
2067 2862 2168 2926 l9;
2213 2860 2332 2916 Val.
2369 2861 2544 2929 Mam,
2581 2863 2670 2917 lib.
2707 2878 2763 2930 ιι,
2796 2878 2914 2935 cap.
2943 2863 2999 2930 2,
3030 2861 3058 2935 ς
3084 2862 3152 2928 2;
3183 2864 3311 2919 Aur.
3352 2862 3511 2934 Vict.,

1911 2955 1976 3010 de
2009 2953 2118 3010 Vir.
2142 2956 2326 3019 illust..
2355 2973 2471 3024 cap.
2499 2954 2615 3029 49).
2647 2957 2702 3012 Si
2725 2958 2844 3027 quis
2870 2966 3047 3014 tamen
3077 2958 3380 3030 probaverit
3413 2961 3515 3017 Ar-

207 3049 384 3106 Antea
414 3064 545 3106 vero
574 3050 832 3107 Clemens
858 3049 1266 3106 Alexandrinus
1315 3049 1527 3106 dixerat
1557 3048 1811 3121 (Clemens
1838 3045 1883 3110 C
1915 3047 2136 3104 nobium
2178 3049 2448 3120 tugurioli,
2489 3049 2766 3116 conclavis,
2808 3060 2856 3105 et
2902 3050 3122 3115 cellulis,
3165 3053 3402 3118 nomine,
3443 3052 3512 3111 de

208 3142 523 3211 Alexandrq
555 3143 819 3198 Admonit.
851 3143 920 3198 ad
949 3155 1114 3216 gent.,
1139 3161 1256 3216 cap.
1285 3143 1383 3214 28)
1419 3160 1434 3199 :
1482 3142 1593 3198 Εἴτε
1643 3156 1813 3220 Φορω-

207 3240 326 3298 νεὺς
350 3238 534 3298 insito;
559 3234 640 3303 ἦν,
675 3235 776 3293 εἴτε
802 3237 997 3314 Μέροψ,
1027 3236 1124 3294 εἴτε
1157 3235 1301 3299 ἄλλός
1326 3259 1405 3298 τις
1425 3280 1438 3298 .
1472 3237 1518 3293 οἳ
1545 3242 1691 3304 νεὼς,
1724 3242 1811 3294 καὶ

208 3329 420 3401 βωμοὺς
460 3331 749 3389 ἀνέστησαν
787 3331 980 3390 αὐτοῖς.
1021 3327 1128 3385 Seu
1164 3327 1470 3385 Phoroneus
1508 3329 1596 3384 ille
1634 3331 1808 3400 fuerit,

209 3436 300 3476 seu
328 3420 560 3494 Merops,
586 3437 674 3477 seu
708 3421 893 3492 aliquis
923 3421 1077 3485 alius,
1100 3422 1189 3492 qui
1213 3421 1286 3478 eis
1315 3431 1593 3493 posuerunt
1622 3423 1812 3492 templa

210 3521 260 3569 et
297 3514 505 3570 altaria.
550 3515 656 3573 Sed
700 3514 769 3571 de
809 3513 981 3586 prima
1021 3515 1342 3586 templorum
1374 3515 1608 3586 origine,
1648 3525 1704 3571 et
1742 3517 1812 3572 de

209 3607 385 3666 JEaco
427 3607 554 3664 alibi
581 3608 978 3678 disputavimus
1004 3607 1176 3679 (Tom.
1208 3625 1226 3664 ι
1258 3607 1536 3680 Apparat.,
1560 3625 1680 3680 pag.
1705 3607 1811 3664 7'22

211 3710 262 3756 et
293 3718 451 3774 seqq.,
482 3711 532 3756 et
561 3717 682 3774 pag.
714 3700 903 3774 1118).

285 3794 514 3867 Quoquo
556 3805 737 3851 autem
786 3804 1030 3868 tempore
1060 3796 1258 3868 templa
1287 3796 1393 3854 diis
1422 3797 1666 3854 construi
1695 3813 1808 3854 ca:-

210 3888 414 3962 periut,
443 3889 787 3960 quantumvis
811 3891 922 3946 sint
946 3891 1250 3963 magnifica,
1279 3893 1630 3964 quantumvis
1654 3907 1808 3961 auro,

212 3991 271 4038 et
318 3982 547 4051 gemmis
601 3981 893 4055 fulgentia;
946 3993 1161 4040 constat
1215 4000 1348 4040 sane
1401 4001 1588 4052 verum
1643 3986 1811 4042 Deum

213 4078 370 4135 nullo
441 4093 674 4150 unquam
743 4093 902 4150 posse
957 4079 1176 4134 includi.
1245 4079 1568 4135 Persuasum
1631 4088 1810 4136 tamen

216 4171 423 4229 ethnici
443 4171 860 4230 babebantdeos
887 4187 1016 4229 suos
1038 4173 1144 4228 illis
1155 4157 1314 4229 'totos
1343 4173 1810 4244 concludi,quem-

212 4264 505 4322 admodum
547 4266 600 4321 in
646 4265 895 4322 domibus
965 4267 1080 4322 suis
1133 4266 1401 4322 homines.
1451 4265 1626 4322 Falsa:
1667 4268 1811 4324 enim

213 4358 378 4429 hujus
407 4359 679 4431 apinianis
709 4369 876 4418 testes
903 4376 1064 4432 quam
1097 4360 1358 4431 plurimos
1388 4370 1447 4416 ut
1473 4362 1810 4428 omittamus,

1912 3144 2093 3214 parvis
2122 3143 2351 3210 tedibus,
2381 3161 2500 3216 qua:
2528 3144 2828 3202 minoribus
2852 3145 2958 3202 diis
2983 3149 3222 3203 construi
3244 3149 3510 3214 solebant,

1911 3251 2032 3294 esse
2059 3252 2272 3308 quoque
2301 3237 2734 3309 intelligendum,
2770 3237 2894 3295 huic
2929 3255 3037 3294 non
3077 3254 3301 3310 prorsus
3336 3241 3511 3297 refra-

1909 3329 2174 3400 gabimur.
2219 3329 2327 3386 Sed
2373 3344 2597 3386 necesse
2639 3339 2725 3387 est
2771 3339 2831 3385 ut
2858 3345 3051 3387 omnes
3078 3329 3354 3389 fateantur
3390 3333 3516 3390 illos

1911 3437 2072 3478 veros
2109 3422 2242 3479 deos
2271 3437 2380 3478 non
2419 3437 2562 3490 esse,
2590 3438 2728 3494 quos
2755 3423 2988 3495 gentiles
3023 3423 3138 3480 sive
3165 3427 3364 3497 parvis,
3397 3427 3513 3482 sive

1911 3515 2162 3571 maximis
2220 3515 2426 3572 aedibus
2479 3524 2536 3571 et
2590 3517 2806 3588 templis
2859 3515 3059 3573 includi
3111 3532 3273 3590 posse
3321 3518 3513 3577 existi-

1914 3606 2149 3662 mabant.

1984 3701 2168 3775 Neque
2216 3713 2404 3760 censet
2442 3704 2714 3762 Arnobius
2757 3704 3056 3762 audiendos
3095 3719 3220 3764 esse
3261 3708 3512 3780 gentiles,

1913 3797 2004 3868 qui
2047 3796 2452 3868 respondebant
2483 3813 2544 3853 se
2583 3798 2689 3854 diis
2730 3801 2926 3872 templa
2958 3799 3260 3867 aediﬁcare;
3297 3813 3356 3858 ut
3391 3819 3514 3861 cum

1914 3890 2012 3956 eis,
2045 3890 2114 3946 ibi
2139 3890 2542 3961 quodammodo
2567 3892 2949 3962 praesentibus,
2978 3909 3162 3948 coram
3191 3903 3244 3950 et
3269 3898 3516 3955 cominus

1913 3985 2371 4057 colloquerentur,
2420 4001 2485 4042 ac
2529 3985 2602 4042 dii
2651 3987 2774 4042 illos
2822 3988 2892 4044 de
2939 3991 3188 4058 proximo
3231 3992 3517 4064 loquentes

1913 4077 2184 4134 audirent.
2220 4078 2397 4136 Verus
2435 4078 2716 4136 enimvero
2753 4080 2916 4145 Deus,
2951 4081 3268 4154 immensus,
3306 4096 3360 4142 et
3397 4085 3517 4143 ubi-

1913 4187 2018 4243 que
2065 4187 2304 4242 praescns
2331 4172 2480 4228 audit
2521 4172 2770 4229 homines
2807 4176 3233 4246 quoscumlibet,
3270 4193 3516 4252 quaeque

1915 4263 1969 4318 in
2002 4265 2186 4321 mundi
2217 4275 2370 4336 parte
2401 4266 2686 4336 loquentes
2713 4275 2768 4322 et
2801 4278 3103 4339 precantes,
3136 4279 3298 4343 atque
3335 4274 3516 4330 omnia

1914 4359 2076 4416 etiam
2107 4375 2296 4417 eorum
2324 4360 2556 4434 cogitata
2580 4361 2796 4434 penitus
2829 4365 3129 4435 cognoscit.
3156 4365 3344 4440 Neque
3371 4372 3515 4427 enim

214 4454 346 4527 quid
382 4455 580 4512 clarius
625 4456 709 4511 bis
750 4454 1030 4512 Ciceronis
1073 4453 1288 4510 verbis?
1320 4475 1339 4507 ι
1374 4454 1592 4511 Patrum
1635 4455 1812 4528 (aliter
1837 4443 1891 4505 D
1917 4451 2026 4520 ille,
2053 4453 2194 4509 sicut
2217 4452 2430 4525 Jupiter
2459 4454 2696 4526 fingitur,
2719 4466 2994 4512 eleuatum
3024 4459 3176 4515 venit
3199 4460 3265 4516 ad
3294 4461 3514 4518 jEthio-

214 4549 468 4625 deorum)
493 4550 714 4608 delubra
747 4565 869 4608 esse
891 4551 942 4606 in
970 4548 1190 4606 urbibus
1219 4564 1416 4606 censeo
1443 4568 1456 4604 :
1482 4565 1584 4606 nec
1612 4565 1812 4621 sequor

214 4644 403 4716 Magos
433 4643 744 4710 Persarum,
784 4643 979 4715 quibus
1019 4643 1329 4700 auctoribus
1363 4643 1570 4699 Xerxes
1601 4644 1810 4699 inﬂam-

215 4753 400 4794 masse
428 4739 628 4809 templa
655 4737 877 4794 Graecia:
899 4737 1119 4805 dicitur,
1147 4736 1290 4808 quod
1319 4736 1614 4807 parietibus
1641 4736 1812 4792 inclu-

213 4831 414 4889 derent
437 4831 591 4898 deos,
618 4833 814 4903 quibus
836 4832 1014 4889 omnia
1037 4832 1295 4888 deberent
1320 4845 1442 4888 esse
1470 4830 1702 4901 patentia
1747 4844 1812 4886 ac

216 4924 412 4991 libera,
443 4940 780 4996 quorumque
802 4923 892 4980 hic
918 4923 1150 4980 mundus
1177 4923 1357 4979 omnis
1383 4922 1637 4992 templum
1669 4930 1814 4977 esset

216 5030 278 5078 et
301 5021 511 5078 domus.
541 5020 729 5078 Melius
749 5019 923 5077 Graeci
949 5029 1109 5092 atque
1131 5020 1324 5087 nostri,
1349 5021 1439 5091 qui
1469 5028 1529 5075 ut
1552 5027 1814 5090 augerent

220 5117 477 5190 pietatem
508 5117 562 5172 in
593 5117 745 5179 deos.
778 5115 998 5173 easdem
1027 5116 1170 5181 illos,
1205 5130 1267 5170 ac
1298 5129 1420 5183 nos,
1457 5113 1620 5170 urbes
1658 5113 1810 5168 inco-

215 5208 334 5269 lere
361 5211 666 5266 voluerunt.
709 5207 898 5265 Adfert
936 5207 1078 5264 enim
1121 5207 1238 5262 haec
1270 5206 1454 5276 opinio
1497 5203 1811 5276 religionem

213 5305 406 5362 utilem
427 5303 750 5360 civitatibus.
780 5321 800 5356 ι
822 5301 1034 5376 (Ciam,
1059 5301 1146 5356 lib.
1170 5316 1207 5356 ιι
1229 5299 1292 5354 tle
1313 5298 1513 5371 Legib..
1538 5315 1657 5369 pag.
1678 5296 1806 5362 355,

216 5398 317 5454 lin.
345 5397 466 5468 41.)
494 5395 601 5454 Sed
629 5395 715 5452 hic
741 5411 965 5452 acumen
987 5394 1357 5451 desideramus
1387 5391 1690 5457 Ciceronis,
1719 5389 1809 5461 qui

216 5490 513 5557 nesciebat,
548 5499 642 5546 aut
668 5491 848 5563 potius
873 5488 1084 5546 nescire
1105 5502 1166 5544 se
1192 5485 1588 5554 dissimulabat,
1623 5499 1811 5541 verum

216 5583 395 5641 Deum
433 5598 553 5640 esse
589 5583 935 5649 immensum,
969 5579 1277 5652 nulliusque
1308 5579 1411 5638 loci
1449 5577 1624 5650 spatio
1655 5591 1815 5650 posse

214 5675 607 5740 circumscribi.

1915 4561 2032 4618 pas,
2056 4547 2221 4602 immo
2247 4563 2377 4604 vero
2406 4547 2584 4605 locum
2607 4557 2820 4606 mutare
2846 4565 3138 4624 numquam
3167 4563 3346 4626 potest
3373 4555 3516 4620 (llo-

1915 4640 2250 4706 mer.,lliad.
2299 4657 2338 4708 ι,
2372 4641 2613 4713 pag.20;
2661 4640 2900 4710 Luciam,
2944 4645 3008 4699 de
3028 4645 3290 4714 Sacri/ia,
3316 4648 3516 4720 p.186;

1917 4733 2131 4788 Diodor.
2189 4732 2380 4799 Sicul.,
2457 4734 2546 4788 lib.
2595 4749 2611 4787 ι
2659 4731 2936 4806 Biblioth.,
2979 4755 3100 4808 pag.
3143 4738 3241 4804 62;
3304 4740 3514 4811 Albam,

1915 4827 2006 4881 lib.
2051 4841 2142 4881 vnt
2203 4823 2474 4897 Deipaos.,
2521 4842 2641 4898 pag.
2687 4825 2826 4894 363;
2871 4827 3024 4900 Greg.
3074 4827 3255 4900 Naz.,
3299 4841 3430 4888 orat.
3487 4833 3513 4892 1

1913 4918 1968 4975 in
1991 4919 2128 4988 θυι,
2161 4937 2281 4992 pag.
2309 4918 2464 4988 263).

1984 5011 2154 5068 Instat
2183 5011 2452 5068 Arnobius
2479 5027 2546 5069 ex
2577 5013 2677 5070 hac
2703 5014 3066 5081 ethnicorum,
3098 5017 3189 5089 qui
3228 5019 3361 5078 deos
3389 5037 3516 5081 suos

1915 5107 2034 5164 loco
2062 5107 2265 5163 moveri
2294 5106 2612 5174 credebant,
2643 5108 2900 5180 opinione
2929 5109 3079 5180 sequi
3120 5125 3271 5181 spem
3313 5115 3517 5175 nullam

1916 5197 2225 5255 hominibus
2253 5199 2512 5270 reliquam
2545 5198 2680 5268 fore,
2715 5209 2774 5255 ut
2802 5201 2871 5255 ab
2911 5200 3014 5258 illis
3041 5204 3349 5263 audiantur.
3382 5207 3512 5267 Plu-

1915 5293 2049 5348 rima
2091 5294 2292 5350 etenim
2334 5295 2425 5349 uni
2465 5294 2904 5365 eidemqueDeo
2947 5296 2998 5352 in
3042 5297 3288 5362 diversis.
3317 5310 3374 5358 et
3399 5319 3427 5359 a
3457 5320 3516 5364 se

1919 5387 2145 5442 invicem
2186 5386 2563 5443 remotissimis
2605 5397 2762 5443 terra:
2793 5389 3105 5460 regionibus
3148 5396 3320 5463 posita
3361 5407 3518 5454 erant

1919 5478 2141 5548 templa,
2172 5477 2225 5534 in
2252 5493 2482 5550 quorum
2510 5479 2794 5536 dumtaxat
2819 5497 2928 5540 uno
2953 5482 3103 5541 illum
3129 5483 3374 5543 habitare
3399 5491 3517 5562 opl-

1921 5571 2208 5628 nabantur.
2240 5569 2357 5626 Non
2387 5570 2524 5629 alios
2553 5571 2755 5645 itaque,
2787 5590 2946 5648 quam
2974 5577 3065 5648 qui
3093 5576 3148 5632 in
3180 5577 3352 5635 hocce
3381 5589 3522 5638 tem-

1924 5664 2014 5738 plo
2050 5662 2298 5733 orabant,
2333 5661 2468 5722 deus
2508 5664 2600 5725 illc
2636 5665 2824 5727 audire
2862 5675 3096 5741 poterat.
3135 5666 3369 5732 Frustra
3393 5687 3524 5750 ergo
