3986 6058
466 164 564 229 Gil

1708 156 2164 231 messorum
2189 170 2351 235 1)an
2362 172 2471 231 vra

3645 174 3754 231 612

463 286 555 345 alii
597 283 840 345 homines
884 285 1029 343 illum
1071 286 1194 343 aliis
1237 287 1593 358 precabantur
1637 289 1692 345 in
1739 290 1975 361 templis,
2023 305 2050 340 a
2080 286 2456 361 ActArnobii
2496 289 2674 344 locum
2716 289 3075 356 exhibemus;
3117 296 3173 344 ut
3211 289 3280 343 ab
3307 286 3563 351 omnibus
3590 288 3755 347 facile

465 381 659 455 quibus
699 382 915 449 absens,
958 381 1213 451 nequibat
1255 382 1374 439 illos
1414 380 1624 451 audire,
1664 382 1837 437 multo
1880 381 2059 441 minus

466 474 665 543 aliquid
694 488 881 533 eorum
913 473 1211 533 concedere
1241 474 1543 545 postulatis.

539 566 646 623 Sed
683 576 958 627 auctorem
992 577 1230 629 nostrum
1271 568 1531 627 Ethnicos
1557 568 1736 629 adhuc
1776 578 2057 640 urgentem

469 678 775 735 sequamur.
810 662 1054 733 Templa,
1080 663 1251 733 inquit
1271 664 1510 731 (Arnob.,
1538 663 1625 719 lib.
1654 680 1728 730 vr,
1755 681 1876 735 pag.
1909 663 2058 733 195),

470 767 525 815 et
566 756 789 819 delubra
832 757 1057 815 deorum
1107 767 1231 815 sunt
1271 768 1609 819 mortuorum
1659 757 1937 819 hominum
1968 772 2059 814 se-

471 848 654 918 pulcra
677 890 693 917 ,
724 848 808 907 vel
837 849 973 909 sicut
1012 849 1128 919 ipse
1154 849 1413 920 loquitur,
1457 862 1775 905 mortuorum
1802 850 2064 917 superlata

471 943 647 998 bustis.
674 941 914 1004 Gentiles
957 941 1137 1012 itaque
1176 945 1226 999 in
1258 943 1405 998 hisce
1436 944 1673 1013 templis,
1712 954 1806 997 aut
1843 961 1935 1014 pro
1963 943 2062 1003 diis

470 1036 839 1093 immortalibus
875 1036 1123 1095 colebant
1152 1046 1393 1097 mortuos
1432 1037 1706 1105 homines,
1746 1046 1840 1095 aut
1874 1046 2063 1092 contra

471 1145 658 1187 eorum
699 1129 881 1191 decus,
915 1129 1022 1187 illis
1061 1131 1364 1189 viventibus
1402 1140 1648 1187 mortuos
1685 1129 1934 1185 homines
1971 1145 2060 1187 so-

471 1225 583 1279 cios
611 1221 973 1292 adjungebant
996 1263 1009 1287 ,
1047 1222 1130 1279 vel
1160 1231 1417 1293 utrosque
1443 1222 1691 1281 similiter
1720 1230 1775 1279 et
1800 1230 2063 1289 mortuos,

470 1325 527 1371 et
550 1315 786 1387 sepultos
818 1312 983 1370 fuisse
1009 1313 1433 1373 arbitrabantur.
1478 1315 1609 1385 Quae
1646 1325 1828 1371 autem
1868 1314 2065 1372 divina:

472 1407 737 1478 majestati
777 1407 1106 1465 contumelia
1138 1407 1311 1478 major
1350 1407 1465 1464 fieri
1496 1409 1744 1479 poterat?
1788 1408 2066 1480 Exemplis

473 1511 647 1559 tamen
679 1492 1068 1570 propemodum
1092 1500 1394 1557 innumeris
1416 1517 1538 1556 cum
1563 1501 1833 1559 Arnobius
1859 1501 1911 1557 id
1938 1516 2065 1572 ιιι-ος

471 1596 601 1652 bare
640 1594 923 1665 potuisset,
966 1595 1095 1651 satis
1112 1594 1178 1650 ad
1205 1596 1541 1666 propositum
1585 1612 1740 1653 suum
1771 1610 1893 1652 esse
1914 1596 2068 1657 duxit

2161 360 2496 453 intelligatur
2532 382 2689 437 illum
2726 383 2797 439 ab
2835 384 3069 441 Auctore
3108 389 3294 445 nostro
3333 382 3755 452 transcriptum,

2161 488 2225 528 ac
2264 474 2429 528 latine
2468 475 2539 529 ita
2578 474 2883 541 redditum,
2923 484 2983 530 ut
3020 474 3122 531 alia
3159 474 3605 545 interpretatione
3644 490 3758 532 non

2161 580 2297 635 Opus
2322 569 2409 621 sit.
2434 566 2565 635 Quae
2588 578 2767 627 autem
2789 567 3018 627 diversas
3035 567 3090 625 in
3113 566 3389 637 utriusque
3410 576 3560 623 testu
3580 567 3759 629 lectio-

2163 676 2292 725 nes,
2339 677 2401 715 ac
2445 677 2564 731 qua:
2607 663 2838 719 obscura
2879 671 2935 719 et
2976 660 3221 725 difficilia
3267 671 3588 728 occurrunt,
3630 661 3761 721 alibi

2162 756 2569 813 enucleavimus
2598 755 2617 827 (
2651 756 2795 811 Tom,
2828 774 2847 813 ι
2889 758 3139 827 Apparet.
3162 797 3178 824 ,
3209 756 3301 815 tib.
3331 771 3423 825 ιιι,
3461 756 3668 817 dissert.
3697 758 3759 823 1,

2164 867 2280 922 cap.
2307 851 2361 916 7,
2392 860 2492 905 art.
2516 851 2571 918 5,
2597 867 2716 921 pag.
2749 850 2854 905 725
2879 860 2925 913 et
2950 867 3089 922 seqq.
3117 851 3159 921 ).

2237 943 2352 996 Duo
2382 941 2588 1003 addidit
2618 941 2919 1011 Arnobius,
2950 952 3005 997 et
3037 944 3270 1012 primum
3301 942 3519 1013 quidem
3552 962 3567 1001 :
3594 962 3614 997 ι
3646 943 3764 1001 Nec

2164 1046 2407 1090 exactam
2436 1034 2709 1090 desiderat
2737 1050 2945 1099 curam,
2968 1051 3127 1106 quam
3151 1036 3198 1091 is
3224 1050 3440 1106 pmuam
3467 1038 3761 1093 constitue-

2165 1130 2236 1182 rit
2284 1126 2572 1198 Egyptius
2617 1129 2669 1181 in
2710 1143 2831 1182 eum
2875 1127 2967 1198 qui
3021 1128 3354 1196 publicasset
3395 1127 3587 1199 quibus
3624 1128 3761 1200 Apis

2158 1220 2368 1289 jaceret
2413 1221 2760 1276 absconditus
2811 1238 2830 1273 ι
2865 1219 3099 1288 (Arnob.
3130 1263 3145 1285 ,
3191 1221 3279 1276 lib.
3317 1238 3405 1289 vr,
3434 1238 3554 1294 pag.
3590 1223 3690 1279 164
3716 1222 3764 1295 ),

2167 1315 2220 1369 id
2249 1324 2333 1370 est
2358 1357 2372 1382 ,
2421 1316 2507 1370 ubi
2541 1316 2611 1370 sit
2646 1315 2832 1384 Apidis
2876 1315 3208 1385 sepulcrum.
3252 1316 3384 1386 Apis
3409 1324 3591 1371 autem
3617 1357 3634 1381 ,
3682 1316 3769 1371 uti

2166 1410 2362 1469 Strabo
2412 1410 2609 1482 aliique
2638 1410 3034 1477 testificantur,
3069 1409 3214 1473 idem
3240 1417 3323 1469 est
3346 1417 3509 1482 atque
3536 1410 3766 1481 Serapis

2167 1513 2221 1559 et
2250 1503 2419 1558 Osiris
2440 1545 2456 1570 ,
2488 1503 2555 1558 de
2580 1503 2735 1573 cujus
2770 1503 3021 1573 sepulcro
3043 1502 3189 1573 loqui
3215 1502 3514 1561 Arnobium
3540 1544 3556 1568 ,
3596 1517 3666 1558 ex
3694 1502 3768 1557 iis

2170 1596 2330 1665 plane
2357 1595 2756 1657 demonstratur
2777 1638 2792 1662 ,
2823 1612 2942 1668 quae
2964 1595 3088 1661 alibi
3110 1596 3489 1657 annotavimus
3512 1594 3533 1671 (
3556 1594 3765 1663 Strab.,

472 1687 728 1747 nonnulla
775 1695 922 1743 certo
951 1689 1181 1742 certiora
1221 1688 1483 1758 seligere,
1525 1704 1643 1760 qua:
1683 1688 1825 1745 hunc
1867 1703 2060 1758 propo-
2092 1675 2141 1736 Β
2167 1689 2256 1744 lib.
2302 1706 2450 1755 xvtt,
2499 1707 2618 1761 pag.
2659 1690 2805 1757 807;
2856 1687 3076 1745 Dium.
3125 1689 3180 1743 in
3224 1688 3423 1744 Hirtus.
3449 1728 3467 1755 ,
3508 1704 3626 1760 cap.
3668 1688 3765 1757 M,

471 1781 579 1837 suit
616 1780 666 1833 in
709 1778 968 1837 modum:
1002 1797 1019 1830 ι
1045 1778 1101 1836 ln
1156 1778 1501 1836 historiarum
1542 1780 1842 1841 Antiochus
1894 1795 2060 1848 nono,

473 1875 697 1931 Athenis
734 1875 786 1933 in
828 1875 1087 1933 Minervio
1119 1887 1385 1931 memorat
1424 1874 1721 1946 Cecropem
1762 1892 1885 1935 esse
1906 1892 2063 1931 man-

470 1967 652 2024 datum
694 1976 871 2025 terrm.
915 1967 972 2022 lu
1017 1968 1223 2039 templo
1261 1984 1451 2027 rursus
1489 1970 1734 2040 ejusdem
1764 2011 1780 2037 ,
1822 1970 1968 2041 quod
2007 1971 2062 2029 in

474 2077 598 2117 arce
624 2061 853 2119 Larissae
892 2070 995 2128 est,
1037 2062 1289 2117 conditus
1320 2063 1573 2117 scribitur
1598 2072 1759 2133 atque
1799 2062 2066 2125 indicatur

474 2154 715 2211 Acrisius
759 2173 772 2208 :
817 2154 1161 2211 Ericthonius
1201 2156 1436 2215 Poliadis
1474 2158 1528 2212 in
1570 2157 1734 2225 fano;
1787 2158 1973 2219 Deiras
2011 2165 2068 2212 et

474 2249 732 2313 lmmarns
760 2249 951 2306 fratres
978 2251 1028 2303 in
1060 2250 1318 2309 Eleusino
1356 2260 1617 2322 consepta
1642 2292 1656 2318 ,
1690 2251 1832 2321 quod
1863 2251 2067 2311 civitati

475 2342 777 2412 subjectum
809 2354 914 2399 est.
954 2341 1135 2409 Quid?
1183 2343 1332 2398 Celei
1361 2343 1599 2414 virgines
1636 2358 1742 2398 non
1771 2344 1826 2399 in
1851 2341 2066 2399 Cereris

476 2437 745 2497 Eleusinae
786 2437 1112 2499 humationis
1152 2436 1404 2497 habuisse
1445 2437 1797 2507 perhibentur
1844 2435 2066 2499 officia?

474 2530 589 2586 Non
622 2529 675 2584 in
718 2530 898 2585 Dianae
923 2529 1172 2595 delubro,
1215 2530 1357 2600 quod
1398 2531 1451 2585 in
1492 2531 2068 2601 Apollinisaconstitu—

476 2635 585 2683 tum
616 2632 699 2681 est
727 2623 859 2679 Delii
883 2664 898 2690 ,
944 2623 1279 2695 llyperocha,
1321 2623 1661 2694 Laodiceque
1689 2665 1703 2689 ,
1745 2641 1879 2694 quas
1903 2624 2068 2681 adve-

473 2732 587 2776 ctas
626 2720 753 2775 illuc
780 2734 903 2779 esse
942 2720 1137 2777 finibus
1160 2734 1229 2775 ex
1256 2718 1620 2789 Hyperboreis
1650 2719 1963 2779 indicatur?
2006 2720 2062 2777 In

476 2814 748 2884 Didymmo
774 2811 980 2871 Milesio
1016 2809 1339 2871 Clearchum
1366 2811 1497 2867 dicit
1536 2812 1786 2867 habuisse
1811 2827 2067 2883 suprema

473 2906 772 2963 Leandrius
823 2905 1049 2965 funeris.
1115 2906 1521 2977 Leucophrynae
1559 2916 1967 2967 monumentum
2009 2908 2066 2965 in

472 3002 596 3056 fano
621 2999 759 3070 apud
784 2998 1111 3070 Magnesiam
1135 3000 1316 3057 Diana:
1337 3013 1459 3059 esse
1482 2999 1729 3072 Myndius
1757 3002 2060 3070 proﬁtetur,

2166 1793 2266 1836 art.
2299 1785 2333 1836 4
2363 1784 2405 1851 ).

2241 1873 2494 1931 Secundo
2514 1873 2783 1933 Arnobius
2799 1884 3032 1944 quatuor
3053 1881 3358 1941 auctorum,
3380 1872 3589 1933 scilicet
3612 1871 3767 1930 Satn-

2166 1968 2386 2032 monici,
2419 1966 2627 2032 Cranii.
2651 1966 2951 2033 Valeriani,
2974 1976 3033 2023 et
3056 1966 3208 2027 Fabii
3241 1966 3553 2027 teetimonio
3573 1966 3773 2037 probat

2167 2062 2412 2127 Capitolii
2459 2076 2654 2119 nomen
2698 2059 3002 2121 derivatum
3033 2059 3199 2117 fuisse
3226 2059 3296 2116 ab
3333 2058 3536 2117 effosso
3576 2068 3633 2123 et
3670 2058 3767 2113 in-

2166 2167 2329 2211 vento
2358 2156 2407 2213 iu
2436 2154 2578 2215 illius
2617 2152 2983 2210 fundamentis
3011 2154 3186 2223 capite
3214 2152 3335 2208 Toli
3354 2195 3370 2219 ,
3401 2168 3562 2225 quem
3591 2168 3624 2209 a
3649 2151 3770 2209 fra-

2170 2248 2263 2302 tris
2287 2247 2371 2302 sui
2391 2249 2564 2303 servis
2589 2247 2828 2305 occisum
2850 2288 2866 2312 ,
2891 2246 3042 2302 cives
3074 2244 3409 2303 inhumatum
3425 2245 3768 2316 reliquerunt

2170 2340 2406 2409 (Arnob.
2433 2380 2449 2405 ,
2482 2338 2578 2393 loc.
2610 2339 2696 2395 cit.
2726 2382 2742 2405 ,
2788 2356 2908 2410 pag.
2954 2338 3058 2401 194
3085 2336 3128 2409 ).
3175 2336 3427 2393 Pluribus
3468 2352 3597 2395 vero
3638 2338 3767 2397 aliis

2170 2434 2395 2497 testibus
2445 2433 2497 2491 id
2549 2433 2704 2489 facile
2746 2441 2925 2503 potest
2971 2430 3305 2495 confirmari.
3359 2429 3564 2489 Scribit
3610 2430 3769 2489 enim

2170 2528 2339 2585 Varro
2366 2545 2379 2580 :
2419 2546 2439 2587 ι
2476 2527 2799 2598 Capitolium
2845 2526 3047 2590 dictum
3069 2568 3085 2593 ,
3127 2524 3274 2597 quod
3304 2524 3393 2585 hic
3419 2540 3545 2589 cum
3574 2523 3769 2581 funda-

2171 2632 2351 2677 menta
2385 2621 2698 2683 foderentur
2724 2620 2857 2675 tedis
2883 2620 3034 2677 Jovis
3068 2630 3231 2690 caput
3256 2620 3551 2687 humanum
3574 2621 3771 2683 inven-

2170 2722 2280 2771 tum
2308 2714 2526 2777 dicitur.
2563 2732 2583 2767 ι
2622 2713 2803 2775 Livius
2844 2729 2973 2769 vero
3001 2730 3021 2770 :
3054 2732 3073 2767 ι
3102 2712 3203 2771 Hic
3238 2712 3563 2784 Capitolium
3596 2724 3701 2781 est,
3736 2732 3761 2768 ι

2170 2810 2361 2879 inquit,
2389 2828 2408 2861 ‹
2443 2809 2531 2871 ubi
2562 2811 2832 2879 quondam
2857 2810 3033 2880 capite
3066 2808 3303 2865 humano
3340 2808 3595 2875 invento,
3640 2823 3769 2866 res-

2169 2916 2401 2972 pansum
2427 2911 2514 2957 est
2535 2943 2551 2969 ,
2580 2917 2645 2957 eo
2676 2901 2799 2958 loco
2827 2909 2987 2970 caput
3019 2916 3200 2957 rerum
3223 2939 3239 2968 ,
3264 2914 3639 2971 summamque
3656 2899 3771 2956 im-

2170 2994 2301 3064 perii
2346 2993 2481 3057 fore.
2515 3013 2533 3046 ι
2568 2993 2768 3057 Verum
2796 2993 2913 3055 inec
2952 2992 3125 3049 fusius
3157 3007 3190 3047 a
3229 2991 3487 3065 Dionysio
3520 2991 3771 3049 Halicar-

472 3111 536 3151 ac
571 3061 837 3153 memorat
869 3061 1046 3153 icon.
1096 3094 1209 3149 Sub
1254 3061 1772 3165 Apollinis'erula;
1794 3110 1915 3165 quae
1944 3061 2066 3150 Tel;
2093 3061 2141 3135 (ἶ
2171 3061 2366 3147 nasseo
2426 3097 2482 3153 et
2516 3087 2690 3151 Plinio
2727 3096 3038 3153 narrantur,
3068 3101 3210 3157 quos
3242 3061 3395 3151 adire
3433 3084 3656 3149 cuilibet
3680 3084 3770 3141 fa-

471 3189 633 3246 messi
660 3189 800 3260 apud
829 3188 1085 3259 oppidum
1112 3188 1324 3252 visitur,
1367 3188 1704 3247 Telmessum
1732 3202 1856 3247 esse
1879 3188 2066 3245 condi»

474 3290 582 3343 tum
613 3290 787 3341 vatem
813 3296 923 3337 non
952 3280 1166 3351 scriptis
1190 3281 1563 3343 constantibus
1588 3281 1895 3342 indicatur?
1941 3283 2064 3337 Pto-

471 3371 693 3431 lemaeus
745 3372 1077 3443 Agesarchi,
1144 3372 1212 3429 de
1272 3373 1619 3443 Philopatore
1682 3389 1843 3444 quem
1890 3373 2062 3430 edidit

473 3465 670 3536 primo,
702 3463 957 3538 Cyniram
988 3481 1169 3536 regem
1195 3465 1363 3536 Paphi
1388 3481 1510 3529 cum
1539 3467 1739 3523 familia
1758 3468 1903 3523 omni
1934 3483 2063 3534 sua,

471 3562 637 3619 immo
675 3575 796 3616 cum
836 3561 985 3616 omni
1027 3561 1275 3631 prosapia
1308 3561 1360 3619 in
1393 3559 1622 3618 Veneris
1662 3562 1863 3631 templo
1900 3563 2063 3621 situm

470 3671 591 3711 esse
628 3656 928 3709 litterarum
976 3656 1297 3710 auctoritate
1341 3654 1597 3709 declarat.
1638 3674 1657 3707 ι
1706 3655 1939 3727 (Ibid.)
1987 3656 2065 3712 Ea

470 3757 650 3805 autem
678 3750 858 3803 omnia
903 3763 966 3803 ex
998 3748 1192 3818 grtecis
1232 3746 1590 3816 proculdubio
1626 3747 1909 3818 desumpta
1938 3758 2067 3804 sunt

471 3844 616 3899 hisce
652 3840 947 3901 Clementis
983 3841 1336 3900 Alexandrini
1370 3841 1552 3899 verbis
1583 3861 1597 3899 :
1624 3842 1699 3901 Ἐν
1732 3850 1807 3917 τῷ
1839 3852 1935 3919 νεῷ
1973 3853 2068 3906 τῆς

361 3972 367 3978 ι
467 3936 669 4001 Ἀθηνᾶς
701 3940 754 3993 ἐν
782 3939 1040 4010 Λαρίσσῃ,
1066 3938 1118 3992 ἐν
1253 3937 1529 4013 ἀκροπόλει
1559 3939 1718 4013 τάφος
1742 3940 1881 3997 ἐστὶν
1902 3938 2065 4016 ’Δκρι-

469 4035 605 4089 σίου.
635 4030 861 4106 Ἀθηνῂσι
887 4030 942 4087 δὲ
977 4032 1029 4087 ἐν
1061 4031 1350 4105 ἀκροπόλει,
1376 4032 1652 4107 Κέκροπος,
1672 4035 1741 4092 ὥς
1776 4055 1930 4107 φησιν
1958 4032 2066 4090 Ἀν-

470 4128 651 4197 τίοχος
678 4126 730 4178 ἐν
752 4131 832 4196 τῷ
858 4126 1049 4200 ἐννατῷ
1096 4124 1354 4199 ἱστοριῶν.
1393 4126 1446 4180 τί
1473 4122 1536 4183 δή
1573 4123 1911 4199 Ἐριχθόνιος;
1938 4127 2073 4197 οὐχι·

470 4224 519 4276 ἑν
566 4229 640 4292 τῷ
682 4228 776 4294 νεῷ
800 4229 892 4281 τῆς
918 4217 1157 4279 Πολιάδος
1200 4215 1532 4284 κεκήδευται;
1555 4216 1810 4296 Ἴμμαρος
1838 4218 1893 4275 δὲ
1923 4220 1948 4275 ὁ
1976 4222 2065 4275 Εὐ-

470 4314 668 4386 μόλπου
698 4316 786 4366 καὶ
809 4315 1043 4386 Δαείρας,
1074 4313 1203 4381 οὐχὶ
1228 4312 1279 4367 ἐν
1308 4316 1382 4384 τῷ
1423 4310 1675 4387 περιϐόλῳ
1719 4318 1812 4367 τοῦ
1843 4311 2064 4369 Ἐλευσι-

470 4408 582 4465 νίου
610 4411 703 4459 τοῦ
733 4405 838 4461 ὑπὸ
868 4403 1178 4479 ἀκροπόλειξ
1209 4404 1264 4459 αἱ
1295 4405 1349 4463 δὲ
1387 4404 1564 4459 Κελεοῦ
1604 4405 1901 4480 θυγάτερες,
1934 4408 2064 4477 οὐχὶ

470 4498 521 4552 ἐν
535 4496 780 4553 Ἐλευσῖνι
808 4493 1088 4565 testam;
1120 4495 1171 4548 τί
1190 4514 1274 4551 σοι
1297 4494 1562 4566 καταλέγω
1590 4497 1685 4556 τὰς
1714 4494 2061 4572 Ὑπερϐορέων

470 4600 746 4665 γυναῖκας
796 4588 1057 4665 Ὑπερόχη
1115 4590 1201 4645 καὶ
1250 4585 1474 4649 Λαοδίκη
1525 4589 1795 4648 κέκλησθον
1825 4604 1837 4616 ⁸
1893 4592 1943 4647 ἐν
1988 4598 2063 4664 τῷ

470 4687 769 4764 Ἀρτεμισίῳ
788 4687 840 4740 ἐν
866 4684 1004 4755 Δήλῳ
1030 4680 1385 4742 κεκήδευσθον.
1413 4683 1473 4740 τὸ
1508 4679 1562 4738 δὲ
1591 4684 1641 4737 ἐν
1666 4690 1740 4757 τῷ
1765 4680 2064 4745 ’Λπόλλωνος

472 4788 563 4838 τοῦ
614 4782 789 4845 Δηλίου
842 4782 982 4835 ἐστὶν
1029 4778 1167 4853 ἱερῷ.
1200 4775 1467 4852 Λεάνδριος
1496 4775 1571 4842 δὲ,
1604 4779 1861 4854 Κλέαρχον
1890 4780 1943 4837 ἐν
1980 4790 2068 4836 Μιιρ

471 4873 605 4946 λήτῳ
626 4876 857 4946 τεθάφθαι
884 4874 935 4926 ἐν
956 4878 1030 4945 τῷ
1051 4868 1308 4943 Διδυμαίῳ
1330 4870 1495 4941 φησίν.
1542 4872 1757 4927 ἐνταῦθα
1804 4880 1894 4934 τῆς
1937 4883 2066 4927 Λευ-

475 4970 723 5043 κοφρύνης
754 4968 811 5023 τὸ
839 4972 1077 5039 μνημεῖον
1129 4965 1222 5017 οὐκ
1262 4960 1399 5027 ἄξιον
1450 4964 1735 5038 παρελθεῖν,
1791 4965 2070 5037 ἑπομένους

477 5065 664 5121 Ζήνωνι
679 5064 757 5117 καὶ
780 5056 1000 5132 Μυνδίῳ,
1032 5057 1063 5121 ἢ
1095 5058 1144 5113 ἐν
1171 5063 1246 5129 τῷ
1271 5056 1392 5132 ἱερῷ
1424 5065 1514 5118 τῆς
1543 5055 1834 5132 Ἀρτέμιδος
1860 5060 1910 5113 ἐν
1933 5071 2069 5132 Μαγ-

475 5156 628 5229 νησίᾳ
666 5152 988 5212 κεκήδευται.
1014 5148 1131 5209 οὐδέ
1162 5152 1251 5223 μὲν
1277 5151 1361 5205 τὸν
1391 5150 1439 5207 ἐν
1481 5150 1752 5223 Τελμισσῷ
1773 5152 1946 5224 βωμὸν
1974 5159 2069 5210 τοῦ

474 5246 773 5307 ’Λπόλλωνος
797 5282 813 5308 ,
846 5240 899 5299 ὃν
926 5252 1100 5316 μνῆμα
1124 5236 1253 5301 εἶναι
1276 5245 1362 5307 καὶ
1389 5243 1569 5301 τούτου
1606 5242 1932 5315 Τελμισσέως
1975 5251 2069 5301 τοῦ

477 5342 702 5414 μάντεως
736 5336 1020 5411 ἱστοροῦσι.
1046 5336 1351 5407 Πτολεμαῖος
1381 5332 1436 5390 δὲ
1467 5334 1493 5390 ὁ
1523 5341 1616 5390 τοῦ
1640 5334 1991 5413 Ἀγησάρχου,
2017 5341 2070 5393 ἐν

477 5433 668 5507 πρώτῳ
689 5436 789 5485 τῶν
810 5430 931 5500 περὶ
948 5430 1031 5483 τὸν
1050 5429 1388 5503 Φιλοπάτορα.
1408 5428 1457 5482 ἐν
1473 5428 1619 5501 Πάφῳ
1645 5427 1797 5501 λέγει,
1811 5432 1862 5484 ἐν
1881 5438 1955 5505 τῷ
1974 5440 2068 5494 ru“:

475 5518 770 5606 ’Λφροδίτης
794 5527 916 5602 ἱερῷ
944 5526 1159 5600 Κινύραν
1182 5547 1238 5583 τε
1264 5528 1353 5582 καὶ
1390 5526 1516 5585 τοὺς
1540 5524 1755 5601 Κινύρου
1784 5526 2071 5600 ἀπογόνους

475 5619 804 5679 κεκηδεῦσθαι
851 5614 1114 5688 (Clemens
1153 5618 1435 5681 Almudr.
1458 5659 1473 5683 ,
1514 5616 1737 5675 Aditum.
1777 5618 1847 5675 ad
1887 5631 2024 5692 gent.
2051 5660 2071 5689 ,

465 5727 594 5787 pag.
621 5709 691 5767 29
709 5712 762 5786 ).
808 5707 1013 5779 Totum
1036 5724 1201 5782 porro
1225 5709 1368 5769 hunc
1393 5710 1690 5770 Clementis
1719 5711 2069 5786 Alexandrini

2166 3181 2271 3243 cile
2293 3188 2349 3237 et
2386 3190 2692 3252 promptum
2731 3190 2836 3241 est.
2881 3180 2997 3251 Qua
3033 3196 3162 3252 ergo
3192 3180 3406 3245 ratione
3441 3178 3769 3247 Theodorus

2168 3273 2429 3333 Canterus
2468 3273 2666 3345 aliique
2707 3274 2958 3337 nonnulli
3001 3289 3250 3333 asserere
3294 3281 3620 3346 potuerunt,
3660 3272 3769 3329 ho-

2169 3380 2288 3421 rum
2329 3362 2420 3435 qui
2451 3364 2794 3432 meminerit,
2846 3376 3042 3436 prmter
3070 3365 3371 3433 Arnobiutn
3398 3364 3630 3431 inveniri
3662 3380 3770 3422 πιθα

2167 3460 2409 3517 minem?
2432 3456 2529 3519 Cui
2558 3474 2717 3528 porro
2742 3459 2937 3519 honori
2959 3459 3059 3523 fuit
3084 3459 3204 3523 Jovi
3231 3460 3488 3531 templum
3516 3459 3771 3523 omnium

2166 3551 2465 3609 maximum
2497 3541 2695 3609 habere
2726 3566 2837 3613 non
2867 3560 2972 3613 tam
3005 3566 3136 3620 suo,
3163 3564 3325 3621 quam
3356 3550 3592 3617 hominis
3616 3565 3768 3617 mor-

2168 3645 2243 3701 tui
2301 3644 2519 3703 nomine
2583 3642 2906 3709 aediﬁcatum
2970 3653 3025 3699 et
3070 3644 3480 3715 nuncupatum?
3522 3650 3542 3716 (
3584 3642 3768 3713 Varr.,

2167 3737 2255 3792 lib.
2281 3753 2334 3793 ιν
2363 3737 2426 3791 de
2458 3735 2607 3808 Ling.
2645 3738 2762 3803 lat.,
2800 3755 2920 3809 pag.
2952 3737 3057 3804 10;
3098 3736 3234 3807 Litt.,
3266 3738 3355 3805 lib.
3403 3754 3460 3805 ν,
3498 3737 3612 3799 sub.
3639 3738 3767 3806 lim,

2167 3849 2283 3902 cap.
2314 3833 2423 3900 δη
2473 3830 2695 3903 Dionys.
2730 3829 2904 3887 Halic.
2925 3872 2940 3899 ,
2975 3830 3065 3886 lib.
3092 3848 3165 3901 tv,
3206 3848 3329 3902 pag.
3359 3830 3465 3887 257
3492 3840 3539 3887 et
3569 3847 3707 3902 seqq.
3740 3848 3764 3896 ,-

2168 3922 2313 3980 Ριίη.
2340 3965 2356 3990 ,
2388 3923 2476 3978 lib.
2521 3938 2685 3979 xxvnt
2745 3921 2936 3977 Natur.
2974 3921 3110 3976 Hist.
3138 3964 3153 3988 ,
3202 3939 3321 3993 cap.
3352 3921 3389 3978 2
3414 3963 3430 3993 ,
3470 3938 3590 3995 pag.
3618 3922 3728 3979 558
3747 3939 3765 3995 ;

2168 4014 2343 4080 Cant.,
2378 4015 2465 4077 lib.
2497 4031 2514 4069 ι
2553 4013 2673 4069 Var.
2702 4014 2850 4082 lect.,
2882 4032 3001 4085 cap.
3033 4015 3092 4068 11
3130 4011 3176 4084 .)

2243 4110 2479 4180 Denique
2535 4109 2666 4179 petit
2707 4108 3022 4172 Arnobius.
3075 4126 3093 4160 ι
3127 4106 3453 4181 Polyandria
3500 4106 3770 4167 Varronis

2165 4204 2359 4275 quibus
2411 4204 2462 4259 in
2518 4201 2733 4272 templis
2779 4202 3174 4277 contegantur?
3212 4222 3232 4257 ›
3269 4201 3496 4277 (Arnob.
3522 4243 3539 4269 ,
3589 4202 3715 4257 ibid.
3747 4243 3766 4269 ,

2168 4313 2285 4368 pag.
2322 4296 2443 4351 194.
2478 4295 2495 4367 )
2539 4294 2923 4364 Polyandrium
2966 4304 3183 4363 autem,
3214 4294 3289 4353 uti
3324 4310 3391 4353 ex
3430 4293 3600 4359 sacris
3638 4309 3769 4365 pro-

2168 4391 2411 4459 fanisque
2485 4389 2841 4458 scriptoribus
2907 4389 3108 4463 liquet,
3157 4389 3307 4449 locus
3352 4398 3500 4456 erat,
3554 4390 3608 4445 in
3652 4405 3766 4461 quo

2088 4452 2145 4525 D
2171 4482 2319 4553 plura
2350 4481 2626 4537 hominum
2655 4496 2885 4553 corpora
2906 4452 3325 4553 sepeliebantur.
3354 4481 3561 4539 Sensus
3580 4452 3767 4553 itaque

2172 4577 2389 4633 Arnohii
2435 4584 2518 4630 est
2568 4575 2762 4645 templa
2821 4574 3041 4630 deorum
3093 4589 3214 4633 esse
3270 4574 3577 4630 communia
3625 4574 3767 4633 cum’

2174 4669 2397 4725 mortuis
2437 4667 2772 4739 sepultisque
2808 4666 3150 4735 hominibus,
3194 4682 3330 4737 quos
3372 4676 3554 4725 tamen
3584 4667 3639 4723 in
3675 4682 3767 4725 eo-

2174 4762 2422 4821 rumdem
2475 4762 2700 4818 deorum
2738 4760 2890 4816 fastis
2931 4760 3205 4818 ascribere
3236 4762 3353 4821 ausi
3384 4776 3492 4817 non
3523 4764 3762 4821 fuerant.

2172 4855 2230 4913 lu
2276 4854 2539 4926 superiori
2585 4868 2750 4924 porro
2801 4852 3180 4908 dissertatione
3227 4853 3563 4917 ostendimus
3607 4853 3767 4923 plura

2175 4947 2339 5004 fuisse
2376 4947 2572 5018 templa
2594 4989 2609 5016 ,
2656 4947 2710 5001 in
2740 4945 2931 5017 quibus
2964 4943 3173 5005 .ethuici
3204 4944 3335 5007 deos
3364 4960 3493 5002 suos
3521 4946 3767 5018 sepultos

2172 5055 2292 5096 esse
2326 5039 2499 5109 palam
2530 5036 2897 5109 przedicabant
2924 5035 2942 5108 (
2966 5033 3237 5092 Dissertat.
3274 5035 3329 5090 in
3371 5036 3568 5091 Minue.
3593 5078 3607 5105 ,
3641 5052 3763 5107 cap.

2174 5134 2240 5189 15
2262 5174 2277 5202 ,
2302 5144 2404 5191 art.
2432 5133 2467 5189 2
2493 5134 2539 5205 ).
2584 5130 2713 5201 Quis
2743 5145 2870 5201 ergo
2901 5129 3120 5200 indigne
3157 5144 3278 5184 cum
3307 5127 3550 5185 Arnobio
3577 5139 3766 5185 nostro

2173 5242 2278 5281 non
2308 5224 2446 5281 ferat
2474 5221 2668 5281 talibus
2695 5222 2799 5278 diis
2828 5222 3024 5293 templa
3047 5264 3063 5291 ,
3097 5221 3353 5295 mdesque
3379 5236 3563 5287 sacras
3591 5221 3766 5277 aedifi—

2174 5321 2282 5374 cari
2336 5327 2391 5374 et
2442 5316 2786 5385 consecrari,
2820 5331 2940 5385 quae
2962 5314 3063 5370 soli
3101 5313 3213 5371 Deo
3235 5315 3438 5372 viventi
3473 5322 3529 5372 et
3555 5323 3765 5371 aeterno

2174 5412 2474 5471 debentur?
