3986 6058
219 99 323 159 615
539 112 556 139 ⁶

807 228 1105 281 Αλτιαυισε
1142 230 1201 279 llo

215 351 293 402 De
318 352 537 416 templis,
563 361 672 416 quas
696 350 925 401 humanis
963 350 1221 401 affectibus
1256 357 1341 416 aut
1378 351 1637 416 virtutibus
1659 351 1810 416 impie

274 413 563 467 consecrata
614 413 830 473 fuerant,
882 416 1109 466 nimirum
1150 415 1350 470 Pietati,
1393 414 1693 469 Concordize,
1720 413 1813 462 Sa.

279 477 390 538 luti,
416 476 618 538 Honori,
646 477 848 535 Virtuti,
878 476 1140 534 Felicitati,
1183 476 1431 534 Victorini,
1478 476 1612 536 Paci,
1644 475 1813 538 .lEqui-

282 516 390 598 ἰΞὶἓξ
414 516 618 601 ὲὶνῆἶὲιςῖ
638 516 898 604 κὲέᾖῦἰίὃὲ
914 516 1431 604 ὥιῖῐζέἷῖεοὰιῖᾷἰῖιὲίἒῗ
1447 516 1498 589 ei
1516 516 1815 604 ὖῖίὲυἰῖξζῐο

278 616 425 666 quam
448 600 585 666 recte
608 600 845 666 probetur
890 616 955 653 ex
997 601 1290 666 templorum
1324 604 1588 653 eversione
1626 600 1815 652 nullum

286 664 418 715 t'alsis
442 664 537 716 diis
554 664 905 716 aediﬁcandum.

293 811 410 868 Non
443 814 576 869 solis
607 813 919 887 hominibus
957 814 1217 881 mortuis,
1253 816 1347 871 sed
1379 816 1622 871 vivorum
1651 815 1814 871 etiam

219 903 602 962 aﬂectionibus
633 915 687 962 et
708 908 1025 975 eventibus,
1053 916 1324 979 tamquam
1353 910 1497 963 veris
1523 908 1650 975 diis,
1683 916 1817 963 tem—

219 998 310 1069 pla
340 999 409 1054 ab
435 999 677 1056 Ethnicis
703 1002 918 1057 condita
954 1011 1098 1057 sunt.
1141 1001 1273 1056 Tam
1309 1001 1595 1056 absurdam
1636 1009 1814 1056 autem

224 1101 284 1148 et
305 1106 505 1147 caecam
540 1092 811 1172 illorum,
840 1109 901 1149 ac
932 1094 1200 1165 prmcipue
1226 1094 1591 1149 Romanorum
1623 1093 1815 1161 impie-

218 1192 386 1240 tatem
410 1186 478 1241 ab
499 1185 653 1240 initio
673 1188 848 1256 quarti
878 1189 960 1241 sui
992 1188 1113 1241 libri
1141 1186 1411 1242 Arnobius
1439 1187 1517 1241 sic
1546 1186 1813 1256 castigat:

226 1294 247 1329 ι
276 1278 618 1350 Interrogare
646 1294 743 1334 vos
770 1279 935 1345 libet,
962 1279 1216 1350 ipsosque
1243 1289 1368 1335 ante
1394 1281 1575 1334 omnia
1611 1278 1817 1334 Roma-

223 1389 351 1441 nos,
380 1374 631 1431 dominos
654 1390 832 1430 rerum
857 1391 918 1431 ac
940 1376 1232 1446 principes,
1267 1385 1518 1430 utrumne
1546 1375 1821 1429 existima-

221 1468 317 1535 tis,
350 1466 632 1535 Pietatem,
664 1469 1041 1534 Concordiam,
1066 1468 1329 1533 Salutem,
1367 1467 1665 1533 Honorem,
1701 1465 1820 1521 Vir-

224 1570 426 1628 tutem,
488 1560 859 1626 Felicitatem,
913 1567 1216 1631 cmtcraquc
1261 1559 1526 1630 ejusmodi
1576 1559 1817 1623 numina,

223 1654 419 1725 quibus
456 1669 577 1710 aras
603 1654 850 1711 videmus
882 1669 915 1709 a
950 1653 1103 1711 vobis
1131 1668 1254 1708 cum
1277 1650 1573 1723 magniﬁcis
1613 1650 1815 1707 exaedi-

225 1748 414 1804 ﬁcatas
442 1746 701 1812 delubris,
737 1750 844 1802 vim
876 1747 1075 1803 habere
1102 1747 1361 1811 divinam,
1390 1745 1624 1815 coelique
1654 1746 1708 1799 in
1737 1760 1823 1800 re-

223 1843 479 1915 gionibus
493 1843 690 1915 degere
710 1843 735 1895 'I
766 1862 785 1895 ι
822 1841 1075 1915 (Arnob.,
1103 1840 1193 1895 lib.
1228 1857 1301 1903 tv,
1330 1857 1450 1913 pag.
1480 1839 1633 1909 127.)
1658 1840 1823 1895 Paulo

224 1945 353 2008 post
378 1953 508 1992 vero
538 1936 736 2006 adjecit
775 1936 974 2007 templa
994 1976 1021 2008 ,Α
1052 1931 1310 2000 Victoria,
1355 1932 1512 1987 Pacis
1543 1942 1597 1988 et
1626 1931 1820 2003 quui-

228 2030 385 2096 tatis,
428 2029 495 2084 ab
522 2028 712 2085 iisdem
762 2027 1009 2083 Ethnicis
1052 2026 1219 2081 fuisse
1252 2025 1501 2080 similiter
1527 2033 1823 2081 exstructa.

227 2126 400 2194 Quam
432 2134 612 2179 autem
643 2123 757 2178 haec
786 2139 914 2178 vera
942 2124 1070 2187 sint,
1096 2121 1334 2177 breviter
1363 2118 1763 2191 inquirendum.

302 2217 545 2273 Celebris
575 2224 660 2273 est
688 2214 981 2286 paucisque
1000 2212 1268 2283 incognita
1295 2211 1408 2267 sive
1434 2211 1683 2282 plebeiae,
1713 2209 1827 2264 sive

230 2313 480 2382 ingenua:
503 2309 785 2381 cujusdam
825 2308 946 2363 illita
974 2308 1196 2362 historia
1217 2349 1231 2375 ,
1258 2322 1378 2377 quae
1410 2314 1637 2359 matrem
1674 2318 1827 2358 suam

230 2403 254 2477 (
288 2403 405 2460 Val.
432 2402 605 2466 Max"
635 2402 724 2457 lib.
757 2417 792 2456 tt
814 2443 828 2465 ,
853 2417 971 2471 cap.
1002 2400 1064 2466 5,
1098 2399 1126 2469 §
1158 2400 1188 2452 ’1
1209 2441 1224 2465 ,
1259 2415 1379 2469 pag.
1400 2397 1510 2452 268
1540 2406 1588 2451 et
1613 2413 1748 2467 seqq.
1781 2393 1825 2467 ),

230 2507 328 2553 aut
353 2505 412 2552 ut
438 2496 527 2551 alii
556 2494 809 2561 tradunt,
842 2509 1001 2548 suum
1024 2501 1234 2563 patrem
1257 2533 1272 2559 ,
1301 2492 1355 2544 in
1383 2506 1600 2546 carcere
1627 2487 1829 2545 consti-

232 2600 433 2659 tutum,
464 2606 532 2645 ne
562 2589 738 2645 inedia
759 2587 1141 2651 conﬁceretur,
1171 2586 1310 2640 laete
1332 2600 1432 2641 suo
1457 2585 1609 2639 aluit.
1637 2582 1832 2637 Narrat

233 2692 419 2739 autem
457 2682 693 2747 Plinius,
740 2697 805 2736 ac
834 2689 957 2751 post
988 2679 1137 2735 illum
1177 2677 1395 2734 Solinus
1425 2677 1481 2732 in
1510 2677 1631 2732 lacti
1671 2675 1830 2745 huius

235 2776 557 2832 memoriam
590 2774 865 2830 conditum
892 2773 1085 2829 eodem
1118 2774 1171 2828 in
1200 2787 1439 2839 carcere,
1471 2771 1531 2827 C.
1555 2771 1828 2839 Quinctio,

237 2880 296 2928 et
323 2870 392 2925 ll.
419 2870 590 2926 Acilio
617 2867 960 2933 consulibus,
989 2866 1207 2922 Pietatis
1235 2867 1521 2937 templum,
1553 2865 1643 2920 ubi
1674 2864 1830 2920 thea-

238 2974 387 3020 trum
429 2963 670 3020 Marcelli
714 2973 851 3019 erat.
908 2961 1022 3017 Nec
1046 2961 1242 3017 desunt
1287 2961 1380 3031 qui
1426 2959 1736 3014 existiment
1770 2958 1831 3012 il-
1862 2984 1912 3059 α

236 3059 337 3115 iud
390 3061 566 3130 ipsum
609 3074 772 3125 esse,
834 3064 978 3128 quod
1032 3056 1261 3111 Marcius
1324 3055 1531 3109 Acilius
1576 3051 1832 3115 Glabrio,

237 3162 305 3209 ut
356 3154 433 3207 ait
498 3151 714 3219 Livius,
786 3152 840 3205 in
888 3148 1286 3219 foro'gOlitorio
1333 3148 1567 3218 positum
1621 3145 1835 3199 dedica-

240 3249 323 3301 vit
348 3245 530 3319 (Plin.
552 3289 566 3311 ,
601 3248 638 3301 l.
674 3262 713 3301 ιι
752 3244 945 3299 Natur.
975 3244 1096 3298 hist.
1130 3260 1247 3313 cap.
1276 3241 1346 3298 56
1367 3284 1381 3309 ,
1414 3260 1467 3314 p.
1496 3240 1562 3295 57
1590 3258 1604 3307 ;
1638 3239 1834 3304 Solin.,

241 3340 505 3413 Polybi“.
530 3381 547 3407 ,
577 3357 695 3410 cap.
727 3341 779 3405 1,
811 3356 929 3411 pag.
960 3340 1017 3393 11
1052 3354 1066 3403 ;
1098 3335 1211 3391 Liv.
1241 3380 1254 3403 ,
1289 3334 1379 3393 lib.
1408 3335 1480 3390 40
1505 3375 1519 3399 ,
1554 3350 1669 3404 cap.
1698 3330 1835 3403 51).

321 3432 404 3488 Ab
450 3434 638 3489 eodem
691 3432 842 3487 Livio
884 3431 1061 3486 adhuc
1112 3430 1419 3500 accepimus
1458 3443 1489 3481 a
1533 3428 1594 3481 C.
1652 3426 1839 3481 Flavio

245 3526 420 3583 mdem
459 3526 760 3583 Concordia:
804 3528 855 3581 in
895 3541 1019 3581 area
1061 3525 1287 3580 Vulcani
1320 3531 1692 3580 consecratam
1722 3562 1736 3585 ,
1785 3529 1840 3574 et

246 3622 410 3677 aliam
431 3663 447 3689 ,
475 3637 634 3691 quam
664 3621 937 3675 Duumviri
956 3663 971 3685 ,
998 3619 1065 3677 ad
1093 3634 1214 3674 cam
1245 3634 1360 3674 rem
1389 3617 1595 3684 creati,
1627 3617 1681 3669 in
1714 3630 1840 3671 arce

246 3715 557 3769 locaverunt
586 3714 605 3785 (
634 3713 811 3779 Idem,
841 3714 930 3768 lib.
963 3729 1038 3777 Ix,
1072 3729 1187 3782 cap.
1214 3711 1318 3780 46,
1351 3721 1396 3765 et
1424 3711 1513 3765 lib.
1544 3724 1654 3764 xxu
1677 3750 1690 3775 ,
1722 3725 1837 3779 cap.

246 3793 322 3863 33
349 3810 387 3876 ).
436 3806 711 3860 'l‘cstatum
761 3806 922 3860 etiam
969 3806 1161 3860 Cicero
1189 3804 1353 3869 facit,
1386 3801 1543 3858 Cotta
1575 3801 1836 3867 consule,

249 3900 509 3970 templum
538 3899 856 3966 Concordia,
900 3908 1099 3954 tactum
1126 3899 1194 3954 de
1220 3899 1361 3955 caelo
1389 3900 1573 3965 fuisse,
1607 3909 1663 3953 et
1700 3897 1845 3951 illius

247 4009 468 4064 quoque
495 3994 701 4048 mentio
728 3995 779 4046 in
810 3994 1000 4048 Dionis
1032 3994 1277 4058 historia,
1308 4002 1363 4047 et
1391 3991 1544 4046 lastis
1573 3991 1846 4060 Magistra-

252 4096 404 4139 tuutn
432 4100 776 4141 romanorum
804 4086 943 4140 facta
972 4096 1053 4140 est
1074 4084 1260 4154 (Cicer.
1288 4127 1302 4151 ,
1333 4083 1421 4136 lib.
1480 4099 1517 4135 ll
1560 4083 1623 4134 de
1655 4080 1841 4134 Natur.

249 4180 397 4235 deor.
423 4222 437 4244 ,
470 4198 588 4252 pag.
627 4180 736 4236 225
758 4222 775 4248 ,
805 4180 899 4235 lin.
937 4181 1009 4244 5;
1055 4190 1101 4233 et
1127 4180 1213 4232 lib.
1271 4196 1289 4235 ι
1329 4181 1393 4232 de
1424 4175 1649 4230 Divinat.
1679 4217 1693 4240 ,
1725 4192 1844 4246 pag.

249 4272 584 4340 252;1)ἱοη.,
619 4275 707 4329 lib.
737 4289 863 4329 κων
914 4273 1066 4328 Rom.
1093 4273 1237 4339 hist,
1263 4288 1382 4343 pag.
1407 4270 1535 4337 275,
1565 4278 1610 4321 et
1630 4279 1750 4321 tom.
1796 4283 1850 4321 x1

251 4367 502 4436 Antiquil.
534 4383 689 4433 rana,
724 4383 843 4437 pag.
870 4365 973 4420 189
996 4361 1041 4433 ).
1074 4363 1437 4431 Quamobrem
1463 4358 1695 4417 canebat
1723 4360 1849 4415 Ovi-
1874 4377 1931 4443 Β

255 4462 382 4519 dius
410 4480 423 4515 :

353 4598 425 4649 Te
449 4610 643 4661 quoque
660 4597 912 4661 magniﬁca
935 4593 1195 4661 Concordia
1209 4592 1413 4661 dedicat
1431 4592 1536 4643 zede

444 4655 597 4721 Livia,
621 4655 766 4724 quani
788 4662 938 4709 charo
960 4658 1184 4721 prmstitit
1209 4655 1289 4705 illa
1310 4657 1432 4705 viro.

788 4740 950 4805 Ovid,
970 4738 1054 4793 lib.
1076 4756 1124 4793 v1
1139 4741 1352 4800 Faster"
1369 4745 1478 4790 ante
1492 4736 1606 4801 fin.)

258 4894 369 4954 Sed
405 4894 520 4951 ittec
547 4908 647 4965 pro
685 4891 883 4948 merito
914 4889 1104 4945 irridet
1124 4898 1176 4945 et
1210 4886 1451 4961 explodit
1483 4887 1847 4957 Augustinus,

256 5004 421 5060 quem
449 4987 597 5042 adire
629 4984 829 5053 poteris
860 4982 879 5058 (
906 4983 1064 5054 Aug.,
1114 4981 1201 5036 lib.
1234 4996 1290 5036 ill
1316 4980 1380 5036 de
1409 4977 1582 5044 Civit.,
1609 4968 1724 5050 cap.
1758 4978 1847 5045 25,

258 5098 383 5155 pag.
407 5080 538 5151 82).

332 5172 526 5228 Cicero
561 5183 741 5227 autem
785 5184 892 5225 non
934 5167 1106 5223 solius
1134 5165 1463 5235 Concordia,
1503 5166 1599 5221 sed
1642 5163 1854 5219 Virtutis

261 5254 431 5325 etiam
454 5306 469 5333 ,
512 5265 737 5320 Honoris
759 5306 774 5330 ,
804 5261 1007 5319 Salutis
1053 5270 1099 5316 et
1153 5260 1388 5317 Victoria:
1440 5260 1637 5331 templa
1663 5302 1679 5327 ,
1714 5270 1852 5317 tam-

1454 98 1520 159 lN
1558 92 1935 167 ARNOBIIJM,
1972 96 2127 159 CAP.
2166 96 2310 159 XXI.

1831 211 1887 280 Α
1910 215 2099 271 consul
2126 215 2267 271 bello
2299 213 2621 273 Samnitium
2648 223 2895 284 voverat,
2923 230 2954 275 ι
2986 216 3046 273 C.
3080 215 3243 275 iunio
3263 217 3505 275 Bubulco

3400 104 3503 164 6H

1914 306 2300 363 exaediﬁcatam
2330 305 2496 365 fuisse
2518 349 2533 374 ,
2582 309 2725 364 etab
2752 310 2867 381 ipso
2896 308 3166 371 Dictatore
3200 310 3503 373 dedicatam

1915 398 1933 470 (
1963 397 2099 463 Liv.,
2129 398 2215 452 lib.
2245 414 2318 462 tx,
2341 416 2456 471 cap.
2483 400 2572 465 45,
2604 410 2648 455 et
2675 401 2763 459 lib.
2791 416 2845 465 κ,
2873 417 2988 471 cap.
3020 404 3042 456 1
3070 400 3113 475 ).

1985 492 2179 551 Narrat
2210 502 2469 563 praetcrea
2499 492 2642 551 idem
2678 492 2881 558 Livius,
2924 494 3011 554 cui
3043 494 3359 555 Plutarchus
3393 494 3510 550 sut-

1916 587 2197 658 fragatur,
2255 587 2564 642 Marcellum
2612 589 2756 643 bello
2795 589 2999 647 Gallico
3040 591 3107 646 ad
3152 591 3508 661 Clastidium,

1920 678 2123 735 Honori
2150 687 2199 734 et
2237 676 2429 733 Virtuti
2456 679 2667 734 vovisse
2696 679 2888 746 mdcm,
2929 681 3082 751 cujus
3110 681 3379 741 dedicatio
3407 684 3506 738 im-

1918 772 2101 842 pedita
2129 783 2213 829 est
2240 788 2267 828 a
2300 774 2679 844 pontiﬁcibus,
2711 775 2800 843 qui
2832 775 3098 845 negabant
3128 792 3289 834 unam
3316 777 3512 835 cellam

1918 865 2170 933 amplius,
2197 881 2356 935 quam
2390 866 2483 920 uni
2511 866 2612 921 deo
2641 867 2744 922 rite
2771 868 3007 923 dedicari
3038 869 3202 941 (Liv.,
3230 871 3319 926 lib.
3345 886 3514 937 xxv",

1917 973 2033 1025 cap.
2065 957 2177 1024 25;
2222 958 2493 1017 Plutarch.
2523 1003 2536 1021 .
2579 961 2631 1015 in
2662 962 2751 1019 vit.
2786 960 3052 1032 Marcelli,
3096 982 3215 1036 pag.
3244 966 3352 1025 5N
3377 966 3418 1036 ).
3448 966 3519 1021 At

1921 1050 2169 1106 Valerius
2201 1051 2465 1107 Maximus
2493 1053 2810 1110 testiﬁcatur
2836 1063 3130 1115 memorata
3161 1057 3252 1112 illa
3281 1057 3509 1131 pontiﬁ-

1922 1156 2045 1197 cum
2091 1142 2461 1203 admonitione
2503 1144 2790 1212 effectum;
2845 1157 2898 1203 ut
2948 1147 3227 1207 Marcellus
3270 1150 3520 1220 separatis

1923 1236 2120 1297 wdibus
2152 1235 2380 1291 Honoris
2410 1254 2470 1292 ac
2507 1238 2712 1295 Virtutis
2741 1240 3018 1298 simulacra
3046 1242 3347 1314 statueret(
3388 1240 3506 1299 Val.

1922 1328 2073 1385 Max.
2099 1370 2115 1398 ,
2157 1328 2244 1385 lib.
2275 1345 2330 1395 ι,
2363 1328 2467 1402 δε,
2502 1348 2621 1402 pag.
2654 1331 2687 1386 9
2715 1330 2759 1405 ).
2797 1331 3091 1405 Utriusque
3129 1343 3309 1390 autem
3340 1336 3521 1408 templi

1923 1423 2251 1479 mentionem
2282 1424 2408 1479 fecit
2438 1423 2744 1493 Vitruvius,
2770 1427 3222 1498 quemadmodum
3259 1428 3512 1501 Symma-

1923 1517 2057 1573 chus
2081 1516 2169 1587 qui
2192 1516 2258 1571 ad
2288 1517 2585 1572 Ausonium
2617 1515 2732 1573 haec
2758 1518 2973 1591 scripsit
3000 1518 3054 1572 in
3086 1520 3246 1576 verba
3276 1541 3290 1578 :
3319 1538 3338 1574 ι
3366 1519 3510 1577 Bene

1846 1599 1900 1663 Β
1924 1626 1987 1666 ac
2011 1612 2287 1681 sapienter
2330 1611 2563 1682 majores
2596 1612 2801 1676 nostri,
2854 1622 2912 1668 ut
2941 1622 3068 1668 sunt
3102 1614 3224 1669 aliae
3252 1615 3426 1671 astatis
3455 1615 3521 1671 il-

1922 1704 2048 1768 lius,
2078 1703 2220 1758 mdes
2251 1702 2455 1758 Honori
2486 1712 2647 1774 atque
2674 1704 2866 1759 Virtuti
2906 1706 3161 1776 gemellas
3177 1706 3411 1777 junctim
3444 1707 3530 1762 lo-

1924 1802 2146 1858 cavant,
2180 1795 2470 1849 commenti
2500 1795 2643 1865 quod
2669 1796 2720 1849 in
2753 1805 2804 1851 te
2828 1796 3063 1852 vidimus
3087 1836 3102 1865 ,
3133 1798 3206 1853 ibi
3228 1813 3350 1854 esse
3381 1815 3522 1871 prte-

1930 1888 2036 1941 mia
2068 1886 2291 1942 honoris
2311 1932 2324 1955 ,
2363 1888 2449 1943 ubi
2480 1897 2606 1942 sunt
2628 1890 2817 1944 merita
2843 1890 3076 1946 virtutis.
3112 1910 3132 1943 ›
3163 1892 3370 1948 Plinius
3398 1909 3528 1950 vero

1927 1976 2066 2033 hanc
2098 1977 2324 2036 Honoris
2369 1990 2416 2033 et
2465 1979 2676 2035 Virtutis
2713 1981 2882 2037 tndem
2925 1982 2994 2039 ab
3033 1982 3367 2055 Vespasiano
3407 1987 3525 2043 Att-

1926 2081 2084 2143 gusto
2126 2072 2427 2126 restitutam
2482 2071 2648 2127 fuisse
2687 2073 2925 2128 tradidit.
2983 2074 3224 2147 Denique
3263 2091 3332 2132 ex
3371 2076 3526 2133 Livio

1929 2180 2143 2219 rursum
2191 2165 2450 2219 discimus
2494 2165 2637 2220 aliud
2679 2166 2933 2236 templum
2984 2166 3203 2224 Virtutis
3233 2184 3263 2224 a
3289 2170 3360 2225 M.
3394 2170 3529 2226 Mar-

1929 2262 2068 2315 cello
2091 2305 2105 2328 ,
2151 2260 2434 2315 memorati
2467 2275 2493 2317 a
2534 2261 2687 2315 nobis
2730 2260 2968 2316 Marcelli
3011 2261 3129 2318 ﬁlio
3155 2305 3171 2331 ,
3208 2250 3279 2319 ad
3314 2274 3526 2334 portam

1930 2351 2200 2421 Capenam
2254 2363 2631 2409 consecratum
2658 2354 2677 2425 (
2716 2351 2914 2409 Vitruv.
2941 2399 2956 2423 ,
2992 2354 3082 2410 lib.
3112 2372 3166 2413 ut
3186 2398 3206 2422 ,
3245 2373 3361 2428 cap.
3387 2357 3415 2414 1
3440 2400 3454 2424 ,
3486 2367 3533 2413 et

1933 2446 2025 2500 lib.
2052 2463 2142 2511 vn,
2166 2447 2218 2501 in
2247 2446 2501 2509 Pratem.;
2524 2446 2843 2517 Symmaoli.,
2867 2448 2953 2507 lib.
2980 2464 3019 2513 ι,
3048 2451 3194 2517 epist.
3229 2450 3324 2514 ll;
3360 2449 3529 2519 Plin.,

1934 2539 2022 2597 lib.
2054 2554 2193 2594 xxxv
2224 2537 2416 2593 Natur.
2449 2539 2592 2607 hist,
2620 2556 2739 2611 cap.
2774 2538 2860 2606 10,
2909 2558 2963 2613 p.
2991 2540 3133 2609 224;
3166 2539 3298 2610 Liv.,
3329 2542 3420 2599 lib.
3448 2560 3529 2613 tx,

1934 2649 2049 2703 cap.
2085 2634 2142 2687 11
2181 2634 2221 2702 ).

2006 2726 2089 2780 Ad
2144 2724 2465 2783 Felicitatem
2509 2726 2652 2798 quod
2690 2738 2936 2798 spectat;
2998 2730 3153 2788 testis
3201 2742 3287 2789 est
3327 2733 3533 2790 Plinius

1933 2817 2075 2875 facta
2128 2819 2295 2875 fuisse
2320 2836 2350 2875 a
2385 2820 2654 2879 Praxitele
2695 2823 2801 2879 duo
2842 2822 3029 2894 signa,
3075 2841 3194 2897 qua:
3220 2836 3345 2883 ante
3374 2827 3533 2899 hujus

1939 2912 2227 2970 Felicitatis
2254 2914 2424 2970 andem
2466 2918 2641 2984 posita
2684 2916 2899 2973 fuerant
2925 2917 2946 2990 (
2976 2917 3121 2975 Plin.
3142 2960 3158 2987 ,
3190 2920 3281 2976 lib.
3329 2938 3531 2990 xxxrv,

1942 3024 2058 3077 cap.
2087 3008 2121 3063 8
2146 3049 2160 3074 ,
2192 3024 2310 3079 pag.
2342 3008 2446 3064 120
2471 3008 2511 3080 ).
2560 3009 2806 3065 Ciceroni
2837 3020 3016 3067 autem
3043 3013 3090 3069 si
3118 3013 3311 3071 credas
3336 3058 3350 3083 ,
3381 3034 3401 3069 ι
3438 3015 3536 3073 Ille

1941 3102 2002 3157 L.
2044 3100 2325 3156 Mammins
2347 3140 2362 3165 ,
2395 3101 2555 3161 sicuti
2587 3101 2821 3173 loquitur
2841 3146 2854 3167 ,
2886 3102 3134 3175 Thespiis
3162 3122 3223 3161 ea
3252 3149 3266 3171 ,
3312 3124 3433 3179 qua:
3467 3110 3536 3166 ad

1941 3194 2112 3249 mdem
2145 3192 2441 3247 Felicitatis
2479 3202 2645 3259 sunt,
2685 3203 2995 3266 caetcraque
3055 3196 3277 3268 profana
3317 3213 3386 3255 ex
3441 3200 3537 3256 illo

1942 3286 2138 3358 oppido
2179 3288 2330 3358 signa
2372 3287 2608 3344 sustulit.
2649 3307 2670 3340 ι
2720 3288 2968 3360 (Cicer.,
2997 3302 3129 3349 orat.
3162 3307 3243 3361 tv,
3272 3292 3328 3348 in
3366 3292 3535 3362 γαῖν-η

1942 3397 2060 3451 pag.
2098 3378 2234 3446 160,
2269 3378 2362 3435 lin.
2388 3380 2477 3435 59.
2512 3382 2529 3449 )
2572 3380 2652 3435 Ab
2688 3380 2856 3437 Dione
2881 3393 3078 3452 porro,
3119 3385 3455 3455 Augustino,
3484 3397 3540 3443 et

1942 3473 2063 3527 aliis
2095 3472 2288 3528 factam
2318 3472 2495 3527 adhuc
2518 3472 2752 3543 legimus
2778 3466 2963 3545 templi
2994 3473 3277 3535 Felicitatis
3308 3481 3541 3536 mentio»

1943 3582 2065 3621 nem
2101 3566 2120 3639 (
2150 3565 2329 3631 Dicm,
2383 3567 2471 3620 lib.
2538 3582 2661 3623 xuv
2714 3565 2914 3623 Histor.
2954 3585 3177 3637 romam,
3224 3587 3347 3643 pag.
3395 3571 3535 3640 278;

1943 3661 2158 3731 August.
2186 3702 2200 3726 ,
2226 3661 2315 3715 lib.
2342 3677 2396 3716 tv
2441 3661 2505 3715 de
2529 3660 2679 3716 Civil.
2707 3701 2724 3728 ,
2774 3679 2891 3733 cap.
2925 3663 2993 3719 18
3019 3674 3065 3720 et
3092 3664 3185 3733 25,
3213 3683 3335 3738 pag.
3364 3667 3467 3726 100
3495 3675 3541 3725 οι

1947 3753 2050 3809 tet
2070 3751 2109 3824 ).

2019 3849 2361 3905 Posmnmius
2386 3857 2566 3905 autem
2592 3893 2606 3917 ,
2632 3851 2677 3906 si
2710 3851 2863 3909 Livio
2891 3853 3060 3919 ﬁdes,
3095 3874 3115 3909 t
3149 3856 3323 3914 aedem
3350 3858 3539 3917 Victo-

1947 3945 2074 4007 riae,
2123 3959 2282 4013 quam
2312 3942 2486 4001 aedilis
2513 3944 2719 4001 curulis
2753 3963 2819 4001 ex
2854 3948 3171 4007 mulctatitia
3204 3953 3431 4020 pecunia
3462 3953 3544 4010 la-

1948 4038 2193 4094 ciendatn
2226 4047 2544 4106 curaverat,
2590 4039 2880 4095 dedicavit.
2915 4060 2935 4093 ι
2963 4040 2983 4114 (
3010 4040 3123 4099 Liv.
3151 4084 3165 4109 ,
3196 4043 3288 4101 lib.
3317 4061 3350 4100 ι
3375 4087 3390 4110 ,
3423 4042 3563 4117 cap.‘

1950 4128 2079 4209 55.)
2106 4131 2223 4185 Alio
2249 4131 2424 4185 adlmc
2452 4130 2503 4184 in
2538 4129 2676 4185 libro
2699 4132 2830 4186 alias
2859 4132 3089 4203 duplicis
3117 4134 3375 4195 Victoria:
3402 4139 3545 4197 tech

1953 4224 2034 4279 his
2065 4224 2244 4279 verbis
2288 4234 2679 4278 commemorat
2709 4242 2723 4280 :
2758 4244 2777 4275 ι
2814 4224 3113 4285 )Ediculam
3147 4228 3399 4293 Victoria
3437 4234 3546 4290 γῆν..

1956 4321 2115 4399 ginis,
2145 4335 2312 4392 prope
2334 4321 2503 4375 tndem
2534 4321 2786 4379 Victoria:
2816 4322 2887 4378 Μ.
2920 4322 3142 4383 Porcius
3166 4325 3303 4384 Cato
3329 4328 3549 4387 dedica-

1955 4414 2056 4480 vit,
2101 4414 2321 4469 biennio
2361 4423 2637 4486 postquam
2687 4416 2855 4473 vovit.
2899 4435 2919 4470 ι
2952 4417 2971 4487 (
3000 4416 3183 4484 Idem,
3235 4419 3325 4477 lib.
3377 4438 3543 4490 xxxv,

1954 4526 2071 4580 cap.
2107 4505 2208 4578 9.)
2244 4506 2541 4564 Pausanias
2586 4523 2802 4578 quoque
2827 4549 2841 4573 .
2889 4519 2941 4565 et
2985 4509 3273 4582 Dionysius
3307 4511 3549 4569 Halicar-

1956 4615 2180 4657 nasseus
2206 4600 2274 4656 de
2314 4599 2552 4655 Victoria:
2579 4600 2705 4659 lano
2731 4602 3022 4671 loquuntur
3048 4602 3310 4675 (Pansae,
3338 4648 3354 4670 .
3379 4607 3470 4664 lib.
3503 4623 3543 4675 ι,

1955 4709 2076 4765 pag.
2120 4692 2227 4756 ‘20;
2272 4691 2489 4762 Dionys.
2549 4690 2784 4747 Halicar.
2812 4732 2827 4760 ,
2873 4695 2960 4748 lib.
2997 4712 3027 4749 ~l
3088 4695 3335 4767 Antiquit.
3386 4715 3542 4767 rom.,

1956 4809 2077 4863 pag.
2120 4789 2193 4845 26
2222 4788 2262 4859 ).
2303 4787 2413 4843 Nos
2441 4788 2603 4843 etiam
2635 4788 2762 4843 alibi
2794 4789 3276 4847 animadvertimus
3299 4790 3546 4864 Symma-

1957 4884 2117 4939 chum
2141 4923 2154 4945 ,
2196 4896 2318 4936 cum
2360 4880 2428 4934 ab
2457 4879 2787 4949 imperatore
2815 4876 3191 4939 Valentiniano
3218 4884 3551 4951 postulasset

1957 4994 2105 5033 aram
2145 4974 2389 5032 Victoriae
2417 4976 2470 5029 in
2502 4975 2651 5031 curia
2681 4975 2928 5041 restitui,
2970 4973 3038 5029 ab
3063 4973 3350 5033 Ambrosio
3380 4976 3549 5036 fuisse

1955 5070 2288 5127 conlutatum
2317 5068 2566 5140 (Observ.
2589 5069 2642 5124 in
2673 5069 2908 5127 Ambros.
2931 5108 2947 5135 ,
2976 5068 3128 5137 epist.
3159 5069 3261 5139 18,
3293 5080 3343 5126 et
3388 5072 3546 5143 Sym-

1958 5167 2126 5221 maclt.
2157 5164 2340 5228 relat.,
2371 5171 2494 5219 tom.
2525 5178 2566 5218 tt
2586 5162 2628 5234 ).

2036 5256 2298 5313 Discimus
2323 5262 2590 5325 praetcrea
2614 5268 2685 5311 ex
2708 5252 2969 5317 Suetonio
2993 5253 3268 5315 conditum
3287 5271 3318 5313 a
3347 5256 3548 5328 Vespa.

262 5377 425 5434 quam
451 5360 702 5415 omnibus
729 5365 853 5412 nota
884 5364 1174 5412 memorat.
1221 5355 1330 5409 Nos
1356 5366 1535 5409 autem
1575 5353 1859 5408 admonuit
1955 5352 2111 5417 siano
2143 5349 2478 5420 lmperatore
2512 5348 2772 5416 templum
2813 5346 2973 5405 Pacis
2996 5392 3011 5417 ,
3059 5348 3175 5405 foro
3200 5350 3506 5420 proximum
3528 5396 3544 5421 ,

266 5454 525 5521 templum
575 5450 808 5507 Honoris
846 5465 876 5503 a
916 5447 985 5503 Μ.
1028 5448 1279 5503 Marcello
1326 5448 1489 5502 fuisse
1534 5454 1852 5502 renovatum

271 5544 475 5619 (Cicer.
496 5586 511 5612 ,
568 5545 656 5600 lib.
700 5546 740 5599 'n
778 5542 840 5597 de
878 5541 1068 5596 Natur.
1098 5541 1275 5607 ileon,
1319 5557 1436 5611 pag.
1464 5540 1605 5606 225,
1636 5539 1727 5593 lin.
1754 5536 1855 5609 6).

270 5635 455 5694 Livius
482 5654 608 5695 vero
634 5637 910 5694 memoria:
946 5632 1180 5704 prodidit
1222 5632 1394 5689 aedem
1431 5632 1625 5688 Salutis
1648 5674 1665 5700 ,
1694 5647 1851 5703 quam

1958 5444 2110 5514 cujus
2154 5442 2396 5508 Plinius,
2433 5439 2742 5510 Xipltilinus
2765 5481 2781 5507 ,
2805 5439 3075 5511 Joseplttts
3132 5451 3190 5500 et
3242 5443 3332 5503 alii
3362 5448 3551 5503 mcmi.

1960 5552 2111 5597 nerc.
2155 5534 2433 5590 Chimenis
2474 5540 2653 5591 autem
2704 5541 2879 5595 statua
2928 5544 3218 5597 attestante
3262 5535 3548 5603 Pausania,

1960 5630 2185 5687 Romam
2233 5627 2287 5683 in
2332 5625 2488 5681 Pacis
2531 5624 2789 5696 templum
2829 5626 3112 5698 deportata
3142 5633 3231 5683 est
3281 5624 3548 5699 (Sueton.,
