3986 6058
457 208 562 272 615

1712 188 2165 256 ῡιδδιιιιτιλτιο
2202 186 2482 254 PREVIA

3638 186 3752 246 616

455 269 519 382 inv
548 323 652 380 Vit.
695 320 933 394 Vespas.,
971 333 1089 389 cap.
1129 315 1201 382 9,
1250 328 1370 386 pag.
1414 311 1549 380 759;
1611 309 1788 380 Plin.,
1833 311 1922 366 tib.
1969 324 2043 364 xn

2155 311 2235 365 ml
2273 315 2368 383 νεῲ
2405 311 2700 382 θαυμάσιοι,
2741 311 2830 366 καὶ
2873 307 3057 370 σκηναὶ
3103 310 3249 387 πέριξ
3286 307 3620 386 ὑπερήφανοι,
3655 309 3753 362 καί

461 420 598 478 Hist.
623 429 816 486 natur.,
842 433 957 484 cap.
995 413 1080 480 19,
1111 429 1232 484 pag.
1261 409 1350 476 56,
1381 420 1429 465 et
1457 409 1545 463 lib.
1571 423 1758 474 xxxvr,
1787 422 1904 475 cap.
1931 403 1997 459 15
2028 443 2043 468 ,

457 530 578 586 pag.
606 510 733 584 309,
765 519 812 564 et
836 508 989 572 alibi;
1015 504 1243 576 Xipltil.,
1269 503 1445 575 epist.,
1477 519 1595 574 pag.
1620 500 1718 555 221
1740 516 1758 562 ;
1786 497 2002 567 Joseph.
2026 536 2043 564 ,

457 605 542 659 lib.
579 618 651 658 vn
690 601 752 656 de
791 598 936 656 Bello
952 597 1073 671 jud.
1101 639 1118 666 ,
1150 612 1266 669 cap.
1297 595 1368 652 ‘24
1391 637 1408 664 ,
1440 612 1561 667 pag.
1606 591 1755 659 979;
1785 589 2042 656 Pansam,

456 690 544 751 lib.
575 711 651 762 vr,
674 709 794 766 pag.
825 691 928 748 179
953 689 997 764 ).

529 787 812 860 quuitatis
836 784 1050 842 tandem
1072 785 1293 841 nomine
1313 780 1586 839 Arnobius
1603 778 1869 852 justitiam
1893 773 2042 831 haud

454 884 616 944 dubie
661 883 941 954 intelligit,
988 881 1056 938 de
1079 895 1183 953 qua
1210 877 1432 935 Ovidius
1467 875 1680 932 videtur
1710 875 1826 929 haec
1857 869 2045 928 condio

453 981 600 1038 disse
624 979 864 1036 carmina
897 995 910 1031 :

545 1071 776 1132 Principe
801 1083 892 1120 nec
915 1076 1079 1118 nostro
1098 1068 1224 1118 deus
1245 1071 1326 1132 est
1345 1063 1640 1113 moderatior
1663 1059 1793 1109 ullus
1816 1071 1830 1109 ε

636 1127 833 1183 ,Ιιιὲιίιὶε
859 1133 992 1182 vires
1010 1135 1256 1192 temperat
1279 1127 1364 1176 ille
1380 1138 1512 1176 suas.

546 1196 717 1259 Nuper
734 1208 842 1259 eam
861 1194 1045 1259 (mar,
1070 1184 1194 1259 facto
1210 1191 1276 1240 de
1302 1201 1545 1259 marmore
1569 1184 1772 1249 templo.

639 1258 747 1309 Jam
770 1257 959 1322 pridem
982 1251 1144 1319 posuit
1164 1253 1344 1303 mentis
1365 1253 1414 1301 in
1439 1251 1545 1300 aede
1568 1261 1690 1299 suae.

617 1343 805 1408 (Ovid,
824 1341 907 1394 tib.
929 1357 999 1402 ιιι,
1023 1352 1086 1392 ca:
1103 1342 1270 1398 Pont.,
1293 1335 1434 1402 epist.
1460 1337 1509 1397 6,
1536 1346 1661 1385 vers.
1685 1332 1811 1382 25a
1825 1330 1978 1395 seqq.)

452 1454 680 1526 Quidam
712 1462 892 1509 tamen
921 1456 1149 1507 censent
1180 1445 1315 1502 nihil
1344 1444 1414 1500 de
1441 1459 1508 1500 eo
1531 1438 1733 1513 templo
1762 1438 1903 1510 apud
1930 1437 2047 1494 ido-

455 1564 585 1605 ncos
615 1556 866 1604 auctores
909 1540 1179 1608 inveniri,
1223 1548 1385 1610 atque
1430 1536 1633 1592 idcirco
1667 1542 1879 1605 poetam
1911 1530 2046 1586 alitt-

453 1643 594 1700 sisse
625 1639 694 1698 ad
732 1639 916 1696 Martis
963 1636 1152 1693 ultoris
1192 1632 1365 1689 aadem
1391 1673 1408 1699 ,
1454 1626 1887 1702 quandoquidem
1925 1626 2046 1681 vin-

453 1736 615 1803 dicta,
660 1735 728 1790 de
771 1747 874 1804 qua
903 1731 1137 1803 loquitur
1181 1727 1437 1792 Ovidius,
1497 1739 1619 1794 pars
1667 1721 1913 1794 quaedam
1959 1730 2044 1776 est
2073 1704 2120 1766 Β

448 1828 692 1901 iustitiae.
744 1826 942 1883 Verum
989 1819 1244 1893 numquid
1288 1818 1558 1876 Arnobius
1604 1831 1711 1871 non
1751 1816 1882 1870 satis
1923 1813 2042 1868 ido-

455 1939 588 1980 neus
615 1921 767 1979 testis
795 1918 1091 1986 habendus,
1125 1916 1216 1988 qui
1244 1931 1342 1972 suo
1370 1914 1548 1969 adhuc
1578 1923 1820 1982 tempore
1845 1907 2041 1980 xEqni-

454 2027 605 2073 tatem
629 2059 646 2084 ,
696 2016 834 2070 sicut
875 2011 1142 2068 Victoriam
1183 2023 1229 2066 et
1273 2008 1461 2063 Pacem
1501 2006 1701 2078 templo
1725 2021 1757 2060 a
1787 2003 2044 2061 Romanis

454 2111 768 2164 honoratam
802 2106 1077 2160 afﬁrmat?
1103 2103 1271 2159 Porro
1297 2111 1474 2157 autem
1497 2099 1776 2156 Juvenalis
1805 2099 2038 2170 plurium

453 2202 675 2257 deorum
702 2241 718 2266 ,
763 2199 832 2254 ab
876 2199 1110 2252 Auctore
1150 2204 1336 2251 nostro
1375 2193 1690 2248 nominatim
1732 2190 2035 2260 appellato-

452 2312 594 2364 rum,
624 2293 817 2364 templa
845 2292 928 2348 his
957 2292 1169 2348 duobus
1196 2290 1441 2346 versibus
1469 2285 1878 2358 comprehendit
1912 2303 1925 2342 :

545 2407 612 2459 Ut
629 2407 803 2458 colitur
824 2405 926 2468 Pax
949 2413 1097 2468 atque
1121 2402 1288 2468 Fides,
1323 2401 1553 2468 Victoria,
1571 2401 1761 2468 Virtus,

545 2470 767 2534 Quaeque
787 2467 997 2519 salutato
1018 2465 1228 2529 crepitat
1246 2465 1512 2516 Concordia
1534 2465 1665 2514 nido.

827 2551 1102 2618 (Juvenal.,
1127 2548 1264 2603 satir.
1291 2551 1338 2610 1,
1364 2561 1491 2601 vers.
1517 2550 1607 2600 114
1630 2555 1676 2601 et
1698 2546 1856 2614 seqq.)

451 2664 562 2722 Nos
588 2677 717 2720 vero
743 2660 812 2717 de
842 2659 908 2716 iis
934 2641 1133 2730 aliquid
1158 2656 1286 2714 alibi
1329 2656 1604 2726 attigimus
1649 2657 1667 2726 (
1692 2664 1817 2709 tom.
1872 2669 1889 2708 1
1935 2652 2043 2722 Ap.

453 2764 648 2829 parat.,
678 2770 799 2825 pag.
828 2751 934 2808 766
963 2751 1004 2823 ).

522 2849 652 2906 iure
691 2845 852 2918 igitur
881 2843 1077 2900 merito
1103 2839 1375 2898 Arnobius
1411 2838 1779 2911 stupiditatem
1807 2840 2046 2908 exagitat

451 2942 772 3014 gentilium,
826 2937 918 3010 qui
969 2933 1354 2992 commentitiis
1411 2932 1677 3002 ejusmodi
1733 2931 2045 2987 numinibus

453 3033 652 3105 templa
696 3031 1114 3088 :edilicaverant.
1141 3027 1250 3084 Sed
1291 3025 1544 3098 praevium
1585 3023 1729 3080 haud
1755 3023 1919 3080 dubie
1947 3041 2040 3080 se-

451 3093 608 3184 cutus
651 3135 735 3181 est
774 3123 1118 3188 Ciceronem,
1153 3121 1243 3192 qui
1291 3093 1416 3176 inec
1462 3119 1830 3174 confutatinne
1895 3118 2040 3173 nulla
2068 3093 2116 3158 (ἶ

453 3220 692 3290 indigere
733 3218 814 3273 his
861 3216 1101 3274 declarat
1139 3214 1319 3272 verbis
1350 3215 1372 3268 ε’
1415 3230 1435 3265 ‹
1467 3211 1604 3267 Νυιη
1645 3211 1809 3282 igitur
1847 3225 2042 3266 censes

451 3311 717 3371 subtiliori
746 3311 954 3368 ratione
977 3325 1114 3382 opus
1141 3324 1264 3366 esse
1291 3306 1358 3362 ad
1386 3306 1503 3391 haec
1531 3304 1868 3361 refellenda?
1906 3303 2041 3359 Nam

451 3416 688 3464 mentem
715 3447 730 3472 ,
765 3403 923 3460 ﬁdem
948 3445 964 3467 ,
991 3417 1143 3474 spem
1162 3444 1178 3468 ,
1215 3403 1462 3458 virtutem
1487 3441 1503 3467 ,
1532 3399 1796 3456 honorem
1821 3440 1837 3463 ,
1867 3399 2040 3455 victo-

452 3502 611 3569 riam,
639 3499 892 3563 salutem,
919 3495 1286 3563 concordiam,
1306 3503 1611 3565 caateraque
1637 3491 1926 3564 ejusmodi,
1957 3507 2042 3548 re-

449 3610 569 3650 rum
599 3593 704 3648 vim
733 3591 936 3648 habere
963 3589 1206 3646 videmus
1226 3629 1241 3654 ,
1266 3603 1374 3643 non
1403 3587 1654 3643 deorum.
1679 3585 1786 3642 Aut
1811 3588 1954 3642 enim
1987 3588 2040 3644 in

452 3686 720 3743 nobismet
745 3686 928 3741 insunt
953 3681 1104 3755 ipsis.
1134 3689 1193 3737 ut
1217 3695 1392 3748 mens,
1427 3689 1485 3734 ut
1511 3679 1667 3746 ﬁdes,
1694 3688 1751 3734 ut
1781 3695 1906 3751 spes
1931 3722 1946 3748 ,
1984 3690 2042 3736 ut

449 3776 620 3834 virtus
645 3816 661 3842 ,
701 3787 762 3832 ut
798 3774 1092 3832 concordia
1124 3791 1138 3828 :
1170 3782 1263 3830 aut
1289 3759 1541 3844 optanda:
1581 3773 1737 3828 nobis
1775 3784 1898 3829 sunt
1923 3814 1939 3841 ,
1984 3782 2043 3829 ut

451 3870 644 3938 honos,
672 3879 731 3927 ut
755 3871 900 3926 salus
923 3911 940 3938 ,
968 3878 1028 3925 ut
1055 3868 1301 3924 victoria.
1330 3868 1565 3937 Quarum
1596 3883 1777 3922 rerum
1811 3854 2042 3923 utilitate

450 3963 614 4022 video
641 3950 801 4020 etiam
840 3971 1156 4018 consecrata
1193 3961 1503 4015 simulacra.
1550 3959 1729 4026 Quare
1765 3968 1943 4014 autem
1985 3958 2041 4014 in

449 4057 534 4115 bis
555 4059 634 4114 vis
671 4058 895 4114 deorum
929 4055 1092 4123 insit,
1135 4066 1261 4110 tunc
1300 4054 1597 4125 intelligam
1626 4097 1642 4122 ,
1675 4069 1800 4109 eum
1842 4070 2042 4126 cogno-

448 4167 598 4208 vero.
637 4168 657 4204 s
685 4150 706 4225 (
733 4148 866 4219 Cic.,
890 4149 979 4204 lib.
1036 4164 1092 4203 ιιι
1116 4147 1179 4204 de
1207 4146 1336 4202 Nat.
1363 4147 1528 4212 deor.,
1554 4165 1610 4219 p.
1632 4146 1759 4216 248,
1788 4149 1884 4204 lin.
1914 4147 2039 4218 41.)

519 4245 618 4300 Ast
643 4244 688 4298 si
732 4241 849 4298 hate
891 4240 1126 4314 gentium
1168 4239 1413 4310 impietas
1456 4239 1672 4296 etlmico
1715 4240 1916 4297 oratori
1960 4240 2042 4296 in-

448 4337 610 4409 digna
637 4335 751 4391 visa
776 4335 869 4398 sit,
895 4349 1017 4406 qua:
1047 4331 1346 4400 refellatur,
1374 4343 1576 4404 quanto
1599 4334 1769 4404 magis
1797 4331 2042 4389 confuta-

449 4430 596 4486 tione
618 4427 724 4486 erit
752 4427 965 4498 indigna
993 4425 1151 4497 longe
1176 4424 1349 4496 major
1375 4425 1608 4482 amentia
1638 4424 2035 4499 IEgyptiorum,

447 4522 560 4595 qui,
593 4529 652 4579 ut
675 4519 752 4576 ait
781 4487 1339 4587 Arnobiusrfelibus,
1383 4520 1690 4586 scarabmis,
1710 4487 2036 4588 ist-baculis,
2068 4487 2122 4551 D

447 4616 562 4671 sive
592 4611 820 4668 novellis
865 4609 1038 4667 bobus
1069 4611 1268 4682 templa
1299 4610 1617 4668 sublimibus
1644 4613 1787 4668 elata
1814 4611 2040 4686 fastigiis

447 4715 828 4768 exstruxerunt
875 4705 1117 4781 (Arnob.,
1147 4705 1238 4762 lib.
1269 4723 1323 4773 ι,
1369 4722 1490 4778 pag.
1522 4706 1636 4776 15).
1680 4707 2040 4774 Quamobrem

445 4805 705 4879 Origenes
746 4805 868 4876 jure
909 4803 1102 4859 merito
1137 4801 1595 4858 dementissimam
1625 4802 1851 4875 castigat
1898 4803 2042 4860 Celsi

447 4899 826 4962 temeritatem.
845 4895 935 4968 qui
963 4895 1069 4950 vult
1086 4895 1258 4961 etiam,
1279 4893 1473 4966 inquit,
1490 4897 1724 4966 conferre
1744 4904 1943 4950 nostras
1961 4911 2042 4952 res

444 5008 559 5047 cum
586 4991 731 5046 rebus
761 4987 1166 5062 Egyptiorum,
1206 4988 1276 5041 ad
1303 5003 1429 5057 quos
1461 4988 1680 5043 venienti
1722 4987 1942 5056 o/ferunt
1987 5005 2042 5046 se

443 5081 716 5154 splendida
745 5086 871 5155 fana
894 5097 1010 5136 cum
1033 5081 1191 5148 lucis,
1219 5088 1266 5134 et
1292 5081 1482 5150 templa
1503 5097 1619 5135 cum
1649 5080 1907 5136 vestibulis
1956 5090 2038 5136 at-

445 5191 542 5246 que
581 5173 889 5246 porticibus,
939 5173 1127 5229 eximia
1171 5171 1523 5245 magnitudine
1565 5174 2044 5245 pulcliritudincque

447 5267 726 5333 mirandis,
754 5268 1166 5338 cmentoniwgue
1193 5265 1474 5322 admodum
1499 5267 1780 5339 religiosas,
1810 5285 1872 5323 ac
1897 5286 2039 5339 mys-

448 5364 561 5418 tica
588 5378 608 5416 :
651 5363 990 5432 introgressus
1031 5370 1204 5417 autem
1245 5359 1430 5416 videbit
1473 5359 1679 5416 adorari
1723 5362 1872 5434 felem
1897 5403 1913 5430 ,
1953 5371 2043 5417 aut

447 5453 689 5520 simiam,
737 5462 828 5507 aut
870 5452 1222 5521 crocodilum,
1267 5461 1357 5508 aut
1399 5453 1631 5521 hircum,
1684 5465 1771 5510 aut
1816 5472 2038 5511 canem:

448 5550 790 5631 Παραϐάλλειν
831 5547 889 5606 δέ
921 5550 994 5605 τὰ
1042 5557 1134 5611 τῆς
1169 5551 1392 5611 πίστεως
1431 5551 1571 5622 ἡμῶν
1623 5558 1729 5612 τοῖς
1755 5553 2042 5625 Αἰγυπτίων

445 5645 568 5701 ϐέλει
606 5645 902 5718 πράγμασι.
932 5642 1058 5720 παρ’
1097 5637 1170 5704 οἷς
1212 5644 1475 5720 προσιόντι
1526 5645 1618 5717 μέν
1667 5645 1778 5703 ἐστι
1825 5644 2046 5723 λαμπρά

446 5738 648 5816 τεμένη,
677 5739 762 5796 καὶ
787 5734 939 5808 ἄλση,
980 5738 1067 5793 καὶ
1093 5737 1421 5810 προπυλαίων
1446 5739 1622 5810 μεγέθη
1649 5758 1734 5806 τε,
1763 5742 1850 5796 καὶ
1868 5741 2039 5812 κάλλη,
2072 5758 2098 5808 ‘,

2146 403 2411 477 θρησκεῑαι
2437 401 2804 477 δεισιδαίμονες
2829 443 2846 468 ,
2884 406 2972 458 καὶ
3021 399 3451 479 μυστηριώτιδες.
3508 399 3602 460 ἤδη
3655 400 3754 455 καὶ

2147 497 2369 559 εἰσίοντι,
2417 500 2504 552 καὶ
2530 494 2773 572 ἐνδοτέρῳ
2797 499 3045 572 γενομένῳ
3069 498 3328 571 θεωρεῖται
3351 493 3751 570 προσκυνούμε-

2144 609 2228 648 νος
2257 587 2511 653 αἴλουρος,
2539 588 2570 648 ἦ
2595 591 2822 657 πίθηκος,
2851 586 3227 666 ἣπροκὸδειλος,
3252 587 3282 646 ἦ
3308 587 3516 661 τράγος,
3543 583 3575 644 ἦ
3610 584 3749 637 κύων

2145 677 2407 752 (0rigcn.,
2437 681 2526 740 lib.
2559 697 2642 748 tu,
2674 693 2839 737 contr.
2871 680 3034 748 Cels.,
3058 697 3178 754 pag.
3209 678 3313 735 120
3344 689 3390 734 et
3419 676 3604 749 seqq.).
3636 673 3749 732 Sed

2145 771 2214 828 de
2262 773 2344 828 his
2374 789 2471 830 nos
2509 774 2562 829 in
2611 776 2877 846 superiori
2918 775 3224 846 Apparatus
3267 773 3438 828 nostri
3465 781 3642 838 tomo,
3690 777 3753 825 et

2146 865 2270 920 alibi
2299 866 2690 936 disputavimus
2721 867 2872 940 (tom.
2923 882 2939 921 ι
2999 866 3290 938 Apparat.,
3327 881 3449 937 pag.
3474 857 3746 927 496-767,

2145 969 2191 1014 et
2220 957 2439 1014 Dissert.
2470 977 2643 1031 super.
2674 961 2726 1014 in
2757 959 2983 1024 Μίνωα,
3010 976 3126 1032 cap.
3157 957 3250 1025 12,
3280 966 3382 1012 art.
3411 956 3488 1028 2).

2217 1050 2656 1108 Examinavimus
2683 1052 2844 1108 etiam
2870 1051 3017 1108 aliud
3047 1051 3270 1109 Arnobii
3309 1061 3495 1106 contra
3521 1047 3753 1104 deorum

2147 1145 2344 1214 templa
2383 1155 2756 1216 argumentum
2785 1187 2800 1210 ,
2851 1144 2992 1217 quod
3030 1161 3098 1200 ex
3135 1144 3348 1200 illorum
3379 1141 3667 1200 eversione
3691 1150 3755 1198 et

2146 1238 2300 1294 ruina
2330 1237 2664 1309 deprompsit
2690 1237 2909 1312 (Ιὺὶά.).
2959 1239 3018 1295 Si
3059 1237 3187 1310 quid
3236 1249 3415 1293 tamen
3445 1237 3498 1291 in
3524 1251 3590 1292 eo
3619 1230 3752 1290 novi

2150 1345 2420 1402 occurrat,
2449 1332 2505 1388 in
2531 1336 2774 1405 sequenti
2804 1333 2978 1404 capite
2997 1375 3014 1401 ,
3053 1333 3142 1389 ubi
3171 1332 3239 1389 de
3267 1333 3494 1389 deorum
3521 1328 3752 1387 simula-

2148 1425 2276 1492 cris,
2307 1425 2499 1496 quibus
2529 1425 2658 1481 illud
2688 1425 2989 1498 conjunxit,
3018 1441 3172 1484 more
3200 1434 3387 1482 nostro
3416 1423 3754 1497 expendetur

2146 1526 2202 1574 et
2225 1517 2599 1575 illustrabitur.

2730 1633 2962 1692 CAPUT
3000 1634 3164 1692 XXII.

2415 1750 2492 1806 De
2521 1749 2747 1807 Deorum
2773 1751 3065 1808 simulacris
3092 1762 3139 1808 et
3167 1752 3495 1824 imaginibus.

2676 1880 2978 1924 Λιιτιουιυε
3017 1882 3227 1923 PRIMUS.

2145 1973 2331 2036 Quibus
2353 1975 2595 2028 rationum
2630 1981 2887 2030 momentis
2909 1979 3154 2030 Arnobius
3187 1980 3498 2031 demonstret
3534 1980 3750 2033 deorum

2207 2040 2464 2105 imagines,
2488 2044 2645 2105 signa,
2675 2050 2728 2092 et
2750 2043 3005 2093 simulacra
3039 2043 3189 2105 impie
3226 2043 3289 2093 ab
3320 2043 3533 2093 ethnicis
3557 2043 3652 2094 coli
3695 2051 3755 2095 et

2206 2102 2398 2170 adorari
2423 2120 2434 2150 :
2453 2102 2574 2170 quid
2600 2103 2931 2170 leonist‘acies
2948 2120 3086 2170 mero
3104 2102 3255 2156 oblita
3281 2107 3451 2166 minio,
3479 2121 3536 2156 ac.
3553 2107 3619 2170 de
3644 2109 3754 2170 pri-

2213 2167 2304 2214 mis
2324 2165 2599 2216 simulacris
2623 2175 2674 2217 et
2695 2167 2805 2218 aliis
2824 2168 3032 2217 humana
3056 2167 3209 2232 ﬁgura
3242 2165 3632 2232 repraesentatis.

2219 2295 2302 2352 Ad
2331 2297 2558 2353 deorum
2593 2297 2852 2369 imagines
2876 2300 3026 2369 signa
3051 2341 3066 2365 ,
3117 2306 3324 2354 statuas
3351 2307 3408 2354 et
3434 2302 3750 2364 simulacra,

2149 2403 2290 2458 quae,
2307 2389 2384 2443 uti
2407 2389 2566 2459 paulo
2585 2399 2706 2460 post
2727 2390 3092 2446 ostendemus
3111 2389 3350 2461 (Arnob.,
3367 2390 3406 2446 ι.
3425 2406 3496 2456 vt,
3516 2409 3568 2462 p.
3589 2391 3688 2447 191
3702 2400 3755 2446 ει

2147 2479 2335 2553 seqq),
2368 2482 2452 2538 vel
2482 2482 2741 2552 ipsosmet
2765 2482 2898 2538 deos
2920 2498 3050 2539 suos
3077 2498 3219 2552 esse,
3249 2483 3333 2538 vel
3360 2484 3416 2538 in
3440 2483 3528 2539 eis
3556 2484 3752 2540 saltem

2147 2572 2434 2643 habitare,
2497 2575 2696 2631 ethnici
2761 2575 3159 2631 arbitrabantur
3191 2617 3207 2642 ,
3269 2576 3420 2632 venit
3473 2575 3752 2633 Arnobius

2146 2666 2319 2742 (inin,
2352 2677 2454 2723 art.
2486 2667 2544 2740 4)
2571 2711 2586 2736 ,
2620 2684 2684 2725 ac
2719 2670 2871 2725 vario
2899 2679 3342 2740 argumentorum
3385 2685 3584 2742 genere
3616 2685 3752 2726 con-

2146 2760 2312 2816 vincit
2333 2761 2443 2825 illa,
2466 2777 2587 2832 qum
2613 2761 2779 2817 multa
2801 2770 2918 2818 arte
2937 2761 3116 2819 efﬁcta
3142 2771 3317 2825 erant.
3339 2763 3501 2834 impia
3527 2778 3750 2835 prorsus

2149 2861 2204 2909 et
2230 2853 2461 2910 absurda
2508 2855 2770 2926 religione
2805 2856 2910 2912 coli
2951 2865 3007 2912 et
3042 2855 3278 2912 adorari.
3326 2856 3562 2912 Primum
3600 2858 3748 2914 enim

2146 2949 2191 3003 si
2216 2963 2531 3019 persuasum
2565 2947 2778 3006 Ethnici
2813 2949 3127 3006 habuissent
3162 2950 3294 3007 deos
3322 2967 3452 3008 suos
3489 2953 3749 3021 existere,

2146 3050 2202 3097 et
2227 3041 2280 3096 in
2300 3040 2452 3099 ctelis
2475 3039 2751 3106 habitare,
2781 3042 3096 3100 debuissent
3121 3043 3304 3116 utique
3330 3043 3397 3100 iis
3422 3045 3549 3117 ipsis
3578 3086 3594 3112 ,
3635 3061 3746 3102 non

2144 3147 2332 3188 eorum
2365 3134 2670 3192 simulacris
2711 3136 2854 3191 ferre
2883 3151 3072 3206 preces
3098 3153 3245 3195 suas.
3272 3139 3329 3193 Si
3365 3137 3488 3194 illos
3513 3139 3750 3196 existere

2145 3225 2496 3296 dubitabant,
2549 3228 2835 3284 ridiculum
2863 3239 2979 3286 erat
3001 3230 3078 3286 rei
3121 3229 3299 3287 dubia:
3341 3232 3542 3303 lingere
3579 3232 3748 3290 simu-

2146 3317 2373 3375 lacrum.

2213 3410 2398 3482 Neque
2437 3411 2621 3469 dicere
2651 3421 2900 3484 poterant
2927 3429 3149 3482 eorum,
3199 3429 3334 3486 quos
3385 3415 3535 3472 nullo
3583 3425 3747 3488 pacto

2144 3505 2328 3562 videre
2373 3507 2512 3577 potis
2552 3516 2670 3574 est,
2715 3509 3058 3578 praesentiam
3113 3509 3418 3568 simulacris
3459 3512 3743 3582 exhiberi,

2148 3607 2381 3670 tuncque
2411 3598 2823 3672 majoripietate
2849 3600 2974 3667 coli,
3007 3603 3195 3672 eisque
3226 3601 3468 3660 ofﬁciosa
3499 3605 3748 3674 prazstari

2144 3693 2349 3748 munia.
2377 3693 2512 3748 Nam
2538 3693 2630 3764 qui
2665 3694 2780 3750 hac
2824 3694 2980 3762 dicit,
3014 3695 3285 3767 quomodo
3311 3711 3622 3754 asseverare
3647 3713 3749 3769 po-

2146 3797 2249 3842 test
2271 3785 2402 3842 deos
2450 3801 2637 3842 revera
2678 3787 2937 3855 existere,
2974 3806 2995 3841 ε
3026 3789 3135 3854 cui,
3173 3807 3192 3841 s
3240 3789 3316 3844 uti
3345 3789 3420 3844 ait
3445 3789 3743 3858 Arnobius,

2151 3895 2326 3950 (opus
2351 3887 2436 3936 est
2475 3878 2662 3936 videre
2687 3921 2703 3948 ,
2735 3880 2877 3950 quod
2923 3889 3138 3946 teneat,
3168 3894 3238 3938 ne
3283 3881 3441 3938 inane
3485 3881 3625 3939 forte
3652 3883 3745 3950 sit,

2143 3959 2286 4046 quod
2325 3973 2617 4028 obscurum
2663 3971 2880 4030 videtur
2930 3992 2950 4026 ι
2999 3972 3164 4044 (Ibid.
3187 4016 3202 4041 ,
3233 3989 3355 4047 pag.
3386 3973 3535 4046 195).
3559 3974 3614 4030 id
3640 3985 3746 4042 est,

2145 4067 2414 4138 signiﬁcat
2459 4066 2515 4123 in
2558 4066 2782 4123 dubium
2814 4082 2872 4124 se
2895 4082 3092 4125 vocare
3117 4085 3186 4125 an
3217 4069 3290 4125 dii
3319 4069 3467 4140 sint,
3519 4085 3749 4142 quorum

2151 4162 2255 4218 nisi
2285 4161 2467 4218 videat
2491 4161 2800 4226 simulacra,
2831 4162 3066 4218 existere
3096 4179 3203 4219 non
3236 4165 3442 4221 credet.

2215 4255 2287 4313 At
2313 4258 2446 4313 deos
2473 4265 2711 4325 nostros,
2750 4256 3062 4328 inquiebant
3086 4256 3309 4324 ethnici,
3344 4273 3440 4329 per
3462 4258 3747 4315 simulacra

2144 4345 2493 4406 bonoramus.
2541 4349 2648 4406 Sed
2680 4364 2962 4420 perperam
2987 4389 3003 4417 ,
3048 4349 3208 4406 sicuti
3250 4350 3545 4421 respondet
3571 4351 3748 4408 Arno-

2147 4444 2288 4501 bius.
2329 4444 2482 4500 Nulla
2532 4445 2810 4501 enimvero
2852 4445 2898 4500 si
2929 4455 3112 4502 essent
3154 4444 3377 4500 deorum
3406 4446 3696 4502 simulacra
3722 4485 3741 4514 ,

2147 4553 2418 4608 nunquam
2464 4553 2559 4595 eos
2587 4539 2902 4595 coluissent.
2960 4538 3160 4596 Deinde
3202 4556 3333 4596 vero
3359 4581 3376 4603 ,
3419 4540 3546 4611 quid
3577 4541 3746 4611 magis

2146 4629 2230 4686 bis
2253 4630 2357 4686 diis
2387 4631 2708 4702 iniuriosum
2747 4647 2906 4704 quam
2929 4632 3305 4704 eosmetipsos,
3350 4649 3484 4704 quos
3512 4634 3747 4690 existere

2145 4724 2352 4786 credis,
2387 4740 2491 4779 non
2521 4723 2788 4780 honorare
2806 4767 2820 4791 ,
2859 4724 2953 4780 sed
2993 4724 3172 4781 colere
3202 4734 3406 4780 tantum
3436 4741 3533 4796 per
3558 4725 3739 4783 omnis

2149 4833 2338 4875 sensus
2365 4827 2664 4888 expertem,
2691 4817 2923 4888 aliquam
2949 4817 3204 4888 effigiem,
3235 4828 3487 4890 tanquam
3519 4833 3615 4887 per
3644 4818 3746 4874 ali-

2145 4911 2286 4983 quod
2335 4910 2852 4967 fideicommissum?
2908 4911 3148 4981 Denique
3197 4911 3419 4966 omnino
3471 4910 3638 4967 futilis
3683 4919 3740 4967 et

2148 5005 2422 5074 nugatoria
2455 5014 2572 5059 erat
2600 5002 2716 5058 haec
2742 5001 3025 5073 responsio
3049 5002 3347 5073 gentilium,
3381 5003 3472 5074 qui
3493 5002 3591 5058 has
3618 5001 3744 5059 efﬁ-

2146 5096 2264 5168 gies
2291 5105 2348 5152 et
2375 5095 2636 5167 imagines
2664 5095 2797 5152 deos
2822 5110 2945 5153 esse
2971 5095 3285 5152 credebant.

2217 5187 2323 5244 Sed
2349 5189 2446 5243 hos
2473 5187 2784 5243 idololatras
2809 5188 3187 5246 vehementius
3215 5191 3412 5260 premit
3445 5191 3736 5259 Arnobius,

2150 5280 2430 5353 palamque
2478 5278 2606 5336 facit
2643 5281 2712 5337 ab
2758 5280 2823 5336 iis
2851 5281 2975 5336 sciri
3024 5297 3130 5337 non
3181 5283 3422 5352 potuisse
3475 5292 3652 5366 ntrpm
3685 5283 3740 5339 hi

2148 5373 2358 5428 illorum
2401 5371 2514 5439 dii,
2560 5387 2695 5444 quos
2745 5389 3020 5445 nunquam
3051 5372 3343 5439 viderant,
3389 5375 3522 5430 tales
3551 5389 3740 5431 revera

2146 5466 2364 5532 fuerint,
2397 5467 2585 5539 quales
2608 5469 2678 5524 ab
2702 5469 2780 5524 eis
2803 5470 3352 5539 reprzesenlahantur.
3383 5471 3531 5538 Quod
3557 5483 3738 5526 autem

2141 5557 2300 5615 alicui
2329 5559 2508 5616 simile
2536 5575 2645 5616 non
2670 5569 2788 5626 est,
2837 5561 2984 5618 illius
3029 5563 3216 5634 nequit
3253 5577 3374 5620 esse
3403 5562 3610 5634 efﬁgies
3637 5605 3654 5630 ,
3685 5571 3742 5620 et

2108 5680 2114 5686 -
2141 5649 2338 5723 imago.
2369 5652 2527 5723 Atqui
2570 5652 2768 5710 ethnici
2815 5655 3008 5725 solem,
3038 5665 3095 5712 ut
3121 5655 3426 5724 hominem;
3453 5658 3653 5724 lunam,
3682 5665 3742 5712 ut

2143 5743 2423 5813 feminam;
2456 5755 2678 5816 ventos,
2712 5757 2771 5807 ut
2790 5747 3043 5807 homines
3071 5749 3329 5821 quosdam
3357 5791 3372 5819 _.
3405 5749 3590 5808 inﬂato
3643 5764 3743 5812 ore
