3986 6058
213 227 319 284 617

1473 227 1540 286 IN
1581 226 1955 301 ARNOBIUM,
1989 229 2144 288 CAP.
2177 229 2336 288 xxn.

3400 233 3503 294 018

212 344 496 400 buccinam
517 344 818 400 animantes
837 343 1184 402 exbibebant.
1207 342 1338 412 Quis
1364 351 1542 402 autem
1573 349 1668 401 bas
1696 346 1815 402 illo-
1841 353 1895 414 Α
1918 346 2123 412 erectis,
2172 363 2234 400 ne
2263 345 2404 400 tectis
2429 344 2657 401 videlicet
2700 353 2787 400 aut
2825 346 3085 416 penatibus
3118 346 3238 421 (dii)
3264 360 3502 419 careant,

211 451 334 492 rum
354 452 514 493 veras
553 452 673 492 esse
698 437 960 508 imagines
974 437 1157 494 dicere
1178 453 1429 509 umquam
1447 442 1733 496 aususest?

285 529 425 587 Tum
441 531 636 587 deinde
664 530 780 587 ba'c
794 530 1065 588 Arnobius
1093 532 1350 588 continuo
1376 531 1605 604 adjecit:
1634 553 1653 587 ‹
1681 533 1823 590 Inter

211 621 353 680 deos
401 622 645 679 videmus
681 632 892 678 vestros
947 623 1120 679 leonis
1163 623 1284 698 (ms.
1315 625 1432 679 cod.
1470 641 1578 698 reg.
1609 625 1818 699 leones)

213 718 553 773 torvissimam
597 719 798 790 faciem,
845 735 982 774 mero
1015 718 1228 774 oblitam
1279 719 1435 775 minio
1460 761 1476 787 ,
1517 731 1562 775 et
1617 721 1823 777 nomine

211 812 453 884 frugiferi
516 811 660 883 (ms.
722 813 840 868 cod.
895 831 1003 886 reg.
1063 813 1382 886 frugiferio)
1449 816 1743 886 nuncupari
1793 832 1812 865 ι

211 902 234 972 (
290 901 428 957 Ibid.
474 944 490 969 ,
559 921 680 977 pag.
763 903 954 977 196).
1040 906 1232 962 Mirum
1314 916 1492 963 autem
1563 916 1820 979 quantum

210 996 477 1054 obscurus
524 996 614 1054 hic
662 997 812 1054 locus
851 999 1186 1057 eruditorum
1234 1001 1445 1073 ingenia
1491 1004 1815 1065 exercuerit,

211 1091 436 1147 Latinus
503 1099 680 1148 autem
733 1093 974 1150 Latinius
1042 1095 1241 1150 nodum
1301 1095 1521 1166 hujusce
1577 1095 1813 1151 difticul-

214 1185 343 1240 tatis
405 1200 592 1242 secare
635 1186 854 1257 potius,
913 1203 1074 1258 quam
1121 1190 1334 1246 solvere
1397 1189 1639 1253 videtur,
1692 1204 1815 1245 cum

211 1279 331 1336 hanc
361 1280 523 1337 verba
552 1281 632 1336 sic
656 1281 853 1352 corrigi
883 1284 1051 1339 voluit
1095 1301 1110 1339 :
1165 1303 1185 1336 ι
1214 1283 1360 1339 Inter
1397 1283 1532 1340 deos
1563 1283 1814 1339 videmus

211 1372 404 1430 leones
434 1373 736 1430 torvissima
782 1374 951 1442 facie,
984 1391 1136 1432 mero
1159 1376 1323 1431 oblita
1353 1375 1552 1431 minim
1584 1374 1810 1450 (Latin.,

203 1468 465 1525 Biblioth.
495 1486 630 1524 sacr.
661 1479 708 1524 et
727 1470 942 1542 prop/2.,
970 1488 1092 1544 pag.
1120 1469 1234 1544 98).
1265 1471 1370 1528 Sed
1400 1488 1547 1527 mera
1572 1481 1656 1527 est
1677 1486 1813 1527 con-

204 1561 416 1633 jectura
443 1603 458 1627 ,
505 1578 626 1633 qua:
671 1563 869 1619 nullius
921 1563 1124 1619 codicis
1165 1564 1486 1620 auctoritate
1530 1563 1808 1620 fundatur.

209 1656 551 1728 Quapropter
577 1657 664 1728 qui
695 1657 748 1711 in
781 1664 1022 1712 veterum
1044 1657 1282 1728 scriptis,
1317 1657 1449 1711 nihil
1479 1657 1579 1712 nisi
1611 1658 1807 1712 certis-

1922 443 2115 511 formas
2136 441 2344 495 illorum
2367 442 2686 510 exprimunt,
2712 441 2936 496 adhibito
2957 442 3025 496 ad
3046 443 3098 495 id
3118 444 3192 497 vel
3218 441 3506 512 Praxitele,

1921 531 1998 586 vel
2023 530 2327 602 Polycleto,
2371 531 2448 586 vel
2488 530 2699 586 Phidia.
2750 532 2814 587 At
2857 533 2910 586 lii
2951 534 3170 602 artiﬁces
3221 534 3360 589 haud
3404 535 3509 591 scio

1920 625 2128 681 ubinam
2149 628 2312 692 visam
2342 642 2515 682 eorum
2540 627 2761 698 efﬁgiem
2790 636 3172 696 reprtesentant.

1992 720 2217 776 Tantam
2249 734 2410 789 porro
2449 718 2726 774 audaciam
2749 760 2764 784 ,
2808 727 2994 774 auctor
3023 729 3239 782 noster,
3296 731 3352 776 ut
3398 737 3510 777 ma-

1920 815 2002 886 gis
2043 815 2404 886 comprimat,
2452 829 2564 870 rem
2615 815 2782 886 ipsam
2839 829 2868 867 a
2931 814 3098 883 prima
3156 828 3275 868 sua-
3307 814 3512 886 origine

1921 908 2000 964 sic
2028 909 2226 978 repetit
2261 927 2274 963 :
2325 926 2346 961 ι
2374 907 2583 964 Ridetis
2622 905 2947 976 temporibus
2976 906 3165 977 priscis
3193 907 3384 963 Pers:is
3413 907 3514 964 llu-

1922 1001 2065 1056 vium
2094 1003 2348 1070 coluisse,
2381 1000 2686 1058 tnemoralia
2722 1011 2780 1055 ut
2813 999 3046 1056 indicant
3073 1003 3268 1072 scripta
3299 1021 3312 1057 :
3342 1001 3510 1058 infor-

1922 1110 2064 1152 mem
2097 1097 2307 1153 Arnbas
2335 1097 2600 1166 lapidem;
2642 1097 2914 1152 acinacem
2960 1095 3192 1168 Scythia:
3239 1097 3512 1164 nationes;

1921 1207 2130 1248 ranmm
2186 1209 2284 1262 pro
2329 1191 2515 1248 Cinxia
2566 1192 2869 1262 Thespios;
2923 1191 3376 1263 Lignumlcarios
3419 1207 3514 1262 pro

1919 1283 2086 1340 Diana
2119 1285 2453 1352 indolatum;
2507 1285 2875 1341 Pessinuntios
2918 1286 3160 1350 silicem,
3221 1303 3317 1353 pro
3352 1285 3515 1341 deum

1919 1375 2124 1442 Matre;
2173 1393 2270 1447 pro
2298 1377 2466 1432 Marte
2494 1377 2767 1434 Romanos
2796 1379 3027 1444 hastam,
3063 1379 3315 1435 Varronis
3347 1391 3403 1435 ut
3433 1382 3514 1436 in-

1918 1472 2100 1528 dicant
2127 1472 2291 1527 Musa:
2309 1515 2322 1535 ,
2345 1483 2506 1543 atque
2534 1483 2591 1527 ut
2612 1474 2862 1529 Aetlilius
2891 1485 3183 1538 memorat;
3208 1484 3334 1531 ante
3359 1489 3515 1530 usum

1917 1566 2362 1636 disciplinamque
2381 1567 2650 1633 lictorum,
2674 1567 2906 1634 pluteum
2925 1567 3134 1622 Samios
3154 1582 3250 1638 pro
3266 1567 3507 1624 lunone»

1921 1657 2164 1729 (Arnob,
2189 1658 2277 1712 lib.
2307 1674 2356 1713 νι
2383 1699 2398 1724 ,
2438 1676 2556 1730 pag.
2591 1659 2690 1714 196
2723 1670 2768 1714 et
2799 1659 2983 1731 seqq.).
3016 1659 3268 1730 Sequitur
3298 1662 3370 1717 ibi
3395 1663 3516 1718 Cle-

210 1755 349 1807 sima
380 1750 588 1806 ratione
609 1758 870 1805 mutatum
899 1749 1088 1806 volunt
1109 1791 1126 1818 ,
1165 1765 1230 1806 ex
1255 1749 1322 1806 iis
1353 1749 1593 1806 nonnulli
1625 1748 1806 1819 suspi-
1841 1750 1888 1810 B
1918 1762 2154 1808 mentem
2187 1753 2634 1821 Alexnndrinum,
2662 1753 2816 1822 cujus
2847 1754 2986 1808 haud
3014 1754 3174 1810 dubie
3204 1756 3318 1810 haec
3341 1772 3516 1825 graeca

210 1852 405 1899 cantur
435 1842 504 1898 de
527 1840 656 1899 Sole
683 1842 1024 1914 intelligenda
1061 1856 1182 1900 esse
1213 1843 1330 1898 haec
1366 1844 1603 1898 auctoris
1634 1845 1800 1899 nostri

209 1937 400 1993 verba.
445 1935 552 1994 Sed
592 1936 660 1993 ab
684 1936 806 1992 aliis
837 1936 1261 2007 redarguuntur.
1291 1940 1414 2009 quia
1436 1937 1502 1993 de
1524 1936 1651 1993 Sole
1694 1937 1802 2008 pri-

209 2031 378 2086 vatim
436 2031 647 2087 locutus
713 2039 814 2086 est.
866 2030 1206 2087 Probabilius
1246 2033 1425 2104 itaque
1483 2032 1799 2104 quibusdam

209 2123 428 2180 videtur
464 2123 533 2178 ab
571 2123 663 2177 illo
701 2123 927 2180 indicari
969 2124 1155 2180 leones
1179 2164 1196 2191 ,
1249 2123 1341 2194 qui
1385 2123 1438 2178 in
1481 2125 1798 2195 templorum

206 2224 439 2295 fastigiis
485 2224 809 2297 quandoque
856 2226 1262 2297 sculpebantur.
1320 2225 1516 2282 Verum
1573 2230 1685 2282 hinc
1732 2228 1799 2283 ad

206 2321 424 2377 aedificii
451 2328 830 2378 ornamentum
860 2327 1030 2392 posita
1061 2323 1238 2394 potius
1269 2321 1612 2391 videbantur,
1641 2341 1798 2392 quam

201 2416 279 2470 ad
312 2416 538 2471 deorum
571 2416 761 2472 faciem
791 2417 1222 2488 exprimendam.
1256 2416 1419 2472 Nobis
1446 2418 1623 2488 itaque
1673 2417 1800 2472 faci~

206 2511 315 2566 lius
345 2511 755 2582 persuadebitnr
781 2520 1054 2568 auctorem
1088 2521 1329 2568 nostrum
1375 2512 1459 2568 his
1499 2513 1676 2568 verbis
1704 2527 1798 2568 ea-

205 2602 337 2660 dem
382 2603 726 2676 significare.
775 2621 894 2677 quae
946 2615 1064 2676 post
1110 2605 1500 2661 Tertullianum
1542 2604 1801 2660 Minucius

207 2697 364 2755 Felix
403 2698 538 2754 dixit
571 2715 586 2754 :
639 2718 658 2752 ι
690 2699 768 2755 De
792 2715 959 2770 capro
985 2709 1040 2756 et
1067 2699 1283 2755 homine
1311 2701 1508 2756 mixtos
1537 2700 1702 2763 deos,
1746 2708 1804 2756 et

204 2792 463 2856 leonum,
494 2802 548 2849 et
574 2809 766 2849 canum
797 2798 978 2850 vultus
1003 2793 1136 2850 deos
1165 2794 1447 2850 dedicatis.
1479 2813 1498 2846 ι
1535 2795 1803 2850 Arnobius

204 2885 258 2942 si
289 2887 510 2958 quidem
540 2899 660 2957 post
683 2889 843 2943 citata
875 2903 906 2942 a
944 2889 1102 2944 nobis
1129 2888 1292 2945 verba
1322 2888 1520 2959 adjecit
1557 2905 1572 2943 :
1622 2908 1641 2941 ι
1674 2889 1804 2946 Sine

207 2981 423 3051 reliquo
445 2997 676 3051 corpore
706 2997 936 3054 persona
967 2993 1050 3039 est
1076 3025 1091 3050 ,
1136 2991 1193 3039 et
1222 2983 1386 3039 facies
1410 2983 1522 3039 Sola
1547 3025 1562 3052 ,
1606 2981 1803 3039 freme-

207 3073 408 3130 bundis
449 3074 680 3130 hiatibus
705 3117 720 3142 ,
768 3075 1182 3132 torvis'rictibus
1207 3117 1223 3143 ,
1269 3077 1563 3148 sanguineo
1599 3076 1666 3132 de
1709 3092 1800 3133 ce-

1905 1846 2066 1901 verba
2100 1847 2298 1917 legerat
2350 1865 2364 1901 :

1901 1936 2126 2012 ’Ἃραϐις
2167 1943 2253 1996 τὸν
2287 1940 2435 1996 liber
2468 1942 2514 1995 οἱ
2539 1944 2730 2016 Πέρσαι
2753 1943 2839 1998 τόν
2875 1944 3105 2014 ποταμὸν
3139 1944 3510 2018 προσεκύνουν,

2418 1847 2571 1903 Πάλαι
2600 1851 2690 1920 μὲν
2733 1848 2780 1902 οἱ
2821 1849 3022 1912 Σκύθαι,
3053 1850 3137 1903 τὸν
3173 1849 3428 1908 ἀκινάκην.
3469 1848 3516 1904 οἱ

1905 2037 1991 2087 καὶ
2015 2041 2113 2089 τῶν
2141 2031 2300 2089 ἄλλων
2331 2037 2604 2111 ἀνθρώπων
2627 2035 2672 2090 οἳ
2701 2034 2777 2091 ἔτι
2801 2037 3105 2115 παλαίτεροι
3130 2039 3258 2103 ξύλα
3280 2038 3513 2117 ἱδρύοντο

1901 2139 2150 2206 περιφανῆ
2175 2173 2189 2196 ,
2236 2134 2323 2184 καὶ
2367 2131 2537 2192 κιόνας
2578 2129 2739 2186 ἳστων
2781 2137 2831 2185 εκ
2873 2131 3014 2186 λίθων
3066 2130 3099 2185 ἃ
3134 2129 3188 2186 δὲ
3232 2136 3319 2188 καὶ
3357 2134 3514 2198 ξόανα

1903 2225 2334 2298 προσηγορεύετο.
2355 2220 2440 2278 διὰ
2455 2225 2514 2278 τό
2527 2224 2925 2289 ἀποξεῖσθαιτῆς
2947 2222 3265 2294 ὕλης³ἀμέλει
3276 2227 3325 2281 ἐν
3336 2224 3512 2302 ἰκὰρῳ

1901 2324 1993 2377 τῆς
2015 2314 2303 2389 Ἀρτέμιδος
2342 2317 2399 2371 τὸ
2421 2313 2628 2390 ἄγαλμα
2651 2318 2796 2382 ξύλον
2827 2314 2883 2376 ἦν
2923 2321 3009 2372 ούκ
3048 2321 3377 2393 εἰργασμένον
3427 2321 3514 2376 καὶ

1903 2416 1995 2468 τῆς
2028 2411 2356 2484 Κιθαιρωνίας
2374 2405 2533 2485 Ἤρας
2561 2415 2608 2463 ἓν
2634 2413 2836 2485 Θεσπίᾳ
2859 2413 3081 2488 πρέμνον
3129 2409 3509 2486 ἐκκεκομμένον.

1903 2505 1990 2556 καὶ
2014 2503 2072 2556 τό
2100 2511 2192 2562 τῆς
2219 2505 2408 2576 Σαμίας
2434 2499 2615 2580 Ἠρας,
2649 2505 2718 2564 ὥς
2744 2525 2892 2576 φησιν
2912 2506 3104 2566 Αέθλιος
3150 2507 3395 2583 πρότερον
3420 2511 3512 2586 μέν

1903 2593 1961 2655 ἦν
1980 2599 2148 2660 σανίς,
2168 2595 2456 2675 ὕστερονδὲ
2476 2601 2562 2653 ἐπὶ
2587 2598 2862 2677 Προκλέους
2877 2600 3167 2676 Λὲρχοντος
3179 2599 3514 2677 ἀνδριαντοεια

1902 2686 1988 2751 die
2038 2692 2351 2765 ἐννέπων...
2381 2694 2432 2748 ἐν
2458 2695 2604 2768 Ρώμῃ
2635 2691 2689 2748 δὲ
2727 2694 2786 2749 τὸ
2824 2694 3036 2749 παλαιὸν
3071 2693 3190 2772 δόρυ
3218 2701 3342 2766 φησί
3365 2718 3512 2771 γεγο-

1903 2784 2041 2838 νέναι
2081 2791 2170 2840 τού
2221 2781 2415 2862 ’Ἄρεως
2479 2787 2537 2841 τὸ
2581 2786 2754 2852 ξόανον
2798 2789 3034 2862 Οὐάρῤων
3083 2789 3108 2843 ὁ
3154 2793 3508 2867 συγγραφεύς.

1907 2875 2103 2933 οὐδέπω
2128 2887 2227 2934 τῶν
2253 2889 2504 2953 τεχνιτῶν
2532 2883 2617 2935 ἐπὶ
2659 2886 2748 2941 τὴν
2787 2883 3119 2959 εὐπρόσωπον
3143 2886 3333 2944 ταύτην
3364 2906 3512 2942 κακο-

1908 2974 2122 3044 τεχνίαν
2165 2974 2474 3049 ὡρμηκότων
2518 2973 2773 3042 (Clemens
2811 2976 3062 3031 Alexand.
3091 3019 3107 3044 ,
3148 2977 3396 3032 admonit.
3441 2979 3510 3033 ad

1908 3077 2069 3136 gent.,
2106 3085 2228 3139 pag.
2251 3067 2322 3122 29
2343 3080 2390 3123 et
2412 3068 2596 3141 seqq.).
2621 3069 2830 3141 Scythae
2854 3070 3057 3142 quidem
3077 3072 3357 3140 antiquitus
3383 3072 3510 3127 ado-

209 3176 403 3224 rato...
437 3177 600 3240 atque
631 3167 752 3224 fessi
783 3183 946 3225 canes
969 3187 987 3222 ι
1017 3169 1284 3240 ('l'ertull.,
1319 3169 1537 3241 Apolog.
1570 3185 1687 3241 cap.
1713 3170 1800 3236 16,
1834 3151 1879 3216 C
1909 3162 2091 3216 rabant
2121 3163 2411 3231 acinacem;
2444 3165 2636 3219 Arabes
2681 3176 2848 3220 autem
2880 3165 3136 3236 lapidem;
3186 3165 3363 3221 Persa'
3391 3184 3507 3222 vero

211 3274 262 3319 et
291 3263 380 3316 lib.
411 3279 427 3318 ι
466 3263 534 3317 ad
565 3261 805 3326 Nation.,
837 3281 952 3331 cap.
983 3263 1092 3321 l2:
1131 3262 1263 3338 Min.
1297 3263 1468 3333 Felix,
1507 3283 1627 3336 pag.
1659 3263 1758 3321 261
1785 3282 1801 3333 ;

209 3355 436 3422 Arnob,
464 3355 562 3411 loc.
594 3357 707 3423 cit.,
736 3374 855 3427 pag.
888 3355 1040 3426 196).

285 3450 421 3520 Quis
442 3460 619 3506 autem
651 3449 804 3505 facile
835 3465 939 3505 non
965 3450 1228 3506 concedet
1251 3459 1536 3521 utrumque
1559 3449 1704 3521 loqui
1734 3447 1802 3505 de

212 3544 539 3606 simulacris,
569 3542 1024 3617 quemadmodum
1056 3545 1215 3599 Panis
1234 3586 1249 3609 ,
1276 3545 1626 3616 Satyrorum,
1674 3545 1808 3597 alio-

212 3651 443 3707 rumque
469 3634 774 3706 bujusmodi
804 3678 820 3701 ,
861 3636 1000 3691 sicut
1029 3637 1084 3691 in
1123 3646 1304 3691 nostra
1336 3637 1404 3692 de
1428 3636 1673 3705 ejusdem
1705 3635 1774 3690 Mi

214 3729 352 3786 nutii
384 3729 522 3786 libro
547 3729 930 3786 dissertatione
958 3729 1295 3786 ostendimus
1335 3727 1578 3800 (Dissert.
1618 3731 1671 3784 in
1699 3729 1806 3784 Mi-

215 3842 364 3893 nuc.,
393 3841 508 3897 cap.
538 3826 600 3881 11
631 3865 645 3890 ,
676 3834 776 3879 art.
805 3823 887 3896 5).
935 3823 1088 3892 Quod
1129 3840 1259 3880 vero
1299 3825 1568 3880 Arnobius
1609 3825 1808 3881 ibidem

215 3917 456 3984 addidit,
501 3918 685 3988 faciem
720 3919 930 3974 oblitam
973 3919 1162 3986 minio,
1211 3919 1278 3974 ad
1316 3936 1438 3976 eum
1469 3920 1807 3976 ethnicorum

213 4027 426 4068 morem
470 4011 626 4084 plane
664 4011 948 4068 ridiculum
987 4023 1211 4084 Spectat,
1241 4029 1349 4085 quo
1394 4014 1807 4071 simulacrorum

213 4104 385 4162 facies
416 4105 584 4163 tninio
611 4105 858 4162 oblinere
889 4106 1153 4162 solebant.
1203 4105 1470 4177 Scriptum
1515 4108 1712 4179 quippe
1741 4108 1810 4163 ab

216 4198 397 4255 Plinio
425 4199 653 4272 legimus
685 4218 699 4254 :
752 4219 771 4251 ‹
799 4199 948 4256 Jovis
970 4199 1140 4270 ipsius
1165 4200 1438 4255 sinmlacri
1472 4201 1657 4255 faciem
1690 4201 1808 4256 die-

214 4295 320 4351 bus
346 4295 676 4351 festismiuio
702 4293 836 4349 illini
867 4293 1112 4350 solitam»
1139 4291 1334 4365 (Plin.,
1356 4293 1447 4347 lib.
1475 4309 1620 4348 xxxv
1671 4292 1807 4348 Hist.

218 4399 422 4455 natur.,
454 4406 570 4460 cap.
609 4389 666 4456 7,
707 4405 826 4460 pag.
855 4385 971 4460 56).
1016 4387 1091 4442 De
1119 4387 1279 4442 Panis
1308 4403 1436 4442 vero
1464 4385 1641 4458 cfligie
1669 4388 1811 4443 canit

217 4484 513 4556 Virgilius:

314 4577 418 4640 Pan
444 4575 580 4627 Deus
602 4575 826 4640 Arcadite
845 4576 998 4640 venit,
1025 4587 1172 4640 quem
1196 4575 1403 4626 vidimus
1423 4576 1516 4640 ipsi

317 4639 614 4704 Sanguiueis
640 4638 771 4691 ebuli
795 4639 962 4689 buccis
976 4638 1226 4702 minioque
1249 4638 1531 4688 rubentem.

781 4720 1010 4787 (ἥιρει,
1031 4718 1186 4786 cclog.
1215 4721 1288 4777 10,
1314 4735 1441 4773 vers.
1463 4722 1527 4774 26
1545 4727 1593 4774 et
1614 4721 1718 4790 27.)

219 4832 372 4901 Quos
397 4834 449 4888 in
480 4846 669 4888 versus
696 4828 812 4886 haec
833 4829 1052 4885 Servius
1079 4831 1370 4885 observat:
1404 4827 1623 4884 Ebulum
1652 4846 1810 4902 genus

219 4935 298 4982 est
329 4927 494 4982 herba:
511 4927 747 4983 sambuco
774 4925 960 4979 simile.
991 4923 1158 4980 Minio
1184 4937 1355 4981 autem
1381 4925 1514 4992 ideo,
1537 4929 1655 4997 quia
1677 4928 1811 4998 facie

218 5018 379 5076 rubra
407 5020 633 5092 pingitur
665 5017 799 5084 Pan,
833 5027 1039 5088 propter
1058 5018 1262 5074 aatheris
1290 5019 1699 5076 similitudinem.

297 5115 564 5171 Arnobius
586 5115 766 5186 itaque
797 5113 922 5168 hinc
942 5114 1212 5169 concludit
1240 5129 1466 5170 summa:
1495 5115 1814 5172 temeritatis

219 5228 348 5270 esse
384 5227 502 5269 eam
526 5210 749 5266 deorum
780 5208 1008 5279 ﬁgurare
1035 5209 1268 5278 speciem
1294 5219 1349 5266 et
1376 5209 1625 5278 formam,
1654 5225 1811 5270 quam

220 5305 388 5362 talem
408 5320 532 5361 esse
553 5317 712 5359 nemo
728 5319 976 5374 umquam
996 5303 1224 5374 probare
1243 5303 1432 5372 potuit.
1455 5303 1811 5370 Quamobrem

221 5400 495 5457 Lucianus
533 5397 727 5453 alicubi
766 5396 1120 5453 disertissime
1157 5397 1373 5468 scripsit
1419 5414 1431 5451 :
1474 5401 1638 5458 Ναούς
1689 5399 1816 5472 ἐγεί-

219 5515 430 5570 ραντες,
456 5493 518 5548 ἶν’
556 5495 705 5548 αὐτοὶ
741 5497 810 5564 μὴ
855 5488 1066 5548 ἄνοικοι.
1100 5489 1226 5564 μηδέ
1259 5492 1481 5547 ἀνέστιοι
1505 5490 1646 5552 δῆθεν
1669 5489 1814 5556 ὦσιν,

218 5587 422 5648 εἰκόνας
451 5589 619 5642 αὐτῶν
636 5587 972 5651 ἀπεικάζουσι
991 5584 1444 5660 παρακαλέσαντες
1455 5583 1486 5644 ἣ
1499 5587 1816 5663 Πραξιτέλην,

223 5684 258 5745 ἦ
288 5681 606 5739 Πολύκλειτον
623 5722 639 5748 ,
677 5679 710 5741 ἦ
737 5677 951 5736 «mdium.
982 5678 1030 5731 οἱ
1052 5675 1106 5734 δὲ
1133 5679 1220 5732 οὐκ
1245 5673 1336 5734 οἶδ’
1361 5676 1441 5734 ὅτι
1466 5677 1654 5743 ἰδόντες
1693 5683 1820 5737 ἀνα-

228 5775 518 5838 πλάττουσι
549 5772 826 5844 (Lucium,
878 5780 942 5834 de
982 5771 1241 5839 equilia,
1289 5788 1408 5841 pag.
1463 5772 1610 5842 185).
1659 5771 1822 5829 Fanis

752 5879 1024 5940 Ριτιιοι.
1057 5859 1115 5938 V

1909 3257 2121 3326 fluvium
2152 3273 2171 3311 :
2196 3268 2244 3312 et
2267 3275 2331 3313 ea:
2346 3259 2464 3314 aliis
2492 3260 2782 3314 hominibus
2809 3261 2879 3323 ii,
2921 3261 3008 3331 qui
3039 3261 3205 3314 adhuc
3235 3273 3380 3317 erant
3413 3280 3508 3318 an—

1910 3350 2150 3421 tiquiores
2169 3394 2184 3416 ,
2214 3351 2355 3422 ligna
2385 3351 2643 3424 erigebant
2671 3352 2893 3422 insignia
2912 3393 2928 3418 ,
2972 3363 3018 3406 et
3048 3353 3312 3408 columnas
3343 3372 3506 3423 pone-

1909 3441 2031 3496 bant
2056 3459 2120 3498 ea:
2146 3443 2404 3516 lapidibus
2427 3484 2442 3510 ,
2475 3460 2589 3516 qua:
2611 3444 2766 3499 etiam
2793 3445 3188 3516 appellabantur
3211 3448 3364 3512 ξόανα
3384 3487 3399 3512 ,
3446 3463 3506 3502 eo

1910 3538 2048 3608 quod
2081 3539 2413 3594 crederentur
2433 3549 2482 3593 et
2508 3539 2857 3603 expolirentur
2883 3556 2948 3594 ea;
2976 3543 3210 3595 materia.
3256 3539 3321 3594 In
3355 3540 3506 3596 Icaro

1910 3640 2044 3685 certe
2073 3633 2242 3703 imago
2292 3629 2478 3688 Diana:
2516 3633 2714 3705 lignum
2754 3644 2862 3687 erat
2908 3652 3009 3689 non
3062 3634 3412 3698 elaboratum,
3459 3643 3508 3688 et

1913 3721 2220 3779 Citlteronite
2245 3723 2470 3780 lunonis
2501 3725 2735 3797 Tltespiw
2763 3736 2990 3781 trunctus
3017 3729 3215 3783 excisus
3254 3745 3273 3783 :
3311 3737 3359 3782 et
3397 3728 3502 3784 Sa-

1913 3818 2030 3873 mia:
2053 3817 2297 3886 lunonis,
2326 3829 2381 3873 nt
2409 3821 2480 3873 ait
2508 3818 2761 3880 Ait/llius.
2788 3821 2929 3890 prius
2952 3822 3152 3892 quidem
3181 3832 3287 3876 erat
3307 3822 3508 3896 tabula,

1915 3925 2090 3984 postea
2125 3923 2293 3968 autem
2318 3955 2333 3979 ,
2365 3913 2626 3968 Archonte
2660 3914 2878 3970 Procleo
2903 3959 2918 3983 ,
2967 3918 3018 3969 in
3058 3919 3276 3987 formam
3322 3926 3505 3971 statua:

1905 4007 2074 4084 Ieﬂicta
2101 4017 2340 4060 est.......
2368 4006 2549 4061 Roma:
2573 4018 2740 4061 autem
2769 4009 3046 4078 antiquitus
3070 4019 3290 4062 statuam
3319 4007 3503 4062 Martis

1914 4101 2071 4170 fuisse
2095 4101 2296 4155 hastam
2322 4101 2394 4154 ait
2431 4100 2592 4156 Varro
2612 4144 2626 4167 ,
2666 4117 2780 4155 cum
2808 4102 3394 4172 nondumpervenissent
3421 4119 3504 4154 ar-

1914 4192 2072 4261 tiﬁces
2097 4194 2165 4246 ad
2191 4193 2285 4246 Itoc
2311 4194 2593 4262 speciosum
2619 4195 2820 4262 quidem
2843 4235 2857 4259 ,
2898 4196 2988 4248 sed
3025 4193 3308 4264 improbum
3339 4194 3505 4263 artiﬁ-

1915 4287 2070 4341 cimn.
2104 4285 2266 4342 Vides
2315 4301 2447 4343 sane
2486 4286 2758 4357 quomodo
2788 4287 3092 4354 Arnobius,
3140 4302 3259 4344 cum
3294 4287 3409 4344 haec
3437 4303 3503 4343 ex

1913 4379 2194 4435 Clemente
2222 4379 2586 4436 Alexandrino
2611 4379 2896 4448 delibavit,
2925 4379 3106 4436 verbis
3136 4381 3314 4435 latinis
3342 4379 3506 4436 fuerit

1917 4473 2323 4545 interpretatus,
2356 4475 2601 4546 quaedam
2639 4474 2904 4530 demendo
2933 4475 3204 4543 etaliquid
3234 4475 3501 4541 addendo,

1838 4544 2332 4621 Dilludnimirmn
2378 4544 2520 4636 quod
2572 4565 2707 4621 dixit
2745 4566 2813 4621 de
2849 4565 2998 4622 silice
3041 4566 3273 4638 effigiem
3321 4565 3506 4620 matris

1917 4659 2138 4716 deorum
2166 4671 2615 4731 repraesentante,
2655 4661 2722 4716 de
2764 4676 2871 4732 quo
2907 4662 3063 4731 paulo
3091 4671 3214 4716 ante
3245 4660 3507 4715 disserui-

1915 4767 2034 4807 mus
2075 4753 2227 4826 (Cap.
2258 4770 2432 4821 super.
2453 4795 2469 4821 ,
2507 4764 2609 4807 art.
2636 4752 2696 4822 2)
2721 4794 2735 4816 ,
2773 4753 2912 4808 sicut
2937 4753 3006 4808 de
3031 4753 3149 4808 aliis
3178 4753 3424 4806 omnibus
3453 4753 3506 4807 in

1910 4848 2174 4916 superiori
2213 4855 2498 4915 apparatus
2543 4845 2712 4901 nostri
2762 4854 2907 4902 tomo
2947 4846 3090 4918 (tom.
3140 4860 3157 4898 ι
3221 4844 3504 4914 Apparat.,

1915 4937 2003 4994 lib.
2038 4955 2114 5000 Ill,
2140 4940 2338 4993 dissert.
2375 4940 2425 5004 1,
2465 4956 2581 5009 cap.
2620 4939 2713 5007 18,
2757 4949 2854 4993 art.
2887 4940 2937 5004 1,
2972 4957 3090 5010 pag.
3121 4939 3225 4993 754
3251 4949 3295 4991 et
3321 4940 3504 5010 scqq.).

1918 5030 2085 5086 Nobis
2116 5047 2276 5103 porro
2304 5031 2460 5086 liceat
2486 5031 2614 5086 illud
2660 5031 2743 5088 bis
2771 5033 3019 5086 omnibus
3047 5031 3282 5102 adjicere
3305 5071 3322 5098 ,
3364 5032 3504 5101 quod

1919 5127 2170 5184 Lucanus
2210 5126 2280 5183 de
2320 5126 2463 5192 luco,
2493 5143 2649 5186 ouem
2681 5128 2862 5182 Cmsar
2905 5126 2957 5181 in
3003 5126 3318 5183 Massiliensi
3362 5127 3508 5183 obsi-

1921 5221 2080 5278 dione
2106 5220 2278 5278 excidi
2298 5220 2480 5292 jussit,
2511 5219 2657 5276 hisce
2681 5222 2875 5276 cecinit
2906 5221 3145 5276 versibus
3171 5239 3184 5275 :

2014 5360 2290 5424 Arboribus
2311 5374 2430 5412 suus
2451 5359 2622 5424 horror
2644 5361 2792 5424 inest,
2819 5367 2920 5409 tum
2944 5361 3146 5423 plurima
3173 5365 3325 5424 nigris

2019 5422 2254 5471 Fontibus
2276 5425 2399 5472 unda
2425 5422 2567 5481 cadit,
2596 5422 2952 5473 simulacrauue
2971 5432 3137 5474 Inmsta
3160 5422 3364 5476 deorum

2018 5486 2138 5534 Arte
2160 5494 2346 5548 carent,
2369 5486 2608 5546 (διεδίδρυο
2633 5492 2826 5534 exSIant
2851 5485 3066 5536 informia
3092 5489 3291 5538 truncis.

2671 5567 2894 5631 (Lucam,
2920 5567 3006 5620 lib.
3031 5585 3103 5631 ιιι,
3129 5583 3254 5621 vers.
3280 5571 3416 5633 394-.)

2001 5677 2107 5738 At,
2158 5675 2329 5748 inquit
2370 5673 2640 5730 Arnobius
2674 5717 2688 5739 ,
2748 5675 2795 5730 si
2851 5675 2968 5732 haec
3014 5676 3206 5732 merito
3276 5677 3519 5733 ridebant

1931 5769 2129 5828 ethnici
2149 5812 2164 5837 ,
2203 5787 2317 5830 non
2343 5771 2538 5828 minori
2569 5770 2809 5841 profecto
2839 5774 3019 5829 cieteri
3050 5787 3249 5830 omnes
3278 5773 3524 5828 irrisione

3004 5869 3084 5934 20
