3986 6058
510 288 616 346 69.5

1756 270 2243 332 DISSSERTATIO
2269 264 2546 326 PRASVIA

3689 257 3794 316 624

511 414 633 478 post
657 403 768 474 jam
805 400 964 457 citata
996 413 1026 453 a
1056 396 1212 452 nobis
1241 397 1358 468 ejus
1383 393 1547 451 verba
1570 435 1586 459 ,
1619 392 1699 448 sic
1725 391 1890 448 latine
1933 391 2098 446 inter—
2128 407 2182 468 Α
2205 387 2533 442 horrendum
2556 425 2571 450 ,
2623 394 2782 453 quam
2824 393 2852 432 a
2904 375 3308 434 lascivientibus
3339 389 3403 430 ac
3430 373 3800 444 petulantibus

515 506 759 569 pretatus
789 502 872 549 est
903 511 916 547 :
952 510 971 543 ι
1023 490 1154 559 Quis
1203 486 1528 544 Praxitelem
1579 486 1785 549 nescit,
1827 483 2104 554 Posidippi

514 591 562 646 si
595 588 834 658 relegat,
883 583 950 640 ad
1001 582 1226 638 formam
1280 579 1515 638 Cratina:
1561 577 1892 645 meretricis,
1943 591 2102 647 quam

515 680 705 737 infelix
737 678 948 749 perdite
995 675 1289 745 diligebat.
1339 688 1402 728 os
1452 671 1676 728 Veneris
1729 669 1956 734 Cnidiac,
2010 683 2102 723 so-

514 774 792 829 lertiarum
838 769 1084 840 coegisse
1134 767 1434 822 certamine
1493 783 1512 816 ι
1572 760 1808 832 (Arnob.
1837 802 1852 826 ,
1899 759 1988 814 lib.
2031 775 2104 822 vr,

517 882 638 936 pag.
661 861 980 934 198).Vides
1010 875 1140 915 sane
1169 868 1290 928 post
1321 857 1436 912 hzec
1462 856 1646 914 verba.
1672 856 1714 909 si
1742 854 1955 924 relegat.
1986 867 2109 906 esse

515 957 746 1022 hiatum,
766 966 821 1011 et
848 955 1036 1010 ἱειιιίυο
1065 955 1117 1007 in
1147 953 1276 1008 libro
1296 951 1358 1005 de
1375 949 1539 1006 (Σιιὶάο
1558 992 1572 1013 .
1609 948 1811 1004 librarii
1841 945 2108 1016 imperitia

515 1063 613 1110 aut
659 1052 867 1109 incuria
915 1051 1140 1118 deesse,
1189 1064 1309 1120 quae
1351 1063 1418 1104 ex
1451 1046 1743 1104 Clementis
1790 1051 1936 1098 textu
1985 1057 2107 1112 sup-

517 1146 715 1218 plenda
741 1153 884 1202 sunt.

581 1241 782 1297 Verum
835 1239 1075 1312 posthaec
1105 1235 1379 1295 Arnobius
1405 1231 1611 1307 (lbid.)
1643 1232 1874 1287 multum
1905 1244 1969 1285 ea
2000 1242 2115 1282 am-

520 1336 778 1408 plificavit
800 1379 815 1404 ,
849 1352 970 1408 quae
1002 1332 1323 1389 brevissime
1352 1331 1488 1385 dixit
1522 1328 1774 1385 Clemens
1806 1344 1820 1380 ε
1851 1323 1978 1380 Cant
2019 1325 2111 1395 ﬂo‘

519 1440 653 1486 reret
680 1427 894 1501 Phryne
925 1427 1169 1483 meretrix
1196 1423 1484 1494 Thespiaca
1505 1463 1518 1488 ,
1552 1421 1770 1493 pictores
1799 1435 1973 1474 omnes
2025 1415 2119 1470 Ve-

521 1528 660 1579 neris
709 1524 955 1593 imagines
1003 1520 1072 1575 ad
1113 1518 1351 1589 Phrynes
1401 1517 1563 1571 instar
1604 1512 1886 1584 referebant
1917 1513 2117 1586 εψρύνη

522 1619 578 1677 δέ
631 1620 848 1679 ὁπηνίκα
895 1618 1027 1678 ἤνθει
1072 1618 1102 1674 ἡ
1152 1615 1330 1690 ἑταίρα
1381 1615 1410 1671 ἡ
1465 1614 1761 1669 Beat-itania.
1791 1609 1837 1662 oi
1869 1607 2120 1682 ζωγράφοι

521 1717 710 1775 πάντες
736 1723 826 1775 τῆς
853 1709 1141 1791 Ἀφροδίτης
1185 1707 1378 1768 εἰκόνας
1408 1707 1537 1781 πρὸς
1585 1706 1642 1759 τὸ
1704 1702 1882 1761 κάλλος
1932 1701 2119 1770 ἀπεμι-

2205 479 2478 535 statuariis
2522 486 2574 531 et
2622 473 2917 545 pietorihus
2947 472 3166 542 impune
3203 469 3518 538 consignata
3551 465 3716 520 fuisse
3745 465 3802 522 in

2206 574 2432 630 deorum
2479 567 2800 636 imaginibus
2826 573 2880 620 et
2909 561 3214 619 simulacris
3257 557 3710 616 exsecrandorum
3741 558 3806 613 li-

2207 665 2450 722 bidinum
2509 677 2727 717 suarum
2787 653 3184 713 monumenta?
3236 652 3569 723 ScmetipSos
3641 650 3807 721 igitur

2207 758 2511 816 voluntaria
2561 755 2810 810 etscitate
2853 750 3111 806 fallebant
3155 747 3400 815 ethnici,
3451 746 3542 817 qui
3586 745 3699 799 haec
3726 743 3807 798 si-

2212 852 2449 906 mulacra
2475 847 2896 910 venerabantur,
2930 843 3292 913 uolebantque
3332 840 3458 911 quid
3486 855 3548 895 ea
3581 845 3766 893 essent
3789 880 3805 903 ,

2212 942 2550 1003 examinare;
2579 956 2645 995 ne
2665 939 2908 994 discussa
2931 953 3180 994 errorum
3201 935 3429 1006 caligine
3448 933 3514 989 ad
3536 935 3812 988 saniorem

2213 1046 2448 1091 mentem
2481 1034 2659 1089 redire
2688 1042 3034 1103 cogerentur.

2285 1126 2394 1184 Sed
2436 1127 2559 1181 illos
2604 1125 2784 1180 adhuc
2831 1134 2984 1195 urget
3033 1122 3337 1186 Arnobius.
3390 1120 3582 1191 hisque
3628 1118 3820 1175 verbis

2215 1221 2502 1291 compellat
2531 1239 2544 1275 :
2573 1239 2594 1273 ι
2624 1219 2919 1274 Abstinetis
2943 1233 2973 1272 a
2998 1217 3264 1286 risu,cum
3287 1231 3384 1288 pro
3409 1215 3513 1271 dits
3540 1216 3827 1270 immorta-

2217 1317 2380 1376 libus.
2409 1313 2674 1386 sigilliolis
2705 1313 2984 1368 hominum
3011 1355 3026 1380 ,
3072 1322 3126 1367 et
3157 1312 3346 1366 formis
3367 1310 3684 1381 supplicatis
3717 1311 3825 1364 hu-

2219 1409 2425 1465 manis?
2443 1407 2580 1477 Quin
2607 1409 2770 1463 immo
2781 1407 2913 1462 deos
2925 1421 3045 1460 esse
3065 1404 3320 1476 sigillaria
3339 1405 3452 1474 ipsa
3467 1404 3703 1460 censetis
3720 1419 3825 1460 nec

2220 1513 2416 1572 prmter
2444 1502 2557 1555 lucc
2583 1499 2873 1571 quidquam
2901 1499 3005 1551 vim
3040 1495 3263 1552 creditis
3287 1496 3490 1552 habere
3525 1495 3766 1550 divinam
3795 1516 3816 1548 ›

2229 1598 2410 1671 (Arn,
2445 1597 2531 1651 lib.
2557 1611 2628 1661 vt,
2662 1613 2714 1665 p.
2743 1592 2890 1666 197).
2923 1592 3222 1664 l’aulupnst
3245 1607 3372 1646 vero
3394 1591 3518 1646 illos
3539 1590 3716 1646 adhuc
3740 1590 3826 1645 bis

2221 1689 2764 1760 castigatacrioribus
2783 1686 2960 1742 verbis
2993 1705 3005 1740 :
3037 1704 3054 1736 ι
3082 1683 3262 1756 U~que
3289 1684 3426 1740 adeo
3455 1683 3611 1739 ludus
3638 1693 3742 1747 est,
3766 1694 3832 1739 et

525 1815 714 1880 μοῦντο
767 1780 979 1884 φρύνηξ.
1035 1803 1161 1857 llaec
1208 1801 1386 1877 etiitn,
1421 1780 1498 1852 sic
1547 1805 1730 1850 narrat
1787 1793 2059 1849 Arnobius
2103 1809 2115 1845 :
2151 1799 2200 1860 B
2227 1782 2445 1854 puerilis
2475 1781 2724 1845 aﬂ'ectio,
2755 1780 3013 1853 sigillaria
3041 1781 3139 1834 ista
3171 1780 3428 1842 formare.
3461 1781 3688 1834 adorare
3722 1795 3830 1847 pro

523 1898 740 1970 Phryne
785 1897 879 1951 illa
908 1895 1239 1966 Thespiaca.
1284 1893 1411 1946 sicut
1449 1889 1527 1944 illi
1578 1892 1843 1958 referunt,
1902 1885 1990 1957 qui
2037 1901 2124 1938 ne-

525 1992 666 2065 gotia
696 1989 980 2060 Thespiaca
1022 1986 1408 2052 scriptitarunt,
1462 1997 1578 2035 cum
1631 1981 1684 2033 in
1734 1979 1969 2032 acumine
2013 1978 2126 2046 ipso

526 2095 652 2141 esset
681 2080 1108 2155 pulchritudinis,
1138 2077 1447 2140 venustatis,
1484 2083 1530 2127 et
1558 2073 1736 2144 floris,
1759 2070 2128 2141 exemplarium

530 2181 687 2252 fuisse
717 2177 1010 2249 perhibetur
1035 2183 1354 2239 cunctarum,
1387 2187 1502 2242 qua:
1533 2172 1586 2224 in
1617 2168 1856 2240 opinione
1880 2174 1998 2220 sunt
2035 2162 2130 2217 Ve-

530 2291 710 2330 nerunt
731 2314 746 2340 ,
775 2273 879 2327 sive
899 2287 992 2342 per
1015 2269 1163 2324 urbes
1186 2265 1371 2322 Graias
1390 2305 1406 2332 ,
1439 2266 1542 2319 sive
1570 2263 1662 2316 iste
1688 2277 1787 2332 quo
1809 2260 1960 2330 ﬂuxit
1987 2274 2132 2311 amor

531 2368 711 2422 talium
737 2364 1086 2434 cupiditasque
1113 2362 1375 2432 signorum
1411 2376 1430 2410 ι
1465 2355 1670 2428 (ibid.).
1698 2355 1771 2409 De
1794 2361 1981 2407 aurata
2004 2365 2132 2406 vero

535 2461 782 2531 Phryues
821 2457 1032 2528 effigie,
1083 2473 1110 2508 a
1135 2454 1407 2511 Praxitele
1432 2450 1608 2505 efﬁcta
1633 2491 1646 2512 ,
1692 2448 1807 2503 ha-c
1843 2445 2135 2501 Pausanias

536 2551 754 2620 scriptis
782 2548 1004 2603 tradidit
1029 2567 1042 2603 :
1059 2550 1252 2620 Φρύνης
1269 2543 1322 2600 δὲ
1345 2545 1514 2600 εἰκόνα
1529 2545 1816 2620 ἐπίχρυσον
1833 2537 2134 2616 Πραξιτέλης

537 2645 630 2714 μέν
671 2643 971 2718 εἰργάσατο,
1013 2641 1238 2716 ἐράστης
1274 2640 1362 2692 καὶ
1399 2632 1550 2695 οὗτος
1572 2674 1588 2698 ,
1637 2634 1868 2704 ἀνάθημα
1894 2629 1948 2686 δέ
1981 2633 2135 2689 αὐτῆς

538 2738 734 2810 Φρύνης
781 2736 918 2791 ἐστὶν
959 2736 989 2793 ἡ
1033 2734 1198 2788 εἰκὼν.
1243 2727 1549 2801 (Pansam,
1600 2726 1686 2780 lib.
1740 2742 1802 2792 κ,
1837 2741 1954 2795 pag.
1985 2720 2135 2792 530.)

539 2829 778 2902 Phrgnes
833 2829 1125 2883 inauratam
1183 2826 1406 2898 efﬁgiem
1478 2821 1757 2878 elaboravit
1812 2817 2136 2883 Praxiteles,

541 2939 673 2977 unus
710 2933 757 2977 ct
809 2923 916 2990 ipse
969 2921 1032 2976 de
1085 2920 1312 2974 mulieris
1364 2917 1677 2972 amatoribus
1725 2935 1739 2969 :
1787 2915 2003 2984 ipsamet
2055 2911 2142 2964 de-

541 3016 750 3070 dicavit.
811 3014 972 3070 Plura
1039 3013 1084 3069 si
1148 3012 1315 3079 velis,
1380 3011 1448 3066 ab
1498 3011 1762 3066 Athean
1813 3023 1920 3063 non
1966 3006 2140 3062 solum

543 3109 614 3166 de
667 3113 767 3166 hac
818 3109 1044 3166 Veneris
1106 3108 1324 3180 efﬁgie.
1378 3107 1473 3162 sed
1528 3107 1632 3162 alia
1685 3105 1755 3160 ab
1808 3103 1996 3175 Apelle
2049 3102 2141 3160 de-

2228 1878 2329 1932 diis
2343 1893 2428 1945 ea,
2449 1877 2818 1931 sanctitalibtts
2833 1875 3172 1930 accumulare
3194 1873 3390 1928 divinis
3411 1874 3587 1945 )(ibid.
3609 1873 3828 1946 p.199).

2226 1968 2496 2042 Sigillaria
2525 1978 2705 2023 autem
2755 1978 2811 2024 et
2839 1967 3000 2038 sigilli
3022 1969 3085 2021 ila
3116 1978 3271 2021 vocat
3303 1981 3494 2036 parvas
3524 1967 3787 2038 imagines
3812 2010 3828 2033 ,

2231 2080 2351 2136 qua:
2376 2075 2492 2118 arte
2507 2062 2682 2118 fabrili
2698 2063 2851 2117 facta:
2869 2061 3331 2132 reprmsentabant
3356 2061 3568 2115 illorum
3586 2060 3742 2127 deos,
3764 2077 3837 2117 ac

2234 2157 2446 2229 publice
2478 2157 2634 2212 vendi
2657 2198 2673 2222 ,
2721 2167 2814 2211 aut
2860 2155 2980 2212 aliis
3014 2155 3152 2210 mitti
3181 2155 3448 2210 solebant.
3475 2153 3730 2210 Testatur
3753 2155 3841 2211 si-

2233 2251 2450 2322 quidem
2479 2251 2795 2321 Spartianus
2841 2250 2957 2304 lucc
3003 2249 3260 2320 sigillaria
3298 2249 3366 2305 ab
3391 2247 3633 2304 Adriano
3658 2248 3841 2319 Impe-

2235 2355 2416 2402 ratore
2469 2345 2757 2400 clientibus
2804 2360 2867 2399 ac
2912 2345 3182 2416 magistris
3232 2355 3427 2414 spome
3453 2345 3573 2398 data
3605 2361 3634 2398 a
3662 2344 3840 2400 Cara-

2236 2438 2372 2495 calla
2405 2438 2634 2492 libenter
2663 2439 2731 2492 ab
2759 2438 2948 2493 amicis
2983 2448 3202 2507 accepta
3226 2479 3241 2502 ,
3277 2438 3446 2508 iisque
3478 2438 3638 2493 missa
3671 2437 3842 2494 etiam

2239 2535 2688 2609 inOpinantibus(
2716 2536 2898 2607 Spart.
2925 2575 2941 2601 ,
2985 2535 3039 2588 in
3095 2532 3198 2587 Vit.
3231 2533 3476 2596 Adrian.,
3505 2534 3627 2588 circ.
3662 2536 3799 2589 med.
3825 2577 3840 2600 .

2239 2626 2307 2682 Et
2354 2630 2406 2683 in
2443 2626 2561 2683 Vita
2585 2627 2844 2684 Caracall.
2867 2670 2883 2693 ,
2937 2628 3050 2682 init.
3151 2627 3453 2682 Macrobius
3481 2637 3659 2682 autem
3691 2637 3849 2698 putat

2243 2722 2403 2794 hujus
2448 2724 2616 2778 moris
2661 2723 2922 2794 originem
2952 2739 2980 2774 a
3011 2722 3390 2778 Saturnalibus
3421 2721 3575 2777 festis
3599 2738 3722 2778 esse
3749 2723 3851 2780 de-

2241 2817 2496 2872 rivatum.
2522 2816 2577 2873 Si
2608 2833 2693 2873 res
2723 2817 2792 2871 ita
2824 2832 2883 2873 se
2907 2817 3119 2885 habeat,
3156 2819 3387 2888 pessima
3415 2826 3500 2872 est
3525 2818 3642 2874 hazc
3665 2819 3848 2891 origo,

2244 2925 2344 2965 nec
2371 2911 2606 2966 maximo
2631 2911 2751 2965 sine
2781 2911 2997 2983 piacqu
3025 2910 3226 2966 ethnici
3255 2929 3316 2968 ea
3345 2913 3605 2983 sigillaria
3627 2956 3639 2976 .
3671 2925 3731 2968 ut
3770 2917 3853 2970 ait

2244 3005 2646 3073 Tertullianus,
2697 3005 2750 3061 in
2790 3004 3083 3072 cathedra,
3134 3015 3224 3059 aut
3269 3005 3544 3063 subselliis
3591 3007 3856 3064 sedentes

2245 3101 2544 3156 adorabunt
2572 3099 2866 3172 (Macrob,
2907 3101 2996 3156 lib.
3029 3117 3046 3156 ι
3098 3101 3339 3169 Saturn.,
3379 3102 3431 3156 in
3461 3103 3551 3168 ﬁn.
3602 3120 3725 3174 cap.
3758 3105 3854 3170 li;

546 3203 724 3272 picta,
781 3202 999 3273 scriptis
1059 3204 1253 3256 tradita
1303 3201 1569 3254 invenies.
1617 3197 1780 3252 Adire
1829 3195 2006 3252 adhuc
2054 3201 2222 3266 po-C
2256 3193 2588 3263 Tertullian.,
2619 3195 2682 3250 de
2709 3193 2881 3262 0rat.,
2923 3211 3039 3266 cap.
3070 3194 3160 3260 12,
3205 3210 3330 3267 pag.
3383 3195 3546 3267 154).

544 3297 676 3352 teris
705 3297 1088 3361 Plutarchum,
1115 3305 1170 3351 et
1197 3294 1493 3360 fElianum,
1526 3308 1590 3348 ac
1635 3293 1679 3347 si
1732 3291 1882 3346 lubet
1908 3333 1923 3357 ,
1967 3291 2091 3361 qua:
2123 3306 2154 3345 a

547 3391 708 3446 nobis
765 3391 818 3445 in
872 3390 1139 3460 superiori
1174 3393 1482 3460 Apparatus
1534 3396 1685 3440 tomo
1734 3393 1990 3439 annotata
2036 3394 2166 3439 sunt

553 3486 807 3557 (Athan,
838 3485 925 3541 lib.
962 3501 1054 3541 χιιι
1083 3483 1355 3555 Deipnos.,
1410 3500 1526 3555 cap.
1560 3482 1612 3544 6,
1647 3499 1765 3554 pag.
1817 3481 1923 3536 590
1952 3489 1997 3534 et
2027 3495 2157 3550 δαίμ

552 3577 830 3634 Plutarch.
855 3620 870 3642 .
903 3579 967 3632 de
1006 3577 1196 3632 l’irtut.
1231 3575 1517 3630 Alexandr.
1546 3616 1562 3638 ,
1615 3583 1737 3628 tom.
1775 3589 1832 3637 ιι,
1868 3589 1990 3644 pag.
2020 3571 2157 3635 556;

553 3672 786 3736 [Elianw
842 3673 932 3727 lib.
978 3687 1030 3728 lx
1081 3669 1313 3738 Variar.,
1343 3686 1460 3740 cap.
1507 3667 1610 3735 '59.;
1643 3677 1768 3722 tant.
1816 3666 2114 3737 tApparat.
2142 3705 2158 3731 ,

557 3784 678 3839 pag.
718 3765 819 3824 150
843 3774 889 3820 et
919 3765 1072 3828 744).

628 3860 769 3929 Quin
791 3858 955 3916 etiam
991 3878 1009 3910 ι
1050 3857 1308 3924 Phidias,
1347 3877 1366 3910 ι
1397 3857 1474 3911 ait
1517 3864 1704 3911 auctor
1732 3861 1941 3917 noster,
1983 3871 2001 3903 ι
2039 3866 2162 3906 cum

558 3957 795 4032 Olympii
848 3956 1076 4012 formam
1108 3953 1260 4010 lovis
1307 3951 1590 4007 molimine
1639 3949 1828 4022 operis
1875 3946 2165 4004 extulisset

561 4054 850 4122 immensi,
883 4068 1048 4127 super
1077 4051 1162 4107 dei
1195 4051 1384 4122 digito,
1419 4049 1713 4103 Pantarces
1741 4044 2019 4114 inscripsit
2048 4041 2166 4113 pul-

561 4153 716 4209 cher.
747 4149 955 4206 Nomen
993 4157 1175 4204 autem
1208 4145 1383 4201 fuerat
1425 4144 1589 4200 atnati
1621 4159 1651 4196 a
1693 4157 1753 4198 se
1782 4138 1968 4211 pueri,
2003 4148 2165 4206 atque

563 4247 801 4302 obscena
824 4242 1075 4312 cupidate
1094 4239 1299 4297 dilecti.
1332 4258 1350 4290 ι
1379 4237 1625 4308 (Arnob.,
1651 4235 1742 4290 lib.
1769 4248 1845 4299 vt,
1871 4226 2164 4303 pag.199.)

567 4338 648 4397 Ex
693 4337 977 4393 Clemente
1017 4343 1196 4389 autem
1243 4331 1615 4388 Alexandrino
1648 4328 1767 4384 lucc
1812 4327 1899 4382 ille
1950 4340 2164 4380 rursum

566 4441 846 4490 mutuatus
894 4439 996 4486 est.
1057 4427 1304 4484 Ethnieis
1361 4427 1559 4498 quippe
1627 4421 2026 4478 eruditissimus
2080 4419 2167 4474 hic

569 4526 791 4585 Grmcus
824 4523 1056 4592 scriptor
1083 4521 1333 4577 similiter
1364 4519 1640 4588 objecerat
1673 4534 1686 4569 :
1720 4515 1777 4572 Ὀ
1799 4518 1890 4588 μέν
1915 4513 2168 4574 Ἀθηναῖος

2851 3326 3147 3367 Αιιτιουιυε
3186 3328 3257 3367 ιν.

2261 3429 2363 3502 Qua
2382 3427 2840 3502 rationeArnohius
2863 3442 2928 3480 ex
2951 3432 3154 3502 materia
3181 3439 3238 3502 et
3252 3439 3377 3502 arte,
3395 3447 3489 3502 qua
3513 3432 3647 3502 facta
3659 3432 3860 3487 fuerant

2322 3492 2526 3565 deorum
2554 3492 2827 3549 simulacra.
2851 3494 3096 3565 ostendat.
3117 3508 3174 3542 ea
3198 3492 3496 3565 a_|_t_elhnicis
3537 3499 3683 3559 impio
3722 3499 3860 3549 cultu

2323 3555 2835 3628 adot'arheorumque
2854 3555 2932 3615 inn
2955 3555 3101 3628 lorari
3125 3558 3382 3610 auxilium.
3405 3570 3462 3606 ac
3486 3555 3630 3621 quam
3658 3573 3784 3610 vana
3808 3570 3860 3612 et

2323 3616 2475 3690 futilis
2496 3621 2560 3667 sit
2583 3616 2878 3690 earumdem
2891 3619 3152 3690 gentilium
3188 3623 3463 3681 responsio,
3489 3616 3585 3690 qua
3602 3623 3861 3675 simulacra

2325 3688 2435 3754 post
2448 3692 2626 3754 rppulit
2649 3687 2834 3754 tantum
2852 3682 3210 3754 dedicationem
3231 3696 3286 3754 se
3308 3682 3540 3754 venerari
3563 3684 3860 3746 proﬁteban-

2328 3748 2432 3816 tur;
2450 3743 2640 3816 _ubi_de
2665 3744 3168 3816 _tzeuiis._vet_ern_osis
3205 3747 3482 3809 arboribus,
3527 3743 3580 3798 et
3624 3750 3727 3800 ritu
3766 3765 3861 3813 quo

2327 3804 2514 3855 ethnici
2531 3804 2791 3856 simulacra
2813 3807 3096 3857 adorabaut.

2339 3929 2560 3986 Nescire
2577 3930 2775 3986 ethnici
2795 3948 2903 3986 non
2923 3941 3171 4003 poterant
3190 3933 3414 3992 deorum
3445 3951 3667 3995 suorum
3694 3940 3863 3998 simu-

2268 4023 2454 4088 lacra,
2488 4039 2609 4095 qua:
2664 4023 2930 4092 humiles,
2985 4029 3274 4097 prostrati,
3324 4039 3488 4101 atque
3535 4033 3586 4086 in
3631 4031 3860 4101 faciem,

2270 4127 2329 4174 ut
2377 4118 2452 4173 ait
2495 4118 2766 4174 Arnobius
2812 4118 3074 4192 (Arnob.,
3128 4121 3212 4176 lib.
3248 4138 3321 4188 Vl,
3361 4124 3615 4196 1:09.200
3639 4123 3684 4200 ),
3716 4129 3867 4198 proni

2270 4211 2584 4277 adurebant,
2612 4211 2806 4282 quibus
2834 4213 3170 4269 tremebundi
3199 4215 3568 4286 supplicabant
3589 4260 3606 4284 ,
3637 4236 3866 4290 quorum

2271 4306 2325 4362 in
2352 4306 2594 4363 adversis
2623 4308 2786 4363 rebus
2809 4324 2967 4380 opem
2989 4351 3005 4378 ,
3035 4319 3090 4364 et
3132 4311 3187 4365 in
3234 4315 3538 4383 prosperis,
3586 4318 3869 4374 continua-

2272 4401 2472 4456 tionem
2496 4401 2696 4457 amoris
2721 4401 3026 4474 favorisque
3054 4403 3189 4459 adeo
3215 4407 3482 4463 submisse
3502 4411 3867 4479 postulabant.

2271 4495 2341 4549 ab
2381 4492 2679 4549 artificibus
2725 4495 2858 4551 faeta
2907 4511 3027 4552 esse
3056 4513 3120 4552 ex
3167 4515 3320 4564 auro,
3362 4513 3611 4573 argento,
3666 4487 3866 4571 ebbre,

570 4621 768 4684 Φειδίας
807 4622 891 4676 ἐπὶ
914 4626 987 4694 τῷ
1051 4617 1286 4690 δακτύλῳ
1325 4621 1415 4672 τοῦ
1456 4616 1564 4675 Διὸς
1593 4619 1683 4668 τοῦ
1731 4610 2010 4681 Ὀλυμπίου
2055 4609 2137 4663 ἐπι

2274 4589 2485 4659 aliaque
2549 4599 2762 4644 terrena
2837 4592 3090 4657 materia,
3148 4603 3310 4664 atque
3371 4595 3532 4650 etiam
3588 4599 3868 4667 muliebri,

571 4716 798 4794 γράψας,
830 4714 1124 4788 Παντάρκης
1150 4710 1321 4770 καλός.
1371 4710 1427 4763 οὐ
1469 4710 1570 4784 γὰρ
1619 4705 1767 4766 καλὸς
1793 4706 1929 4777 αὐτῷ
1955 4701 1982 4756 ὁ
2027 4702 2169 4762 Ζεὺς,

573 4792 724 4868 me
753 4809 1002 4886 ἐρώμενος
1030 4803 1102 4866 ἦν.
1137 4803 1154 4875 (
1178 4803 1410 4859 Clemens
1438 4798 1722 4854 Alexandr.
1743 4839 1757 4861 ,
1790 4794 2054 4852 Admonit.
2105 4792 2173 4845 ad

576 4915 713 4975 gent.
734 4946 749 4971 ,
782 4885 918 4970 pag.
950 4897 1066 4967 55.)
1101 4894 1422 4950 Atheniensis
1466 4893 1672 4961 quidem
1700 4888 1951 4954 Phidias,
1980 4887 2069 4958 qui
2120 4885 2172 4938 in

577 4995 722 5052 Jovis
750 4993 980 5066 Olympii
1012 4990 1172 5062 digito
1200 4988 1403 5058 scripsit
1435 4985 1758 5040 :Pantarces
1789 4982 2018 5052 pulcher.
2055 4978 2175 5034 Non

581 5099 689 5144 erat
739 5090 872 5144 enim
912 5087 958 5142 ei
1000 5083 1211 5158 pulcher
1246 5080 1474 5150 Jupiter,
1524 5079 1612 5133 sed
1663 5079 1706 5132 is
1731 5078 1816 5148 qui
1847 5076 1912 5130 ab
1941 5091 1999 5130 eo
2031 5090 2175 5127 ama-

583 5190 754 5240 batur.
783 5180 889 5237 Sed
934 5180 1001 5235 de
1041 5177 1125 5232 his
1155 5172 1407 5229 omnibus
1448 5171 1557 5240 jam
1606 5170 1659 5224 in
1709 5167 1977 5238 snperiori
2008 5180 2176 5234 appa-

585 5285 738 5332 ratus
765 5271 932 5328 nostri
966 5281 1114 5327 tomo
1135 5266 1343 5339 egimus
1365 5263 1511 5338 (tom.
1542 5279 1560 5318 ι
1586 5262 1862 5333 Apparat..
1897 5277 2016 5331 pag.
2051 5257 2176 5322 5.30,

588 5368 717 5432 757,
753 5366 856 5421 744
879 5363 923 5436 ).
952 5365 1027 5420 Ea
1053 5377 1234 5418 autem
1261 5358 1438 5414 omnia
1473 5356 1755 5411 retulimus
1777 5396 1792 5421 .
1824 5364 1879 5408 ut
1907 5367 2014 5408 uno
2037 5350 2179 5404 oeuli

591 5463 756 5520 ductu
806 5476 996 5515 omnes
1027 5459 1280 5521 videant,
1325 5449 1598 5526 qumnodo
1641 5465 1706 5504 ac
1745 5463 1866 5519 qua:
1909 5444 2183 5503 Arnobius

593 5575 661 5616 ex
693 5555 973 5614 Clemente
1003 5549 1372 5610 Alexandrino
1399 5542 1752 5612 decerpserit.

669 5653 740 5708 At
794 5646 1185 5706 validissimum
1241 5650 1394 5700 certe
1421 5647 1610 5695 contra
1659 5636 1997 5693 ethnicorum
2053 5633 2188 5687 ima-

595 5749 750 5822 gines
775 5755 832 5803 et
864 5742 1151 5802 simulacra
1184 5745 1559 5809 argtnnentum
1605 5731 1732 5789 inde
1758 5747 1878 5786 eum
1910 5730 2000 5785 illo
2026 5726 2185 5783 eruit.

599 5820 738 5916 Quid
765 5852 997 5912 namque
1028 5832 1198 5905 magis
1229 5829 1477 5904 impium,
1503 5826 1711 5898 inquit,
1739 5823 2000 5894 dictuque
2021 5820 2190 5893 magis

2275 4685 2440 4739 immo
2490 4699 2620 4740 vero
2694 4701 3099 4755 nonnumquam
3147 4689 3457 4746 meretricio
3518 4705 3755 4760 ornatu.
3807 4712 3871 4752 ex

2277 4780 2580 4844 cacabulis,
2635 4780 2687 4834 id
2737 4790 2862 4846 est,
2914 4782 3175 4848 vasculis,
3233 4783 3284 4838 iu
3331 4787 3528 4856 quibus
3599 4789 3871 4858 pulmenta

2283 4873 2690 4944 coquebautur.
2739 4875 2966 4945 aliisque
3009 4876 3250 4944 ejusdem
3303 4881 3559 4950 generis.
3604 4891 3658 4937 et
3689 4886 3876 4939 obsce-

2287 4969 2530 5023 nioribus
2580 4967 2833 5023 vasrulis.
2892 4968 3062 5038 Quam
3096 4980 3274 5024 autem
3319 4974 3435 5027 lia'c
3484 4988 3609 5026 vera
3641 4976 3747 5029 sint
3777 5022 3794 5046 ,
3827 4976 3874 5029 in

2284 5064 2546 5134 superiori
2563 5062 2940 5120 dissertatione
2957 5066 3290 5120 ostendimus
3305 5065 3322 5135 (
3335 5065 3551 5123 Dissert.
3576 5069 3629 5121 in
3653 5066 3873 5135 Minae,

2287 5173 2406 5227 cap.
2435 5157 2527 5223 ει,
2555 5166 2656 5210 art.
2692 5158 2714 5211 l
2743 5158 2783 5229 ).
2811 5159 2944 5224 Quis
2969 5169 3150 5213 autem
3176 5158 3381 5213 inficias
3430 5160 3509 5215 ire
3541 5168 3719 5228 potest
3740 5160 3874 5216 hanc

2289 5252 2611 5323 imaginum,
2663 5251 3104 5318 simulacrorum,
3156 5260 3316 5324 atque
3363 5263 3663 5308 Statuarum
3720 5269 3878 5310 vene-

2291 5347 2588 5412 rationem,
2645 5345 2714 5402 de
2763 5362 2863 5417 qua
2921 5363 3025 5401 non
3082 5347 3250 5402 semel
3299 5346 3424 5402 a|.bi
3462 5347 3675 5402 anubis
3704 5361 3878 5404 actum

2293 5451 2409 5502 est.
2464 5441 2531 5494 ab
2579 5440 2819 5495 Arnobio
2869 5439 2993 5510 juro
3040 5440 3386 5495 meritissimo
3414 5439 3677 5512 proscribi
3705 5457 3771 5498 ac
3802 5457 3880 5498 re-

2295 5534 2529 5605 pudiari.

2366 5634 2434 5682 At
2471 5636 2618 5683 certe
2661 5643 2727 5684 eo
2771 5627 2940 5700 magis
2981 5626 3284 5683 damnanda
3312 5637 3463 5695 erat,
3492 5628 3638 5698 quod
3687 5627 3882 5685 ethnici

2293 5721 2372 5778 sic
2404 5721 2604 5778 abillis
2633 5738 2821 5792 opem,
2871 5723 3112 5779 favorem
3163 5731 3219 5778 et
3255 5722 3514 5778 benelicia
3547 5724 3882 5792 poscebant,

2296 5824 2456 5890 atque
2485 5817 2909 5888 exspectabant,
2944 5824 3217 5888 tamquam
3244 5829 3277 5873 a
3297 5814 3402 5874 diis
3432 5817 3815 5890 praesentibus,
3841 5822 3892 5874 et
