3986 6058
221 144 331 203 635

1422 149 1488 205 IN
1526 148 1901 218 ARNOBIUM,
1941 151 2095 209 CAP.
2140 151 2301 211 XXII.

3399 159 3504 216 626

220 259 413 333 quibus
438 258 619 316 divina
646 261 820 318 inerat
841 262 924 319 vis
938 272 994 322 et
1016 265 1272 336 potentia.
1294 263 1584 320 Gentilium
1614 265 1810 336 quippe
1837 275 1889 336 Α
1915 285 2057 326 nunc
2085 270 2190 328 deo
2220 273 2622 343 praecellentem
2651 275 2904 330 arborem
2949 273 3154 331 dicant.
3182 273 3293 332 Nec.
3335 279 3506 348 magis

221 355 414 409 animis
463 353 664 411 insulsa
710 355 824 412 haec
867 360 1048 428 opinio
1104 360 1240 415 adeo
1292 357 1452 413 infixa
1527 357 1798 425 haerebat;

221 460 280 506 ut
306 448 475 506 Siculi
508 451 656 521 apud,
676 451 993 508 Ciceronem
1038 455 1314 523 conquesti
1358 454 1556 509 fuerint
1583 471 1598 509 :
1632 473 1652 506 ι
1682 453 1816 509 Sese

212 545 326 616 jam
361 562 430 601 ne
458 546 585 602 deos
613 549 829 615 quidem
863 549 914 602 in
941 549 1052 602 suis
1080 548 1333 608 urbibus.
1383 547 1449 602 ad
1499 561 1635 618 quos
1686 563 1816 601 con-

218 636 502 709 fugerent,
531 638 750 699 habere.
782 641 921 710 quod
949 657 1132 696 eorum
1161 641 1445 696 simulacra
1475 641 1813 696 sanctissima

215 729 283 786 C.
321 730 513 786 Verres
558 747 624 786 ex
659 732 897 789 delubris
951 734 1370 804 religiosissimis
1411 717 1759 789 sustulisset?
1788 751 1808 784 ι

219 825 468 898 (Cicer.,
519 839 652 884 orat.
709 829 765 893 4,
812 830 864 882 in
920 827 1089 894 Verr.,
1140 829 1277 896 inil.,
1318 845 1432 900 pag.
1467 826 1580 901 46.)
1614 827 1812 882 Eadem

213 936 434 992 quoque
468 921 561 976 fuit
584 964 599 986 ,
633 933 770 978 tesxe
801 921 988 984 Livio,
1037 924 1480 979 Ambracensium
1515 925 1815 994 legatorum

215 1014 273 1068 in
305 1023 492 1068 senatu
525 1015 765 1070 Romano
793 1018 1041 1086 querela:
1067 1035 1086 1067 ι
1126 1016 1166 1071 Β
1189 1033 1268 1071 ina
1296 1019 1566 1087 adempta,
1597 1026 1651 1071 et
1674 1017 1814 1086 quod

214 1120 280 1162 se
319 1117 445 1162 ante
472 1109 654 1162 omnia
685 1120 934 1174 moveat,
985 1109 1183 1180 templa
1241 1119 1349 1164 tota
1408 1109 1540 1165 urbe
1587 1113 1814 1182 spoliata

213 1207 586 1272 ornamentis,
645 1208 934 1263 sinndacra
985 1209 1184 1276 deum,
1236 1211 1368 1264 deos
1420 1212 1585 1267 immo
1634 1214 1814 1280 ipsos,

213 1300 506 1354 convulsos
535 1316 599 1355 ex
631 1300 852 1359 sedibus
902 1305 1045 1369 suis,
1099 1305 1309 1360 ablatos
1356 1322 1479 1361 esse
1511 1309 1815 1378 parientes,

213 1405 511 1462 postesilue
537 1394 784 1449 nudatos.
816 1395 966 1462 Quos
1013 1397 1341 1465 adorarent,
1397 1399 1462 1454 ad
1521 1416 1656 1468 quos
1689 1416 1813 1471 pre-

213 1497 414 1540 centur
430 1495 484 1539 et
504 1490 825 1557 supplicent,
847 1487 1320 1546 Antbraeiensibm
1344 1507 1447 1547 non
1468 1509 1773 1562 superesse.
1793 1513 1812 1547 ι

213 1577 359 1650 (Liv.
383 1579 469 1632 lib.
509 1595 737 1645 xxxvtu,
767 1598 884 1652 cap.
913 1580 1032 1655 45.)
1057 1582 1192 1650 Quis
1217 1595 1394 1640 autem
1419 1601 1486 1641 ex
1533 1585 1617 1641 Itis
1641 1590 1817 1644 verbis

1916 379 2050 419 auro
2080 365 2334 437 fulgentia
2366 377 2528 438 atque
2571 369 2735 424 ebore
2766 369 3052 424 simulacra
3079 413 3094 435 ,
3144 385 3305 439 quam
3356 371 3509 427 lucos

1915 458 2051 512 etin
2085 459 2148 512 iis
2191 460 2401 516 silentia
2451 462 2562 532 ipsa
2594 460 2905 517 adoramus.
2951 446 2971 512 i
3011 460 3232 534 (Pliu.,
3283 462 3373 518 lib.
3433 480 3511 519 xu

1923 547 2056 603 Hist.
2100 560 2297 615 natur.,
2351 567 2466 622 cap.
2519 553 2571 620 1,
2618 570 2740 624 pag.
2771 554 2853 624 4.)
2887 553 2962 608 De
2991 553 3332 609 Plus-uicibus
3379 571 3510 611 vero

1916 643 2032 698 lucc
2085 644 2240 699 l’bilo
2279 660 2344 700 ex
2395 644 2828 700 Sanchooiatone
2851 687 2864 710 ,
2912 656 2964 701 et
2990 646 3077 702 hic
3102 663 3168 702 ex
3193 646 3400 701 Taattto
3419 690 3432 708 ,
3464 649 3508 702 si

1918 736 2154 793 Eusebio
2181 737 2344 803 fides,
2379 738 2564 794 retulit
2595 757 2608 793 :
2640 737 2794 795 Οὖτοὶ
2820 762 2875 815 γε
2906 748 3096 815 πρῶτοι
3125 742 3414 818 ἁφιέρωσαν
3443 745 3510 798 τὰ

1916 840 2008 891 τῆς
2033 840 2126 904 γῆς
2156 831 2522 905 βλαστήματα,
2554 837 2642 887 καὶ
2664 834 2808 894 θεοὺς
2852 834 3074 905 ἐνόμιζον
3095 875 3110 900 ,
3162 836 3510 910 «pausam

1916 930 2106 979 ταῦτα.
2159 943 2177 974 t
2225 923 2318 978 Illi
2373 927 2600 979 omnium
2648 927 2805 997 primi
2857 928 3082 996 genuina
3138 936 3316 991 εει-τω,
3374 945 3391 979 ι
3447 943 3513 983 ac

1920 1018 2148 1086 proinde
2179 1018 2436 1084 arbores,
2474 1037 2492 1070 ι
2526 1028 2952 1084 consecrarunt,
2985 1020 3157 1090 iisque
3182 1022 3404 1075 deorum
3457 1021 3513 1076 in

1923 1111 2041 1165 loco
2068 1113 2262 1166 habitis
2289 1115 2618 1168 adorationis
2641 1113 2842 1168 cultum
2871 1115 3193 1170 tribuerunt.
3223 1135 3241 1168 ι
3270 1115 3510 1188 (Euseb,

1919 1204 2010 1260 lib.
2043 1221 2098 1260 ιιι
2155 1204 2394 1278 Ρνωρατ.
2425 1206 2676 1279 Evangel.
2699 1249 2715 1269 .
2761 1226 2877 1280 cap.
2927 1209 3013 1268 10.
3044 1226 3165 1280 pag.
3197 1210 3285 1266 54.
3315 1211 3334 1280 )
3361 1210 3513 1265 Men-

1919 1299 2121 1356 tiouem
2147 1316 2362 1370 quoilue
2407 1303 2676 1357 Arnobius
2705 1303 2829 1357 facit
2856 1345 2869 1365 ,
2914 1304 3149 1358 fabricati
3195 1305 3382 1376 lapidis
3402 1347 3418 1371 ,
3447 1305 3516 1362 de

1920 1411 2026 1465 quo
2076 1395 2126 1449 in
2169 1396 2454 1466 superiore
2485 1409 2667 1451 nostra
2698 1396 3108 1463 dissertatione,
3141 1396 3230 1453 ubi
3257 1401 3418 1455 etiam
3447 1400 3518 1454 de

1921 1489 2205 1544 arboribus
2259 1489 2460 1555 aliquid
2529 1491 2806 1561 attigimus
2853 1489 3112 1563 (Dissert.
3173 1493 3226 1547 in
3278 1492 3514 1557 Mirum,

1920 1599 2037 1654 cap.
2067 1582 2158 1648 19,
2199 1593 2300 1635 art.
2325 1583 2359 1637 2
2380 1590 2422 1652 ).
2461 1583 2708 1638 Declarat
2777 1563 2957 1654 itaque
2987 1585 3258 1641 Arnobius
3287 1600 3348 1640 se
3387 1587 3517 1641 olim

216 1687 327 1726 non
360 1671 783 1739 animadvertat,
817 1691 974 1742 quam
1012 1676 1291 1732 evidenter
1318 1693 1379 1733 ac
1407 1682 1549 1734 serio
1575 1680 1822 1738 homines
1853 1689 1900 1749 Β
1925 1690 2045 1730 cum
2105 1677 2339 1732 insubas
2383 1677 2665 1747 gentilium
2714 1677 3131 1748 superstitiones
3197 1689 3517 1747 sectaretur,

216 1764 364 1822 inter
417 1767 664 1822 ctlmicos
715 1771 1003 1825 clarissimi
1073 1787 1255 1828 coram
1314 1773 1558 1830 Romano
1607 1787 1820 1844 senatu,

215 1871 380 1929 atque
404 1862 613 1933 ipsitnet
631 1863 857 1920 Romani
879 1866 1214 1923 adscruerint
1235 1867 1352 1924 haec
1380 1870 1666 1926 simulacra
1695 1888 1824 1928 suos

218 1971 413 2010 revera
441 1971 563 2010 esse
590 1957 754 2024 deos,
791 1957 874 2012 vel
905 1959 1002 2013 hos
1031 1960 1084 2014 in
1119 1961 1254 2018 illis.
1291 1971 1560 2033 tamquam
1587 1962 1820 2019 domici-

217 2046 308 2101 liis
359 2045 473 2102 suis
520 2047 766 2104 habitare
791 2089 806 2114 ,
841 2050 914 2104 ita
946 2060 1003 2105 ut
1026 2051 1253 2106 sublatis
1299 2053 1450 2110 hisce
1483 2053 1820 2120 simulacris,

217 2141 397 2196 nullos
427 2142 659 2213 amplius
684 2145 814 2200 deos
843 2160 900 2200 se
931 2144 1130 2202 habere
1157 2147 1465 2205 crederent.

289 2236 348 2290 Si
376 2237 494 2306 quis
525 2247 702 2292 tamen
734 2239 954 2294 nimium
981 2242 1235 2309 pervicax
1292 2242 1422 2296 illttd
1478 2243 1655 2298 adhuc
1698 2245 1820 2299 infi-

213 2332 377 2394 ciari,
411 2341 503 2386 aut
534 2333 585 2386 in
609 2331 830 2387 dubium
865 2349 1056 2389 vocare
1085 2335 1312 2407 audeat,
1344 2337 1389 2392 is
1410 2347 1557 2392 certe
1587 2338 1818 2394 Arnobii

214 2425 392 2481 nostri
434 2426 793 2493 auctoritate,
822 2427 909 2482 cui
961 2442 1154 2490 nemo,
1203 2430 1246 2483 si
1276 2445 1424 2484 sana:
1465 2431 1662 2486 mentis
1711 2432 1816 2496 sit,

213 2519 475 2590 refragari
524 2528 728 2590 potest,
779 2520 939 2590 plane
987 2521 1372 2578 confutabitur.
1408 2523 1590 2578 Palam
1638 2528 1815 2592 enim,

215 2631 322 2672 nec
350 2616 469 2670 sine
512 2631 724 2671 summo
766 2617 984 2672 enutriti
1028 2616 1211 2672 cordis
1261 2617 1485 2685 dolore,
1543 2629 1818 2675 asseverat

216 2709 239 2781 (
263 2708 486 2774 Arnob.,
517 2708 605 2764 lib.
633 2725 670 2777 ι,
698 2723 817 2779 pag.
847 2708 966 2780 22),
993 2723 1050 2764 se
1069 2725 1188 2765 cum
1211 2711 1490 2781 gentilium
1513 2712 1811 2778 erroribus,

218 2803 322 2857 sibi
373 2802 531 2872 plane
591 2803 852 2871 Cognitis,
909 2803 1215 2870 implicatus
1261 2813 1440 2871 esset,
1499 2821 1813 2874 persuasum

220 2897 444 2952 omnino
473 2897 726 2953 habuisse
756 2898 980 2954 deorum
1014 2900 1300 2955 simulacra
1325 2943 1339 2965 ,
1374 2912 1424 2956 et
1456 2903 1740 2970 picturatas
1760 2904 1816 2957 in

221 2991 496 3044 veternosis
538 2990 802 3045 arboribus
855 2994 1064 3059 uenias,
1121 3009 1216 3049 θος
1275 2994 1421 3063 ipsos
1469 3011 1592 3051 esse
1643 2996 1810 3060 deos,

1930 1769 2164 1822 coluisse
2194 1777 2248 1823 et
2276 1768 2532 1823 adorasse
2563 1769 2849 1825 simulacra
2877 1813 2892 1836 ,
2918 1771 3142 1825 arbores
3165 1814 3180 1838 ,
3212 1780 3269 1827 et
3298 1773 3507 1840 lapides

1923 1862 1993 1917 ab
2025 1862 2236 1933 illisque
2260 1863 2524 1917 beneficia
2551 1865 2898 1933 poposcisse,
2931 1880 3356 1936 persuasumque
3386 1865 3522 1922 falso

1925 1954 2180 2011 habuisse
2212 1955 2328 2011 haec
2360 1957 2622 2025 ipsosmet
2647 1972 2768 2012 esse
2795 1956 2961 2023 deos,
2991 1967 3046 2013 et
3073 1958 3126 2012 in
3158 1957 3264 2014 illis
3290 1959 3396 2014 vim
3427 1975 3520 2030 pc~

1925 2058 2285 2120 testatemqne
2314 2051 2492 2106 inesse
2518 2050 2776 2106 divinam.

1992 2143 2254 2212 Quamvis
2279 2154 2460 2198 autem
2491 2143 2583 2198 ille
2632 2143 2962 2199 christianos
3002 2143 3206 2212 factus,
3250 2159 3354 2200 non
3403 2146 3526 2202 sine

1921 2235 2122 2290 acerbo
2148 2237 2314 2290 animi
2338 2251 2519 2300 sensu,
2542 2237 2860 2308 sinceraque
2881 2237 3193 2308 pmnitentia
3217 2253 3276 2295 se
3297 2237 3528 2294 deorum

1920 2331 2202 2386 simulacra
2245 2331 2477 2386 coluisse
2523 2332 2862 2385 confiteatur
2887 2330 3137 2404 (Arnob.,
3169 2331 3259 2386 lib.
3288 2347 3367 2396 ut,
3398 2348 3520 2403 pag.

1921 2425 2078 2495 101);
2115 2435 2261 2479 tanta
2295 2435 2476 2480 tamen
2503 2434 2619 2479 erat
2662 2425 2947 2495 gentilium
2979 2425 3294 2492 obstinatio,
3352 2435 3412 2480 ut
3463 2441 3528 2480 ea

1920 2520 2032 2591 ipsa
2061 2535 2180 2590 qua:
2207 2535 2273 2574 ex
2301 2519 2567 2574 vilissimo
2594 2519 2706 2573 luto
2733 2518 2866 2574 facta
2895 2534 3016 2574 esse
3048 2521 3257 2575 nescire
3297 2535 3406 2575 non
3432 2534 3530 2590 po-

1918 2622 2126 2680 terant,
2181 2615 2233 2668 in
2265 2613 2479 2683 templis
2510 2623 2689 2669 tamen
2718 2613 2830 2667 suis
2859 2614 3028 2682 posita
3049 2653 3066 2680 ,
3096 2628 3193 2684 pro
3217 2613 3321 2668 diis
3362 2613 3532 2670 habe-

1919 2718 2077 2771 rent,
2113 2723 2177 2763 ac
2213 2717 2630 2762 venerarentnr.
2665 2707 2806 2762 (Ἰερσί
2831 2707 3111 2761 enimvero
3143 2707 3425 2773 homines,
3472 2718 3534 2762 ut

1911 2833 1940 2858 ο
1974 2802 2119 2857 ἱι·ιιίι1
2161 2803 2228 2858 ab
2263 2803 2361 2864 iis,
2396 2802 2849 2874 quemadmodum
2903 2805 2978 2856 ait
3004 2802 3276 2856 Arnobius
3300 2844 3315 2868 ,
3350 2802 3462 2872 imp
3492 2818 3526 2857 e

1919 2905 2125 2952 trarent
2147 2937 2162 2962 ,
2197 2916 2216 2949 ‹
2248 2897 2516 2964 Deorum,
2555 2917 2573 2949 ι
2608 2898 2720 2951 sive
2743 2896 3191 2961 simulacrorum,
3227 2915 3247 2949 ι
3283 2906 3412 2951 ante
3431 2911 3532 2951 ora

1919 2990 2197 3059 prostrati,
2225 2990 2406 3044 limina
2439 2991 2548 3060 ipsa
2575 2989 2971 3044 converrebant
2993 2990 3196 3045 osculis
3217 2990 3343 3060 i(id.
3369 2991 3460 3045 lib.
3487 3007 3528 3055 ι,

222 3084 419 3155 quibus
469 3083 787 3139 adnlabatur
811 3125 829 3151 ,
890 3100 1028 3156 quos
1089 3086 1352 3142 aﬂ'abatur
1374 3128 1389 3150 ,
1442 3097 1498 3144 et
1553 3104 1583 3143 a
1641 3090 1836 3157 quibus
1864 3079 1909 3144 C
1941 3103 1994 3155 p.
2019 3083 2136 3156 ‘29).
2169 3085 2268 3154 Qui
2295 3086 2511 3155 quidem
2542 3087 2880 3140 adorantium
2908 3088 3043 3140 ritus
3067 3099 3205 3153 erat,
3229 3095 3287 3141 ut
3303 3086 3434 3140 satis
3462 3101 3533 3140 ex

219 3176 483 3231 beneficia
555 3177 897 3246 postulabat,
973 3189 1215 3250 tanquam
1301 3181 1538 3246 inesset,
1617 3182 1824 3254 inquit,

221 3267 448 3324 deorum
472 3271 554 3325 vis
582 3285 842 3340 praesens,
868 3272 951 3327 vel
980 3271 1033 3326 in
1059 3273 1140 3328 eis
1156 3288 1342 3329 revera
1371 3275 1751 3332 inhabitarent.

296 3359 434 3428 Quid
465 3360 566 3416 hoc
620 3362 929 3417 testimonio
970 3364 1200 3428 clarius,
1231 3375 1285 3420 et
1315 3367 1666 3436 expressius‘l
1694 3369 1827 3435 Quis

222 3466 404 3511 autem
437 3455 638 3510 abttnet
676 3456 812 3510 hanc
842 3457 1066 3512 Arnobii
1093 3459 1407 3529 opinionem
1433 3503 1446 3526 ,
1481 3476 1577 3516 seu
1609 3461 1823 3530 potius,

224 3560 284 3606 ut
315 3551 428 3621 ipse
457 3552 676 3618 fatetur,
705 3553 1082 3617 gravissimum
1116 3569 1355 3608 errorem
1380 3596 1397 3620 ,
1430 3556 1529 3623 ipsi
1555 3570 1676 3610 cum
1705 3555 1826 3610 aliis

223 3660 566 3702 communem
616 3643 783 3700 fuisse
826 3646 1152 3716 gentilibus?
1201 3647 1565 3712 Quamobrem
1607 3649 1823 3703 Tertul-

224 3741 404 3796 lianus
440 3750 566 3795 ante
611 3738 868 3794 fabricata
902 3740 1126 3794 deorum
1159 3741 1448 3796 simulacra
1485 3760 1497 3795 :
1533 3761 1551 3793 (
1588 3743 1761 3809 Deus,
1801 3763 1819 3795 ι

223 3835 430 3905 inquit,
467 3854 486 3887 ι
525 3834 639 3903 ipse
667 3848 949 3904 nusquam.
983 3832 1227 3888 Nondum
1257 3833 1400 3888 enim
1437 3844 1564 3888 tunc
1611 3835 1822 3905 ingenia

223 3930 573 3995 Graecorum,
639 3940 799 3999 atque
857 3930 1153 3984 Tuscorum
1205 3928 1468 3998 fingendis
1522 3929 1825 3984 simulacris

228 4022 429 4079 Urbem
453 4022 872 4076 inundaverant»
897 4021 1519 4094 (Tertullian..Apolog.,
1571 4039 1688 4092 cap.
1726 4022 1820 4086 25,

223 4134 282 4187 ρ.
308 4115 422 4181 £8).
444 4115 548 4171 Sed
573 4115 641 4172 de
665 4115 751 4169 illa
780 4116 1010 4169 absurda
1042 4115 1323 4186 gentilium
1353 4115 1630 4184 opinione,
1663 4127 1826 4186 atque

227 4211 507 4279 impietate
564 4209 764 4277 aliquid
815 4210 866 4262 in
932 4209 1106 4279 primo
1160 4211 1465 4278 Apparatus
1533 4209 1700 4263 nostri
1770 4219 1826 4264 et

228 4312 381 4357 tomo
435 4302 850 4370 perstrinximus
915 4299 1245 4374 (Apparat.,
1289 4317 1411 4370 pag.
1448 4299 1555 4356 496
1604 4309 1650 4353 et
1679 4316 1820 4370 seq.,

227 4414 352 4468 pag.
397 4396 501 4452 750
535 4405 581 4449 ct
611 4411 747 4465 seqq.
773 4393 816 4465 ).
850 4394 925 4449 De
955 4394 1290 4449 Tertulliano
1329 4403 1508 4449 autem
1560 4407 1660 4449 suo
1705 4393 1825 4450 loco

229 4490 518 4559 agendum.

302 4581 570 4636 Czcterttm
608 4580 880 4636 Arnobius
928 4579 1068 4636 dixit
1119 4581 1333 4652 (iunias.
1381 4596 1558 4652 graece
1586 4586 1826 4650 ταινίας,

233 4674 286 4730 id
319 4685 433 4740 est,
459 4672 685 4739 fascias,
720 4675 854 4737 sive,
889 4683 940 4726 ut
967 4672 1191 4729 Servius
1219 4673 1597 4728 animadvertit
1626 4673 1826 4746 (Serm,

233 4770 287 4824 in
312 4771 403 4824 lib.
450 4784 479 4822 v
513 4767 728 4822 IEneid.
774 4767 982 4838 Virgil.,
1014 4786 1135 4838 pag.
1161 4768 1268 4823 574
1293 4767 1331 4839 ),
1369 4769 1564 4834 vittas,
1612 4777 1705 4822 aut
1732 4766 1835 4822 vit-

232 4871 409 4916 tarum
439 4862 841 4927 extremitates,
878 4861 929 4914 in
962 4862 1244 4917 arboribus
1271 4863 1571 4923 veternosis,
1600 4861 1703 4916 hoc
1723 4871 1826 4927 est,

235 4959 391 5011 senio
411 4999 426 5020 ,
474 4972 568 5012 seu
600 4955 791 5010 morbo
821 4966 1002 5010 vetere
1031 4957 1327 5022 confectis,
1362 4967 1418 5009 ιιι
1447 4957 1679 5027 explicnt
1723 4957 1828 5011 Do-

234 5060 395 5106 natus
420 5049 648 5123 (Donat.
671 5091 686 5115 ,
727 5049 780 5102 iu
811 5047 1037 5112 Terent.,
1070 5048 1336 5117 Eunuch.,
1364 5059 1465 5104 act.
1497 5051 1551 5115 4,
1577 5067 1716 5105 scen.
1744 5051 1822 5121 4).

236 5142 522 5213 Significat
588 5143 768 5212 itaque
816 5142 1021 5197 Auctor
1092 5153 1300 5206 uester,
1353 5157 1536 5198 secum
1581 5143 1830 5198 ethnicus

236 5240 415 5294 adhuc
436 5248 581 5293 esset
600 5279 615 5298 .
644 5238 881 5293 coluisse
912 5239 961 5292 in
994 5236 1316 5305 arboribus,
1348 5238 1502 5307 longa
1531 5248 1832 5294 :etaIecon-

239 5334 508 5402 sun-ptis,
537 5332 698 5386 vittas
729 5341 783 5386 et
810 5345 1042 5387 coronas
1063 5373 1076 5394 ,
1126 5345 1220 5384 seu
1274 5331 1453 5400 potius
1474 5331 1720 5398 antiquas
1744 5346 1832 5384 ar-

238 5429 400 5483 bores
430 5428 579 5480 vittis
609 5439 659 5481 et
691 5426 906 5480 coronis
953 5425 1254 5480 redintitas.
1303 5425 1539 5479 Arbores
1565 5424 1830 5493 siquidem

236 5521 347 5576 deo
367 5520 524 5574 alicui
550 5518 779 5581 diezttas.
814 5519 956 5573 sicut
981 5517 1132 5582 deos,
1169 5525 1262 5570 aut
1287 5531 1476 5572 eetum
1517 5517 1674 5572 sedes
1701 5516 1832 5570 olim

237 5613 446 5670 ethnici
491 5612 812 5668 adorabant.
846 5631 863 5664 ι
896 5611 1019 5666 Hzec
1041 5652 1055 5674 ,
1094 5630 1114 5662 ι
1151 5611 1323 5679 inquit
1353 5610 1597 5675 Plinius,
1631 5627 1649 5661 ι
1689 5609 1836 5665 luere

235 5706 521 5762 numinum
554 5705 750 5776 templa
769 5746 786 5771 ,
811 5705 1094 5774 priscaque
1114 5703 1220 5758 ritu
1243 5703 1504 5774 simplicia
1528 5717 1654 5760 rura
1675 5703 1839 5760 etiam

1856 4480 1910 4541 D

1933 3179 2212 3240 Suetonio,
2240 3179 2411 3242 Livio,
2445 3179 2692 3252 Polybio,
2725 3191 2779 3235 et
2801 3181 2924 3236 aliis
2950 3181 3220 3252 colligitur
3245 3181 3489 3252 (Suefon.
3511 3225 3528 3247 ,

1932 3274 2022 3328 lib.
2051 3289 2148 3334 vu.
2177 3276 2230 3328 in
2260 3275 2362 3329 vita
2394 3275 2588 3340 Vitell.,
2616 3276 2770 3345 paulo
2792 3285 2905 3346 post
2930 3276 3042 3330 init.
3068 3273 3244 3342 ;Liv.,
3275 3276 3363 3330 lib.
3394 3291 3530 3341 xxx,

1930 3383 2045 3435 cap.
2072 3368 2145 3432 8;
2182 3367 2367 3438 Polyb.
2394 3410 2408 3434 ,
2437 3366 2526 3423 lib.
2557 3384 2647 3436 xv,
2676 3369 2792 3422 init.
2816 3367 2860 3440 ).
2890 3367 3256 3437 Quamobrem
3285 3366 3534 3425 Tibullus

1929 3465 2155 3520 canebat
2191 3486 2203 3520 :

2023 3579 2153 3647 Nec_
2152 3592 2250 3641 ego
2269 3579 2497 3630 tellurem
2518 3581 2731 3642 genibus
2755 3594 3033 3647 prorepere
3060 3580 3292 3647 supplex,

2115 3642 2177 3692 Et
2201 3646 2434 3709 miserum
2459 3652 2630 3709 sancto
2651 3642 2860 3695 tundere
2889 3642 3030 3708 posse
3057 3642 3220 3709 caput.

2021 3706 2249 3774 Nec_eg_o
2272 3708 2314 3756 si
2337 3708 2518 3774 merui,
2539 3707 2764 3774 dubitem
2777 3706 3358 3774 (procumbere‘templls,

2116 3768 2179 3819 Et
2193 3768 2316 3818 dare
2340 3771 2544 3819 sacratis
2565 3770 2730 3819 oscula
2751 3768 3018 3820 liminibus.

2631 3850 2862 3916 (Tibull.,
2888 3853 2971 3905 lib.
2998 3870 3033 3916 ι,
3062 3855 3186 3919 eleg.
3212 3857 3290 3922 5.)

1929 3958 2124 4014 Verum
2152 3957 2452 4025 Lucretius,
2475 3974 2506 4014 a
2523 3958 2804 4015 Lactantio
2829 3962 3024 4015 citatus
3053 3960 3354 4033 (Lactant,
3377 3962 3466 4017 lib.
3498 3978 3536 4022 ιι

1927 4051 2137 4118 lnstit.,
2169 4069 2285 4114 cap.
2310 4053 2364 4116 5,
2399 4069 2518 4123 pag.
2573 4051 2727 4122 150),
2781 4053 2998 4122 impium
3053 4054 3204 4109 illum
3254 4053 3536 4124 gentilium

1927 4162 2146 4201 suorum
2178 4147 2381 4202 cultum
2411 4147 2495 4200 his
2520 4147 2765 4202 versibus
2792 4148 3065 4220 explodit:

2019 4289 2134 4365 (fee
2147 4293 2308 4365 pietas
2329 4289 2426 4365 pila
2443 4297 2526 4365 est
2545 4290 2762 4365 velatum
2787 4304 2923 4356 saepe.
2945 4291 3109 4365 videri

2019 4352 2220 4419 Y_ertire
2244 4355 2300 4401 ad
2329 4353 2562 4419 lapi-lem,
2587 4362 2736 4419 atque
2761 4352 2936 4403 omnes
2958 4357 3203 4419 accedere
3227 4355 3285 4406 ad
3308 4369 3439 4419 aras,

2025 4415 2130 4484 Nec
2155 4415 2482 4484 procumbere
2497 4417 2631 4465 humi
2654 4415 2964 4480 prostratum,
2993 4425 3045 4469 et
3064 4418 3284 4482 pandere
3301 4415 3505 4484 palmas,

2027 4477 2163 4529 Ante
2181 4477 2330 4528 deum
2351 4479 2580 4530 delubra.

2363 4561 2598 4624 (Lacret.,
2622 4559 2708 4613 lib.
2733 4578 2782 4624 v,
2803 4576 2928 4615 vers.
2952 4563 3075 4614 1198
3095 4571 3142 4615 et
3159 4566 3317 4630 seqq.)

1935 4667 2079 4737 Lege
2125 4666 2333 4732 adlmc,
2386 4669 2431 4722 si
2487 4669 2654 4735 velis,
2705 4669 3049 4726 Plutarchum
3077 4712 3092 4736 ,
3139 4671 3452 4743 Lucanum,
3482 4684 3540 4730 et

1938 4762 2301 4826 Brissonium,
2350 4762 2439 4831 qtti
2491 4761 2640 4832 plura
2688 4761 2756 4816 de
2795 4763 2879 4818 Itis
2907 4765 3184 4832 gentilium
3213 4765 3407 4822 ritibus
3434 4766 3537 4823 ob-

1937 4863 2222 4909 servarunt
2247 4853 2571 4924 (Plutarclt.,
2605 4853 2801 4920 Qua'sl.
2834 4872 3060 4922 romam,
3095 4872 3216 4926 pag.
3256 4856 3394 4919 266;
3439 4855 3540 4913 Lu-

1935 4963 2077 5014 cau.,
2127 4947 2216 5002 lib.
2270 4963 2329 5014 ιι,
2375 4964 2504 5002 vers.
2541 4947 2646 5004 128
2685 4958 2732 5002 et
2776 4964 2957 5019 seqq.;
2993 4947 3251 5015 Brisson.,
3282 4949 3372 5006 lib.
3401 4966 3442 5020 ι,
3475 4953 3541 5008 de

1938 5041 2145 5107 Form.,
2168 5060 2292 5114 pag.
2317 5043 2432 5115 46).

2012 5137 2283 5192 Arnobius
2310 5151 2473 5206 porro
2501 5137 2638 5192 hanc
2683 5137 3017 5207 impietatem
3064 5136 3330 5194 acerrime
3355 5153 3423 5192 eo
3452 5137 3539 5192 in-

1939 5242 2198 5299 sectatur,
2235 5249 2254 5283 ι
2284 5231 2448 5302 quod,
2481 5231 2525 5286 si
2558 5231 2780 5292 liceret.
2822 5250 2842 5282 ι
2876 5229 3076 5296 inquit,
3125 5247 3144 5282 ι
3180 5231 3231 5285 in
3262 5231 3540 5287 simulacri

1941 5327 2170 5395 alicujus
2216 5325 2440 5379 introire
2470 5323 2816 5394 pendigines,
2857 5341 2875 5375 ι
2907 5337 3023 5388 seu,
3055 5334 3110 5377 ut
3149 5323 3350 5378 clarius
3381 5322 3540 5391 paulo

1941 5431 2064 5490 post
2113 5418 2368 5488 loquitur,
2422 5435 2440 5468 ι
2482 5417 2532 5470 in
2577 5430 2767 5470 omnes
2819 5415 2971 5471 sinus
2998 5424 3052 5471 et
3080 5417 3462 5472 commissuras
3511 5433 3534 5469 ι

1941 5508 2187 5583 (Arnob,
2221 5509 2310 5564 lib.
2340 5523 2418 5572 vt,
2448 5524 2570 5577 pag.
2600 5506 2699 5562 ΞΜ
2732 5516 2778 5560 et
2798 5505 2984 5581 seqq.),
3017 5507 3146 5562 nihil
3178 5506 3320 5560 aliud
3344 5521 3536 5562 eerne-

1940 5614 2110 5669 retnr,
2139 5616 2298 5672 quam
2323 5601 2483 5655 varice
2513 5599 2658 5653 illius
2683 5610 2896 5668 partes,
2927 5615 3060 5670 quas
3086 5607 3292 5653 catena:
3325 5596 3539 5662 ferrem,

1945 5697 2064 5755 ttnci
2086 5738 2101 5764 ,
2135 5698 2370 5762 ansulm,
2401 5702 2457 5753 et
2491 5693 2751 5752 suffusum
2778 5695 3058 5766 plumbum
3087 5693 3422 5752 retinebant.
3462 5691 3550 5748 Ad
