3986 6058
431 138 538 196 6Ξ7

1605 115 1613 123 “
1684 126 2138 193 nissmra'rio
2173 124 2452 195 ruam

3625 114 3729 198 ess

427 263 550 318 haec
572 273 707 317 vero
734 258 827 315 illa
855 259 1181 325 εἰιηιιιτιειια·,
1217 274 1235 308 ι
1271 266 1503 327 quorum
1531 255 1746 327 plantas
1771 262 2021 326 etgenna
2054 269 2109 331 Α
2132 257 2262 311 deos
2284 262 2494 312 vestros
2520 248 2745 312 illuditis
2766 298 2782 325 ,
2810 255 2940 313 dum
2968 257 3212 328 lapideos
3245 249 3498 330 quidem,
3552 264 3609 313 et
3651 260 3733 312 te.

429 352 633 409 ethnici
649 360 869 407 orantes
891 348 1297 405 eontrectahant
1316 346 1369 421 ι(
1380 346 1579 420 chet.,
1592 348 1753 416 lib.n,
1768 360 1887 418 cap.
1908 345 2026 420 ut).

430 446 727 517 semiplena
756 454 811 500 et
834 454 1023 508 vacua,
1055 451 1118 498 ac
1144 442 1367 498 minime
1395 441 1628 497 animata
1656 452 1709 497 et
1738 442 2025 512 spirantia,

431 550 733 609 temporum
758 535 968 607 injuriis
992 538 1334 604 putrescunt,
1363 548 1428 588 ac
1461 532 1847 588 dimolvumur.
1886 531 1944 586 in
1965 530 2031 585 iis

430 631 592 687 etiam
607 630 831 695 sorices,
849 627 1147 693 stelliones,
1169 627 1348 681 blattae
1360 624 1654 691 nidilicant,
1674 624 1886 679 araneis
1903 636 2032 679 vero

431 721 849 793 coinquinentur
871 727 927 774 et
940 717 1339 773 hirundinibus.
1362 719 1631 772 Arnobius
1660 716 1843 786 itaque
1870 713 2030 770 sicuti

431 816 697 873 Minucius
719 813 1128 884 Felix,aliique,
1147 824 1205 867 ut
1221 811 1452 866 vidimus
1469 809 1707 883 (Dium.
1728 811 1785 862 in
1807 808 2027 876 Minoa,

432 926 551 980 cap.
584 908 651 964 19
680 918 785 962 art.
817 907 901 976 2),
950 906 1207 961 Ecclesia:
1237 903 1424 960 Patres
1453 903 1581 958 hinc
1629 910 1777 957 recte
1804 902 2030 956 concim

431 1002 588 1068 dunt,
619 1001 751 1055 nihil
773 1001 994 1055 omnino
1016 1000 1069 1056 in
1089 998 1238 1053 hisee
1262 997 1569 1053 simulacris
1589 1004 1645 1051 et
1663 994 1833 1067 signis
1855 994 2032 1050 inesse

431 1111 594 1169 posse
619 1094 937 1155 divinitatis.

506 1193 719 1250 Ethnici
752 1208 905 1261 vero,
938 1199 995 1248 ut
1025 1188 1130 1248 hoc
1158 1199 1539 1262 argumentum
1560 1230 1577 1257 ,
1603 1186 1759 1259 cuius
1786 1186 2032 1259 pondere

433 1304 496 1347 se
517 1288 750 1359 opprimi
777 1287 1083 1342 sentiebant
1102 1326 1117 1349 ,
1146 1284 1366 1356 quoquo
1394 1283 1558 1340 modo
1588 1283 1861 1339 inﬁrmare
1905 1293 2030 1355 pos-

431 1390 589 1447 sent,
638 1378 1040 1449 respondebant
1086 1391 1148 1434 se
1193 1392 1484 1448 numquam
1533 1376 1831 1433 credidisse
1865 1386 1929 1432 ea
1960 1378 2033 1433 si-

434 1475 673 1531 mulacra
718 1486 841 1528 esse
883 1487 977 1542 per
1024 1484 1087 1527 se
1136 1471 1312 1527 deos:
1343 1470 1436 1526 sed
1464 1471 1518 1525 in
1551 1471 1660 1525 illis
1692 1470 1793 1526 bos
1819 1480 2030 1526 tantum

432 1565 619 1622 colere
645 1580 710 1620 ac
738 1565 1029 1630 venerari,
1082 1578 1103 1615 α
1135 1578 1274 1634 quos
1301 1562 1569 1619 dedicatio
1624 1562 1787 1618 infert
1838 1574 2025 1631 sacra,

2133 352 2346 405 staceos
2373 348 2742 417 veneramini,
2774 346 3088 406 custodibus
3126 352 3377 407 carentes
3426 368 3441 405 :
3489 350 3618 411 res;
3675 340 3732 405 δὲ

2131 444 2420 520 ἁργυρέυυς
2447 446 2536 499 καὶ
2561 450 2801 521 χρυσοῦς
2830 442 3137 521 irrisioni-sc
3161 451 3278 508 ταῖς
3315 438 3460 513 νυξὶ,
3486 442 3572 500 αἰαὶ
3615 452 3735 507 ταῖς

2132 538 2346 613 ἡμέραις
2396 537 2617 609 φύλακας
2685 539 3132 614 παρακαθίσαντες·
3156 579 3172 605 ,
3225 532 3310 593 ἵνα
3356 541 3426 612 μή
3498 538 3733 593 alacriter

2133 627 2153 701 (
2181 628 2370 699 Epist,
2399 631 2465 683 ad
2496 629 2759 702 Diognel.,
2787 636 2922 703 post.
2955 628 3107 701 init.)
3144 647 3158 685 :
3188 629 3466 702 Argenteos
3494 639 3662 684 autem
3683 638 3733 684 et

2132 732 2314 778 aureos
2356 723 2620 780 includitis
2664 734 2817 779 noctu
2842 767 2858 789 ,
2913 732 3001 780 aut
3033 719 3261 780 interdiu
3306 720 3540 781 custodes
3568 736 3736 795 appo-

2133 817 2255 872 nitis
2295 832 2358 872 ne
2400 822 2542 889 {nrlo
2579 823 2903 893 auferantur.
2951 816 3214 876 Similiter
3257 818 3580 891 Cyprianus,
3631 830 3736 873 nec

2132 909 2314 965 minus
2336 911 2449 965 neri
2484 911 2607 982 styli
2644 911 2728 967 sui
2766 912 2955 968 aculeo
2988 926 3087 967 eos
3108 911 3294 982 pungit
3318 929 3365 964 τ(
3403 906 3491 967 Sic
3514 910 3676 975 illos;
3711 929 3733 963 ι

2133 998 2345 1070 inquit,
2403 1022 2422 1055 ι
2473 1001 2633 1060 laesos
2671 1003 2806 1059 ultio
2835 1006 3012 1061 vestra
3045 1000 3285 1060 defendit
3310 1045 3326 1065 .
3377 1001 3650 1075 quoruodo
3680 1011 3738 1059 et

2132 1093 2349 1149 clausos
2395 1109 2464 1150 ne
2511 1096 2772 1167 pereant,
2832 1094 2998 1152 tutela
3030 1104 3211 1152 veStt-a
3238 1094 3494 1153 custodit.
3530 1089 3740 1152 Pudeat

2132 1186 2356 1243 tutelam
2374 1185 2444 1243 de
2555 1202 2799 1258 sperare,
2821 1198 2958 1260 quos
2980 1200 3035 1244 tu
3052 1188 3167 1259 ipse
3184 1189 3373 1245 tueris.
3394 1186 3421 1261 (
3441 1184 3691 1261 Cyprium
3719 1232 3735 1255 ,

2132 1288 2282 1336 tract.
2311 1280 2379 1334 ad
2406 1280 2660 1350 Belum,
2692 1290 2813 1355 pag.
2849 1281 3002 1355 191.)

2202 1368 2346 1427 Satis
2390 1386 2557 1442 porro
2595 1374 2888 1444 gentilibus
2936 1381 3047 1429 non
3099 1372 3218 1429 erat
3270 1373 3590 1440 simulans,
3620 1374 3742 1430 sive

2132 1463 2265 1521 deos
2310 1479 2439 1520 suos
2488 1466 2766 1520 hominum
2792 1465 3087 1534 custodiis,
3138 1472 3201 1522 ac
3250 1465 3459 1522 diei-uis
3510 1472 3738 1523 noctur-

2132 1560 2324 1632 nisque
2352 1560 2549 1632 vigiliis
2578 1564 2715 1616 tueri
2734 1603 2750 1629 ,
2778 1562 2873 1619 sed
2895 1560 3142 1619 eamdem
3167 1604 3182 1628 ,
3225 1562 3403 1633 pergit
3430 1561 3701 1617 Arnobius
3718 1607 3733 1631 ,

435 1671 491 1718 et
518 1660 799 1716 fabrilibus
824 1660 991 1715 ellicit
1024 1658 1325 1713 inhabitare
1363 1658 1669 1714 simulacris
1727 1676 1747 1710 ι
1778 1656 2023 1730 (Arnob.,
2058 1654 2204 1723 Iob
2247 1668 2507 1722 causam,
2557 1668 2721 1713 canes
2772 1664 2829 1713 et
2885 1666 3109 1712 anceres
3172 1657 3412 1713 alebant.
3470 1654 3537 1711 Et
3584 1660 3740 1712 certe

436 1754 526 1809 lib.
560 1769 632 1818 vi,
663 1766 787 1823 pag.
819 1751 926 1808 9.03
951 1760 998 1839 et
1019 1750 1208 1822 seqq).
1245 1750 1440 1804 Verum
1465 1759 1655 1805 auctor
1682 1760 1870 1805 noster
1898 1750 2029 1805 illud

434 1846 679 1903 ridiculae
720 1846 993 1917 opinionis
1019 1856 1388 1926 commentum
1422 1845 1586 1900 variis
1614 1845 1887 1900 rationum
1916 1857 2032 1900 mo-

432 1939 635 1996 mentis
663 1938 825 2009 plune
853 1937 1212 2005 comminuit,
1245 1936 1565 2008 penitusque
1585 1937 1828 2007 dissipat.
1868 1934 2032 1993 Eccul

336 2098 355 2111 ‘
435 2033 616 2099 enim,
648 2031 692 2085 si
721 2045 885 2085 sanus
905 2029 1010 2095 sit,
1045 2044 1278 2100 unquam
1301 2070 1316 2096 ,
1346 2030 1422 2084 ait
1466 2030 1591 2095 ille,
1625 2029 2034 2100 persuadebunt

435 2129 569 2186 deos
593 2127 824 2183 ridiculo
851 2126 1087 2197 quodam
1132 2124 1492 2181 dedicationis
1531 2125 1675 2194 jure,
1703 2131 1800 2179 aut
1822 2123 1891 2179 ad
1919 2132 2032 2180 ter-

435 2237 568 2280 rena
598 2220 890 2276 simulacra
934 2218 1281 2274 lnhabitanda
1310 2219 1469 2288 cogi,
1528 2226 1620 2273 aut
1664 2218 1892 2274 sidereis
1942 2230 2032 2272 ses

437 2315 596 2371 dibus
625 2314 759 2377 suis,
789 2320 985 2381 sponte
1012 2325 1111 2366 sua
1141 2311 1366 2376 relictis,
1395 2309 1463 2366 ad
1491 2322 1554 2365 ea
1605 2312 1761 2366 toties
1807 2310 2034 2365 commio

437 2418 598 2477 grare
619 2446 635 2472 ,
663 2404 874 2475 quoties
902 2403 1105 2458 homini
1149 2411 1384 2461 statuam
1435 2403 1686 2459 dedicare
1727 2403 2034 2475 placuerit?

438 2498 581 2566 Quid
606 2512 757 2565 vero,
791 2497 932 2568 quod
964 2497 1038 2552 dii
1070 2497 1220 2563 nulla
1246 2499 1295 2551 vi
1338 2497 1577 2553 humana
1613 2499 1866 2568 coinpelli
1911 2512 2035 2568 pos-

438 2600 599 2656 sunt,
630 2600 689 2645 ut
732 2590 785 2645 in
823 2591 1124 2647 simulacris
1168 2590 1273 2644 illis
1298 2602 1517 2661 semper
1559 2592 1858 2646 maneant?
1887 2590 2034 2646 Nihil

439 2684 584 2741 enim
615 2699 678 2738 ea
712 2683 1032 2739 necessitate
1063 2683 1335 2751 miserius,
1360 2684 1605 2754 niltilque
1622 2685 1733 2740 Deo
1750 2686 1920 2756 magis
1941 2685 2026 2738 in-

440 2777 685 2848 dignum.
724 2777 925 2832 Deinde
956 2791 1105 2844 vero,
1135 2778 1185 2833 si
1225 2777 1281 2832 in
1318 2779 1399 2834 eis
1428 2779 1632 2834 tamdiu
1656 2787 1859 2834 tantum
1888 2793 2036 2834 com-

438 2878 740 2935 morentur,
794 2870 1048 2941 quamdiu
1096 2871 1224 2940 ipsis
1254 2871 1505 2939 libuerit,
1551 2882 1700 2928 certe
1743 2873 2035 2928 simulacra

440 2963 752 3034 aliquando,
773 2964 881 3017 illis
906 2962 1305 3031 recedentibus,
1326 2965 1399 3019 dii
1421 2980 1543 3022 esse
1565 2966 1831 3022 desinent.
1854 2967 1910 3022 lu
1932 2968 2031 3022 du-

2134 1751 2391 1821 scriptum
2432 1766 2463 1806 a
2491 1750 2755 1808 Cicerone
2795 1752 3026 1822 legimus
3064 1769 3079 1806 :
3130 1768 3150 1803 ι
3204 1750 3504 1806 Anseribus
3530 1748 3737 1806 cibaria

2135 1844 2347 1914 publica
2396 1845 2664 1910 locantur,
2700 1855 2756 1900 et
2801 1853 2966 1901 canes
2992 1842 3211 1900 aluntur
3241 1846 3295 1899 in
3325 1842 3627 1915 Capitolio;
3677 1851 3741 1899 ut

2134 1938 2470 2008 signiﬁcent,
2512 1940 2559 1995 sl
2600 1938 2745 1995 mres
2796 1940 3066 1995 venerint.
3114 1938 3137 2011 (
3160 1938 3349 2006 (ἔξιθι,
3390 1944 3519 1993 o'rat.
3550 1938 3607 2004 Ξ,
3638 1954 3740 2007 pro

2135 2032 2293 2087 Rose.
2323 2028 2495 2087 Amer.
2528 2034 2578 2100 l,
2610 2049 2732 2105 pag.
2759 2030 2881 2106 si.)
2926 2031 3083 2102 Quod
3130 2033 3294 2088 etiam
3325 2018 3503 2098 Livii,
3535 2029 3739 2098 Plinii,

2135 2125 2444 2191 Plutarchi,
2501 2126 2743 2196 ﬁliani,
2790 2136 2846 2183 et
2894 2129 3124 2183 aliorum
3173 2128 3488 2183 testimonio
3539 2126 3742 2183 contire

2136 2220 2517 2295 matur(Lie.,
2550 2222 2639 2278 lib.
2684 2239 2738 2291 v,
2789 2226 2907 2278 ante
2952 2223 3071 2290 ﬁn.,
3123 2221 3270 2278 Plin.
3299 2265 3316 2290 ,
3362 2218 3453 2277 lib.
3512 2236 3544 2278 x
3591 2221 3736 2277 Hist.

2136 2322 2270 2380 πει,
2302 2328 2419 2382 cap.
2447 2312 2540 2380 22,
2573 2328 2693 2386 pag.
2719 2306 2855 2381 ius;
2909 2314 3177 2370 Plitldl'cll.
3199 2357 3214 2381 ,
3263 2315 3319 2368 in
3339 2315 3429 2369 sit.
3481 2312 3689 2369 Oeneu.
3723 2355 3739 2376 ,

2136 2422 2260 2478 pag.
2292 2407 2414 2472 ιη,
2447 2419 2495 2462 et
2528 2407 2726 2474 Quam.
2772 2416 2977 2463 ramuli.
3004 2451 3018 2475 ,
3051 2418 3172 2481 pug.
3194 2408 3333 2476 θείῃ
3361 2405 3594 2474 Alliam,
3644 2406 3740 2463 lib.

2138 2514 2217 2556 xu
2267 2501 2332 2556 de
2359 2502 2615 2569 Animal.,
2645 2514 2765 2573 cap.
2791 2501 2863 2559 ὃὸ
2884 2501 2926 2575 ).
2966 2504 3125 2573 Atqui
3149 2500 3233 2556 ha:
3252 2498 3536 2564 cusmtﬁze,
3559 2501 3746 2570 arguit

2138 2594 2427 2660 Arnobius,
2460 2606 2565 2650 tam
2596 2595 2836 2661 inutiles,
2869 2608 3030 2665 quam
3087 2593 3194 2649 diis
3236 2592 3515 2664 iniuriosae
3561 2598 3739 2647 erant.

2139 2686 2206 2747 In
2231 2689 2531 2746 simulacris
2565 2687 2832 2759 siquidem
2876 2688 2919 2741 si
2964 2687 3066 2758 ipsi
3093 2688 3284 2742 saltem
3315 2678 3740 2752 itibabitessent,

2140 2787 2247 2843 illis
2276 2783 2518 2856 proiecto
2545 2796 2648 2838 nec
2673 2782 2794 2837 aliis
2812 2821 2826 2846 ,
2856 2790 2919 2838 ea
2948 2796 2976 2835 a
3008 2780 3250 2853 quolibet
3272 2788 3401 2835 casn
3419 2821 3435 2845 ,
3461 2784 3516 2834 et
3544 2778 3743 2847 injuria
3778 2764 3783 2768 ”

2139 2877 2453 2951 protegendi
2493 2886 2621 2931 cura
2667 2874 3021 2946 relinquenda
3073 2881 3211 2929 erat.
3245 2866 3436 2928 Nullus
3462 2872 3744 2927 enimvero

2137 2971 2355 3044 gentilis
2401 2969 2582 3025 dicere
2629 2979 2865 3038 unquam
2924 2966 3095 3038 potuit
3138 2966 3260 3020 illos
3303 2973 3397 3020 aut
3452 2963 3736 3031 dormire,

440 3053 532 3108 hic
572 3054 733 3125 igitur
753 3055 916 3109 Stabit
935 3055 1149 3126 quando
1170 3059 1248 3112 eis
1268 3070 1420 3113 sacra
1446 3060 1584 3123 lieri,
1607 3069 1663 3115 et
1708 3073 1770 3115 ea
1817 3060 2031 3116 adorari
2062 3050 2109 3116 Ο
2139 3076 2229 3122 aut
2255 3078 2362 3121 non
2393 3074 2552 3136 posse
2595 3074 2655 3118 se
2684 3063 2845 3118 tueri.
2878 3060 3032 3117 Unde
3064 3061 3228 3117 etiam
3276 3059 3605 3131 Augustinus
3645 3066 3741 3125 es,

440 3144 691 3204 debeant.
723 3146 991 3207 Praeterea
1024 3162 1179 3215 vero,
1212 3166 1338 3205 cum
1370 3152 1540 3221 plura,
1563 3151 1735 3222 inquit
1766 3151 2038 3209 Arnobius

438 3239 602 3297 unius
628 3239 979 3312 ejusdemque
1002 3241 1090 3297 dei
1119 3244 1426 3309 simulacra,
1454 3245 1622 3301 modo
1653 3260 1845 3317 parva,
1877 3246 2038 3304 modo

439 3331 673 3385 maxima
698 3332 1051 3398 fabricantur,
1081 3336 1345 3404 numquid
1371 3336 1449 3390 dii
1476 3340 1529 3392 in
1563 3337 1670 3391 illis
1695 3342 1790 3393 aut
1816 3354 1876 3395 se
1902 3349 2038 3395 coin-

442 3426 661 3480 trahunt
681 3469 696 3493 ,
746 3436 839 3482 aut
882 3443 942 3483 se
973 3427 1289 3499 porrigunt,
1319 3445 1583 3499 suumque
1608 3447 1805 3501 corpus
1832 3444 1932 3503 pro
1960 3437 2037 3490 si-

440 3522 669 3576 mulacri
699 3534 1031 3593 componunt
1051 3522 1223 3578 forma
1246 3541 1310 3580 ac
1335 3524 1506 3598 ﬁgura
1523 3526 1547 3580 ?
1564 3527 1705 3597 Quid
1731 3538 1911 3585 autem
1937 3531 2035 3585 ab-

440 3616 660 3670 surdius
689 3617 758 3670 de
793 3617 903 3671 Deo
932 3616 1038 3671 dici
1070 3629 1161 3675 aut
1186 3619 1411 3689 cogitari
1440 3621 1656 3689 milesii

516 3710 622 3765 Sed
651 3711 919 3782 agedum;
968 3712 1179 3767 constat
1224 3728 1354 3767 sane
1406 3714 1632 3784 plurima
1680 3716 1839 3779 unius
1891 3715 2037 3787 ejus-

443 3801 676 3873 demque
704 3803 792 3859 dei
826 3804 1113 3860 simulacra
1160 3805 1213 3863 in
1254 3806 1482 3863 diversis
1509 3851 1522 3873 ,
1555 3818 1608 3863 et
1636 3822 1668 3863 a
1709 3823 1767 3865 se
1812 3810 2042 3866 invicem

442 3900 759 3973 longissimo
787 3908 1048 3956 terrarum
1081 3900 1366 3959 intervallo
1413 3901 1693 3975 disiunctis
1734 3904 2043 3975 regionibus

443 3993 618 4064 posita
638 3994 910 4050 fuisse.An
929 3995 981 4047 in
1007 3993 1069 4048 iis
1084 3995 1334 4050 ontnibus
1351 3994 1484 4050 deus
1498 3996 1585 4051 ille
1600 3995 1792 4055 adesse
1804 3997 2045 4068 poterat?

446 4086 790 4142 Nondivisus
817 4088 1055 4158 quidem,
1096 4090 1222 4159 quia
1246 4103 1407 4144 verus
1437 4089 1578 4145 Deus
1619 4090 1786 4145 dividi
1835 4092 2039 4162 nequit.

442 4179 562 4235 Non
600 4182 840 4252 integer;
876 4197 997 4234 nam
1028 4181 1161 4235 deus
1187 4180 1281 4236 ille
1303 4223 1317 4248 ,
1345 4182 1419 4236 uti
1448 4182 1710 4253 putabant
1752 4197 2046 4254 corporeus

444 4282 564 4328 erat
579 4314 595 4336 ,
627 4287 726 4327 nec
747 4273 974 4342 proinde
998 4279 1177 4343 potest
1197 4273 1249 4327 in
1275 4275 1516 4343 pluribus
1538 4276 1695 4331 simul
1719 4282 1841 4330 eSse
1863 4275 2015 4333 locis.

519 4365 762 4437 Denique
811 4364 858 4419 si
909 4363 1025 4418 haec
1078 4364 1363 4421 simulacra
1408 4378 1504 4420 aut
1552 4365 1629 4421 dii
1682 4375 1903 4430 essent,
1953 4377 2047 4422 aut

2141 3162 2381 3232 proxime
2436 3169 2730 3214 mentorum
2778 3166 3030 3211 anserum
3079 3146 3354 3217 custodia,
3397 3155 3476 3209 sic
3508 3152 3733 3209 eosdem

2137 3254 2417 3326 gentilium
2455 3245 2589 3307 deos
2628 3249 2818 3305 irridet
2842 3258 2899 3305 et
2926 3246 3190 3320 expleuit.
3224 3258 3244 3301 ι
3290 3247 3443 3303 Tunc
3491 3252 3603 3301 tota
3656 3254 3745 3300 ro-

2140 3358 2291 3401 mana
2343 3346 2475 3399 urbe
2526 3345 2582 3399 in
2637 3342 2873 3398 hosﬁum
2923 3349 3244 3411 potesuitem
3301 3339 3554 3403 redacta,
3593 3339 3745 3393 solus

2141 3439 2296 3493 collis
2324 3437 2659 3508 Capitolinus
2681 3441 3052 3499 remanserat,
3103 3431 3380 3503 quietiam
3427 3431 3544 3498 nise
3578 3438 3747 3500 cape.

2140 3542 2308 3597 retur,
2342 3531 2443 3586 nisi
2485 3529 2677 3585 saltem
2724 3539 2975 3592 anseres,
3011 3526 3115 3581 dlis
3144 3523 3580 3587 dormientibus,
3610 3521 3747 3591 vigi-

2143 3626 2338 3679 larent.
2397 3622 2547 3680 Unde
2597 3634 2738 3694 pene
2786 3622 2841 3677 in
2891 3620 3353 3691 superstitionem,
3386 3619 3746 3690 aegyptlorum

2143 3718 2342 3773 bestias
2392 3728 2627 3786 avesque
2673 3716 2997 3778 colentium,
3046 3712 3219 3768 Roma
3259 3710 3569 3779 deciderat,
3617 3722 3744 3767 cum

2146 3806 2323 3860 anscri
2367 3805 2629 3860 solemnia
2685 3805 3049 3860 celebrabant.
3111 3818 3131 3855 ι
3185 3800 3493 3876 (August.,
3554 3800 3643 3856 lib.
3706 3815 3746 3857 tt

2102 3936 2105 3939 λ
2146 3900 2210 3956 de
2233 3898 2405 3964 Cirin,
2438 3914 2556 3970 cap.
2585 3899 2675 3965 92,
2728 3914 2846 3971 pag.
2880 3900 2998 3969 51.)

2216 3989 2347 4059 Quis
2377 4000 2555 4046 autem
2593 3990 2812 4046 difﬁteri
2844 4002 3023 4061 potest
3069 4006 3137 4048 ex
3191 3990 3276 4047 bis
3300 3989 3554 4045 omnibus
3579 3989 3749 4044 ratio-

2148 4084 2305 4140 nibus
2336 4094 2482 4141 recte
2504 4084 2571 4140 ab
2596 4084 2836 4141 Aruobio
2860 4083 3055 4142 conllci
3081 4084 3365 4155 gentilium
3418 4084 3709 4139 simulacra
3728 4123 3744 4149 ,

2146 4180 2233 4236 vel
2279 4191 2438 4246 ante,
2471 4179 2554 4234 vel
2602 4187 2723 4250 post
2769 4192 2923 4232 suum
2950 4179 3450 4242 consecrationem,
3483 4190 3586 4232 nec
3611 4176 3749 4233 deos

2149 4285 2302 4338 esse,
2336 4283 2434 4327 uec
2462 4270 2561 4325 hos
2584 4271 2636 4325 in
2664 4270 2773 4325 illis
2799 4269 3123 4336 inhabitare,
3158 4270 3326 4325 multo
3349 4272 3525 4325 minus
3545 4269 3612 4324 ad
3642 4284 3707 4325 ea
3726 4309 3744 4337 ,

2149 4364 2288 4420 cmlo
2332 4364 2554 4428 relicto,
2607 4362 2953 4419 inhabitanda
3004 4378 3163 4435 posse
3215 4364 3512 4433 compelli?
3543 4364 3617 4418 De
3653 4365 3746 4420 illa

447 4476 634 4519 eorum
700 4461 958 4515 habitatio
982 4501 997 4526 ,
1056 4476 1237 4517 nonne
1284 4462 1465 4517 divina
1516 4470 1783 4533 ροιθειειθ
1834 4476 1930 4520 ωε
1985 4482 2044 4521 δε
2071 4446 2126 4508 D
2151 4472 2311 4530 porro
2340 4456 2748 4512 simulacrorum
2780 4455 3157 4524 dedicatione,
3187 4456 3316 4513 alibi
3343 4456 3578 4513 diximus
3607 4454 3748 4531 (Dis-

446 4556 594 4625 ipsos
619 4551 881 4608 adversus
910 4554 1179 4624 quoslibet
1205 4570 1364 4610 casus
1387 4558 1548 4611 tutari
1575 4557 1887 4613 debebant?
1936 4560 2043 4616 Cur

446 4660 579 4715 ergo
601 4644 840 4711 ethnici,
872 4647 1047 4715 arguit
1071 4655 1262 4701 auctor
1284 4657 1470 4702 noster
1499 4644 1688 4720 (ibim,
1712 4662 1833 4722 pag.
1857 4649 2039 4723 205.),

445 4736 541 4792 illa
566 4752 635 4793 ne
657 4752 762 4807 qua
789 4738 983 4806 injuria
1004 4738 1371 4804 afﬁcerentur,
1389 4740 1735 4797 validissimis
1767 4744 2040 4809 claustris,

446 4831 719 4901 repagulis
739 4873 754 4897 ,
785 4830 1016 4901 pessulis
1043 4831 1401 4898 claudebant,
1434 4847 1496 4887 ac
1524 4834 1883 4888 muniebant?
1911 4834 2040 4900 Cur,

448 4940 517 4977 ne
539 4938 570 4977 ιι
602 4924 807 4979 furibus
831 4924 972 4979 clam
994 4934 1223 4979 noctuve
1246 4934 1585 4995 raperentur,
1615 4926 1841 4982 redituis
1863 4929 2039 4983 millet

447 5014 523 5070 ita
544 5015 634 5070 ille
655 5016 911 5086 loquitur,
933 5016 1122 5091 (lbid.)
1149 5036 1167 5069 ι
1181 5020 1567 5088 protegebant;
1591 5028 1753 5089 atque
1765 5020 2046 5076 excubito‘

448 5110 600 5164 ribus
621 5109 784 5166 mille.
800 5129 819 5161 ι
839 5110 1043 5167 Eodem
1065 5114 1226 5166 modo
1241 5118 1644 5182 argumentatur
1658 5111 2046 5179 Tertulliauus,

449 5218 514 5259 ac
552 5206 647 5274 qui
678 5206 788 5258 sint
828 5206 905 5259 illi
948 5206 1292 5263 excubitores
1330 5206 1531 5262 clarius
1557 5209 1793 5278 explicat
1825 5222 1839 5260 :
1876 5222 1896 5260 ι
1928 5207 2048 5264 lum

450 5297 635 5366 utique
659 5312 820 5364 suas,
861 5318 879 5350 ι
914 5301 1127 5371 inquit,
1163 5318 1183 5353 ι
1222 5303 1397 5371 primo
1423 5312 1649 5368 statuas,
1676 5310 1733 5357 et
1756 5303 2045 5373 imagines,

451 5400 508 5445 et
532 5389 679 5445 ardes
710 5402 1009 5459 tuerentur,
1049 5407 1199 5463 quin,
1225 5402 1285 5448 ut
1326 5395 1539 5463 opinor,
1583 5393 1812 5450 Caesaris
1849 5396 2049 5451 milites

450 5484 694 5539 excubiis
717 5485 832 5539 suis
861 5485 1007 5538 salva
1061 5498 1316 5555 praestant
1344 5504 1362 5539 ι
1391 5486 1411 5561 (
1438 5486 1767 5556 Tertullian.,
1800 5487 2044 5560 Apolog.,

450 5593 573 5649 cap.
600 5576 703 5645 ἐξ),
746 5595 867 5650 pag.
896 5574 1013 5649 29).
1059 5578 1231 5634 Antea
1278 5593 1405 5635 vero
1450 5592 1642 5637 auctor
1692 5582 1934 5652 epistola:
1978 5582 2047 5637 ad

454 5670 776 5741 Diognetum
820 5673 902 5728 sic
944 5671 1191 5727 ethnicos
1213 5671 1423 5741 edatur,
1455 5683 1513 5730 et
1548 5672 1774 5744 corripit
1813 5690 1827 5729 :
1860 5674 2048 5733 Nonne

2152 4559 2271 4606 seri.
2299 4550 2354 4604 in
2385 4548 2608 4619 Mittam,
2638 4566 2752 4621 cap.
2782 4550 2870 4616 19,
2898 4559 3000 4605 art.
3031 4551 3056 4605 |
3084 4550 3125 4623 );

2758 4670 3053 4719 ARTICULUS
3081 4676 3139 4719 v.

2149 4755 2468 4806 Examinatur
2491 4750 2621 4804 aliud
2658 4752 2860 4803 Δηιοῡῆ
2883 4755 3118 4804 adversus
3152 4754 3360 4805 deorum
3382 4752 3643 4808 simulacra
3666 4760 3748 4809 ar-

2212 4826 2522 4881 gumentum.
2564 4818 2676 4881 inde
2705 4820 2929 4880 petitum,
2950 4818 3209 4881 quodAilla
3248 4819 3311 4875 ab
3335 4820 3546 4875 ethnicis
3571 4824 3752 4881 probro

2217 4872 2269 4931 Et
2289 4872 2523 4945 dedecori
2564 4872 2748 4945 habita,
2775 4892 2831 4927 ac
2855 4872 3061 4945 spoliata
3092 4872 3292 4945 fuerint;
3304 4896 3315 4929 :
3344 4872 3523 4945 nempe
3545 4872 3749 4934 simula;

2213 4941 2510 5009 crumdovis
2532 4943 2593 5009 ab
2616 4939 2855 5009 Antiocho
2884 4939 3128 5009 'liysiceno
3160 4948 3231 5009 et;
3254 4939 3488 5009 Dionysio
3521 4954 3745 5009 tyranno,

2213 5004 2474 5070 Ais-cuiam
2500 5007 2561 5053 ab
2581 5005 2760 5070 eodeni
2783 5003 3029 5067 Dionysio,
3051 5005 3262 5070 Veneris
3282 5019 3311 5067 a
3333 5003 3669 5070 l’jgnialione.
3697 5003 3752 5064 et

2214 5068 2311 5134 alio
2330 5064 2678 5134 adolescente;
2703 5064 2794 5134 alia
2837 5064 2954 5134 vero
2974 5074 3057 5117 aut
3086 5067 3264 5131 diruta,
3293 5064 3635 5134 aut'cremata,
3660 5064 3751 5133 ubi

2212 5130 2278 5180 de
2303 5129 2436 5179 vario
2459 5128 2683 5193 Capitolii
2704 5126 2949 5180 incendio.

2224 5232 2482 5293 Ultimum
2516 5237 2734 5294 Arnobil
2764 5236 3022 5293 adversus
3058 5237 3282 5294 deorum
3329 5236 3620 5297 simulacra
3655 5258 3748 5300 ar-

2152 5340 2463 5402 gumentum
2496 5344 2559 5385 ex
2590 5330 2655 5385 iis
2707 5330 2939 5394 ducitur,
2970 5345 3090 5402 qua:
3120 5332 3352 5388 tuatimo
3395 5335 3645 5391 dedecori
3695 5345 3751 5394 et

2155 5418 2353 5493 probro
2391 5418 2590 5486 habita,
2640 5436 2761 5477 cum
2807 5425 3100 5491 opprobrio
3142 5423 3386 5495 spoliata,
3419 5441 3482 5481 ac
3532 5426 3746 5484 tandem

2155 5529 2265 5567 non
2308 5528 2463 5569 secus
2506 5527 2570 5568 ac
2608 5510 2804 5582 templa
2848 5512 3169 5582 deturbata,
3210 5525 3264 5570 et
3316 5517 3527 5587 penitus
3569 5518 3745 5577 diruta

2154 5616 2299 5662 sunt.
2331 5608 2462 5675 Quis
2486 5607 2627 5662 enim
2656 5607 2873 5677 negabit
2900 5606 3051 5663 lovis
3080 5616 3309 5664 statuam
3341 5625 3464 5665 cum
3498 5612 3744 5669 irrisione

2153 5710 2209 5758 et
2233 5696 2464 5757 ludibrio
2488 5702 2556 5759 ab
2585 5700 2852 5759 Antiocho
2877 5700 3145 5772 Cyziceno
3182 5698 3506 5773 spoliatam?
3537 5722 3558 5756 ι
3593 5704 3742 5761 llun'c'
