3986 6058
243 192 347 253 629

1412 195 1480 254 ΙΝ
1506 188 1902 265 ARNW,
1943 196 2099 256 CAP.
2144 190 2312 257 XXII.

239 314 429 385 quippe
451 312 776 370 Antiochum
796 313 1125 386 Cyzicum
1146 315 1356 379 ιαιηι,
1399 334 1419 367 ι
1451 315 1673 372 Arnobii
1703 311 1822 370 ver-
1854 325 1907 383 Α
1930 315 2019 371 to.
2055 332 2073 371 ι
2127 316 2251 373 Var.
2280 314 2402 373 at».
2436 360 2452 381 ,
2489 318 2624 391 gs).
2656 318 2764 376 our
2807 316 2973 394 ergo,
3027 324 3192 380 instat
3220 324 3532 393 Arnobius,
3585 312 3589 316 ’

235 410 316 466 bis
346 410 571 475 utimur,
604 429 628 463 ι
655 409 965 480 quisrdeeim
983 410 1285 467 cubitorum
1306 408 1497 467 Jovem
1517 424 1585 465 es
1607 408 1833 465 delubro

234 519 456 560 aureum
488 500 766 559 sustulisse
786 546 800 569 ,
830 510 885 559 et
929 514 996 558 ex
1022 518 1129 558 :rre
1153 502 1440 559 bracteolis
1493 500 1832 558 substituisse

232 598 469 654 fucatum
504 618 523 650 ι
557 598 807 669 (Arnob.,
835 598 903 653 lib
948 614 1177 669 γημας.
1222 597 1375 669 eos).
1428 598 1509 657 Ex
1554 597 1832 654 Clemente

230 704 416 751 autem
462 692 828 755 Alexandrino
857 692 986 761 illud
1024 692 1374 763 proculdubio
1402 690 1695 747 delibatum
1725 701 1828 745 est.

227 784 405 850 Audi,
443 799 648 856 quaeso,
692 800 864 855 grana
896 785 1014 856 ejus
1060 784 1221 839 verba
1247 825 1263 847 ,
1290 798 1356 838 ac
1383 783 1434 838 id
1483 782 1622 837 haud
1670 782 1833 841 dubie

225 879 482 936 fateberis
528 897 547 935 ι
584 878 898 951 ’Δντίοχφςὸ
935 881 1222 945 Κυζικηνὸς,
1253 878 1441 947 inquit.
1483 879 1833 955 ἀπορούμενος

226 973 536 1050 χρημάτων,
565 978 654 1028 τοῦ
695 973 807 1034 Διὸς
845 974 902 1027 τὸ
933 969 1142 1045 ἄγαλμα
1173 972 1235 1025 τὸ
1274 976 1537 1044 χρυσοῦν,
1563 972 1831 1025 πεντεκαί-

223 1063 354 1120 δεκα
370 1065 584 1136 πηχέων
598 1065 656 1119 τὸ
675 1065 881 1138 μέγεθος
908 1058 980 1127 ὂν,
1001 1063 1286 1139 προσέταξε
1310 1069 1596 1136 χωνεῦσαι,
1631 1064 1831 1122 καὶτῆς

226 1154 380 1218 ἅᾺης
414 1165 505 1217 τῆς
548 1159 854 1233 ἀτιμοτέρας
881 1157 1003 1219 ὕλης
1029 1153 1239 1230 ἄγαλμα
1269 1156 1630 1233 παραπλήσιον
1659 1156 1831 1227 ἐκείνῳ

223 1250 464 1313 πετάλοις
532 1252 934 1327 κεχρυσωμένον
1008 1252 1258 1309 ἀναθεῖναι
1330 1249 1494 1305 πάλιν.
1556 1246 1832 1320 (Clemens

219 1342 551 1412 Alazandr”
594 1346 856 1400 Admonit.
886 1345 953 1398 ad
1005 1355 1142 1415 gent.
1195 1360 1315 1414 pag.
1548 1343 1832 1397 Antiochus

224 1437 530 1509 Cyzicenus,
558 1454 677 1493 cum
698 1448 863 1510 egeret
891 1437 1136 1507 pecuniis,
1162 1436 1307 1493 lovis
1328 1452 1537 1492 auream
1583 1445 1830 1502 statuam,

220 1546 341 1603 qut!
366 1542 475 1585 erat
497 1532 865 1603 ntagnitttdinis
885 1532 1170 1597 quindecim
1201 1530 1511 1597 cubitorum,
1534 1527 1683 1599 [undi
1704 1528 1828 1599 jus-

219 1625 315 1689 sit,
344 1633 390 1679 et
409 1641 473 1681 ea:
503 1625 607 1679 alia
632 1626 847 1681 materia
866 1633 1087 1683 statuam
1108 1623 1187 1683 illi
1212 1623 1430 1687 similem
1456 1621 1827 1677 laminisinau-

218 1727 393 1780 ratam
428 1733 633 1771 rursum
663 1717 865 1786 reponi.
1142 1772 1148 1779 ,

294 1811 377 1867 Ex
419 1812 609 1866 eodem
660 1811 937 1882 Scriptore
981 1825 1158 1884 graeco
1204 1808 1476 1871 Arnobius
1517 1809 1571 1864 in
1617 1807 1813 1865 librum

214 1920 378 1960 suum
406 1903 522 1958 haec
545 1904 718 1959 adhuc
746 1905 1013 1963 transtulit
1039 1922 1051 1958 :
1082 1922 1102 1957 ι
1139 1903 1423 1976 Dicuysius
1454 1903 1576 1969 ille,
1607 1903 1704 1959 sed
1727 1903 1815 1975 ju-

216 1996 365 2061 nior,
403 2010 524 2051 cum
554 1998 818 2051 velamine
862 2012 1025 2052 aureo
1069 1997 1324 2068 spoliaret
1366 1995 1575 2062 Jovem,
1618 2006 1672 2050 et
1716 2010 1815 2065 pro

224 2089 323 2144 illo
352 2089 565 2145 laneum
602 2089 877 2159 subderet,
900 2089 1229 2160 jocularibus
1274 2090 1434 2145 etiam
1487 2088 1697 2145 facetiis
1735 2089 1817 2143 lu-

214 2178 377 2249 dens,
420 2196 540 2235 cum
567 2196 687 2237 eSse
714 2182 843 2237 illud
871 2183 922 2238 in
950 2183 1217 2254 rigoribus
1244 2182 1501 2254 algidum,
1526 2181 1628 2236 hoc
1653 2197 1817 2253 vapo-

212 2290 365 2341 rum,
392 2288 678 2330 onerosum
710 2275 837 2330 illud
875 2277 927 2330 in
953 2276 1225 2332 :estatibus
1249 2274 1470 2340 diceret,
1505 2276 1605 2330 hoc
1628 2291 1816 2331 rursus

212 2369 318 2424 sub
369 2367 652 2424 ardoribus
698 2367 879 2424 ﬂabile
930 2388 948 2421 ›
981 2368 1225 2443 (Arnob.,
1257 2369 1356 2424 loc.
1398 2366 1535 2441 at).
1563 2368 1815 2423 Clemens

209 2462 363 2518 enim
396 2462 786 2517 Alexandrinus
821 2462 1034 2519 dixerat
1062 2480 1074 2515 :
1105 2464 1366 2525 Διονύσως
1418 2460 1443 2517 ὁ
1488 2463 1757 2535 τύραννος,
1788 2460 1815 2515 ὁ

209 2561 482 2634 νεώτερος,
503 2558 560 2613 τὸ
584 2558 777 2631 ἱμάτιον
821 2560 880 2617 τὸ
905 2560 1136 2635 χρύσεον
1165 2556 1512 2635 περιελόμενος
1560 2560 1652 2609 τοῦ
1705 2554 1815 2615 Διὸς

213 2653 264 2706 ἐν
311 2653 525 2728 Σικελίᾳ,
542 2653 857 2727 προσέταξεν
887 2655 1026 2727 αὐτῷ
1052 2654 1221 2729 ἐρέουν
1248 2654 1572 2727 περιτιθέναι,
1601 2653 1813 2731 χαριέν-

207 2767 319 2806 τως
340 2749 527 2820 γήσας,
554 2751 706 2801 τοῦτο
731 2740 933 2818 ἄμεινον
964 2738 1091 2801 εἶναι
1114 2750 1203 2801 rei)
1233 2746 1462 2819 χρυσίου
1478 2785 1492 2806 ,
1526 2746 1615 2799 καὶ
1640 2743 1815 2822 Θέρους

210 2837 553 2913 κουφότερον,
608 2839 697 2891 καὶ
761 2838 951 2912 κρύους
1011 2834 1340 2911 ἀλεεινὸτερον
1404 2832 1639 2905 (Clam,
1710 2833 1811 2888 loc.

212 2929 350 3000 ἀι).
404 2929 681 2999 uionysius
709 2938 956 2999 tyrannus
996 2927 1169 2998 iunior
1215 2943 1329 2981 cum
1371 2942 1579 2980 auream
1628 2934 1814 2985 vestem

210 3021 331 3076 lori
348 3020 637 3076 abstulisset
662 3021 716 3074 in
740 3020 923 3077 Sicilia
944 3063 958 3087 ,
975 3022 1133 3090 jussit
1153 3036 1269 3075 eum
1293 3018 1440 3074 indui
1463 3019 1582 3072 lana
1602 3058 1619 3084 ,
1652 3023 1815 3091 facete

1936 417 2221 478 utrumque
2251 409 2493 484 Dionysii
2549 423 2657 468 tam
2686 413 2857 469 audax
2890 414 3118 483 (acinus,
3174 417 3389 489 utrique
3430 418 3533 475 deo

1935 510 2043 556 tam
2085 503 2407 571 probrosum
2431 546 2445 569 ,
2480 504 2626 559 illico
2676 516 2869 562 neuter
2902 507 3228 563 vindicavit?
3269 509 3376 565 Cur
3421 517 3532 569 tam

1936 596 2159 666 patienti
2186 598 2371 651 animo
2394 597 2667 663 toleravit,
2707 610 2762 655 et
2798 601 2935 656 alter
2974 603 3192 671 quidem
3239 603 3529 660 deformati

1938 689 2146 743 vultum
2180 698 2355 756 suum,
2390 690 2530 744 alter
2573 700 2752 746 autem
2779 707 2878 747 suo
2907 703 3224 750 ornamento
3245 695 3379 751 adeo
3418 706 3535 751 tur-

1935 783 2078 851 piter
2110 782 2368 851 spoliari?
2396 781 2509 837 Cur
2531 783 2696 837 ambo
2738 784 2815 838 illi
2843 783 2919 839 dii
2956 786 3147 841 merita
3192 784 3400 844 ultione
3426 804 3535 844 non

1934 874 2379 933 demonstrarunt
2404 893 2465 933 se
2492 879 2545 933 in
2579 879 2881 935 simulacris
2907 881 3039 946 suis,
3068 880 3143 937 uti
3169 882 3399 953 gentiles
3417 883 3533 955 cpia

1934 972 2241 1039 urinantur,
2275 982 2573 1042 prresentes
2609 986 2752 1037 esse,
2809 981 2973 1043 asque
3015 974 3232 1031 illorum
3273 976 3527 1032 custodes

1934 1079 1996 1119 ac
2016 1060 2370 1120 defensores?
2394 1062 2591 1121 Verum
2612 1066 2665 1120 hi
2684 1106 2698 1130 ,
2734 1084 2753 1117 ι
2793 1067 2863 1121 ita
2887 1064 3120 1122 ludibrio
3144 1069 3307 1123 habiti
3330 1078 3474 1136 sunt,
3506 1086 3527 1121 ι

1932 1158 2106 1227 inquit
2135 1160 2492 1224 Ambrosius,
2538 1162 2594 1215 ut
2635 1175 2812 1231 neque
2855 1161 3067 1231 Jupiter
3118 1172 3329 1219 vestem
3375 1179 3530 1220 suam

1932 1249 2229 1306 defendere
2280 1252 2551 1320 potuerit,
2609 1267 2707 1311 nec
2755 1252 2979 1308 barbam
3012 1246 3385 1325 Esculapius,
3431 1272 3535 1312 nec

1933 1343 2132 1414 Apollo
2157 1343 2334 1398 adhuc
2366 1345 2665 1414 pubescere
2689 1347 2917 1415 cmperit
2937 1387 2953 1411 ,
2983 1361 3158 1417 neque
3188 1361 3378 1403 omnes
3400 1389 3415 1413 ,
3441 1350 3532 1421 qui

1935 1438 2189 1495 dicuntur
2208 1434 2284 1494 dii
2307 1441 2587 1496 retrahere
2615 1440 2886 1510 potuerint
2915 1450 3138 1512 patenas
3158 1480 3172 1505 ,
3205 1456 3341 1513 quas
3383 1453 3534 1499 tene-

1934 1535 2096 1600 bant,
2122 1548 2229 1588 non
2257 1542 2363 1588 tam
2397 1535 2522 1590 furti
2566 1540 2772 1591 reatum
2802 1536 3090 1601 timentes,
3122 1548 3281 1607 quam
3313 1551 3531 1593 sensum

1932 1640 2041 1684 non
2094 1629 2376 1685 habentes.
2397 1628 2531 1696 Quis
2556 1626 2718 1700 igitur
2747 1643 2841 1684 θοι
2865 1630 3038 1696 colat,
3073 1630 3165 1700 qui
3203 1644 3303 1685 nec
3346 1629 3533 1687 delen-

1856 1716 1905 1782 B
1930 1723 2063 1779 dere
2086 1734 2177 1789 se,
2212 1722 2365 1793 quasi
2395 1723 2502 1787 dii,
2536 1733 2637 1777 nec
2675 1721 3048 1786 abscondere,
3092 1724 3244 1793 quasi
3280 1721 3529 1778 homines

1923 1816 2189 1886 possunt?
2219 1834 2237 1866 ι
2274 1814 2572 1884 (Amorem,
2594 1810 2686 1869 lib.
2710 1827 2749 1869 tt
2771 1814 2834 1868 de
2878 1811 3157 1886 νῦνρὲηῶ.,
3187 1826 3303 1887 cap.
3332 1814 3387 1884 5,
3416 1813 3445 1886 §
3475 1813 3530 1881 7,

1920 1922 2044 1981 pag.
2073 1907 2224 1978 lii.)

1990 2000 2177 2070 Nautio
2203 2008 2288 2056 est
2312 2012 2442 2056 sane
2468 2000 2610 2071 quod
2637 2000 2885 2056 ethnicus
2908 2001 3095 2057 nescio
3119 2001 3239 2072 quis
3267 2016 3392 2058 cum
3418 2001 3532 2058 Va-

1919 2092 2057 2149 lerio
2078 2092 2313 2147 Maximo
2333 2092 2489 2147 nobis
2511 2091 2763 2161 objiciet,
2790 2092 3002 2148 tametsi
3024 2093 3313 2164 Dionysius
3342 2092 3525 2149 debita

1921 2187 2183 2258 supplicia
2209 2200 2321 2241 non
2370 2186 2692 2251 easnlve‘rit,
2726 2186 2879 2241 illum
2909 2196 3093 2249 tanien
3121 2185 3388 2242 dedecere
3431 2184 3530 2246 ﬁlii

1920 2292 2109 2350 prunas
2137 2288 2258 2347 post
2284 2288 2511 2335 mortem
2560 2277 2814 2340 dedisse,
2857 2293 2993 2348 quas
3042 2280 3196 2337 vivus
3241 2276 3525 2347 eﬁ'ugerat.

1920 2369 2056 2424 Nam
2087 2369 2179 2423 ille
2205 2369 2417 2424 debitas
2446 2385 2554 2424 non
2588 2378 2827 2438 paternze
2877 2370 2972 2424 sed
3019 2384 3130 2423 sua:
3160 2369 3525 2434 crudelitaits,

1924 2462 2000 2516 uti
2029 2477 2094 2523 ex
2124 2461 2390 2525 Athenaeo
2408 2502 2425 2525 ς
2452 2470 2508 2523 et
2546 2461 2762 2525 διιειίυο
2790 2461 3209 2528 histerico,satis
3231 2462 3521 2531 probatur,

1920 2568 2110 2624 pinnas
2138 2556 2355 2625 pertulit
2380 2555 2634 2628 (Atticam,
2681 2555 2771 2611 tib.
2807 2570 2888 2613 xu
2927 2553 3201 2626 Deipnos.,
3234 2572 3353 2626 pag.
3384 2553 3524 2620 ὕλης

1919 2646 2115 2709 Justiti.
2143 2684 2160 2713 .
2188 2647 2329 2707 Hist.
2362 2649 2450 2707 lib.
2477 2664 2590 2715 ut.
2623 2664 2740 2720 cap.
2773 2647 2810 2705 ε
2835 2658 2883 2704 et
2903 2646 2999 2720 5);
3042 2648 3184 2713 unde
3201 2647 3425 2711 Ovidius
3457 2647 3527 2705 do

1920 2738 2021 2795 illo
2048 2742 2165 2803 haec
2192 2740 2425 2802 canebat
2456 2758 2470 2794 :

2013 2851 2104 2902 Ille
2128 2852 2554 2927 gyracosiantnodo
2572 2853 2859 2927 formidatus
2874 2856 2926 2905 in
2945 2854 3096 2927 urbe,

2138 2916 2233 2969 Vix
2260 2916 2433 2969 humili
2452 2918 2624 2969 duram
2645 2916 2864 2983 reppulit
2884 2924 2992 2968 arte
3011 2916 3208 2977 ﬂantem.

2076 2999 2262 3073 (0vid.,
2287 3001 2368 3053 lib.
2393 3017 2461 3067 tv,
2477 3000 2614 3069 epist.
2639 3016 2702 3059 ea:
2727 3006 2873 3054 Pont.
2897 3001 3060 3069 Epist.
3077 3005 3126 3066 5,
3152 3017 3265 3071 pag.
3291 3003 3428 3069 528.)

210 3116 389 3171 dicens
407 3156 422 3179 ,
449 3132 562 3170 eam
581 3131 689 3171 esse
715 3131 869 3169 aurea
892 3114 1173 3180 meliorem,
1203 3122 1254 3166 ut
1276 3127 1390 3181 qua:
1413 3122 1539 3167 esset
1562 3122 1607 3166 et
1633 3120 1811 3169 testate
1839 3113 1889 3174 Ο
1989 3110 2126 3179 Quid
2148 3125 2312 3176 vero.
2342 3110 2486 3181 quod
2512 3110 2701 3168 Cicero
2726 3110 2844 3182 ipse
2861 3151 2877 3175 ,
2906 3113 3006 3171 etsi
3035 3112 3253 3183 gentilis
3274 3152 3290 3178 ,
3318 3110 3513 3167 eodem

212 3207 395 3272 levior,
426 3216 474 3261 et
498 3208 674 3280 hyeme
693 3206 929 3260 calidior.
980 3206 1053 3263 De
1085 3217 1311 3275 utraque
1350 3205 1436 3261 illa
1468 3204 1617 3260 Jovis
1639 3213 1814 3265 statua

209 3304 267 3357 in
286 3300 552 3375 superiori
574 3298 876 3370 Apparatus
896 3299 1063 3355 nostri
1089 3309 1235 3357 temo
1255 3298 1608 3355 disseruimus
1633 3300 1814 3367 (tom.t

207 3395 491 3467 Apparat.,
516 3393 606 3448 lib.
628 3408 717 3459 ιιι,
744 3393 946 3447 dissert.
975 3408 1028 3457 ι,
1057 3408 1171 3461 cap.
1200 3391 1266 3457 8,
1299 3403 1394 3446 art.
1424 3391 1459 3445 ‘2
1489 3403 1534 3447 et
1565 3393 1599 3447 5
1636 3435 1651 3449 .
1686 3408 1809 3464 pag.

211 3490 320 3545 757
349 3499 395 3545 et
418 3490 566 3558 745).
591 3489 663 3543 At
689 3488 741 3544 in
769 3488 1074 3545 simulacris
1102 3488 1215 3543 suis
1235 3530 1251 3552 ,
1283 3486 1455 3558 arguit
1505 3488 1774 3542 Arnobius
1794 3529 1817 3552 ,_

210 3584 257 3638 si
287 3582 362 3638 dii
409 3583 770 3649 habitassent,
821 3598 995 3654 neque
1040 3581 1337 3639 Antiochus
1364 3591 1420 3636 ct
1449 3582 1730 3655 Dionysius
1757 3582 1810 3641 id

208 3680 473 3737 fecissent
520 3681 770 3751 impune;
806 3694 982 3750 neque
1001 3678 1207 3748 Jupiter
1237 3687 1342 3731 tam
1370 3676 1630 3747 patienter
1670 3676 1811 3732 ferre

208 3778 479 3848 potuth
504 3775 638 3830 tales
670 3783 950 3845 tantasque
994 3771 1349 3827 contumelias
1372 3812 1387 3835 ,
1432 3771 1531 3825 sibi
1559 3772 1627 3825 ab
1655 3771 1807 3825 inlirv

209 3870 318 3925 mis
344 3867 655 3925 hominibus
683 3882 789 3922 non
819 3867 937 3922 sine
979 3864 1227 3920 irrisione
1274 3864 1471 3919 illatas.
1515 3863 1637 3935 lpse
1662 3862 1807 3918 extim

211 3962 336 4017 illas
365 3976 474 4016 non
510 3970 853 4031 exspectato,
888 3959 960 4014 uti
990 3959 1043 4012 in
1087 3957 1367 4028 superiore
1404 3956 1631 4011 articulo
1664 3956 1807 4011 dixi-

194 4069 353 4121 mus,
385 4053 545 4109 ullius
569 4053 789 4109 alterius
816 4051 1036 4116 auxilio,
1069 4049 1248 4107 statim
1282 4048 1426 4105 ultus
1454 4047 1661 4103 fuisset.

282 4147 467 4219 Pergit
489 4157 677 4205 auctor
702 4158 887 4205 noster
911 4157 1070 4223 atque
1111 4145 1355 4202 eumdem
1392 4145 1705 4219 Dionysium
1731 4144 1804 4198 si-

206 4241 415 4298 militer
443 4242 619 4299 adhuc
639 4242 877 4312 jocatum
914 4256 1036 4296 esse
1064 4250 1265 4304 narrat,
1288 4254 1409 4294 cum
1437 4228 1802 4309 rEsculapium

207 4332 541 4403 amplissima
565 4334 727 4389 barba
756 4348 919 4391 aurea
945 4333 1202 4402 spoliaret
1228 4350 1241 4386 :
1272 4350 1290 4383 ι
1326 4331 1553 4386 Facinus
1587 4350 1605 4381 ι
1635 4330 1806 4385 enim-

208 4439 344 4483 vero
363 4464 379 4493 ,
418 4443 438 4476 ι
472 4439 594 4480 esse
622 4424 833 4479 dicebat
858 4424 1131 4493 indignum
1150 4465 1165 4487 ,
1196 4438 1263 4478 ex
1291 4422 1535 4495 Apolline
1557 4436 1804 4490 procrea-

1918 3205 2077 3276 plaue
2107 3206 2267 3265 modo
2326 3220 2436 3275 quo
2478 3215 2666 3265 auctor
2696 3214 2920 3272 noster,
2966 3205 3164 3277 aliique
3210 3205 3520 3267 christiana;

1918 3298 2198 3367 religionis
2225 3296 2544 3357 defensores
2564 3336 2581 3363 ,
2616 3312 2681 3357 ex
2710 3297 2950 3369 Dionysii
2974 3299 3141 3369 patris
3167 3295 3309 3363 facto
3356 3312 3518 3368 argu-

1918 3399 2190 3447 mentatur
2226 3407 2241 3444 :
2280 3408 2298 3441 ι
2339 3389 2490 3447 Hunc
2531 3390 2724 3460 igitur,
2761 3408 2781 3441 ι
2814 3390 3014 3458 inquit,
3053 3408 3072 3442 ι
3109 3404 3208 3447 uec
3238 3384 3518 3461 Olympius

1916 3484 2124 3555 Jupiter
2165 3483 2391 3543 fulmine
2443 3484 2728 3554 percussit,
2784 3499 2885 3549 nec
2929 3473 3274 3554 Aisculapius
3318 3485 3517 3541 misero

1916 3580 2278 3649 diuturnoque
2316 3578 2510 3635 morbo
2538 3579 2961 3639 intabescentem
2992 3578 3300 3645 iuteremit',
3353 3585 3516 3650 atque

1915 3673 1971 3727 in
2011 3685 2110 3729 suo
2138 3672 2336 3733 lectulo
2365 3680 2608 3729 mortuus
2627 3710 2642 3736 ,
2668 3672 2721 3726 in
2742 3667 3090 3742 Tympanidis
3121 3685 3309 3742 rogum
3333 3669 3513 3729 illatus

1914 3776 1999 3829 est
2014 3809 2030 3832 ,
2053 3781 2350 3835 eorumque
2371 3773 2688 3834 potestatem
2709 3800 2726 3830 ,
2753 3780 2914 3836 quam
2938 3765 3054 3835 ipse
3077 3780 3173 3837 per
3201 3765 3379 3822 scelus
3398 3774 3515 3822 erat

1914 3867 2134 3924 nactus,
2164 3859 2317 3928 quasi
2343 3858 2543 3927 justam
2575 3866 2630 3912 et
2676 3856 2974 3927 legitimam
3014 3856 3347 3923 bazreditatis
3391 3857 3512 3914 loco

1914 3952 2027 4009 ﬁlio
2058 3950 2276 4009 tradidit
2308 3968 2329 4002 ι
2362 3947 2580 4022 (Cicera,
2606 3949 2708 4003 loc.
2736 3950 2872 4017 cit.).

1980 4041 2093 4101 Nec
2117 4040 2388 4099 ethnicum
2424 4039 2752 4113 respondere
2767 4041 2919 4112 juvat
2943 4036 3094 4109 illas,
3127 4056 3248 4113 qua:
3274 4057 3507 4099 nomint-

1911 4133 2012 4188 bus
2031 4133 2310 4197 videntur,
2338 4131 2697 4189 contumelias
2721 4173 2738 4200 ,
2785 4147 2956 4203 eaque
2984 4132 3307 4202 Opprobria,
3336 4147 3365 4185 a
3407 4130 3508 4188 diis

1910 4230 1983 4285 ita
2014 4229 2174 4298 plane
2213 4226 2435 4298 negligi,
2464 4234 2519 4281 et
2541 4224 2725 4283 haberi
2752 4240 2852 4297 pro
2878 4226 3071 4294 nihilo,
3101 4237 3158 4282 ut
3185 4226 3507 4299 supplicium

1909 4320 1978 4379 de
2023 4320 2129 4379 illis
2178 4334 2391 4379 saniore
2436 4334 2544 4375 non
2598 4319 2928 4375 curaverint.
2959 4317 3075 4389 Qua
3104 4319 3248 4375 enim
3295 4320 3506 4385 fronte,

1910 4422 2063 4484 urget
2089 4412 2361 4469 Arnobius
2383 4453 2400 4481 ,
2433 4426 2606 4485 quave
2630 4410 2795 4467 animi
2823 4409 3242 4482 tranquillitate,
3285 4428 3384 4471 seu
3416 4428 3508 4485 po-

211 4527 326 4573 tum
351 4516 457 4572 levi
476 4516 683 4591 glabro,
706 4492 1089 4584 simillgmoquo
1111 4492 1396 4582 impubcri,
1432 4515 1500 4568 ita
1525 4513 1800 4570 barbatum
1829 4492 1887 4563 D
1915 4507 2018 4562 tius
2038 4506 2349 4577 stupiditate
2380 4504 2452 4560 dii
2484 4505 2716 4567 tolerare
2742 4514 3033 4579 potuerunt
3063 4521 3170 4564 non
3198 4508 3372 4583 solum
3414 4509 3504 4567 illa

209 4609 385 4664 ﬁlium
435 4608 595 4679 ﬁngi;
626 4611 755 4662 utin
783 4608 1001 4677 ancipiti
1047 4608 1403 4675 relinquatur,
1454 4617 1573 4661 uter
1618 4623 1803 4662 eorum

208 4712 368 4773 pater
393 4701 483 4765 sit,
517 4712 636 4756 uter
682 4701 843 4767 filius,
873 4702 1039 4755 immo
1063 4716 1129 4755 an
1155 4702 1262 4759 sint
1290 4700 1502 4770 generis
1530 4710 1584 4754 et
1612 4712 1806 4769 cogna-

208 4796 377 4853 tionis
404 4796 564 4861 unius
594 4812 613 4847 ι
653 4795 892 4867 (Ατηοὺη
931 4793 1018 4853 lib.
1050 4809 1121 4858 Vl,
1174 4810 1293 4865 pag.
1342 4790 1495 4862 206).
1541 4791 1807 4862 Numquid

210 4907 243 4943 ει
273 4903 403 4945 vero
442 4890 486 4944 is
517 4890 739 4945 multum
766 4887 1116 4952 aberraverit,
1148 4888 1240 4956 qui
1268 4884 1406 4942 istud
1433 4902 1497 4941 ex
1529 4887 1611 4941 his
1654 4884 1805 4941 Cice-

208 4981 362 5036 ronis
391 4980 570 5047 verbis
588 4980 899 5049 decerptum
945 4994 1065 5036 esse
1112 4979 1419 5053 opinabitur
1449 4997 1461 5031 :
1495 4997 1513 5030 ‹
1552 4974 1804 5047 Idemque

212 5074 537 5146 Dionysius,
576 5093 594 5125 ι
632 5074 905 5144 inquiebat
946 5058 1167 5127 Latinus
1208 5068 1419 5139 Orator,
1453 5092 1470 5121 ‹
1510 5066 1801 5140 jEsculapii

208 5169 490 5240 Epidaurii
522 5170 737 5225 barbam
784 5184 1001 5227 auream
1032 5167 1175 5225 demi
1222 5167 1399 5240 jussit.
1429 5162 1612 5240 Neque
1655 5167 1798 5224 enim

214 5266 517 5321 convenire
549 5264 825 5321 barbatum
870 5279 990 5318 esse
1043 5262 1240 5328 lilium,
1274 5279 1394 5316 cum
1446 5262 1497 5316 in
1554 5260 1802 5316 otnnibus

213 5357 356 5413 fanis
382 5366 536 5427 pater
562 5355 819 5410 imberbis
843 5366 983 5410 esset
1024 5373 1041 5405 ι
1072 5354 1281 5428 (Cicera,
1312 5354 1398 5409 lib.
1431 5371 1484 5409 Ill
1514 5356 1575 5409 de
1606 5348 1797 5408 Natur.

215 5449 386 5517 deon,
410 5465 529 5519 pag.
560 5445 711 5520 252).
748 5438 945 5503 Eadem
974 5444 1040 5502 de
1079 5458 1303 5519 utroque
1357 5446 1592 5520 Dionysii
1639 5446 1802 5516 impio

215 5543 457 5599 facinore
497 5538 744 5599 Valerius
800 5541 1092 5608 Maximus,
1142 5542 1476 5607 Lactantius,
1526 5540 1804 5607 Allienus,

215 5647 384 5707 atque
405 5634 512 5690 allii
534 5635 829 5697 retulerunt
863 5631 1010 5704 (Val.
1039 5632 1217 5695 Max"
1248 5635 1337 5689 lib.
1371 5649 1423 5698 ι,
1467 5649 1586 5706 cap.
1610 5633 1714 5707 2,§
1750 5633 1804 5701 5,

214 5746 340 5802 pag.
373 5726 478 5796 20;
502 5726 761 5795 Laetorio,
794 5728 883 5783 lib.
916 5742 984 5797 tt,
1009 5743 1127 5798 cap,
1153 5725 1209 5795 4,
1232 5742 1353 5799 pag.
1388 5724 1525 5795 157;
1574 5724 1806 5797 ditium,

1915 4599 2077 4668 impia
2106 4598 2506 4670 Dionysiorum,
2537 4598 2870 4655 et'Autiocbi
2897 4599 3071 4665 facta;
3103 4600 3198 4656 sed
3218 4602 3318 4657 alia
3342 4603 3504 4663 etiam

1913 4691 2216 4753 execranda
2235 4731 2250 4758 ,
2286 4706 2388 4748 nec
2406 4694 2527 4751 sine
2543 4689 2769 4749 horrore
2788 4692 3116 4753 nominanda
3142 4693 3362 4766 ﬂagitia,
3385 4711 3506 4767 qua:

1914 4802 1943 4840 a
1971 4785 2427 4855 Philostephano,
2482 4798 2537 4843 et
2587 4788 2877 4860 Posidippo
2929 4792 3205 4846 memoria:
3252 4791 3504 4851 mandata

1912 4882 2074 4939 sunt?
2104 4880 2317 4937 Primus
2338 4881 2515 4946 enim,
2550 4901 2569 4941 ι
2601 4882 2652 4937 in
2683 4879 2988 4955 Cypriacis,
3022 4902 3041 4935 ι
3068 4886 3145 4938 ait
3170 4894 3356 4940 auctor
3379 4898 3506 4942 nos-

1912 4984 1994 5031 ter
2011 5014 2028 5041 ,
2061 4994 2081 5026 ι
2121 4985 2309 5033 auctor
2333 4983 2417 5031 est
2437 4975 2858 5049 Pygmalionem,
2881 4989 3060 5049 regem
3073 4978 3256 5051 Cypri,
3284 4980 3505 5038 simulaa

1908 5084 2065 5135 crum
2090 5070 2335 5135 Veneris,
2365 5070 2510 5139 quod
2538 5073 2838 5133 sanctitatis
2867 5072 3010 5143 apud
3040 5074 3289 5145 Cyprios,
3332 5085 3390 5135 et
3413 5092 3500 5135 re-

1909 5162 2119 5234 ligionis
2136 5163 2432 5221 habebatur
2444 5164 2696 5236 antiquae,
2712 5165 2994 5225 adornasse
3011 5165 3404 5226 utfcminam...
3420 5184 3504 5227 so-

1907 5253 2060 5315 litum
2079 5256 2359 5313 sublevato
2380 5256 2431 5313 in
2458 5256 2715 5315 lectulum
2732 5258 2953 5315 numine
2972 5260 3276 5329 copularier
3290 5262 3498 5332 amplc-

1911 5350 2177 5409 x_ibus.....
2211 5349 2487 5406 Consimili
2514 5350 2725 5405 ratione
2758 5350 3084 5423 Posidippus
3131 5354 3184 5409 in
3233 5368 3303 5411 eo
3321 5356 3495 5424 libro,

1907 5458 2066 5515 quem
2098 5444 2353 5515 scriptum
2378 5459 2542 5513 super
2565 5442 2737 5498 Cuido
2769 5442 3001 5512 indicat,
3035 5461 3306 5519 superque
3335 5449 3500 5507 rebus

1908 5536 2058 5606 ejus,
2105 5536 2498 5592 adolescentem
2535 5535 2674 5589 haud
2722 5536 3008 5607 ignobilem
3055 5551 3352 5609 memorat;
3404 5546 3499 5601 sed

1910 5628 2226 5685 vocabulum
2247 5628 2365 5699 ejus
2392 5626 2662 5693 obscurat,
2696 5639 3003 5701 correptum
3028 5633 3305 5689 amoribus
3328 5634 3500 5691 Vene-

1912 5723 1987 5780 ris
2009 5764 2026 5791 ,
2068 5730 2288 5793 propter
2317 5734 2474 5790 quam
2515 5716 2714 5778 Cnidus
2737 5719 2792 5778 in
2822 5723 3040 5780 nomine
3071 5730 3158 5777 est
3180 5767 3197 5794 ,
3220 5726 3505 5782 amatorias
