3986 6058
447 188 542 244 651

445 403 622 473 signo,
665 399 961 472 genialibus
991 398 1165 454 fusum
1194 398 1344 463 toris,
1376 407 1430 453 et
1468 397 1804 469 voluptatum
1840 414 2036 456 conse-

446 495 720 564 quentium
750 491 976 547 finibus»
1003 490 1244 564 (Arnob,
1273 491 1362 545 lib.
1385 507 1480 559 vn,
1509 509 1629 563 pag.
1660 491 1762 548 t06
1781 502 1826 547 et
1845 493 2028 566 seqq.)

443 590 512 642 At
542 587 656 642 lia-c
685 603 897 642 rursum
944 587 1030 641 ille
1056 601 1120 642 ex
1147 585 1423 642 Clemente
1445 587 1808 642 Alexandrino
1830 599 2040 642 mutua-

443 689 528 734 tus
551 691 652 735 est.
699 679 942 734 Totidem
988 681 1187 750 quippe
1239 678 1356 734 Inec
1405 678 1546 733 illius
1575 687 1701 734 sunt
1746 681 1904 735 Verba
1931 699 1950 736 :
1979 680 2036 737 ’0

443 777 661 851 Κύπριος
691 773 718 830 ὅ
745 775 1038 848 Πυγμαλὶων
1067 775 1250 834 ἐκεῖνος
1288 774 1600 846 ἐλεφαντίνου
1635 775 1829 850 ἠράσθη
1884 775 2037 849 ἀγάλο

440 887 623 940 ματος.
653 868 710 921 τὸ
739 863 944 940 ἄγαλμα
967 862 1258 940 Ἀφροδίτης
1283 862 1362 926 ἧν,
1385 867 1472 919 καὶ
1490 871 1654 937 γυμνὴ
1679 862 1756 924 ἦν’
1782 871 1986 922 νικᾶται
2010 865 2037 920 ὁ

441 962 661 1035 Κύπριος
686 966 758 1032 τῷ
789 963 1052 1030 σχήματι.
1090 960 1176 1010 καὶ
1205 958 1521 1032 συνέρχεται
1547 964 1621 1031 τῷ
1649 958 1916 1032 ἀγάλματι.
1953 962 2039 1013 καὶ

441 1059 594 1108 τοῦτο
618 1053 976 1126 Φιλοστέφανος
1003 1052 1213 1127 ἱστορεῖ.
1247 1049 1509 1124 ’Λφροδίτη
1539 1049 1593 1106 δὲ
1619 1049 1738 1110 ἄλλη
1759 1054 1811 1106 ἐν
1838 1049 1996 1125 Κνίδῳ
2017 1094 2033 1119 ,

440 1148 572 1207 λίθος
591 1144 670 1209 ἧν,
699 1149 784 1201 καὶ
807 1147 931 1204 καλὴ
953 1142 1029 1204 ἧν.
1060 1147 1232 1221 ἔτερος
1258 1147 1453 1221 ἠράσθη
1481 1147 1697 1207 ταύτης,
1729 1150 1817 1199 καὶ
1855 1148 2035 1220 μίγνυ·

441 1263 526 1296 ται
551 1249 622 1314 τῷ
645 1242 779 1314 λίθῳ.
813 1238 1124 1300 Ποσίδιππος
1166 1241 1380 1315 ἱστορεῖ·
1415 1240 1442 1295 ὁ
1490 1243 1580 1312 μὲν
1605 1240 1856 1317 πρότερος
1885 1243 1934 1295 ἐν
1962 1250 2037 1315 τῷ

441 1339 561 1411 περὶ
599 1333 876 1410 Κύπρου,ὁ
907 1332 961 1389 δὲ
995 1333 1170 1410 ἔτερος
1195 1333 1243 1386 ἕν
1287 1340 1362 1407 τῷ
1401 1337 1521 1411 περὶ
1560 1333 1736 1389 Κνίδου
1764 1332 2037 1406 (Clemens

440 1427 1014 1487 Alexamlr.,Admouit
1058 1425 1128 1478 ad
1173 1435 1334 1496 gent.,
1386 1444 1502 1497 pag.
1539 1427 1656 1495 38).
1726 1425 2035 1498 Pygmalion

442 1521 531 1577 ille
554 1519 774 1593 Cyprias
799 1519 1070 1575 eburneam
1095 1519 1283 1573 amavit
1311 1528 1532 1572 statuant
1551 1536 1572 1585 ;
1593 1529 1701 1572 erat
1731 1535 1791 1572 ea
1819 1519 2033 1572 simula-

442 1617 584 1669 cruul
626 1613 849 1677 Veneris,
877 1627 923 1668 et
948 1623 1053 1668 erat
1080 1613 1296 1668 nudum.
1329 1611 1564 1669 Moretur
1594 1613 1760 1683 ﬁgura
1789 1612 2029 1680 Cyprius,

443 1720 490 1765 et
519 1710 619 1764 coit
661 1725 777 1762 cum
823 1710 1077 1780 imagine,-
1105 1718 1153 1762 et
1202 1707 1297 1760 hoc
1343 1719 1520 1762 narrat
1568 1705 2026 1776 Philostephanus.
2061 1699 2109 1760 B

452 1801 621 1858 Venus
648 1813 814 1856 autent
835 1803 938 1856 alia
963 1802 1016 1855 in
1046 1800 1209 1856 Cnido
1237 1810 1346 1854 erat
1367 1800 1531 1866 lapis,
1572 1810 1618 1854 et
1639 1809 1748 1853 erat
1778 1799 1992 1868 pulchra
2010 1841 2026 1866 ,

443 1897 577 1951 alias
601 1912 708 1950 eam
735 1896 943 1961 amavit,
975 1905 1022 1948 et
1049 1910 1165 1948 cum
1191 1894 1362 1964 lapide
1400 1892 1606 1948 Veneris
1646 1893 1792 1947 habet
1817 1909 2029 1948 consue-

446 1993 690 2055 tuainem,
717 2000 772 2044 ut
817 1992 972 2062 refert
1007 1988 1362 2060 Pasidippus;
1394 1992 1535 2060 prior
1559 1989 1761 2060 quidem
1782 1989 1836 2044 in
1865 1988 2031 2061 Opere

445 2087 508 2140 de
527 2085 718 2158 Cypro,
739 2084 870 2138 alter
887 2086 1078 2139 nereia
1107 2082 1272 2154 Opere
1333 2083 1396 2138 de
1434 2082 1619 2138 Cnido.
1655 2083 1863 2139 Videsis
1910 2099 2030 2154 qua;

443 2181 512 2239 de
539 2183 604 2238 iis
633 2183 685 2236 in
713 2181 888 2252 primo
915 2181 1216 2250 Apparatus
1242 2179 1412 2233 nostri
1448 2187 1594 2234 tomo
1631 2178 2027 2234 adnotavimus.

445 2281 593 2352 (tam.
622 2279 912 2353 tApparat.
936 2277 1023 2334 lib.
1059 2291 1138 2342 ut,
1169 2275 1394 2337 dissert”
1427 2291 1466 2341 ι,
1489 2291 1604 2347 cap.
1633 2276 1689 2343 8,
1717 2277 1878 2344 armi,
1907 2293 2028 2347 pag.

443 2373 550 2431 745
568 2374 610 2446 ).

515 2467 745 2525 Ubinam
774 2469 934 2542 igitur
958 2469 1219 2539 gentium,
1251 2469 1327 2524 ait
1349 2469 1638 2536 Arnobius,
1669 2477 1786 2524 erat
1805 2479 2032 2540 utraque

444 2563 540 2620 illa
567 2563 766 2632 Venus,
785 2578 907 2634 quae
933 2562 1191 2620 cﬁ‘renem
1217 2573 1272 2620 et
1298 2563 1611 2619 indomitam
1643 2563 1834 2618 borum
1876 2563 2034 2633 juve-

445 2674 572 2714 num
593 2657 939 2728 petulantiam
961 2659 1276 2726 prOpulsare
1293 2671 1356 2712 ac
1380 2670 1634 2712 coercere
1656 2671 1762 2710 non
1784 2655 2032 2710 curavit?

445 2749 710 2821 Numquid
743 2749 1359 2820 respondebuntethnici
1390 2748 1512 2804 huic
1531 2747 1650 2805 dere
1696 2748 2030 2818 voluptatum

443 2856 500 2902 et
545 2845 782 2902 libidinis
837 2844 1138 2914 magistrze,
1167 2843 1503 2914 gratissimas
1551 2840 1723 2898 fuisse
1767 2839 2032 2910 ejusmodi

445 2939 834 2997 contumelias?
861 2938 965 2994 Sed
1013 2939 1127 2994 lure
1166 2937 1304 3004 dese,
1332 2939 1407 2992 uti
1437 2935 1737 2991 fatebantur
1762 2934 1988 3006 gentiles
2014 2975 2029 2997 ,

445 3032 899 3088 libidinesissimre
947 3032 1267 3098 simulacra,
1295 3037 1352 3084 et
1392 3028 1794 3084 sceleratissimi
1840 3042 2029 3083 eorum

446 3137 712 3185 amatores
739 3124 1021 3180 ultricibus
1045 3123 1275 3179 flammis
1297 3122 1432 3177 tradi
1455 3123 1637 3191 utique
1661 3120 1946 3176 debebant.

516 3219 779 3277 Caeterum
820 3219 1030 3275 tametsi
1073 3218 1190 3274 deze
1233 3216 1422 3272 molles
1459 3226 1514 3271 et
1544 3214 1892 3284 voluptuarite
1918 3215 2033 3269 haec

446 3313 675 3370 libenter
700 3312 1092 3384 permisissent,
1139 3308 1394 3380 numquid
1416 3306 1605 3363 eadem
1636 3307 1863 3360 aliomm
1903 3306 2033 3360 deo-

447 3400 564 3464 rum
594 3407 691 3463 fuit
720 3405 971 3484 mollities
1013 3414 1069 3460 et
1106 3403 1349 3459 socordia
1369 3404 1394 3456 ἶ)
1421 3403 1475 3457 Si
1504 3416 1632 3471 ergo
1673 3399 1844 3470 major
1870 3398 1924 3453 in
1954 3399 2034 3453 eis

445 3503 547 3561 fuit
591 3501 754 3557 animi
789 3500 1014 3570 aequitas
1053 3507 1108 3554 et
1137 3495 1425 3560 fortitudo‘,
1470 3494 1717 3556 ubinam,
1741 3495 1815 3547 ait
1863 3495 2035 3547 Arno-

445 3596 567 3652 bius
593 3594 716 3663 (lib.
749 3609 836 3658 v1,
876 3609 994 3663 pag.
1025 3589 1191 3660 207),
1243 3597 1358 3645 erat
1405 3586 1615 3654 Jupiter
1657 3585 2031 3652 Fulminator,

448 3703 569 3742 cum
599 3684 942 3755 Capitolium,
975 3694 1029 3737 et
1059 3683 1205 3737 ilium
1236 3682 1522 3750 ipsumutet
1550 3677 1906 3748 Capitolinum
1943 3676 2036 3732 Jo-

447 3794 567 3835 vem
597 3793 715 3834 cum
739 3791 905 3832 uxore
931 3785 987 3831 et
1018 3775 1127 3830 lilia
1153 3773 1289 3829 edax
1319 3773 1456 3844 ignis
1482 3772 1641 3828 tones
1679 3771 1936 3841 corripuit
1981 3778 2036 3825 et

447 3871 785 3942 absumpsit?
815 3869 1077 3926 Ubi'luno
1106 3867 1320 3938 Argiva,
1352 3864 1566 3936 quando
1593 3864 1734 3919 illius
1775 3863 2032 3932 templum

448 3979 568 4020 cum
596 3965 875 4019 sacerdote
899 3961 1192 4035 Chryside;
1238 3961 1326 4014 ubi
1351 3960 1568 4030 Serapis
1595 3958 1878 4030 IEeyptius
1910 3972 2034 4012 cum

448 4058 622 4125 Iside;
649 4058 735 4112 tibi
759 4057 916 4113 Liber
937 4055 1277 4112 Eleutherius
1299 4069 1420 4109 cum
1447 4052 1701 4119 Athenis;
1732 4052 1817 4106 ubi
1849 4050 2032 4117 Diana,

449 4166 568 4208 eum
603 4150 832 4219 Ephesi;
863 4149 952 4204 ubi
985 4149 1289 4204 Dodonaeus
1333 4146 1572 4217 Jupiter,
1599 4159 1721 4200 cum
1763 4143 2028 4212 Dod0na3;

449 4244 540 4300 ubi
571 4244 802 4314 denique
850 4243 1040 4314 Apollo
1066 4243 1281 4297 divinus
1314 4257 1436 4296 cum
1477 4256 1662 4297 eorum
1713 4239 1942 4308 templa,
1982 4249 2037 4295 et

450 4336 734 4391 simulacra
763 4344 854 4390 aut
900 4336 1126 4406 spoliata
1167 4350 1197 4388 a
1245 4333 1604 4404 pra’donilttts,
1651 4341 1744 4387 aut
1787 4333 2038 4389 incendio

451 4439 764 4501 consumpta
795 4429 955 4483 sunt?
982 4439 1036 4482 at
1093 4427 1206 4482 htec
1254 4427 1430 4484 adhuc
1471 4442 1537 4482 ex
1572 4426 1682 4497 jam
1728 4427 1890 4481 citato
1914 4427 2036 4482 Cle-

452 4526 648 4580 mentis
675 4523 1019 4580 Alemindrini
1051 4522 1187 4578 libro
1207 4523 1436 4578 delibata
1461 4522 1653 4585 fuisse,
1672 4538 1736 4578 ex
1760 4523 1826 4578 iis
1855 4522 2034 4594 colligi

450 4627 648 4690 pctest,
672 4633 790 4689 quae
815 4617 864 4670 in
889 4617 1166 4686 superiore
1187 4614 1361 4671 adhuc
1379 4617 1680 4688 Apparatus
1703 4614 1872 4672 nostri
1891 4629 2037 4672 lOlllO

449 4711 680 4768 diximus
703 4710 847 4783 (tam.
877 4725 890 4762 ι
920 4709 1196 4780 Apparat.,
1217 4708 1364 4773 ibid.,
1398 4725 1512 4780 pag.
1537 4707 1641 4762 729
1669 4717 1714 4762 et
1733 4716 1916 4780 seqq)
1942 4707 2036 4762 Ni-

453 4805 526 4860 bil
554 4805 730 4877 itaque
753 4805 835 4859 lus
865 4803 1198 4873 adjiciemus,
1226 4805 1328 4859 nisi
1360 4805 1552 4874 triplex
1599 4804 1783 4868 fuisse,
1804 4802 2036 4874 Capitoli

451 4898 753 4955 incendium
788 4919 802 4954 :
832 4914 993 4952 unum
1029 4898 1171 4952 bello
1217 4899 1358 4954 civili
1388 4899 1636 4970 Scipione
1684 4909 1738 4954 et
1785 4899 2036 4954 Norbano

449 4990 605 5047 Coss.
628 4992 852 5048 alterum
885 4991 1166 5047 Vitelliano
1190 4990 1351 5053 bello.
1385 4992 1480 5047 sed
1504 4991 1822 5060 Capitolium
1846 5007 1875 5045 a
1906 4990 2036 5046 Ves-

452 5086 674 5156 pasiano
717 5099 898 5156 postea
946 5086 1320 5140 instauratum.
1350 5084 1588 5140 Tertium
1626 5094 1750 5140 ante
1776 5083 1880 5138 Titi
1905 5083 2038 5138 Ves-

451 5179 656 5252 pasiani
687 5177 830 5234 illius
859 5178 949 5232 lilii
973 5187 1223 5242 mortem,
1260 5193 1322 5232 ac
1346 5193 1530 5234 rursus
1555 5194 1583 5232 a
1615 5177 1917 5233 Domitiano
1945 5192 2034 5233 re-

452 5273 768 5328 aedilicatum
797 5280 899 5327 est.
941 5271 1156 5342 Legesis
1193 5271 1527 5337 Marlianum,
1563 5271 1926 5327 Pancirolutn.
1983 5280 2038 5327 et

457 5367 715 5420 Donatum
763 5364 831 5418 de
861 5365 988 5419 urbe
1019 5366 1217 5433 Roma,
1265 5379 1424 5437 atque
1470 5368 1660 5422 citatos
1689 5367 1758 5422 ab
1801 5366 1879 5423 eis
1908 5382 2038 5423 auc-

453 5474 600 5517 tores
648 5459 772 5535 (tom
801 5475 859 5516 ttt
902 5460 1149 5532 Autiquit.
1172 5479 1398 5533 romam,
1421 5481 1540 5537 pag.
1559 5463 1650 5533 77,
1679 5464 1783 5520 5H
1814 5471 1861 5518 et
1885 5462 2036 5535 577).

1683 174 2140 249 DISSBRTATIO-
2169 177 2447 236 pit/mm

445 320 499 364 et
525 309 698 379 ipsum
743 307 1018 364 miscuisse
1058 305 1306 362 lascivias
1343 317 1464 360 cum
1513 304 1756 376 ejusdem
1793 307 2027 364 numinis
2054 312 2108 370 Α

3621 180 3728 236 65'!

2725 317 3018 363 ARTIC-ULUB
3053 317 3128 361 γι.

2139 413 2425 482 Ostenditur
2445 429 2590 482 quam
2607 417 2791 468 inﬁma
2811 420 2877 469 sit
2903 416 3209 468 ethnicorum
3225 418 3508 482 rresnonsjo,
3532 416 3733 467 simula-

2199 492 2281 529 cra
2304 479 2508 544 deorum
2531 481 2642 544 ideo
2661 482 2951 544 retinenda;
2971 490 3026 532 ut
3060 481 3340 544 imperitum
3363 479 3544 544 vulgus
3557 493 3733 544 eorum

2202 544 2378 607 timore
2420 543 2490 607 in!
2508 542 2664 592 oiiicio
2689 552 2742 607 et
2777 543 3018 607 religione
3043 542 3402 606 contineretur;
3426 542 3484 594 ac
3520 543 3638 606 quid
3661 557 3731 594 ex

2203 605 2441 655 hactenus
2463 605 2608 656 dictis
2628 605 2980 669 colligendum.

2210 711 2482 766 Postrema
2515 711 2850 768 ethnicorum
2881 713 2946 767 ad
2977 728 3039 768 ea
3058 753 3073 773 ,
3102 727 3224 784 quae
3253 712 3512 769 hactenus
3540 722 3731 770 contra

2139 805 2394 862 simulaca
2431 806 2654 862 deorum
2681 806 3069 878 disputavimus
3095 806 3344 881 (Arnob.,
3367 807 3454 862 lib.
3480 823 3562 872 ix,
3606 825 3731 879 pag.

2141 896 2262 969 108)
2285 943 2299 965 ,
2332 901 2612 970 responsio
2641 909 2777 966 erat,
2803 915 2863 956 se
2905 900 3078 970 pilam
3127 900 3325 956 docere
3369 899 3500 955 deos
3531 905 3582 956 in
3623 899 3736 954 illis

2139 991 2407 1054 residere,
2441 989 2692 1062 ipsosque
2739 1007 2862 1048 esse
2898 992 3050 1059 deos,
3099 1008 3201 1048 neu
3233 993 3450 1065 quidem
3476 995 3616 1065 quod
3657 993 3736 1049 ita

2139 1101 2251 1139 rem
2274 1101 2333 1140 se
2357 1085 2555 1141 habere
2579 1086 2878 1153 crederent,
2899 1086 2992 1142 sed
3021 1094 3076 1141 ut
3101 1086 3229 1142 falsa
3249 1087 3348 1142 bac
3364 1087 3733 1156 perSuasione,

2138 1193 2202 1232 ac
2233 1181 2579 1250 praesentium
2609 1180 2832 1234 deorum
2861 1189 3068 1235 terrore
3098 1180 3344 1249 imperita
3376 1179 3516 1248 vulgi
3552 1179 3738 1234 multi-

2139 1271 2287 1337 tudo,
2311 1287 2430 1344 qua:
2471 1274 2708 1328 maxima
2738 1273 2977 1328 ninnium
3020 1273 3293 1327 civitatum
3327 1288 3450 1344 pars
3475 1284 3629 1339 erat,
3676 1274 3736 1329 in

2136 1363 2315 1420 officio
2341 1374 2393 1420 et
2417 1364 2673 1435 religiotie
2694 1364 3084 1420 c0ntineretur.
3111 1365 3175 1421 Et
3200 1374 3350 1421 certe
3376 1363 3567 1421 Cicero
3586 1381 3740 1421 eam-

2136 1457 2256 1513 dem
2284 1458 2354 1513 ob
2384 1460 2645 1514 rationem
2668 1458 2920 1514 censebat
2952 1459 3003 1513 in
3032 1459 3254 1514 urbibus
3281 1458 3478 1530 templa
3498 1501 3514 1521 ,
3554 1469 3610 1514 et
3647 1459 3735 1513 lu-

2134 1568 2231 1608 cos
2251 1551 2305 1608 in
2349 1554 2492 1624 agris
2513 1596 2528 1618 ,
2561 1563 2748 1609 contra
2778 1554 3063 1610 PerSarum
3101 1553 3423 1609 sententiam
3445 1595 3458 1619 ,
3488 1568 3610 1610 esse
3635 1551 3734 1610 de-

2137 1646 2266 1702 bere
2284 1644 2502 1720 (Cicer.,
2534 1647 2622 1702 lib.
2666 1663 2704 1702 tt
2751 1648 2814 1703 de
2843 1646 3045 1719 Legib.,
3077 1664 3198 1720 pag.
3225 1645 3378 1720 335).
3410 1647 3484 1701 Ea
3535 1648 3733 1718 quippe

2133 1739 2348 1809 opinio,
2377 1755 2479 1809 qua
2507 1748 2729 1794 cunctas
2770 1739 2964 1803 urbes,
3017 1750 3072 1793 et
3117 1739 3350 1808 templa,
3380 1745 3541 1807 atque
3592 1737 3731 1794 adeo

2133 1833 2417 1886 simulacra
2444 1832 2514 1900 dii
2550 1833 2788 1887 incolere
2833 1830 3164 1898 creduntur,
3199 1831 3512 1902 religionem
3561 1829 3738 1886 aufert

2133 1923 2440 1979 civitatibus
2466 1925 2716 1979 omnibus
2738 1924 2924 1980 utilem
2949 1966 2965 1992 ,
2995 1939 3057 1980 ac
3078 1923 3325 1981 homines
3342 1923 3583 1995 singulos
3612 1922 3736 1978 red-

2133 2019 2210 2073 dit
2238 2020 2500 2076 castiores
2526 2031 2579 2076 et
2607 2020 2982 2093 religiOsioreS°

2204 2115 2453 2186 Atquem
2476 2160 2491 2185 ,
2534 2116 2828 2185 reSpondet
2858 2115 3129 2172 Arnobius
3171 2115 3428 2188 (Arnob.,
3484 2115 3582 2170 loc.
3616 2115 3734 2186 cit.)

2135 2219 2396 2267 terrorem
2419 2211 2596 2276 malis,
2629 2209 2910 2282 improbis,
2939 2219 2993 2266 et
3030 2210 3330 2277 sceleratis,
3377 2208 3573 2281 quibus
3614 2209 3734 2280 ple-

2136 2321 2236 2360 nus
2261 2319 2476 2373 semper
2503 2303 2602 2359 fuit
2629 2303 2859 2359 mundus
2879 2345 2895 2370 ,
2926 2305 3168 2359 incutere
3200 2311 3426 2374 possunt
3474 2300 3734 2357 falsorum

2135 2397 2360 2453 deorum
2391 2396 2716 2451 simulacra?
2742 2394 2934 2452 Nonne
2961 2394 3044 2461 hi,
3074 2394 3232 2450 sicuti
3265 2387 3449 2449 caeteri
3501 2407 3692 2448 omnes
3717 2435 3735 2461 ,

2134 2491 2377 2562 apprime
2424 2497 2686 2546 noverant
2718 2489 2805 2544 illa
2859 2489 3078 2559 impune
3105 2502 3136 2542 a
3167 2486 3410 2558 tyrannis
3431 2528 3446 2552 ,
3492 2484 3735 2550 furibus,

2135 2582 2501 2656 praedonibus,
2533 2591 2588 2638 et
2622 2583 2764 2651 aliis,
2796 2591 2854 2636 ut
2881 2595 3044 2651 supra
3076 2579 3278 2635 dictum
3308 2590 3420 2644 est,
3455 2575 3696 2648 appetita
3716 2618 3734 2642 ,

2135 2676 2366 2746 spoliata
2385 2719 2398 2742 ,
2451 2675 2662 2744 direpta
2683 2718 2698 2744 ,
2753 2683 3115 2746 transitortata
3136 2716 3152 2740 ,
3200 2671 3518 2738 deturbate,
3547 2686 3610 2726 ac
3637 2685 3738 2741 per

2135 2785 2404 2826 summum
2435 2767 2670 2825 dedecus
2692 2810 2706 2831 .
2734 2779 2787 2823 et
2817 2767 3167 2838 ignominiam
3196 2775 3422 2822 tractata
3443 2807 3459 2831 ,
3490 2763 3737 2820 tandem-

2135 2878 2240 2933 que
2267 2877 2459 2918 eversa
2491 2871 2546 2916 et
2570 2861 2812 2918 funditus
2843 2862 3039 2916 diruta.

2209 2955 2411 3012 Deinde
2454 2959 2583 3011 vero
2619 2955 2744 3026 quid
2801 2971 2868 3010 ex
2910 2953 3213 3010 simulacris
3269 2953 3483 3010 cuilibet
3523 2951 3733 3007 homini

2139 3048 2484 3104 metuendum
2527 3059 2644 3104 erat
2671 3047 2871 3123 (Ibid.,
2922 3065 3045 3119 pag.
3092 3046 3267 3118 209)?
3308 3044 3571 3118 Numquid
3622 3045 3734 3100 falx

2137 3142 2355 3198 Saturni
2388 3142 2665 3203 messoria,
2695 3141 2770 3196 ait
2796 3143 2998 3196 Auctor
3035 3150 3241 3206 noster,
3296 3139 3554 3210 numquid
3583 3137 3736 3193 Jnvis

2140 3233 2368 3290 riciuiati
2392 3233 2614 3294 fulmen,
2643 3231 2871 3288 lunonis
2910 3242 3128 3299 caestus,
3163 3247 3259 3288 seu
3291 3231 3590 3303 cingulum,
3621 3229 3735 3285 Ma-

2139 3327 2238 3382 tris
2264 3327 2423 3382 deum
2447 3337 2720 3399 tympana,
2750 3325 2983 3380 Palladis
3005 3324 3181 3396 galea,
3213 3323 3462 3379 Mercurii
3491 3334 3733 3394 petasus,

2138 3421 2362 3477 baculus
2407 3418 2734 3491 Esculapii,
2766 3417 2980 3475 Cereris
3017 3433 3264 3474 mamma:
3304 3415 3569 3487 grandes,
3597 3413 3737 3472 For-

2140 3527 2281 3572 tunae
2299 3559 2315 3584 ,
2348 3532 2442 3571 seu
2470 3514 2791 3586 Amaltbem,
2818 3523 2877 3569 ut
2900 3515 2976 3569 ait
3011 3513 3306 3569 Pausanias
3330 3526 3522 3576 cornu,
3550 3511 3656 3577 vel,
3681 3520 3740 3565 ut

2137 3609 2227 3665 alii
2257 3609 2460 3676 dicunt,
2491 3608 2838 3678 cornucopia,
2885 3621 2948 3661 ac
2991 3606 3206 3660 tandem
3239 3603 3448 3660 ridiculi
3495 3602 3734 3659 Anubis.

2137 3702 2588 3776 quemadmodum
2623 3701 2886 3757 Diodorus
2911 3700 3124 3756 Siculus
3141 3741 3154 3762 ,
3179 3698 3481 3754 Macrobius
3499 3741 3512 3763 ,
3542 3697 3733 3752 ania—

2139 3815 2241 3855 nus
2260 3809 2316 3854 et
2353 3800 2440 3854 alii
2463 3800 2760 3864 declarant,
2806 3799 2994 3852 canina
3019 3797 3183 3853 facies
3212 3795 3508 3868 (Pansam,
3531 3793 3620 3850 lib.
3643 3809 3696 3848 iv
3717 3837 3733 3859 ,

2138 3910 2260 3964 pag.
2292 3892 2396 3959 t4;
2428 3902 2472 3946 et
2494 3891 2582 3947 lib.
2631 3908 2726 3957 vn,
2770 3908 2890 3962 pag.
2939 3891 3085 3954 235;
3119 3890 3333 3944 Diodor.
3360 3889 3551 3952 δίε-αι..
3592 3888 3683 3942 lib.
3719 3904 3734 3943 ι

2139 3985 2409 4047 Bibliotlt.,
2453 4004 2574 4057 pag.
2607 3986 2706 4054 55;
2738 3984 2992 4051 Macrob.,
3021 3985 3109 4039 lib.
3141 4001 3156 4039 ι
3191 3983 3560 4055 Metamorph.,
3609 4000 3732 4055 pag.

2138 4079 2234 4137 901
2263 4097 2278 4146 ;
2313 4081 2555 4147 Lucian.,
2582 4080 2644 4134 de
2673 4079 2934 4149 Sacri/50.,
2965 4095 3085 4150 pag.
3121 4076 3302 4147 186)?
3327 4077 3536 4132 Nemini
3585 4088 3735 4132 certe

2139 4173 2380 4243 homini,
2423 4175 2467 4229 si
2516 4188 2646 4228 sane
2697 4173 2894 4228 mentis
2923 4187 3161 4242 unquam
3192 4171 3313 4236 fuit,
3347 4168 3662 4241 persuaderi
3707 4185 3736 4222 a

2139 4283 2408 4341 quoquam
2455 4267 2626 4336 potuit
2668 4265 2720 4319 in
2767 4264 2884 4331 bis,
2935 4280 3054 4335 qua:
3085 4264 3242 4334 paulo
3273 4273 3398 4318 ante
3424 4279 3452 4317 a
3487 4261 3640 4317 nobis
3679 4261 3732 4316 in

2139 4362 2242 4417 boc
2272 4360 2470 4430 capite,
2498 4370 2552 4414 et
2578 4357 2960 4414 dissertatione
2989 4355 3256 4426 superiori
3285 4355 3565 4425 eXplanala
3607 4364 3736 4408 sunt

2065 4453 2396 4534 D(Dissert.
2420 4454 2473 4507 in
2516 4452 2734 4521 Μίνωα,
2759 4468 2876 4523 cap.
2917 4451 2996 4519 15,
3039 4459 3138 4505 art.
3185 4447 3265 4521 2),
3316 4447 3514 4520 aliquid
3565 4445 3735 4500 fuisse

2145 4545 2464 4602 lortnidandi
2485 4561 2547 4600 ac
2567 4544 2855 4611 tremendi,
2885 4553 2975 4598 aut
3003 4558 3110 4614 quo
3132 4540 3328 4612 aliquis
3359 4555 3389 4595 a
3422 4554 3584 4612 pravo
3609 4549 3732 4594 actu

2143 4641 2430 4714 aliquando
2459 4640 2845 4696 deterrerelur.

2214 4734 2447 4790 Tantum
2471 4748 2600 4789 vero
2628 4733 2800 4797 abest,
2817 4741 2874 4785 ut
2900 4729 3009 4796 illa,
3029 4729 3238 4799 aliaque
3262 4727 3485 4784 deorum
3511 4724 3731 4783 simula-

2142 4846 2232 4886 cra
2262 4830 2430 4887 malos
2479 4829 2724 4884 homines
2751 4843 2781 4882 a
2809 4827 3016 4883 scelere
3063 4826 3245 4898 aliquo
3294 4825 3619 4893 averterint;
3673 4834 3734 4880 ut

2142 4940 2244 4980 nec
2271 4925 2445 4996 legum
2473 4923 2756 4988 severitas,
2788 4937 2888 4977 nec
2933 4909 3108 4976 ullum.
3141 4919 3386 4993 supplicii
3415 4935 3583 4992 genus
3607 4919 3731 4976 illo-

2142 5038 2258 5079 rum
2309 5022 2567 5078 hactenus
2608 5017 2991 5090 compresserit
3038 5015 3336 5071 audaciam.
3381 5015 3518 5084 Quin
3567 5014 3732 5069 immo

2143 5114 2269 5171 inde
2297 5116 2497 5186 saepius
2531 5112 2741 5183 pejores
2769 5110 2893 5166 facti
2922 5118 3048 5165 sunt
3067 5118 3121 5164 et
3150 5108 3470 5164 deteriores.
3511 5105 3727 5163 Falsum

2142 5218 2227 5266 est
2253 5208 2411 5280 igitur
2435 5207 2873 5270 simulacrorum,
2896 5203 3008 5259 sive
3033 5203 3258 5260 deorum
3290 5205 3344 5259 in
3374 5203 3455 5259 eis
3486 5202 3728 5258 habitan-

2141 5302 2272 5356 tium
2307 5309 2451 5355 metu
2481 5299 2743 5354 sinceram
2775 5296 3094 5368 religionem
3121 5296 3346 5352 stabiliri
3394 5305 3729 5351 autconser-

2144 5393 2276 5447 vari.
2312 5391 2495 5463 Neque
2521 5390 2573 5445 id
2606 5390 2848 5460 ipsismet
2874 5388 3138 5455 ethnicis,
3164 5401 3255 5443 aut
3286 5388 3352 5444 iis
3380 5388 3571 5444 saltem
3593 5429 3608 5453 ,
3635 5388 3728 5459 qui

2142 5483 2281 5556 apud
2311 5483 2434 5538 illos
2465 5481 2722 5553 sapientia
2750 5491 2805 5538 et
2831 5481 3074 5536 doctrina
3103 5481 3455 5552 praestabant,
3490 5482 3731 5553 incogni-

2141 5586 2253 5633 tum
2281 5591 2403 5631 esse
2433 5576 2625 5647 pomit.
2649 5574 2779 5630 Nam
2805 5575 2996 5632 Cicero
3038 5573 3250 5630 Cottam
3296 5572 3489 5628 alicubi
3529 5572 3608 5629 sic
3650 5574 3728 5629 lo-

2141 5680 2395 5742 quentem
2425 5669 2550 5726 fecit
2574 5690 2588 5726 :
2621 5688 2640 5722 ι
2669 5669 2844 5738 Quid?
2869 5670 2913 5725 si
2939 5671 3028 5741 qui
3059 5667 3311 5724 dixerunt
3338 5677 3503 5724 totam
3525 5668 3593 5724 de
3621 5668 3726 5725 diis

2144 5763 2538 5819 immortalibus
2582 5763 2891 5834 opinionem
2938 5763 3117 5821 fictam
3149 5775 3270 5819 esse
3302 5760 3370 5817 ab
3419 5761 3728 5820 hominibus
