3986 6058
217 204 322 262 635

1427 202 1491 259 IN
1521 199 1904 271 ARNOBIUM,
1935 200 2087 259 CAP.
2132 200 2327 262 XXIII.

3403 207 3508 265 654

215 319 550 393 sapientibus
590 319 898 392 reipublicae
927 335 1113 389 causa,
1145 330 1202 378 ut
1223 334 1358 394 quos
1383 320 1522 376 ratio
1548 333 1654 376 non
1681 333 1808 391 pos-
1837 323 1889 384 Α
1912 332 2004 376 ces
2029 333 2097 375 ex
2127 317 2416 385 Macrobio,
2448 321 2541 392 qui
2563 329 2685 392 post
2721 321 2917 378 citatos
2945 337 2976 378 a
3002 337 3062 381 se
3099 322 3409 382 Trebatium
3453 335 3510 382 et

215 421 334 480 set,
365 427 464 469 eos
492 413 558 470 ad
601 413 838 470 ofﬁcium
869 415 1060 488 religio
1100 415 1323 471 duceret
1343 457 1358 482 ,
1389 429 1567 469 nonne
1595 428 1810 468 omnem

218 507 538 580 religionem
567 507 805 564 funditus
835 509 1199 565 sustulerunt?
1234 527 1252 562 ι
1285 506 1512 582 (Ciam,
1557 507 1645 562 lib.
1670 521 1706 562 ll
1749 507 1812 562 de

223 599 416 657 Natur.
439 602 602 667 deor.,
629 619 746 673 pag.
771 601 937 673 2|2.)

300 698 368 751 At
414 710 477 750 ex
508 693 888 758 hisomnibus,
937 711 1056 767 qua:
1109 697 1161 751 in
1209 696 1311 752 hoc
1349 704 1404 752 et
1443 695 1814 766 superioribus

223 789 468 844 articulis
511 789 778 858 disputata
805 798 931 845 sunt
951 831 966 853 ,
995 788 1151 845 facile
1176 790 1400 861 quilibet
1426 789 1680 860 colligere
1721 804 1815 860 po-

222 881 351 937 terit
403 881 470 936 ab
520 880 758 937 Arnobio
814 881 1153 938 validissimis
1208 882 1471 937 rationum
1527 881 1817 936 momentis

222 975 568 1046 comprobari
599 975 821 1030 deorum
871 976 1127 1046 imagines
1155 985 1208 1030 et
1249 976 1537 1031 simulacra
1595 989 1816 1046 prorsus

222 1069 530 1125 damnanda
572 1084 692 1126 esse
721 1079 777 1126 et
801 1069 1113 1139 rejicienda.
1159 1068 1400 1126 Gentiles
1449 1069 1714 1140 siquidem
1763 1069 1816 1122 in

225 1163 465 1218 animum
499 1177 653 1219 suum
682 1165 879 1220 frustra
909 1163 1232 1220 induxerant
1259 1178 1319 1220 ea
1343 1205 1359 1230 ,
1391 1164 1504 1220 sive
1524 1172 1682 1228 ante,
1706 1161 1821 1218 sive

225 1267 350 1328 post
394 1271 581 1312 eorum
620 1255 1011 1313 dedicationem
1039 1271 1104 1312 ac
1143 1256 1640 1322 consecrationem,
1685 1255 1819 1312 deos

229 1348 368 1415 fieri,
387 1359 548 1420 atque
570 1349 638 1404 ab
661 1349 766 1407 illis
795 1350 1028 1407 conferri
1057 1351 1157 1406 sibi
1189 1365 1346 1422 posse
1373 1366 1553 1423 opem,
1580 1351 1816 1407 favorem

229 1452 284 1497 et
315 1441 597 1498 beneﬁcia.
650 1441 794 1499 Nihil
833 1445 1110 1500 enimvero
1135 1443 1189 1499 in
1217 1446 1296 1500 eis
1319 1453 1466 1508 erat,
1499 1444 1602 1501 nisi
1630 1459 1661 1498 a
1693 1449 1818 1499 vera

231 1533 510 1592 divinitate
537 1552 759 1607 prorsus
785 1537 1103 1607 abhorrens,
1131 1554 1195 1595 ac
1214 1553 1364 1594 suam
1393 1540 1709 1610 plerumque
1747 1539 1818 1594 ob

229 1629 613 1699 turpitudinem
655 1646 783 1688 vero
807 1640 861 1688 et
891 1633 1095 1703 optimo
1140 1632 1250 1689 Deo
1279 1633 1491 1702 penitus
1520 1633 1815 1704 indignum.

1917 413 2201 486 Virgilium
2228 415 2483 471 observat
2514 415 2619 472 hoc
2657 415 2956 474 hostiarum
2987 434 3177 490 genus.
3206 419 3360 493 cujus
3398 420 3513 477 sola

1912 506 2091 561 anima
2131 521 2399 574 sacratur,
2440 510 2510 566 ab
2552 510 2925 582 haruSpicibus
2951 513 3243 570 animalem
3281 514 3512 571 hostiam

1913 603 2091 656 vocari
2125 602 2408 674 (Macrob.,
2444 604 2531 658 lib.
2563 623 2617 660 ιιι
2651 606 2946 674 Saturnal.,
2993 625 3110 678 cap.
3143 609 3198 676 ὅ,
3246 625 3366 681 pag.
3408 609 3517 666 322

1913 704 1961 748 et
1982 695 2174 768 seqq.).
2214 697 2410 755 Strabo
2440 709 2619 755 autem
2642 743 2656 766 ,
2687 700 2776 756 ubi
2823 701 2893 757 de
2926 701 3210 758 Persarum
3239 703 3516 760 sacriliciis

1913 788 2172 859 disputat,
2223 792 2339 848 haec
2385 794 2658 850 memoriae
2702 793 2943 866 prodidit
2983 813 3000 850 :
3054 814 3074 849 ι
3124 796 3319 851 Dicunt
3347 797 3515 852 Deum

1917 881 2050 937 nihil
2079 884 2216 939 velle
2244 894 2441 955 praeter
2481 887 2671 942 hostiae
2727 893 2981 943 animam.
3021 906 3040 942 ι
3075 889 3303 958 (Strab.,
3331 889 3418 944 lib.
3448 904 3517 945 xv

1917 974 2128 1048 Geogr.,
2190 995 2308 1049 pag.
2367 977 2521 1052 732.)
2551 980 2710 1051 Atqui
2756 981 2959 1037 ethnici
3011 981 3205 1038 frustra
3264 981 3520 1049 putabant

1918 1066 2051 1123 deos
2069 1070 2327 1136 animata,
2353 1071 2466 1125 sive
2498 1071 2807 1141 ltujusmodi
2829 1073 3044 1129 victima
3072 1074 3269 1130 nutriri
3297 1092 3311 1128 :
3344 1091 3364 1126 ι
3401 1072 3516 1130 Nisi

1919 1159 2078 1223 forte,
2119 1181 2137 1214 ι
2165 1164 2240 1216 uti
2272 1164 2540 1220 Arnobius
2559 1163 2737 1221 facere
2758 1167 2956 1237 arguit,
2990 1185 3009 1219 ι
3050 1167 3345 1223 hostiarum
3373 1166 3508 1224 deus

1921 1255 2132 1309 animas
2158 1256 2403 1321 devorat,
2430 1268 2523 1312 aut
2546 1260 2656 1313 aris
2681 1258 2999 1315 ardentibus
3021 1259 3267 1316 nidorem
3288 1275 3516 1317 consec-

1923 1355 2085 1412 tatur,
2117 1358 2172 1404 et
2217 1348 2394 1404 fumos
2416 1392 2431 1417 ,
2464 1352 2810 1423 pasciturque
2855 1352 2923 1406 de
2957 1352 3184 1418 cnissis,
3214 1367 3350 1425 quas
3391 1368 3520 1408 evo-

1922 1443 2345 1499 muntardentia
2369 1445 2595 1511 viscera,
2634 1447 2813 1502 adhuc
2853 1446 2986 1503 suda
3024 1448 3092 1503 de
3136 1448 3434 1519 sanguine,
3465 1456 3523 1504 et

1924 1540 2196 1610 prioribus
2226 1540 2473 1596 humecta
2501 1540 2570 1596 de
2598 1542 2776 1596 succis
2803 1559 2822 1594 ι
2877 1541 3120 1608 (Arnob.,‘
3147 1543 3242 1599 lib.
3272 1559 3363 1611 vn,
3396 1559 3515 1614 pag.

1923 1632 2073 1701 9.12).
2109 1631 2299 1688 Cnis.-a
2330 1643 2532 1699 autem,
2561 1650 2737 1705 graece
2759 1638 2967 1700 κνίσσα,
2998 1636 3082 1692 vel
3121 1639 3293 1703 κνίσα,
3335 1648 3416 1692 est
3441 1637 3522 1692 ni-

233 1721 365 1791 Quae
393 1723 607 1794 quidem
634 1724 812 1781 adhuc
842 1725 1036 1782 mirum
1063 1727 1115 1782 in
1147 1726 1364 1782 modum
1396 1743 1462 1782 ex
1508 1727 1572 1782 iis
1625 1729 1818 1782 conlir.
1851 1715 1900 1775 Β
1925 1723 2045 1790 dor,
2071 1738 2166 1780 seu
2194 1726 2506 1780 animalium
2535 1728 2746 1793 arvina,
2789 1739 2843 1782 et
2870 1727 3163 1800 pinguedo.
3195 1729 3309 1785 sive
3343 1729 3522 1785 fumus

236 1824 470 1882 manlur,
501 1832 623 1887 quae
646 1816 758 1888 jam
779 1818 907 1874 alibi
937 1819 1074 1874 haud
1097 1821 1265 1877 semel
1305 1820 1818 1888 animadvertimus,

235 1908 329 1964 ubi
357 1909 517 1965 etiam
546 1911 828 1967 manifeste
848 1954 864 1978 ,
913 1914 985 1968 uti
1018 1916 1321 1985 opinamur,
1347 1914 1539 1980 cuivis,
1566 1915 1821 1986 pnrjudi-

233 2000 371 2056 catis
413 2003 754 2072 Opinionibus
784 2021 890 2061 non
924 2007 1135 2077 penitus
1154 2018 1455 2076 excaecata,
1487 2009 1824 2065 ostendimus

234 2093 369 2149 nihil
418 2095 544 2152 inde
582 2104 769 2153 contra
797 2098 1058 2171 imagines
1090 2101 1549 2170 pieachristianis
1587 2101 1692 2156 coli
1727 2116 1822 2158 so-

236 2189 360 2244 litas
387 2205 544 2260 posse
559 2191 847 2264 quidquam
869 2195 1057 2250 conﬁci
1078 2193 1342 2266 (Disserl.,
1369 2196 1422 2250 in
1451 2194 1672 2262 Minuc.,
1703 2211 1824 2266 cap.

237 2279 331 2349 i9,
353 2291 454 2338 art.
473 2280 528 2351 2;
563 2292 684 2339 tom.
710 2285 1015 2356 tApparat.,
1045 2287 1134 2342 lib.
1153 2304 1207 2351 v,
1226 2288 1499 2354 disserui,
1518 2305 1634 2359 cap.
1651 2288 1822 2354 9,art.

230 2375 289 2442 5,
323 2393 442 2449 pag.
467 2379 572 2436 745
585 2383 835 2451 elseqq.).
866 2379 974 2438 Sed
1002 2383 1071 2438 de
1102 2381 1187 2438 bis
1213 2382 1389 2438 adhuc
1421 2384 1474 2440 in
1487 2384 1822 2456 subsequen-

231 2468 379 2528 tibus
405 2471 871 2532 dissertationibus
897 2477 1097 2532 nostris
1127 2475 1415 2547 agendum.

801 2613 1028 2672 CAPUT
1055 2615 1248 2673 XXIII.

690 2752 766 2808 De
802 2754 1067 2826 gentilium
1093 2754 1378 2825 sacriﬁciis.

765 2907 1059 2949 Αῐιτιευιυε
1080 2908 1289 2949 PRIIUS.

232 3029 423 3096 Quibus
439 3033 745 3096 argumentis
769 3030 1017 3082 Arnobius
1032 3031 1158 3082 nulla
1183 3033 1422 3084 sacriﬁcia
1445 3032 1542 3084 diis
1564 3032 1828 3096 gentilium

296 3095 520 3146 facienda
545 3109 658 3145 esse
691 3095 1014 3154 demonstret,
1062 3101 1212 3157 atque
1251 3096 1498 3158 Oppositas
1537 3095 1825 3146 eOrumdem

297 3158 555 3221 gentilium
599 3160 816 3209 rationes
859 3164 1069 3218 evertat,
1118 3159 1200 3208 ubi
1233 3160 1299 3209 de
1318 3158 1484 3210 hostia
1519 3159 1733 3220 animali,
1758 3159 1826 3210 de

297 3222 462 3272 cnissa
477 3227 530 3272 et.
553 3222 724 3273 hostiae
745 3224 922 3272 anima.

313 3327 371 3385 Si
422 3327 532 3384 ﬁcti
573 3328 1034 3401 commentitiique
1077 3329 1185 3384 sint
1211 3328 1314 3396 dii,
1346 3330 1390 3385 si
1420 3329 1562 3384 nulla
1592 3329 1822 3401 proinde

240 3423 310 3478 iis
338 3420 557 3491 templa,
582 3420 829 3487 delubra,
853 3419 972 3476 fana
999 3420 1381 3484 construenda.
1400 3422 1444 3476 si
1474 3421 1689 3477 illorum
1721 3421 1830 3477 sint

236 3515 390 3571 falsae
409 3515 692 3586 imagines,
718 3515 900 3571 ﬁctilia
919 3516 1070 3584 signa
1091 3523 1147 3570 et
1169 3514 1478 3580 simulacra,
1501 3529 1679 3570 nonne
1703 3513 1829 3570 inde

237 3608 483 3678 sequitur
511 3607 652 3662 nulla
681 3623 899 3678 prorsus
924 3606 1187 3663 sacriﬁcia
1217 3606 1417 3663 debere
1446 3621 1697 3675 umquam
1725 3605 1830 3660 illis

239 3701 393 3758 ﬁeri?
429 3701 590 3773 Atqui
622 3703 807 3772 prima:
850 3700 1262 3773 propositiones,
1297 3701 1370 3756 ttti
1419 3699 1666 3770 superith
1695 3699 1832 3754 vidi-

238 3812 384 3858 mus,
428 3797 497 3853 ab
549 3797 791 3854 Arnobio
842 3797 1192 3853 invictissime
1245 3798 1562 3868 probantur.
1609 3795 1751 3866 Ergo
1775 3803 1832 3850 et

239 3890 429 3950 ultima
454 3890 614 3946 simul
639 3906 761 3945 cum
795 3890 904 3945 illis
933 3900 1040 3945 tam
1089 3899 1276 3960 aperte
1316 3889 1683 3944 demonstrata
1712 3896 1828 3952 est,

240 3997 302 4038 ut
349 3999 416 4039 ne
445 3983 661 4038 minima
692 3982 909 4053 quidem
957 3981 1186 4052 amplius
1232 3981 1546 4051 probatione
1590 3979 1831 4049 indigere

238 4078 505 4134 videatur.
534 4076 734 4133 Verum
765 4075 1035 4147 prioribus
1073 4075 1180 4131 illis
1221 4075 1495 4132 erroribus
1519 4073 1828 4143 singillatim

240 4170 554 4233 confutatis,
604 4179 659 4226 et
707 4169 850 4224 hunc
903 4183 1117 4240 quoque
1155 4167 1507 4239 posteriorem
1561 4164 1831 4220 Arnobius

240 4264 540 4336 speciatim,
569 4279 632 4320 ac
661 4261 1014 4333 peculiaribus
1036 4260 1332 4318 rationibus
1357 4275 1384 4311 a
1416 4274 1476 4313 se
1511 4257 1832 4328 impugnans

241 4359 370 4416 dum
391 4358 797 4429 essejudicavit.

316 4452 655 4510 Manifestum
693 4455 868 4523 itaque
896 4451 1072 4522 primo
1115 4448 1242 4504 facit
1279 4447 1478 4503 nullam
1506 4447 1716 4517 penitus
1745 4461 1831 4502 sa-

243 4548 432 4605 crificii
465 4547 626 4602 ullius
652 4546 758 4601 diis
783 4545 1062 4616 gentilium
1105 4542 1334 4598 faciendi
1370 4556 1586 4596 causam
1615 4555 1773 4612 posse
1801 4557 1830 4596 a

243 4656 514 4714 quottuam
533 4640 802 4711 adsignari
825 4638 1064 4709 (Arnob.,
1089 4635 1178 4690 lib.
1200 4652 1292 4698 vn.
1311 4652 1429 4706 pag.
1460 4635 1566 4690 212
1581 4645 1625 4690 et
1644 4631 1831 4708 seqq.).

243 4737 389 4794 Nihil
415 4740 559 4793 enim
582 4733 873 4799 commodi,
902 4741 993 4788 aut
1017 4731 1171 4799 lucri,
1206 4740 1298 4786 aut
1324 4729 1530 4785 fructus
1547 4744 1614 4785 ex
1647 4731 1712 4784 iis
1735 4729 1831 4793 dii,

243 4832 292 4888 si
337 4831 428 4902 qui
471 4830 617 4894 sint,
662 4828 938 4900 percipere
979 4841 1211 4897 unquam
1255 4830 1566 4894 pomerunt.
1613 4820 1832 4876 Falsum

245 4923 512 4996 siquidem
540 4929 625 4978 est
651 4937 746 4976 eos
771 4919 1046 4975 sacriﬁciis
1075 4918 1167 4982 ali,
1196 4927 1252 4972 et
1286 4914 1497 4970 nutriri.
1528 4913 1660 4968 Nam
1687 4913 1835 4983 quis-

244 5017 371 5090 quis
393 5015 501 5071 cibi
540 5025 592 5072 et
621 5011 866 5070 alimenti
905 5011 1105 5082 aliquid
1140 5009 1358 5080 accipit,
1406 5008 1452 5062 is
1483 5007 1724 5062 mortalis
1764 5005 1837 5061 sit

244 5121 484 5185 oportet.
520 5111 597 5166 Dii
624 5126 750 5165 vero
774 5106 1108 5163 immortales
1127 5121 1249 5162 esse
1278 5103 1494 5161 debent.

323 5205 532 5261 Deinde
561 5203 704 5274 quod
743 5202 965 5258 deorum
998 5201 1262 5255 altaribus
1305 5199 1624 5254 admovetur
1661 5194 1837 5251 inani-

248 5311 453 5358 tnatutn
485 5300 616 5356 illud
639 5309 744 5364 est,
763 5306 855 5351 aut
888 5297 1182 5351 animatum
1211 5293 1422 5367 (fbid.),
1449 5294 1519 5347 At
1542 5291 1615 5346 dii
1645 5298 1840 5346 neutro

247 5396 320 5451 ali
350 5402 595 5466 possunt.
636 5390 750 5446 Non
799 5389 1094 5445 inanimato
1125 5386 1374 5458 quidem,
1419 5385 1520 5438 uisi
1568 5381 1838 5452 corporei,

248 5487 408 5544 sicuti
435 5487 680 5542 homines
708 5483 978 5542 dicantur,
1011 5495 1074 5536 ac
1113 5479 1342 5550 proinde
1370 5478 1441 5531 dii
1476 5491 1580 5531 non
1605 5476 1732 5530 sint.
1758 5472 1839 5528 Ad

249 5582 374 5638 haec
405 5594 530 5636 vero
561 5579 741 5634 nullus
766 5575 1084 5632 difﬁtebitur
1113 5575 1179 5628 iis
1197 5573 1489 5626 animatum
1518 5569 1692 5641 potius
1711 5580 1842 5622 con-

250 5678 440 5734 venire
477 5691 635 5747 quam
668 5673 1040 5730 inanimatum.
1083 5667 1389 5722 Animatum
1437 5663 1612 5728 enim,
1660 5670 1722 5715 ut
1767 5659 1845 5715 ait

250 5769 547 5838 Arnobius,
568 5776 654 5825 est
671 5765 911 5821 animalis
937 5761 1126 5818 hostia.
1159 5758 1290 5827 Qua:
1310 5767 1494 5814 autem
1518 5770 1583 5812 ea
1610 5754 1701 5822 sit,
1729 5752 1842 5811 dis-

1854 4498 1912 4562 D

1927 1835 2085 1891 quem
2112 1835 2237 1875 cum
2261 1820 2436 1876 hostia
2464 1822 2830 1889 comburitur,
2875 1825 3013 1894 ignis
3039 1824 3272 1880 exhalat.
3322 1823 3525 1882 Ultimo

1926 1924 2108 1969 autem
2141 1914 2244 1969 hoc
2268 1929 2429 1970 sensu
2460 1915 2529 1970 ab
2554 1927 2779 1972 auctore
2804 1926 2990 1972 nostro
3017 1919 3301 1989 accipitur.

1997 2009 2068 2063 At
2094 2007 2325 2079 gentiles
2347 2023 2536 2063 revera
2558 2007 2855 2064 credidisse
2885 2007 3017 2065 deos
3041 2024 3171 2065 suos
3202 2009 3286 2065 his
3327 2009 3525 2068 cnissis

1927 2105 2076 2174 pasci
2106 2115 2162 2158 et
2185 2102 2436 2170 saturari,
2481 2119 2550 2157 ex
2583 2103 2666 2158 bis
2705 2102 2931 2174 colliges
2967 2102 3262 2159 Clementis
3290 2103 3526 2160 Alexan-

1926 2197 2066 2253 drini
2093 2195 2318 2257 verbis:
2353 2199 2478 2258 Ζεὺς
2503 2195 2558 2252 δὲ
2607 2196 2825 2275 ὕστερον
2883 2198 3158 2273 ἐπιφανεὶς,
3205 2197 3249 2251 εἰ
3289 2196 3399 2258 θεὸς
3439 2195 3522 2265 ἣν,

1927 2294 2079 2366 τάχα
2097 2313 2199 2348 που
2229 2300 2321 2352 τῆς
2341 2294 2555 2352 κνίσσης
2575 2299 2676 2347 τῶν
2699 2292 3006 2364 ὀπτωμένων
3021 2298 3180 2367 κριῶν
3200 2290 3519 2364 μεταλαϐὼν,

1929 2384 1987 2448 ἧς
2015 2385 2070 2441 δέ
2093 2387 2153 2442 τὸ
2187 2387 2344 2462 γέρας
2386 2386 2570 2457 λαχεῖν
2617 2383 2950 2459 ὁμολογοῦσιν
2993 2386 3137 2458 ὑμῶν
3174 2386 3221 2440 oi
3256 2386 3360 2440 Θεοὶ
3387 2381 3527 2458 (Cle—

1928 2496 2071 2536 mens
2098 2479 2408 2543 Alexandr.,
2441 2479 2705 2534 Admonit.
2730 2479 2799 2532 ad
2823 2487 2986 2550 gent.,
3020 2495 3140 2550 pag.
3180 2475 3290 2552 ιε).
3319 2475 3526 2550 Jupiter

1929 2585 2098 2628 autem
2124 2589 2241 2628 cum
2264 2583 2439 2644 postea
2466 2572 2812 2643 apparuisset,
2843 2571 2888 2626 si
2914 2571 3118 2642 quidem
3147 2571 3273 2626 deus
3299 2579 3432 2635 erat,
3458 2579 3520 2625 ut

1929 2670 2015 2741 qui
2061 2683 2296 2722 assarum
2330 2667 2564 2721 carnium
2613 2665 2837 2720 cnissam
2888 2669 3020 2737 forte
3070 2665 3331 2730 sensisset,
3376 2665 3526 2734 cujus

1931 2760 2128 2831 premii
2153 2775 2210 2816 se
2247 2775 2356 2814 esse
2381 2758 2660 2830 participes
2687 2759 2840 2813 vestri
2876 2757 2960 2812 dei
2985 2758 3310 2826 conﬁtentur.
3339 2755 3525 2828 Neque

1929 2853 2108 2908 minus
2153 2855 2438 2924 perspicue
2481 2850 2535 2906 id
2592 2850 2803 2921 probari
2851 2859 3025 2921 potest
3052 2850 3373 2906 auctoritate
3413 2847 3524 2904 Lu-

1929 2946 2094 3011 ciani,
2126 2946 2216 3017 qui
2249 2944 2487 3013 quidem,
2514 2944 2765 3014 quamvis
2791 2941 3047 2998 ethnicus
3078 2941 3261 3005 homo,
3288 2955 3417 2998 suos
3445 2949 3527 2995 ta-

1929 3055 2053 3096 men
2079 3040 2210 3096 deos
2241 3039 2345 3095 hoc
2391 3046 2696 3116 σαρκοσμῷ,
2729 3036 2963 3093 irridere
2992 3050 3156 3091 ausus
3185 3044 3271 3091 est
3301 3051 3316 3089 :
3370 3053 3390 3087 ι
3438 3034 3520 3089 Dii

1925 3136 2074 3206 juxta
2101 3134 2289 3189 Jovem
2309 3133 2637 3199 adsidentes,
2663 3133 2716 3186 in
2747 3143 2943 3187 terram
2965 3129 3292 3201 despiciunt,
3314 3135 3369 3184 et
3390 3142 3526 3198 quo-

1928 3244 2036 3300 quo
2062 3243 2276 3284 versum
2306 3227 2514 3283 intento
2539 3227 2716 3296 capite
2744 3268 2761 3293 ,
2793 3225 3273 3296 circumspectant,
3300 3220 3524 3277 sicunde

1930 3321 2312 3378 subvolantem
2344 3323 2520 3392 ignem
2543 3320 2784 3382 videant,
2808 3318 2894 3374 vel
2919 3317 3162 3373 nidorem
3192 3317 3247 3371 in
3267 3330 3394 3371 aere
3413 3329 3529 3370 sur-

1930 3425 2171 3487 gentem,
2200 3414 2232 3474 ἦ
2262 3415 2636 3492 ἀναφερομένην
2661 3415 2897 3477 κνίσσαν,
2927 3412 3180 3480 circaque
3204 3409 3407 3463 fumum
3438 3420 3526 3462 ro-

1933 3517 2134 3562 tantem
2162 3521 2306 3562 esse.
2355 3507 2510 3574 Quod
2544 3505 2590 3560 si
2618 3505 2736 3575 quis
2773 3503 2916 3560 forte
2940 3517 3154 3558 sacrum
3194 3501 3371 3567 faciat,
3397 3515 3531 3573 epu-

1933 3599 2115 3654 lantur
2136 3613 2346 3666 omnes,
2379 3599 2525 3654 fumo
2557 3597 2849 3662 inhiantes,
2898 3611 2963 3651 ac
2990 3610 3296 3650 muscarum
3327 3593 3382 3650 in
3410 3608 3534 3650 mo-

1932 3709 2048 3750 rem
2088 3695 2404 3765 sangninetn
2441 3701 2800 3764 essugentes,
2846 3691 3049 3747 circum
3087 3704 3208 3745 aras
3243 3688 3472 3746 eﬁ'usum
3506 3707 3526 3740 ι

1934 3792 2178 3859 Lucium,
2209 3793 2273 3846 de
2295 3790 2562 3860 Sacriﬁc.,
2585 3805 2705 3860 pag.
2737 3788 2889 3859 185).

2007 3887 2113 3946 Sed
2144 3888 2286 3942 hanc
2307 3884 2754 3942 absurdissimam
2779 3882 3092 3953 opinionem
3118 3879 3394 3935 Arnobius
3414 3879 3536 3935 ideo

1935 3979 2168 4044 refellit;
2193 3976 2316 4048 quia
2345 3975 2478 4029 nihil
2510 3974 2669 4044 plane
2698 3988 2766 4029 ex
2792 3971 3064 4027 immolata
3092 3969 3330 4041 qualibet
3359 3968 3532 4025 hostia

1933 4072 1999 4128 ad
2029 4071 2254 4126 deorum
2297 4067 2654 4123 substantiam
2695 4063 2960 4136 pervenit.
2999 4061 3270 4132 Quidquid
3292 4061 3439 4116 enim
3467 4061 3538 4118 ab

1934 4163 2226 4236 gentilibus
2259 4158 2664 4224 immolabatur,
2693 4155 3009 4212 remanebat
3033 4156 3086 4209 in
3117 4165 3281 4215 terra,
3309 4162 3402 4208 aut
3425 4168 3538 4209 sura

1935 4274 2055 4314 sum
2100 4256 2475 4319 sublevatum,
2512 4263 2677 4324 atque
2728 4252 2781 4306 iu
2830 4252 3043 4307 cineres
3085 4249 3427 4313 dissolutum.
3480 4251 3533 4307 in

1935 4366 2053 4406 eam
2083 4348 2380 4404 recidebat.
2425 4346 2559 4402 Hinc
2599 4361 2811 4402 rursum
2852 4344 2992 4400 idem
3022 4343 3291 4400 Luriauns
3342 4361 3356 4400 :
3406 4344 3461 4401 Ἦ
3481 4343 3536 4402 δὲ

1935 4446 2124 4500 κνίσσα
2145 4443 2420 4503 θεσπέσιος
2439 4441 2520 4495 καὶ
2544 4439 2851 4519 ἷεροπρεπὴς
2874 4447 3044 4516 χωρεῖ
3066 4436 3189 4504 ἄνω,
3217 4444 3297 4494 καὶ
3312 4442 3365 4501 ἐς·
3384 4441 3537 4495 αὐτὸν

1937 4539 2023 4595 τὸν
2075 4539 2284 4614 οὐρανὸν
2338 4532 2672 4591 διασκδνᾶται
2722 4534 2896 4609 ,ἡρέμα
2947 4529 3140 4601 (Lua,
3189 4531 3357 4598 ibid.,
3413 4546 3532 4601 pag.

1942 4629 2096 4701 186).
2137 4626 2309 4682 Nidor
2353 4627 2488 4680 enim
2539 4625 2628 4680 ille
2672 4640 2816 4678 sacer
2869 4635 3020 4693 atque
3072 4625 3272 4678 divinus
3331 4639 3536 4679 sursum

1941 4725 2126 4794 fertur,
2173 4730 2322 4790 atque
2349 4720 2403 4773 in
2427 4719 2594 4788 ipsum
2621 4718 2803 4772 caelum
2834 4717 3116 4784 subvectus,
3146 4717 3402 4787 paulatim
3426 4715 3534 4788 dif-

1941 4815 2196 4887 funditur.

2010 4904 2371 4976 Quamobrem
2400 4901 2652 4958 Clemens
2675 4903 3069 4958 Alexandrinus
3094 4901 3219 4957 inde
3236 4911 3381 4959 recte
3403 4917 3535 4960 con-

1945 5003 2058 5059 ﬁcit
2083 5003 2198 5057 haec
2219 5017 2245 5054 a
2269 4999 2581 5056 christianis
2597 4999 3082 5068 meritissimojure
3104 4999 3316 5069 penitus
3340 5000 3488 5069 rejici
3515 5019 3529 5055 :

1941 5101 2159 5161 Εἰκότως
2205 5096 2310 5177 ἄρα
2374 5103 2448 5170 τῷ
2520 5101 2588 5169 μή
2641 5098 2896 5168 νικωμένῳ
2955 5091 3157 5154 ἡδοναῖς
3227 5095 3409 5149 θυσίαν
3473 5097 3534 5149 οὐ

1943 5193 2271 5269 προσάγομεν
2299 5231 2315 5254 ,
2367 5191 2502 5244 κάτω
2561 5210 2663 5243 που
2721 5191 2807 5241 καὶ
2855 5184 2972 5241 οὐδέ
3029 5187 3178 5262 μέχρι
3224 5194 3378 5260 νεφῶν
3435 5194 3536 5242 τῶν

1944 5289 2291 5360 παχυτάτων,
2325 5288 2524 5360 μακρὰν
2553 5281 2608 5337 δὲ
2641 5287 2726 5337 καὶ
2747 5283 2964 5343 τούτων,
2993 5289 3084 5341 τῆς
3122 5279 3206 5336 διὰ
3231 5286 3322 5336 τοῦ
3344 5287 3536 5336 καπνοῦ

1944 5377 2334 5449 ἀναθυμιάσεως
2393 5375 2673 5448 φθανούσης
2705 5414 2719 5438 ,
2777 5369 2826 5426 εἴ
2875 5393 2977 5427 που
3028 5373 3197 5445 φθάνει
3257 5368 3539 5442 (Clemens

1944 5469 2251 5531 Alexandr.,
2303 5483 2375 5521 vn
2424 5467 2705 5529 Slromat.,
2749 5481 2872 5535 pag.
2911 5463 3060 5536 707).
3120 5463 3303 5518 Merito
3333 5480 3454 5536 ergo
3493 5465 3540 5519 ei

1944 5579 2047 5618 non
2070 5559 2330 5627 offerimus
2348 5557 2679 5626 sacriﬁcium,
2705 5558 2790 5623 qui
2815 5555 3154 5628 uoluptatibus
3181 5571 3282 5608 non
3308 5557 3535 5622 capitur,

1946 5670 2061 5708 cum
2081 5652 2297 5723 inferius
2327 5665 2418 5704 nec
2439 5665 2597 5720 usque
2617 5648 2685 5702 ad
2709 5649 3053 5704 crassissimas
3078 5646 3234 5700 nubes
3256 5649 3533 5716 perveniat,

1945 5751 2036 5806 sed
2067 5750 2215 5821 longe
2265 5747 2417 5806 etiam
2454 5746 2518 5803 ab
2545 5745 2607 5800 iis
2636 5745 2899 5812 consistat,
2940 5757 3056 5816 qua:
3109 5741 3164 5811 ﬁt
3216 5757 3306 5811 per
3344 5744 3542 5811 fumum
