3986 6058
236 252 336 310 631

1471 264 1540 321 IN
1570 256 1947 337 ARNOBIUM,
1987 266 2139 330 CAP.
2182 262 2369 329 XXIII.

3422 279 3529 337 658

230 370 322 442 qui
366 371 645 443 perpetuis
686 372 966 432 sacriﬁciis
995 383 1118 433 aras
1160 388 1409 448 onerant,
1455 379 1522 436 ad
1551 382 1820 437 extremas
1845 384 1899 445 Α
1924 385 1996 439 mi
2016 384 2165 441 labes
2188 402 2287 443 nec
2303 385 2653 448 diuturnitate
2669 405 2984 460 vanescere,
3009 407 3109 450 nec
3130 393 3378 461 manibus
3405 395 3530 453 ullis

229 464 508 562 angustias
529 466 783 534 orbitate,
820 468 1048 562 morbis,
1080 469 1390 562 naufragiis,
1417 468 1644 545 aliisque
1670 475 1826 530 malls
1928 479 2033 533 elui
2082 490 2275 550 potest.
2339 478 2560 553 (Cirer.,
2614 483 2704 541 lib.
2741 502 2815 552 ιι,
2856 487 2920 543 de
2953 486 3127 560 Legib.
3151 529 3169 556 ,
3216 504 3337 560 pag.
3368 470 3529 562 355:)

231 565 288 613 et
317 555 626 613 inlottuniis
654 559 855 616 redacti
886 561 1047 617 sunt?
1076 560 1266 620 Nonne
1304 562 1544 620 omnium
1578 566 1829 638 ingratis-

231 650 361 706 simi
389 660 572 706 essent
608 651 707 719 dii,
739 653 786 709 si
831 653 948 710 haec
976 660 1097 711 eum
1149 654 1378 728 possint,
1424 660 1631 716 nollent
1661 664 1829 731 impe-

232 744 373 813 dire,
402 746 640 817 nihilque
670 748 869 804 vellent
899 750 1106 818 piormn
1132 767 1371 808 annuere
1399 753 1721 823 postulatis?

303 842 374 896 At
401 840 570 910 prius,
595 842 826 912 inquies,
857 842 1154 903 hostiarum
1180 848 1443 918 sanguine
1470 859 1523 905 et
1551 848 1832 906 sacriﬁciis

233 934 596 1004 comparanda
621 936 927 992 sternenda
954 948 1083 993 sunt
1114 939 1339 995 deorum
1377 936 1662 1000 benellcia.
1693 941 1829 1012 Quid

233 1026 337 1095 ais,
371 1027 452 1081 vir
475 1021 658 1083 bone?
678 1027 855 1095 Quod,
884 1029 1077 1085 amabo
1098 1040 1169 1100 te,
1202 1030 1305 1088 diis
1331 1035 1502 1105 magis
1527 1034 1827 1105 indignum,

231 1136 393 1193 quam
418 1122 627 1176 venalia
649 1121 850 1178 habere
876 1122 1177 1191 benefacta,
1211 1141 1273 1181 ac
1302 1127 1419 1182 sine
1438 1127 1543 1182 illis
1571 1127 1830 1199 prodesse

236 1210 637 1282 nemiuitouid
663 1228 816 1279 vero,
854 1214 996 1284 quod
1038 1217 1081 1272 si
1114 1217 1228 1273 sola
1266 1218 1636 1289 hujuscemodi
1665 1222 1832 1276 sacri-

239 1303 356 1361 ficia
399 1307 639 1374 prosint,
662 1315 813 1363 certe
850 1308 1014 1364 homo
1056 1307 1231 1377 dives,
1262 1311 1352 1381 qui
1385 1312 1537 1383 plura
1578 1312 1829 1369 animalia

237 1410 435 1469 magno
460 1397 705 1468 quidem,
752 1397 848 1456 sed
898 1396 945 1454 si
975 1415 1106 1471 opes
1136 1402 1255 1472 ejus
1293 1404 1572 1473 reSpicias,
1620 1406 1832 1461 modico

236 1492 415 1562 pretio
460 1498 660 1562 empta,
711 1491 816 1548 diis
859 1490 1135 1563 mactabit,
1182 1492 1251 1551 ab
1295 1495 1361 1551 iis
1410 1506 1558 1552 tanto
1604 1498 1826 1570 majora,

237 1598 441 1661 quanto
469 1590 677 1645 minora
707 1604 933 1661 pauper,
954 1592 1043 1661 qui
1065 1593 1319 1664 exiguum
1356 1591 1581 1663 aliquid,
1613 1593 1715 1649 sibi
1754 1605 1828 1648 ta~

1934 571 2210 628 Testatum
2272 591 2399 631 vero
2464 577 2761 637 Macrobius
2811 581 2934 636 facit
2986 596 3326 638 communem
3386 582 3528 641 hanc

1936 666 2102 723 fuisse
2131 669 2406 739 gentilium
2435 673 2881 729 consuetudinem
2900 715 2915 739 ,
2947 675 3041 745 sed
3060 675 3430 745 aspersionem
3461 676 3533 733 ab

1936 759 2213 817 ablatione
2260 762 2584 834 distinguit:
2620 784 2639 818 ι
2667 764 2891 821 Constat
2931 767 3110 831 enim,
3159 767 3358 833 inquit,
3410 766 3516 824 diis

1935 857 2147 924 superis
2186 870 2337 912 Sacra
2386 857 2652 913 facturum
2708 861 2951 930 corporis
2988 861 3261 916 ablatione
3292 864 3528 934 purgari.

1940 947 2072 1002 Cum
2109 965 2239 1004 vero
2268 950 2451 1007 inferis
2479 951 2736 1007 litandum
2766 964 2845 1010 est
2865 994 2879 1015 .
2912 956 3046 1011 satis
3073 964 3251 1010 actum
3283 955 3528 1021 videtur,

1935 1038 1980 1093 si
2024 1041 2265 1110 aspersit)
2292 1043 2404 1096 sola
2432 1044 2694 1115 contingit
2731 1064 2750 1098 s
2811 1044 3106 1117 (Hacrob.,
3138 1046 3226 1101 lib.
3260 1063 3319 1103 ιιι
3347 1046 3535 1104 Satur-

1935 1130 2082 1200 nal.,
2124 1149 2242 1203 cap.
2288 1133 2365 1208 1).
2409 1134 2575 1192 Multa
2620 1139 2689 1194 ibi
2719 1137 2809 1195 ille
2848 1156 2916 1195 ex
2959 1132 3223 1213 Virgilio,
3272 1152 3326 1197 et
3377 1142 3535 1213 longe

1940 1225 2087 1295 plora
2108 1222 2413 1283 Brissonius
2443 1246 2509 1285 ex
2538 1231 2727 1287 eodem
2760 1242 2917 1302 poeta
2937 1233 3164 1304 aliisque
3182 1235 3532 1305 scriptoribus

1938 1317 2007 1374 de
2051 1317 2153 1391 hoc
2204 1321 2481 1392 gentilium
2537 1323 2641 1379 rittt
2690 1325 2945 1382 retulere.
2994 1326 3105 1383 Hos
3147 1338 3331 1384 autem
3378 1329 3535 1385 adire

1940 1411 2082 1467 haud
2134 1412 2422 1470 difficiliter
2490 1418 2729 1487 poteris,
2780 1419 2921 1485 sicut
2975 1418 3406 1490 Tertulliannm,
3471 1437 3537 1478 ac

1938 1501 2211 1559 JnSIinum
2243 1506 2409 1562 etiam
2439 1496 2762 1579 martyrem,
2791 1511 2882 1580 qui
2930 1511 3019 1569 ubi
3060 1512 3406 1569 christianum
3452 1530 3539 1581 re-

1940 1593 2192 1666 ligionem
2221 1608 2407 1653 contra
2454 1598 2699 1659 ethnicos
2750 1610 2964 1670 tuetur,
2999 1603 3071 1658 ibi
3119 1603 3306 1663 scribit
3348 1620 3379 1661 a
3428 1604 3541 1660 dte-

236 1696 360 1738 men
394 1688 491 1752 pro
517 1688 759 1751 egestate
796 1684 1109 1752 maximum,
1152 1676 1365 1752 offeret,
1403 1686 1664 1743 beneficia
1695 1690 1836 1744 acci-
1868 1699 1917 1775 Β
1942 1688 2192 1744 monibus
2218 1731 2233 1756 ,
2261 1688 2351 1761 qui
2392 1690 2716 1763 lavationem
2762 1694 2829 1746 ab
2860 1694 3016 1753 Esaia
3065 1697 3322 1766 propheta
3368 1696 3540 1752 indic.

237 1788 368 1848 pere
394 1772 645 1833 debebit?
674 1776 805 1846 Quae
828 1788 1007 1834 autem
1040 1781 1213 1850 major
1243 1779 1344 1837 hac
1371 1796 1493 1837 esse
1534 1791 1710 1850 potest
1753 1782 1836 1838 in-
1882 1782 1889 1785 “

231 1867 377 1940 juris
403 1881 456 1924 et
482 1869 775 1937 iniquitas?
802 1864 1001 1927 Eadem
1023 1880 1154 1928 vero
1186 1874 1415 1938 ration‘e,
1449 1874 1492 1928 si
1514 1873 1623 1929 duo
1653 1875 1837 1946 populi

234 1976 419 2019 secum
441 1962 585 2019 bello
612 1960 972 2032 decertantes,
1003 1967 1191 2022 eadem
1226 1968 1449 2023 omnino
1472 1969 1732 2024 sacrificia
1765 1964 1840 2025 fa-

234 2056 404 2120 ciant.
432 2065 543 2113 tum
572 2059 647 2114 dii
679 2054 785 2115 illis
813 2072 994 2132 Opem,
1023 2076 1183 2134 quam
1212 2063 1393 2134 utique
1416 2078 1601 2135 parem
1627 2080 1841 2120 meren-

236 2160 345 2215 tur,
375 2150 521 2208 ferre
546 2167 837 2225 numquam
870 2165 1144 2224 poterunt.

311 2244 514 2302 Verum
571 2250 637 2304 ea
678 2248 976 2316 sacrificia,
1018 2251 1235 2307 aiebant
1272 2250 1508 2319 ethnici,
1550 2251 1619 2307 ad
1664 2248 1840 2309 hono-

241 2342 448 2401 randos
474 2336 643 2412 deos,
701 2344 1238 2421 atnpliticandamque
1282 2366 1468 2406 eorum
1521 2347 1837 2423 dignitatem

236 2449 389 2494 recte
432 2436 677 2494 instituta
726 2448 872 2497 sunt.
904 2441 1012 2498 Sed
1064 2443 1116 2498 id
1162 2444 1337 2513 palam
1379 2443 1644 2515 planeque
1683 2453 1842 2516 negat

235 2530 511 2588 Arnobius
537 2530 752 2601 (Arnob.
776 2575 790 2597 ,
821 2534 909 2588 lib.
943 2548 1014 2591 vn
1036 2578 1051 2599 ,
1098 2554 1218 2610 pag.
1252 2537 1358 2594 29.0
1393 2549 1440 2592 et
1476 2535 1661 2610 seqq.).
1705 2537 1839 2594 Nam

237 2622 511 2678 honorum
544 2620 969 2696 dignitatumque
1011 2628 1288 2683 attributio
1338 2637 1393 2684 et
1440 2628 1837 2685 incrementum

240 2718 300 2773 in
365 2717 495 2772 solis
539 2708 850 2774 hominibus
915 2716 1087 2776 locum
1140 2722 1319 2778 habet.
1363 2721 1502 2779 Deus
1564 2724 1842 2778 enimvero

242 2810 399 2869 nullo
437 2828 658 2884 prorsus
698 2812 858 2869 modo
900 2813 1194 2886 dignitate,
1238 2816 1841 2887 potentia,.bonorihus

242 2904 433 2978 augeri
473 2916 668 2976 potest.
716 2908 852 2975 Quin
884 2910 1045 2964 etiam
1088 2910 1177 2980 qui
1219 2908 1503 2978 humanis,
1547 2911 1621 2966 ait
1661 2910 1841 2967 Arno-

242 3001 405 3070 bius,
432 3000 725 3058 honoribus
766 3012 1043 3071 inaclalur,
1084 3004 1135 3060 id
1175 3016 1258 3061 est
1296 3002 1522 3073 Servio,
1564 3006 1843 3064 Brissonio

1945 1791 2051 1836 tam
2078 1792 2482 1853 cognoverant,
2519 1778 2768 1841 elTectum
2803 1783 3011 1852 fuisse;
3047 1796 3105 1840 ιιι
3140 1788 3369 1871 gentiles
3403 1798 3541 1843 tem-

1943 1877 2029 1946 pla
2071 1891 2165 1930 sua
2194 1876 2501 1948 ingrcsuri,
2554 1896 2613 1935 se
2641 1879 2787 1950 ipsos
2817 1891 2871 1937 et
2900 1897 3053 1953 aquae
3097 1883 3414 1952 aspersione
3460 1884 3544 1938 lu—

1937 1977 2201 2033 strarent,
2236 1978 2292 2026 et
2320 1978 2433 2026 toto
2458 1971 2621 2028 etiam
2645 1986 2873 2046 corpore
2904 1974 3213 2030 lavarentur
3237 1974 3528 2047 (Brisson.,

1939 2060 2030 2114 lib.
2062 2076 2076 2115 ι
2106 2060 2171 2116 de
2223 2059 2401 2119 Form.
2425 2105 2441 2131 ,
2490 2081 2610 2136 pag.
2664 2057 2697 2119 6
2722 2075 2769 2120 el
2816 2081 2954 2136 seqq.
2977 2081 2997 2130 ;
3035 2064 3257 2121 Tertull.
3282 2108 3298 2134 ,
3341 2068 3432 2122 lib.
3479 2068 3545 2122 de

1938 2154 2227 2227 Baptism.,
2270 2173 2386 2230 cap.
2425 2146 2499 2223 5;
2540 2155 2776 2228 Justin.,
2820 2144 3041 2233 Apolog.
3082 2177 3155 2226 ιι,
3182 2178 3270 2217 seu
3295 2177 3346 2229 ι,
3385 2180 3440 2233 p.
3474 2162 3546 2218 94

1938 2258 1987 2303 et
2010 2256 2196 2320 seqq.).
2235 2250 2575 2322 Quapmpter
2601 2252 2944 2322 Lactantius,
2995 2255 3069 2309 uti
3113 2269 3211 2310 suo
3241 2255 3362 2311 loco
3392 2254 3545 2311 vide-

1940 2345 2148 2412 bimus,
2178 2360 2274 2401 eos
2300 2346 2553 2415 corripit,
2600 2357 2883 2421 propterea
2931 2347 3075 2417 quod
3116 2348 3202 2419 pie
3244 2363 3303 2402 se
3339 2346 3545 2421 sacrifi-

1941 2444 2096 2493 casse
2159 2438 2570 2504 existimarent,
2618 2420 2675 2494 ἐἰ
2728 2451 2886 2495 antea
2944 2440 3177 2523 lmerint
3232 2438 3539 2523 (Lactant.,

1943 2524 2031 2583 lib.
2057 2536 2090 2584 ν
2114 2528 2350 2584 Institul.
2375 2573 2390 2598 ,
2435 2548 2553 2602 cap.
2602 2528 2673 2588 ‘20
2696 2573 2710 2597 ,
2756 2549 2879 2604 pag.
2906 2530 3059 2603 512).

2014 2621 2121 2678 Sed
2147 2622 2260 2679 Ιιςιξο
2288 2622 2562 2680 sacriﬁciis
2592 2624 2876 2697 prtcmissa
2909 2623 3105 2680 lavatio
3124 2666 3141 2693 ,
3173 2639 3266 2703 seu
3296 2625 3542 2707 ablatio,

1942 2724 2036 2771 aut
2061 2716 2304 2787 aspersio
2350 2733 2457 2772 non
2498 2716 2800 2782 efﬁciebat,
2836 2728 2893 2772 ut
2944 2730 3207 2772 caesarum
3234 2715 3535 2785 hostiarum

1944 2812 2204 2883 sanguine
2224 2854 2238 2877 ,
2263 2820 2319 2868 et
2348 2813 2631 2883 potoribus
2653 2853 2666 2877 ,
2697 2827 2836 2884 quos
2867 2827 2967 2867 nec
2994 2814 3097 2880 ipsi
3143 2813 3545 2880 sacrificantes,

1945 2906 2085 2960 sicut
2129 2915 2318 2960 auctor
2350 2915 2534 2960 noster
2577 2914 2724 2960 recte
2772 2902 2949 2976 arguit
2990 2898 3210 2975 (Arnob.
3237 2945 3252 2970 ,
3304 2904 3394 2958 lib.
3425 2920 3495 2957 vn
3524 2942 3540 2965 .

1947 3017 2067 3071 pag.
2097 2999 2260 3071 222),
2304 2997 2445 3056 ferre
2493 3010 2738 3071 poterant
2768 2984 2838 3053 dii
2893 3000 3303 3063 honorarentpr.
3342 2997 3529 3075 Neque

246 3104 305 3151 ei
335 3090 454 3150 aliis
481 3090 893 3167 interpr-erilium,
929 3101 1078 3168 quasi
1125 3101 1295 3172 magis
1336 3110 1595 3167 augetur,
1639 3101 1732 3156 ίιιο
1765 3102 1842 3156 in-
1866 3086 1912 3152 C
1945 3086 2145 3147 dixeris
2168 3108 2197 3145 a
2225 3090 2487 3147 Cicerone
2512 3090 2690 3145 citatis
2721 3089 2928 3161 legibus
2957 3105 3099 3172 cum}
3124 3091 3367 3162 corporis
3400 3089 3545 3144 lava-

248 3188 420 3243 ferior
448 3197 565 3255 est,
609 3189 763 3259 cujus
801 3200 1025 3261 augetur
1065 3192 1299 3260 petentia
1330 3190 1516 3264 (Serv.
1542 3235 1558 3258 ,
1587 3192 1640 3246 in
1671 3193 1759 3249 lib.
1791 3210 1844 3249 tv

244 3281 505 3350 Αἰηεὶάη
532 3288 586 3350 ι,
630 3292 749 3355 pag.
792 3284 930 3352 3l6,
979 3290 1025 3338 el
1060 3280 1329 3350 Brisson.,
1375 3284 1511 3341 lib.t
1555 3285 1618 3341 de
1658 3274 1840 3363 Form.

245 3395 370 3451 pag.
408 3376 523 3451 21).
556 3376 625 3434 At
651 3378 738 3448 id,
783 3392 877 3437 aut
900 3380 1025 3452 quid
1056 3383 1232 3439 simile
1258 3383 1328 3439 de
1368 3384 1477 3440 Deo
1526 3384 1712 3440 dicere
1758 3385 1843 3442 vel

244 3473 485 3542 cogitare
513 3471 735 3543 impium
766 3482 850 3529 est
887 3472 1015 3542 (Cic.
1046 3518 1060 3544 ,
1091 3476 1278 3549 fragm.
1300 3518 1315 3543 ,
1344 3493 1467 3550 pag.
1498 3477 1613 3551 16).

320 3564 430 3621 Nos
462 3565 643 3637 itaque
668 3562 838 3624 Deum
869 3583 1027 3633 vere,
1052 3583 1117 3625 uc
1142 3569 1409 3635 maxime,
1449 3579 1505 3625 et
1542 3586 1705 3643 super
1733 3582 1843 3626 cte-

248 3660 597 3731 terapmnia
645 3658 975 3716 honoramus
1028 3671 1083 3716 et
1134 3662 1393 3729 colimus;
1433 3678 1555 3719 cum
1609 3662 1677 3720 de
1728 3664 1846 3735 ipso

247 3751 412 3821 digne
454 3750 723 3807 sentimus
770 3751 1027 3820 (Arnob,
1076 3752 1167 3810 lib.
1203 3769 1311 3819 vn,
1358 3771 1478 3827 pag.
1508 3755 1659 3825 222).
1704 3755 1845 3811 Nihil

246 3846 448 3915 quippe
474 3844 745 3900 credimus
791 3845 843 3900 in
876 3846 966 3900 illo
1007 3854 1131 3903 esse
1154 3889 1168 3911 ,
1215 3843 1358 3921 quod
1391 3850 1520 3906 solis
1558 3851 1847 3911 conveniat

248 3937 609 4006 mortalibus,
668 3948 760 3997 ant
814 3924 917 4010 ipsi
970 3942 1346 4008 extrinsecus,
1396 3954 1505 4012 quo
1543 3942 1847 4014 perturbari

248 4030 460 4101 passit,
500 4029 766 4085 adveniat.
819 4031 1001 4087 Palam
1032 4044 1248 4103 quoque
1294 4031 1525 4090 fatemur
1554 4030 1706 4090 illum
1749 4048 1849 4089 sua

248 4122 309 4176 vi
357 4137 418 4177 se
463 4120 855 4194 perfectissime
906 4139 1265 4196 cognoscere,
1300 4120 1564 4197 neej‘ullo
1612 4138 1848 4197 unquam

250 4214 548 4272 iracundiae
575 4256 592 4282 ,
625 4215 947 4285 voluptatis,
981 4217 1290 4272 ambitionis
1314 4259 1331 4286 ,
1364 4214 1705 4289 cupiditatis,
1756 4226 1850 4275 aut

250 4308 449 4379 quovis
475 4304 656 4379 ejusce
683 4306 828 4364 modi
866 4306 971 4365 alio
1004 4317 1153 4365 motu
1175 4309 1385 4379 agitari.

324 4402 458 4469 Quis
478 4416 609 4473 ergo
637 4410 744 4457 non
772 4403 889 4459 sine
908 4403 1067 4458 sibilo
1090 4403 1344 4473 explodat
1365 4401 1611 4459 ethnicos
1633 4400 1685 4479 (1
1694 4402 1846 4474 bid.),

1949 3174 2093 3240 tione
2118 3195 2325 3240 castum
2357 3184 2595 3239 animum
2638 3172 2859 3255 rEqniri.
2890 3183 3022 3239 Nam
3054 3164 3188 3239 nihil
3216 3181 3285 3237 de
3318 3184 3405 3237 illa
3436 3198 3533 3259 (ιιι-
3608 3212 3614 3219 ~

1946 3283 2138 3337 rabant
2164 3283 2412 3355 gentiles.
2445 3282 2562 3352 Quo
2594 3293 2775 3336 autem
2819 3281 2980 3336 modo
3010 3291 3192 3335 castus
3221 3295 3344 3336 eSse
3389 3290 3545 3352 pote.

1947 3387 2031 3430 rat
2051 3391 2235 3430 eorum
2279 3366 2521 3438 animus,
2550 3376 2637 3446 qui
2670 3373 2771 3429 diis
2815 3374 2995 3439 omni,
3032 3374 3107 3428 tui
3153 3373 3543 3439 venditabant,

1948 3464 2371 3523 efi‘rcnatissitnze
2401 3466 2640 3523 libidinis
2681 3474 2735 3522 et
2772 3464 3117 3536 impudicitiae
3166 3480 3369 3537 geni-re
3415 3479 3547 3520 con-

1948 3560 2213 3616 taminatis
2241 3577 2303 3615 ea
2325 3577 2445 3630 quae
2472 3560 2701 3615 diximus
2718 3602 2733 3625 ,
2765 3559 3032 3616 faciebant
3060 3557 3370 3615 sacrificia?

2023 3654 2288 3709 Praeterea
2338 3670 2507 3719 vero,
2551 3654 2596 3708 si
2646 3654 2959 3709 sacrificatis
3004 3653 3328 3708 animalibus
3373 3652 3547 3707 honos

1949 3742 2051 3804 diis
2083 3746 2353 3814 redditur,
2389 3764 2484 3803 cur
2521 3738 2752 3817 ethnicis
2799 3749 2865 3803 iis
2919 3764 3026 3803 non
3075 3747 3387 3802 mactabam
3429 3747 3545 3801 elev

1950 3834 2215 3911 pbantos,
2271 3856 2463 3905 ursos,
2514 3856 2712 3905 canes,
2745 3840 2955 3908 balbus,
3005 3836 3172 3895 codex
3220 3856 3323 3895 nis.
3370 3841 3547 3907 regius

1951 3936 2178 4000 belluas,
2211 3928 2385 3990 littera
2413 3953 2466 3990 ιι.
2501 3951 2600 4007 pro
2627 3933 2675 3989 b.
2731 3951 2882 3990 inore
2930 3935 3090 3989 solito
3119 3936 3287 4004 posita
3333 3932 3499 4005 (Ibid.
3522 3975 3538 4002 ,

1952 4038 2071 4100 pag.
2092 4024 2244 4099 223).
2275 4024 2433 4083 Belba
2464 4037 2642 4083 autem
2672 4025 2811 4082 idem
2836 4025 3101 4096 significat
3129 4040 3290 4095 atque
3323 4024 3508 4095 bymna
3528 4066 3545 4091 ,

1950 4111 2405 4193 quemadmodum
2434 4119 2677 4190 epistolse
2701 4135 2730 4173 a
2760 4117 3005 4173 Barnaba
3034 4118 3247 4195 scriptm
3280 4102 3548 4188 interpres

1952 4204 2469 4284 pseudo-Clemens,
2500 4208 2833 4283 Capitolinus
2864 4218 2915 4267 et
2958 4210 3259 4265 Cotelerius
3288 4210 3543 4280 observa,

1952 4318 2077 4364 runt
2129 4300 2422 4382 (Barnab.,
2470 4305 2684 4379 Epist.,
2720 4324 2863 4361 num.
2916 4305 3018 4373 10;
3069 4305 3265 4372 Clem.,
3309 4304 3399 4360 lib.
3451 4321 3548 4362 vm

1952 4403 2218 4474 Recognil.
2250 4444 2265 4470 ,
2295 4401 2322 4476 ᾗ
2354 4402 2421 4458 25
2445 4420 2464 4467 ,'
2487 4400 2707 4473 Capitol.
2730 4444 2746 4469 ,
2770 4400 2860 4456 sub
2881 4401 2973 4470 ﬁn.
2993 4441 3009 4468 ,
3031 4399 3193 4455 Cordi
3214 4403 3282 4467 3;
3301 4388 3516 4455 Coteler.
3532 4442 3546 4467 ,

253 4497 347 4569 qui
396 4497 777 4553 existimabant
802 4514 861 4554 se
890 4514 997 4553 non
1029 4498 1309 4554 minimmn
1342 4499 1445 4555 diis
1472 4501 1585 4555 suis
1613 4501 1851 4558 tribuere
1875 4486 1930 4563 Ι)
1954 4495 2008 4551 in
2052 4498 2194 4551 citat.
2226 4496 2373 4567 epist.
2403 4494 2680 4567 Barnab.).
2729 4484 2837 4553 Cur
2882 4497 3043 4552 etiam
3071 4495 3274 4550 ethnici
3306 4510 3412 4549 non
3445 4494 3550 4547 imo

252 4591 556 4661 honorem,
610 4590 654 4644 si
683 4600 837 4646 sacra
866 4590 1095 4663 quadam
1125 4586 1370 4663 corporis
1402 4593 1671 4649 lavatione
1701 4594 1850 4665 prius

254 4680 646 4747 abluerenlur,
693 4692 852 4751 quam
906 4690 1031 4737 ante
1072 4674 1285 4738 illorum
1330 4698 1424 4739 ora
1478 4683 1707 4751 bovem,
1758 4676 1852 4740 aut

251 4773 400 4830 aliud
448 4772 650 4828 animal
690 4772 999 4829 occiderent
1042 4768 1293 4847 illiusque
1337 4768 1678 4831 effunderent
1727 4791 1851 4832 san-

251 4864 513 4937 guinem?
559 4862 781 4936 Templa
835 4865 1111 4921 enimvero
1169 4877 1453 4938 antequam
1508 4866 1755 4935 adirent,
1786 4858 1849 4923 ab

253 4957 397 5013 omni
421 4957 534 5011 labe
556 4971 617 5012 se
643 4972 833 5029 puros,
861 4966 919 5011 ut
948 4954 1021 5012 ait
1067 4954 1333 5015 Arnobius
1380 4952 1605 5033 (1ὺὶι1.),
1641 4960 1807 5016 lautos
1829 5003 1846 5029 ,

252 5068 353 5109 seu
401 5049 645 5118 levatos,
689 5052 1113 5122 castissimosque,
1140 5053 1485 5123 prmatabanl,
1534 5064 1627 5109 aut
1672 5054 1849 5126 potius

254 5162 316 5203 se
376 5154 633 5216 praestare
661 5143 1081 5200 arbitrabantur.
1128 5134 1203 5199 De
1254 5142 1346 5200 illo
1385 5156 1562 5201 autem
1608 5146 1848 5203 ethnico-

252 5252 376 5296 rum
405 5252 527 5294 sese
548 5234 761 5292 levandi
784 5250 932 5291 more
954 5234 1170 5305 scripsit
1195 5230 1417 5292 Cicero:
1441 5232 1662 5294 «Custos
1687 5226 1848 5293 lubet

252 5334 344 5390 lex
370 5331 522 5388 adire
542 5330 608 5386 ad
625 5330 780 5398 deos,
799 5328 977 5387 animo
998 5334 1267 5402 videlicet,
1291 5337 1341 5390 in
1366 5353 1470 5408 quo
1499 5342 1623 5392 sunt
1645 5338 1842 5392 omnia.

251 5424 366 5481 Nec
396 5423 535 5479 tollit
558 5422 933 5479 casﬁmoniam
964 5427 1204 5497 eorpOris
1229 5446 1242 5483 :
1266 5427 1361 5484 scd
1387 5429 1488 5485 hoc
1516 5438 1734 5501 oportet
1761 5430 1844 5485 in-

253 5517 452 5591 telligi,
486 5533 605 5574 cum
629 5514 853 5572 multum
880 5518 1087 5574 animus
1113 5523 1326 5592 corpori
1369 5532 1614 5592 przestet,
1661 5524 1847 5580 obser-

252 5624 521 5683 vaturque
568 5623 625 5667 ut
679 5621 830 5668 casto
886 5627 1116 5682 corpore
1177 5615 1439 5683 adeatur,
1508 5610 1678 5673 multo
1729 5634 1849 5675 esse

255 5710 312 5767 in
341 5704 535 5763 animis
562 5706 883 5763 servandum
912 5708 1099 5778 magis.
1131 5704 1263 5764 Nam
1300 5711 1431 5766 illud
1473 5714 1557 5768 vel
1604 5712 1732 5768 illud
1762 5730 1848 5770 as-

272 5802 597 5873 aspersione
621 5812 798 5872 aqua,
830 5796 917 5859 vel
944 5796 1155 5859 dierum
1197 5814 1422 5862 numero
1451 5804 1654 5863 tollitur
1685 5825 1698 5862 :
1730 5808 1847 5863 ani-

1955 4586 2229 4647 molabant
2272 4590 2628 4647 lminissulum
2674 4601 2722 4645 et
2777 4588 3067 4653 Puteones,
3117 4588 3206 4660 qni
3250 4597 3385 4642 teste
3439 4584 3550 4640 Pli-

1954 4684 2082 4748 nio,
2134 4678 2485 4740 Aldrovando
2516 4728 2529 4751 ,
2590 4692 2646 4738 et
2689 4682 2811 4737 aliis
2861 4681 3111 4752 quietiam
3166 4690 3322 4736 erant
3369 4678 3549 4749 avium

1951 4792 2149 4848 genera
2174 4792 2189 4842 ;
2217 4792 2315 4832 cur
2340 4793 2442 4834 nec
2466 4778 2720 4849 solifagas
2741 4794 2834 4833 seu
2858 4776 3122 4846 sotipugas
3161 4817 3178 4842 ,
3214 4791 3308 4830 seu
3347 4773 3551 4828 bestio-

1953 4871 2031 4925 las
2083 4870 2389 4934 maleﬁcas,
2440 4886 2561 4941 qua:
2605 4885 2725 4927 cum
2776 4869 2856 4925 sol
2923 4867 3197 4923 ardentior
3254 4875 3373 4929 est,
3435 4875 3545 4921 tum

1952 4965 2131 5020 acrius
2182 4975 2464 5036 pungunt;
2518 4980 2616 5020 cur
2643 4980 2741 5020 nec
2790 4965 3044 5028 natrices,
3078 4977 3172 5033 seu
3219 4967 3547 5047 serpentes,

1952 5060 2220 5116 venenum
2252 5061 2303 5113 in
2347 5075 2540 5131 aquam
2570 5056 2856 5113 fundentes
2880 5099 2895 5122 ,
2938 5054 3007 5109 de
3049 5052 3240 5124 quibus
3268 5036 3410 5106 idem
3439 5038 3551 5106 Pii;

1951 5152 2103 5215 nius,
2151 5151 2402 5217 Solinus,
2454 5148 2739 5219 Lucanus,
2789 5140 3061 5207 Isidorus.
3117 5146 3343 5211 Cicero.
3382 5142 3548 5199 Colu—

1952 5242 2146 5311 mella,
2179 5256 2233 5319 et
2262 5260 2359 5300 nos
2389 5245 2516 5300 alibi
2560 5244 2731 5316 (Plin.
2752 5285 2767 5309 ,
2797 5241 2886 5297 lib.
2936 5256 3064 5296 xvm
3131 5236 3326 5293 Natur.
3382 5239 3502 5290 hist.
3530 5276 3546 5303 ,

1951 5356 2067 5410 cap.
2098 5338 2129 5394 7
2158 5349 2205 5395 el
2228 5339 2299 5405 8;
2339 5340 2506 5407 idem,
2549 5340 2639 5395 lib.
2671 5354 2762 5394 vut
2785 5379 2797 5401 ,
2832 5353 2949 5408 cap.
3005 5333 3113 5396 50;
3151 5332 3242 5387 lib.
3276 5347 3387 5386 χχιι
3427 5348 3548 5402 cap.

1950 5432 2210 5499 ull.;lib.
2244 5451 2413 5503 xxix,
2461 5451 2579 5504 cap.
2610 5434 2683 5498 4;
2736 5431 2904 5488 Satin.
2935 5472 2949 5497 ,
2997 5445 3115 5500 cap.
3167 5428 3229 5491 ὁ,
3274 5442 3397 5497 pag.
3444 5424 3547 5489 i8;

1952 5522 2148 5580 Lucan.
2175 5568 2191 5590 ,
2215 5526 2303 5581 lib.
2342 5543 2391 5580 Ix
2414 5568 2428 5592 ,
2469 5542 2596 5580 vers.
2630 5524 2770 5590 837;
2799 5521 2990 5579 Isidor.
3016 5564 3031 5588 ,
3089 5517 3178 5573 lib.
3227 5533 3299 5571 xit
3351 5513 3501 5586 Orig.
3523 5555 3540 5581 ,

1951 5637 2068 5689 cap.
2097 5621 2165 5685 4;
2195 5617 2356 5674 Cicer.
2381 5660 2396 5684 ,
2429 5618 2517 5674 lib.
2552 5634 2603 5674 tv
2655 5618 2803 5672 acad.
2852 5615 3071 5685 Qua’sl.,
3119 5628 3245 5683 pag.
3276 5609 3388 5689 ἴῃῖῃ
3432 5608 3537 5664 Co-

1953 5711 2126 5767 lumel.
2150 5752 2165 5777 ,
2195 5712 2284 5768 lib.
2315 5728 2364 5778 ι,
2399 5727 2513 5784 cup.
2559 5709 2639 5782 5).

2032 5788 2457 5875 ReSpondebant
2482 5801 2707 5891 gentiles
2729 5843 2745 5873 ,
2773 5810 2832 5859 ut
2851 5798 3064 5857 debitus
3104 5790 3216 5850 diis
3243 5794 3417 5849 honos
3460 5787 3557 5843 tri«
