3986 6058
383 254 488 312 659

1633 263 2086 323 DISSERTATIO
2111 264 2391 323 PR/EV’IA

3568 273 3676 330 640

379 372 612 440 huatur,
649 387 712 430 ea
737 389 860 432 esse
884 375 1265 446 sacriﬁcanda,
1298 393 1418 454 quae
1445 378 1525 436 illi
1553 380 1620 436 ad
1648 381 1812 437 vitam
1860 398 1982 437 sus—
2011 388 2062 448 Α
2086 381 2257 440 videri
2287 385 2524 454 possint;
2557 398 2713 441 nemo
2745 394 2922 442 tamen
2963 387 3276 445 difﬁtebitur
3304 389 3370 445 iis
3411 390 3664 448 omnibus

381 467 691 525 tentandam
717 470 874 527 nobis
898 471 1329 542 suppeditarunt.
1354 473 1496 546 Ergo
1521 519 1536 541 ,
1585 476 1758 548 inquit
1783 487 1964 532 auctor

384 571 603 626 noster.
634 561 1040 619 sacriﬁcandum
1068 573 1151 621 est
1174 567 1253 621 eis
1275 609 1290 633 ,
1322 569 1602 630 cuminum.
1635 569 1808 636 cujus,
1839 586 1972 639 prae--

386 663 470 710 ter
499 653 634 709 alios
687 655 930 710 meminit
956 656 1160 712 Plinius
1185 656 1352 718 (Plin.
1378 700 1394 726 ,
1427 659 1518 716 lib.
1551 676 1642 715 XIX
1669 660 1806 715 Hist.
1838 672 1970 729 nat.,

385 763 502 820 cap.
528 747 597 812 8,
647 765 770 821 pag.
797 749 927 821 6l3)
953 792 969 818 ,
1017 751 1100 806 Vel
1148 755 1502 821 nasturcium,
1539 755 1607 810 ab
1655 771 1721 812 eo
1760 773 1975 828 quoque

387 848 782 910 memoratum,
841 851 898 898 et
943 858 1080 914 quo,
1129 855 1186 899 ut
1234 853 1478 908 testatur.
1525 846 1749 912 Cicero,
1798 850 1977 906 Persae

387 935 534 990 vesci
576 934 855 1000 solebant;
888 937 972 992 vel
1021 937 1227 1005 bulbos,
1273 938 1342 993 ab
1387 940 1599 1005 Ovidio,
1631 953 1682 997 et
1737 941 1978 998 Martiale

391 1026 586 1100 (Plin,
616 1029 742 1084 ibid.
763 1073 777 1094 ,
808 1048 929 1103 pag.
957 1032 1084 1094 6H;
1107 1030 1213 1088 Cic.
1236 1075 1252 1097 ,
1283 1033 1376 1087 ltb.
1409 1034 1474 1088 de
1495 1033 1702 1099 Finib.,
1735 1053 1790 1107 ρ.
1811 1035 1900 1103 66,
1934 1045 1982 1089 cl

389 1123 478 1177 lib.
503 1139 534 1176 v
558 1122 770 1179 Tuscul.
795 1166 810 1192 ,
864 1142 985 1197 pag.
1006 1125 1142 1191 {92;
1179 1126 1358 1192 0vid.,
1386 1129 1478 1181 sub
1509 1129 1611 1196 ﬁne
1651 1127 1740 1183 lib.
1771 1127 1980 1182 Remed.

388 1233 594 1284 amor.,°
627 1219 889 1284 Μινύαι..
918 1219 1008 1275 lib.
1036 1237 1114 1282 ιιι.
1136 1219 1319 1294 Epigr.
1350 1222 1444 1295 54)
1474 1221 1820 1289 decantatus,
1852 1237 1986 1294 quo-

390 1327 508 1367 rtttn
539 1323 748 1378 natura,
768 1323 903 1369 teste
932 1313 1126 1378 Plinio,
1168 1314 1326 1371 sis-eri
1353 1327 1405 1370 et
1431 1316 1720 1386 pastinacm
1743 1317 1987 1385 proxima

2073 490 2256 531 secum
2313 479 2663 548 compositis,
2729 488 2891 550 atque
2951 480 3252 552 conjunctis
3307 484 3676 552 superstitiosa

2075 571 2351 639 gentilium
2377 572 2634 628 sacriﬁcia
2661 572 2816 643 plane
2842 575 3159 645 penitusque
3182 577 3439 634 subverti.
3468 577 3551 634 Ad
3575 578 3677 633 alia

2078 663 2284 735 itaque,
2317 664 2364 720 si
2403 663 2580 730 lubet,
2632 666 2950 722 excutienda
2994 669 3276 723 veniamus

2689 797 2976 839 Διιτιευιυε
3012 800 3091 840 ΙΙΙ.

2085 898 2397 948 Ponderatur
2420 898 2548 948 aliud
2587 897 2788 948 Arnobii
2831 898 3067 948 adversus
3111 899 3416 949 ethnicorum
3448 898 3683 950 sacriﬁcia

2147 969 2512 1025 argumentum.
2538 963 2651 1012 inde
2672 963 2904 1025 petitum,
2928 962 3056 1025 quod
3074 962 3247 1025 bOSllﬂ’
3274 963 3357 1011 uni
3375 963 3489 1020 deo,
3509 971 3559 1012 et
3575 964 3684 1011 alite

2146 1023 2291 1136 alter:
2334 1023 2722 1086 immolabantur,
2757 1025 2839 1074 ubi
2877 1023 2957 1074 de‘
2975 1024 3072 1076 diis
3107 1024 3297 1086 inferis,
3332 1031 3384 1076 et
3416 1025 3570 1076 scrofa
3603 1026 3684 1076 in-

2154 1098 2266 1136 eten
2293 1099 2340 1135 e.

2154 1098 2340 1136 olente.

2166 1211 2483 1281 Rejicicnda
2523 1229 2646 1270 esse
2692 1214 2971 1285 gentilium
3016 1214 3277 1271 sacriﬁcia
3309 1224 3369 1271 ut
3415 1215 3687 1272 Arnobius

2091 1308 2260 1376 magis
2307 1307 2580 1378 magisque
2635 1307 2948 1377 patefaciat,
2986 1308 3054 1363 ab
3095 1309 3197 1364 illis
3247 1310 3420 1380 poscit
3461 1325 3560 1366 cur
3596 1311 3686 1365 uni

392 1416 498 1474 est;
527 1408 611 1463 vel
631 1409 857 1477 acinum,
879 1425 973 1465 seu
1001 1425 1274 1482 ocyutum,
1291 1409 1504 1465 ocinam
1527 1420 1580 1465 et
1600 1411 1776 1474 ozina,
1801 1409 1990 1480 dequo

2128 1417 2195 1453 eo
2238 1409 2480 1465 taurum,
2521 1400 2672 1454 alteri
2702 1399 2913 1456 haedum
2938 1443 2952 1464 ,
2987 1401 3111 1456 huic
3139 1416 3297 1464 oves,
3331 1402 3403 1457 illi
3446 1402 3680 1459 inscien-

394 1511 596 1570 praeter
618 1503 729 1569 jam
760 1500 1031 1556 laudatum
1058 1501 1288 1557 Plinium
1321 1501 1526 1569 Varro,
1551 1504 1704 1565 Cato,
1727 1513 1783 1558 et
1809 1502 1986 1558 Theo-

395 1595 647 1666 phrastus
674 1595 841 1669 (Plin.
870 1641 884 1664 ,
917 1597 1005 1652 lib.
1039 1598 1125 1651 cit.
1146 1640 1162 1664 ,
1207 1615 1328 1669 pag.
1360 1598 1456 1654 59f
1481 1617 1502 1666 ;
1528 1599 1662 1654 idem
1682 1641 1697 1661 ,
1746 1598 1834 1655 lib.
1865 1615 1957 1654 XIX
1977 1641 1993 1665 ,

397 1704 515 1758 cap.
548 1688 611 1756 8,
645 1706 767 1760 pag.
801 1689 944 1756 ﬁll;
979 1688 1132 1745 Varr.
1165 1691 1227 1745 de
1255 1689 1332 1745 Re
1353 1701 1508 1756 rust.,
1551 1691 1639 1745 lib.
1675 1707 1712 1758 t,
1743 1708 1857 1764 cap.
1892 1693 1994 1757 31;

2093 1500 2199 1547 tem
2239 1497 2482 1564 scrofam,
2510 1493 2557 1547 id
2583 1503 2667 1549 est
2690 1508 2840 1550 suem
2871 1496 3145 1566 gravidam
3164 1538 3178 1560 ,
3199 1505 3255 1552 et
3287 1499 3458 1567 partui
3490 1497 3688 1567 prosi-

2095 1601 2276 1653 matn;
2327 1603 2423 1642 cur
2471 1588 2697 1652 singulis
2733 1589 2839 1645 diis
2873 1590 3200 1662 singularem
3231 1592 3519 1661 quamdam
3557 1591 3689 1646 hos-

2111 1679 2272 1744 tiam,
2327 1689 2488 1749 atque
2541 1681 2644 1735 illis
2679 1680 2978 1745 fteminini,
3024 1681 3106 1736 bis
3143 1683 3421 1738 n-asculiui
3456 1685 3690 1754 generis,

398 1781 558 1848 Cato,
605 1783 668 1838 de
705 1783 782 1839 Re
819 1784 998 1840 rustic.
1024 1827 1040 1850 ,
1070 1801 1183 1858 cap.
1216 1785 1321 1850 5-5;
1366 1784 1626 1856 Theophr.
1648 1828 1664 1852 ,
1694 1787 1784 1841 lib.
1820 1803 1889 1841 vn
1933 1787 1995 1843 de

2126 1773 2414 1844 ptihusdam
2467 1774 2575 1828 albi
2632 1776 2715 1831 vel
2770 1775 2905 1840 ruﬁ,
2960 1777 3083 1831 aliis
3136 1778 3281 1848 nigri
3333 1777 3532 1833 coloris
3579 1779 3695 1833 ani-

399 1875 603 1944 Planl.,
633 1895 750 1940 cap.
778 1876 850 1951 3)
883 1879 968 1934 vel
991 1879 1230 1933 cumilam
1262 1879 1520 1945 bubulam,
1551 1880 1705 1949 cujus
1735 1881 1991 1948 plurimas

2094 1865 2201 1920 mal
2233 1865 2596 1922 immolarunt.
2659 1867 2772 1937 Qua
2830 1883 2958 1924 vero
3007 1870 3161 1940 lege,
3216 1869 3428 1940 inquit,
3481 1871 3531 1925 id
3589 1871 3694 1925 ali-

400 1969 657 2025 utilitates
711 1968 1023 2025 describunt
1087 1969 1326 2036 Plinius,
1386 1971 1723 2039 Columella,
1773 1981 1825 2028 et
1875 1973 1995 2029 Sal—

2126 1958 2309 2028 ;uando
2381 1967 2639 2014 statuttnn
2691 1960 2818 2015 est?
2872 1959 3009 2027 Quid
3069 1962 3232 2015 etiam
3311 1961 3474 2016 refert
3530 1961 3686 2030 cujus

404 2063 609 2119 masins
651 2061 846 2134 (Plin.,
878 2063 966 2119 lib.
998 2079 1121 2122 nx.
1155 2081 1273 2135 cap.
1301 2063 1358 2131 8,
1390 2075 1438 2119 et
1466 2065 1554 2141 lib.
1603 2081 1672 2119 xx
1693 2108 1707 2132 ,
1739 2082 1854 2132 cap.
1895 2067 1996 2131 15;

403 2157 654 2214 Columel.
677 2200 691 2222 ,
725 2159 814 2214 lib.
843 2174 932 2214 xv1
975 2159 1040 2213 de
1085 2158 1164 2215 Rc
1190 2161 1368 2215 rustic.
1389 2202 1403 2226 ,
1433 2176 1550 2231 cap.
1580 2161 1684 2226 15;
1720 2159 1948 2215 Salmas.
1978 2202 1994 2226 ,

403 2254 456 2308 in
488 2252 659 2309 Solin.
682 2295 699 2320 ,
731 2270 853 2325 pag.
893 2252 1033 2308 1275
1063 2263 1113 2306 et
1135 2255 1321 2325 seqq).

477 2349 644 2422 Urget
670 2349 915 2405 ethnicos
938 2349 1157 2419 (Arnob.
1184 2391 1200 2419 ,
1225 2349 1312 2404 lib.
1343 2365 1450 2415 vn,
1474 2367 1595 2422 pag.
1612 2349 1720 2404 924
1745 2358 1792 2404 et
1835 2347 2000 2421 seqq.)

405 2443 718 2501 Arnobius:
747 2443 802 2498 Si
832 2457 994 2498 canes
1015 2485 1032 2508 ,
1063 2443 1238 2510 asini,
1277 2443 1464 2514 porci,
1511 2443 1825 2510 motacillae,
1874 2458 2002 2498 aves

406 2537 648 2603 scilicet,
699 2551 819 2607 quae
873 2543 1163 2591 attestante
1203 2533 1428 2606 (Varr.,
1488 2536 1578 2590 lib.
1623 2552 1676 2591 tv
1733 2536 1797 2589 de
1848 2534 2002 2607 Ling.

408 2630 502 2684 lat.
525 2670 542 2696 ,
574 2644 694 2699 pag.
729 2625 1066 2700 l9)Varrone
1086 2669 1103 2695 ,
1134 2625 1361 2683 caudam
1413 2643 1630 2698 semper
1661 2638 1876 2683 movent
1901 2669 1918 2691 ,
1963 2629 2008 2683 si

421 2723 770 2792 hirundines,
815 2735 1038 2794 accepto
1067 2723 1247 2794 aliquo
1291 2722 1641 2778 humanitatis
1669 2737 1828 2779 sensu
1848 2765 1862 2788 ,
1895 2739 2010 2777 cre-

416 2817 611 2876 derent
657 2817 789 2874 deos
837 2832 938 2872 nos
980 2831 1139 2882 esse,
1187 2817 1449 2888 nobisque
1489 2831 1638 2873 sacra
1669 2815 1846 2872 facere
1893 2818 2010 2872 vel-

415 2911 559 2980 lent,
591 2910 848 2982 numquid
905 2911 1096 2966 honori
1145 2910 1471 2966 duceremus
1520 2911 1588 2964 ab
1632 2910 1736 2978 illis
1767 2926 2011 2975 muscas,

413 3005 698 3070 formicas,
752 3013 1030 3068 stercora,
1077 3003 1308 3076 aliaque,
1357 3003 1554 3074 quibus
1587 3003 1825 3068 aluntur,
1860 3003 2018 3058 nobis

413 3096 747 3154 sacriﬁcari?
787 3096 951 3168 Atqui
995 3095 1072 3152 dii
1121 3100 1369 3151 mactatis
1408 3107 1713 3162 taurorum,
1759 3096 2016 3150 aliorum-

2097 2053 2344 2109 attimalis
2388 2054 2537 2109 cmde
2587 2053 2802 2125 aliquod
2837 2055 3074 2110 hominis
3119 2055 3344 2110 debitum
3392 2056 3583 2123 luatur,
3631 2065 3690 2112 et

2099 2147 2321 2204 sedetur
2349 2147 2578 2204 deorum
2625 2149 2940 2205 iracundia?
2981 2149 3250 2221 Numquid
3282 2151 3366 2205 his
3394 2152 3552 2206 unius
3597 2167 3698 2220 po-

2102 2244 2207 2298 tius
2238 2257 2400 2311 quam
2450 2242 2674 2298 alterius
2706 2245 2926 2314 sanguis
2975 2244 3179 2314 gratior
3205 2252 3290 2300 est
3313 2253 3366 2301 et
3389 2245 3700 2313 acceptior?

2176 2335 2595 2406 Respondebant
2643 2336 2843 2392 ethnici
2895 2337 3028 2393 deos
3059 2351 3237 2394 mares
3286 2352 3411 2393 esse
3441 2345 3498 2393 et
3545 2337 3704 2392 fetui-

2110 2445 2239 2495 nas,
2279 2428 2414 2483 alios
2450 2428 2672 2484 dextros
2702 2428 2838 2484 alios
2867 2430 3063 2491 laevos,
3116 2428 3382 2500 quosdam
3430 2443 3695 2500 superos,

2111 2530 2166 2577 et
2217 2523 2506 2577 nonnullos
2549 2521 2786 2588 inferos,
2838 2533 3002 2594 atque
3054 2522 3256 2578 idcirco
3298 2523 3404 2578 illis
3453 2524 3705 2580 victimas

2115 2617 2314 2673 diversi
2344 2618 2560 2689 generis
2589 2617 2896 2674 evadendas.
2929 2619 3000 2675 At
3031 2617 3082 2672 id
3118 2618 3332 2688 quidem
3365 2634 3395 2673 a
3426 2617 3535 2674 diis
3565 2633 3708 2689 prm-

2117 2723 2330 2783 ccptum
2363 2713 2528 2768 fuisse
2573 2712 2801 2783 probare
2843 2713 3065 2768 forsitan
3108 2721 3357 2783 poterant
3405 2713 3505 2768 hoc
3534 2712 3708 2783 Apol-

2118 2805 2242 2859 linis
2271 2807 2493 2860 oraculo
2513 2846 2528 2873 ,
2557 2807 2750 2877 gr:ecis
2791 2806 3039 2863 versibus
3079 2805 3224 2860 edito
3245 2847 3259 2867 ,
3291 2804 3433 2876 quod
3479 2819 3544 2859 ex
3577 2803 3711 2860 Por-

2118 2899 2310 2972 pltyrio
2349 2899 2611 2954 Eusebius
2641 2900 2911 2970 decerpsit
2947 2897 3221 2974 (Euseb,
3248 2899 3339 2952 lib.
3377 2912 3430 2952 tv
3462 2894 3702 2966 Prtepar.

2118 3005 2297 3063 evang.
2325 3035 2337 3058 ,
2373 3009 2488 3061 cap.
2520 2993 2574 3058 9,
2607 3010 2721 3063 pag.
2761 2992 2864 3046 145
2913 3002 2959 3045 et
3007 2989 3193 3062 seqq).
3224 2989 3330 3045 Sed
3383 2989 3508 3060 quia
3556 2989 3686 3044 illud

2124 3085 2284 3153 paulo
2314 3086 2526 3156 longius
2569 3095 2681 3146 est,
2727 3085 2947 3140 latinam
2976 3083 3256 3139 dumtaxat
3293 3083 3504 3138 illorum
3536 3085 3706 3140 inter-

415 3205 522 3262 que
571 3190 921 3254 animalium,
953 3205 1075 3261 qua:
1121 3203 1247 3244 mox
1293 3198 1646 3260 putrescunt,
1691 3189 2010 3260 corporibus

2126 3180 2477 3248 pretationem
2517 3178 2874 3248 proferemus.

417 3297 528 3338 non
555 3282 724 3353 magis
754 3281 1111 3338 honorantur.

496 3375 697 3432 Verum
743 3376 937 3446 aliquis
968 3392 1067 3432 nos
1117 3375 1205 3431 hic
1243 3376 1572 3441 morabitur,
1617 3392 1679 3431 ac
1725 3377 2014 3448 redarguet

421 3471 625 3529 nullius
675 3471 934 3527 momenti
979 3486 1102 3527 esse
1142 3469 1276 3526 illud
1323 3471 1550 3526 Arnobii
1599 3481 2010 3538 argumentum;

421 3563 857 3637 quandoquidem
916 3562 1086 3618 Judaei
1141 3563 1253 3618 Deo
1305 3578 1434 3617 vero
1486 3577 1649 3625 oves,
1705 3563 1904 3630 boves,
1951 3579 2016 3618 ac

426 3660 582 3731 plura
607 3659 708 3713 alia
727 3659 982 3714 animalia
1007 3657 1506 3725 mactabant.Atqui
1526 3656 1643 3712 htrc
1658 3657 1917 3712 sacriﬁcia
1943 3658 2017 3712 illi

424 3762 578 3824 grata
607 3760 797 3818 erant,
831 3753 998 3806 immo
1023 3750 1090 3805 ah
1121 3751 1238 3820 ipso
1280 3751 1574 3821 imperata,
1626 3760 1786 3820 atque
1817 3751 2018 3807 idcirco

427 3847 482 3901 in
511 3845 629 3917 ejus
660 3844 802 3902 facta
832 3845 1116 3901 honorem.
1143 3843 1249 3900 Sed
1280 3847 1369 3914 qui
1398 3843 1513 3898 haec
1538 3844 1756 3915 objiciet
1781 3859 1846 3900 eo
1877 3843 2016 3915 ipso,

427 3957 538 4013 quo
569 3939 768 3997 fatetur
800 3939 888 3994 illa
919 3940 989 3995 ab
1011 3941 1132 4011 ipso
1161 3939 1272 3994 Deo
1298 3941 1613 4010 praescripta
1662 3938 1828 3994 fuisse
1848 3984 1862 4004 ,
1909 3941 2019 3995 sol-

428 4039 504 4093 vit
535 4035 731 4092 nodttm
751 4079 767 4104 ,
815 4036 859 4091 si
899 4036 1021 4108 quis
1045 4036 1151 4100 sit,
1184 4035 1476 4106 propositae
1507 4049 1537 4089 a
1579 4049 1639 4090 se
1664 4033 2020 4091 difﬁcultatis.

429 4131 547 4189 Jam
580 4133 725 4188 enim
755 4146 915 4202 supra
956 4129 1294 4186 ostendimus
1319 4128 1504 4201 (Supr.
1529 4171 1544 4196 ,
1573 4147 1686 4200 cap.
1717 4129 1783 4195 8,
1807 4139 1909 4184 art.
1937 4129 2022 4198 4),

431 4236 486 4283 et
515 4227 676 4298 paulo
706 4234 829 4297 post
857 4224 1095 4289 dicetur,
1129 4221 1309 4279 omnia
1353 4222 1719 4287 ethnicorum,
1745 4223 2029 4292 quodlibet

434 4320 538 4377 diis
565 4323 676 4375 suis
701 4319 1098 4374 immolantium
1121 4360 1136 4384 ,
1165 4316 1431 4374 sacriﬁcia
1460 4316 1668 4372 idcirco
1697 4317 1764 4372 ab
1785 4317 2027 4374 Arnobio

435 4411 751 4482 reprobari.
786 4412 910 4482 quia
957 4411 1100 4466 nulla
1151 4425 1374 4480 prorsus
1413 4409 1727 4465 eorumdem
1760 4410 1982 4464 deorum
2010 4452 2026 4476 ,

436 4507 526 4578 qui
559 4505 747 4574 utique
779 4504 910 4559 nttlli
952 4515 1137 4567 erant,
1165 4503 1282 4575 lege
1319 4502 1611 4558 constituta
1639 4518 1873 4570 unquam
1918 4502 2033 4558 fue-

2207 3293 2371 3358 'l‘erna
2393 3294 2594 3358 quidem
2617 3294 2839 3353 Laribus,
2867 3295 3069 3344 totidem
3096 3305 3289 3358 sacrare
3315 3298 3567 3358 memento

2207 3355 2476 3412 Caelitibus,
2502 3371 2675 3407 verum
2700 3358 2793 3406 hoc
2814 3358 3096 3406 discritntue
3124 3371 3138 3406 :
3164 3356 3366 3405 candida
3385 3368 3562 3416 nempe

2209 3419 2480 3478 Ctelitibus,
2511 3420 2705 3469 Larium
2732 3421 2796 3469 sit
2819 3419 3046 3470 concolor
3063 3419 3221 3468 hostia
3240 3427 3405 3468 terra}.

2211 3483 2330 3540 Quae
2356 3481 2562 3531 Laribus
2578 3482 2714 3537 ﬁent.
2741 3485 2789 3532 iu
2817 3491 2986 3531 ternas
2998 3481 3171 3544 divide
3196 3489 3362 3544 partes
3391 3494 3402 3527 :

2212 3545 2376 3608 atque
2399 3545 2498 3594 diis
2515 3544 2684 3604 Erebi,
2713 3553 2846 3594 terra
2870 3542 3083 3608 sepelito
3105 3542 3335 3603 subalta,

2215 3606 2609 3670 Eumantemque
2631 3609 2764 3657 caris
2783 3607 3038 3670 scrobibus
3053 3606 3512 3670 demittegcrnorem

2216 3669 2427 3733 Fttudite
2453 3667 2549 3718 mel
2572 3669 2822 3733 Nymphis,
2851 3678 2902 3719 et
2923 3669 3082 3718 mollia
3106 3668 3232 3717 dona
3258 3667 3418 3731 Lytei:

2215 3732 2336 3790 Quze
2360 3732 2751 3782 circumvolitaut
2777 3733 2990 3781 humiles
3015 3743 3136 3790 vaga
3159 3733 3353 3780 numina
3372 3738 3552 3787 terras,

2217 3795 2307 3844 His
2325 3794 2767 3844 circumexundans
2789 3807 3023 3844 succensa
3052 3793 3219 3842 altarta
3240 3796 3440 3856 sanguis

2214 3857 2440 3920 Impleat.
2469 3863 2521 3906 et
2545 3869 2708 3920 sacros
2732 3859 2834 3905 avis
2859 3859 3051 3917 integra
3075 3857 3215 3920 cedat
3239 3858 3286 3904 ιιι
3305 3857 3464 3920 ignes.

2218 3915 2317 3982 Sed
2341 3923 2476 3982 prius
2499 3919 2657 3969 infuso
2675 3920 2913 3982 subigens
2930 3915 3068 3967 tunsa
3096 3919 3275 3967 hordea
3301 3915 3470 3982 melle.

2216 3979 2489 4032 Htec'thuri
2516 3982 2748 4040 admixta,
2773 3979 2825 4031 et
2849 3980 3002 4031 salsas
3019 3994 3170 4039 super
3188 3981 3330 4043 injice
3353 3979 3541 4040 fruges.

2218 4044 2343 4092 Dum
2367 4044 2521 4105 glauci
2545 4046 2693 4094 utaris
2715 4043 2772 4093 ad
2799 4043 3388 4106 tcttuesj'aclurusarenas

2221 4102 2450 4170 Yeneris.
2478 4109 2528 4157 itt
2546 4114 2691 4170 caput
2712 4102 2988 4170 excussam,
3016 4113 3267 4170 totatngue
3287 4102 3554 4170 profundos

2220 4168 2460 4219 Porricito
2480 4171 2528 4218 in
2548 4167 2724 4219 ﬂuctus
2749 4169 3016 4218 volucrem.
3045 4170 3197 4227 ()ueis
3222 4169 3315 4216 rite
3340 4167 3565 4229 peractis,

2221 4233 2524 4295 Admagnus
2548 4232 2729 4280 exinde
2756 4231 3153 4295 cltorosvestigia
3178 4230 3326 4295 flecte

2221 4291 2496 4344 (Σιιιιὶιιιῦιιι.
2524 4295 2674 4343 Sacer
2693 4294 2915 4342 tetheriis
2936 4293 3089 4342 honor
3106 4293 3331 4342 omnibus
3347 4291 3496 4350 idem,

2223 4356 2441 4406 Effusum
2465 4358 2710 4406 scatebris
2733 4357 2792 4404 ad
2815 4356 2975 4404 farrea
2997 4355 3092 4404 litta
3117 4367 3346 4404 cruorem

2225 4419 2486 4482 Stagnare,
2515 4425 2568 4468 et
2585 4419 2766 4482 devota
2788 4419 2896 4466 deis
2915 4429 3168 4481 apponere
3192 4418 3431 4477 membra,

2225 4479 2426 4532 Summa
2445 4482 2646 4545 quidem
2668 4481 2873 4530 ﬂammis
2891 4479 3162 4543 unponere,
3187 4487 3368 4529 caetera
3396 4479 3603 4528 mensis.

438 4575 589 4656 runt.
621 4599 822 4656 Contra
847 4610 1026 4654 autem
1078 4597 1249 4653 Judtei
1285 4613 1415 4653 vero
1445 4597 1556 4652 Deo
1577 4637 1593 4664 ,
1639 4599 1794 4651 sicuti
1829 4611 2033 4665 pratcc—
2060 4575 2114 4635 Ῑ)
2141 4587 2266 4643 Haec
2297 4588 2384 4642 ille
2404 4631 2418 4648 .
2451 4588 2606 4642 sicuti
2659 4596 2713 4640 ct
2756 4586 2924 4641 Lilins
2951 4585 3203 4641 Gimldus
3224 4627 3238 4646 ,
3269 4585 3359 4655 qtti
3389 4584 3580 4640 eadem
3609 4597 3734 4639 car-

439 4703 594 4766 perat
620 4694 1012 4758 sacriﬁcantes,
1045 4708 1167 4748 eum
1192 4692 1343 4747 hisce
1360 4692 1640 4747 sacriﬁciis
1658 4690 2034 4746 honorabant?

438 4790 628 4847 Nonne
656 4790 800 4846 enim
830 4791 922 4861 qui
971 4789 1183 4860 jnbeuti
1215 4788 1592 4858 obtemperat,
1622 4802 1688 4842 eo
1727 4786 1844 4857 ipso
1885 4785 2035 4841 debi-

444 4893 555 4941 tum
589 4885 664 4940 illi
693 4883 880 4938 tribuit
922 4880 1228 4937 honorem?

513 4979 782 5034 Praeterea
813 4976 1059 5047 plurimis
1097 4974 1334 5044 antiquis
1362 4973 1620 5029 Ecclesim
1651 4972 1905 5028 Patribus
1926 5015 1941 5035 ,
1971 4987 2035 5025 ac

447 5069 840 5127 recentioribus
875 5067 1147 5136 theologis
1193 5068 1391 5120 nostris
1437 5066 1609 5120 visum
1657 5074 1740 5120 est
1771 5063 2036 5118 sacriﬁcia

449 5164 654 5222 Judmis
674 5179 702 5217 a
729 5164 841 5219 Deo
864 5163 1173 5234 przescripta
1201 5159 1367 5216 fuisse
1391 5202 1405 5224 ,
1436 5176 1540 5215 non
1571 5159 1785 5228 quidem
1826 5159 2038 5228 pmissi-

446 5273 592 5314 mum
616 5265 676 5312 ut
705 5257 772 5310 iis
800 5256 1162 5311 honoraretur
1181 5296 1198 5322 ,
1235 5253 1330 5307 sed
1356 5269 1423 5308 ne
1451 5253 1550 5320 ipsi
1582 5252 1750 5306 Judaei
1785 5253 1836 5305 in
1864 5251 2038 5305 idolo-

453 5353 658 5413 latriae,
710 5349 776 5404 ad
807 5365 965 5419 quam
1009 5346 1414 5418 pr0pensissimi
1457 5355 1651 5410 erant,
1696 5346 1874 5400 scelus
1900 5342 2040 5398 dila-

451 5445 730 5502 berentur.
783 5443 1021 5511 Denique
1072 5441 1356 5505 Arnobius,
1400 5438 1743 5494 cthtticorum
1785 5450 2041 5506 responsa

452 5539 519 5594 iis
571 5537 624 5592 in
680 5535 867 5606 primis
917 5531 1114 5589 refellit
1159 5535 1431 5589 rationum
1478 5531 1801 5594 momentis,
1849 5529 2044 5600 quibus

453 5634 532 5692 illi
580 5648 639 5689 se
668 5632 732 5689 ad
763 5632 869 5687 diis
894 5628 1011 5686 suis
1035 5628 1444 5684 sacrificandum
1467 5626 1714 5682 inductos
1742 5639 1864 5679 esse
1887 5621 2045 5694 jacti-

453 5729 660 5786 tabattt.
707 5725 978 5782 Caeterum
1026 5723 1127 5778 etsi
1154 5720 1363 5792 singula
1393 5721 1531 5775 hanc
1568 5719 1801 5774 aliamve
1845 5716 1897 5770 in
1928 5730 2043 5769 rem

457 5825 526 5881 ab
562 5836 630 5877 eo
671 5820 983 5892 proposita,
1015 5831 1124 5873 non
1176 5814 1422 5884 ejusdem
1467 5811 1680 5869 roboris
1721 5806 2046 5880 quibusdam

2141 4684 2282 4738 mina
2331 4683 2488 4738 aliter
2534 4681 2700 4736 latine
2731 4680 2998 4747 reddidit,
3044 4695 3108 4734 ac.
3147 4679 3315 4733 fusius
3369 4679 3733 4749 prosequitur.

2139 4779 2482 4846 Quapropter
2501 4776 2730 4852 ‘Servius
2753 4776 3036 4839 observat,
3075 4794 3094 4826 ε
3129 4769 3269 4828 sicut
3296 4773 3569 4842 prosperis
3603 4771 3731 4834 diis,

2143 4879 2200 4926 ut
2222 4871 2445 4941 juvent,
2479 4871 2548 4923 ita
2579 4868 2822 4923 adversis
2844 4910 2858 4932 ,
2891 4883 2959 4922 ne
2985 4868 3167 4921 obsint
3203 4865 3640 4920 sacrificandum.
3668 4863 3737 4920 Ut

2147 4962 2353 5032 nigram
2385 4962 2561 5033 ltyemi
2596 4961 2890 5029 pecudem,
2925 4959 3177 5030 zephyris
3207 4957 3450 5013 felicibus
3477 4956 3674 5011 albam.
3713 4976 3732 5008 ι

2147 5055 2398 5128 (Girald.,
2437 5053 2569 5108 Hist.
2603 5054 2767 5116 deor.,
2798 5062 3051 5124 syntagm.
3081 5051 3168 5117 17,
3205 5068 3324 5122 pag.
3349 5048 3454 5105 483
3479 5059 3526 5102 et
3551 5063 3735 5123 seqq.;

2148 5148 2304 5205 Sero.
2326 5189 2340 5211 ,
2385 5149 2436 5201 in
2469 5149 2557 5202 lib.
2586 5163 2636 5201 Iv
2665 5146 2882 5201 .IEnct'd.
2904 5188 2917 5210 ,
2967 5162 3086 5217 pag.
3119 5143 3272 5216 516).

2218 5242 2418 5296 Verum
2452 5249 2806 5311 praeterquam
2861 5237 3003 5308 qttod
3047 5238 3192 5291 citati
3243 5236 3444 5291 oraculi
3495 5235 3740 5300 falsitas,

2148 5335 2217 5390 ab
2247 5335 2392 5405 ipso,
2443 5333 2530 5402 qui
2580 5349 2696 5387 eam
2745 5331 2958 5395 retulit,
3008 5329 3339 5398 Porphyrio,
3391 5327 3745 5399 quemadmo-

2149 5428 2274 5483 dum
2311 5427 2574 5482 Eusebius
2615 5435 2841 5481 testatur
2884 5423 3134 5496 (Euseb..
3184 5423 3311 5475 ibid.
3343 5462 3358 5484 ,
3403 5439 3518 5493 pag.
3577 5421 3740 5493 148),

2151 5523 2330 5593 agnita
2361 5529 2440 5576 est
2461 5562 2475 5582 ,
2510 5529 2659 5574 certe
2690 5527 2877 5571 auctor
2906 5525 3092 5570 noster
3118 5515 3220 5568 hoc
3251 5515 3391 5576 idem
3423 5513 3742 5578 oraculum,

2149 5626 2205 5672 et
2244 5615 2346 5669 alia
2392 5613 2622 5668 errantis
2677 5611 2922 5666 humanae
2961 5610 3155 5664 mentis
3196 5609 3356 5663 allata
3401 5605 3487 5678 ab,
3513 5607 3750 5662 ethnicis

2151 5716 2456 5764 commenta
2490 5705 2646 5760 facile
2663 5703 2932 5773 redarguit
2964 5718 3026 5757 ac
3053 5700 3271 5756 refellit.
3297 5699 3510 5755 Falsum
3543 5700 3750 5771 quippe

2151 5809 2300 5867 erat,
2328 5802 2403 5858 uti
2434 5798 2792 5870 sapientiores
2821 5797 3202 5866 doctioresque
3242 5795 3443 5850 ethnici
3483 5792 3742 5850 fateban-
