3986 6058
198 243 205 251 ι
295 203 390 260 6H

298 425 388 464 t'cs
427 417 481 464 et
513 408 756 463 feminas.
788 407 898 462 Nec
925 406 1102 461 minus
1125 414 1343 476 aperte,
1373 405 1446 458 ttti
1493 406 1724 461 vidimus
1767 406 1890 476 (Ar-

295 501 443 567 nob.,
471 500 558 555 lib.
592 515 667 554 vn
691 541 705 564 ,
742 517 861 571 pag.
909 499 1014 553 223
1050 510 1095 553 et
1125 499 1318 570 θείη),
1352 499 1589 554 ostendit
1638 499 1776 554 falso
1820 502 1888 556 ab

299 593 488 648 iisdem
547 592 779 647 ethnicis
842 590 1013 646 asseri
1073 591 1204 646 deos
1256 591 1513 660 quosdam
1556 600 1745 646 natura
1791 607 1887 646 sua

301 685 469 739 malos
496 699 619 739 esse
664 694 718 739 et
745 682 1036 746 adversus;
1085 683 1513 752 quandoquidem
1547 698 1705 739 verus
1749 683 1892 739 Deus

307 777 705 847 benignissima:
750 784 808 830 et
847 774 1234 830 benefacientis
1258 784 1344 830 est
1372 776 1891 847 tiaturm.‘Denique

307 879 466 941 negat
506 870 646 924 ullos
673 885 792 925 esse
819 867 953 924 deos
983 869 1214 933 inferos,
1242 883 1306 924 ac
1344 870 1447 924 sub
1477 877 1619 924 terra
1669 868 1722 924 iit
1756 870 1891 924 Plu-

300 963 493 1018 t0nicis
547 964 729 1034 regnis
775 962 1032 1033 degentes
1072 961 1276 1032 (lbid.,
1329 981 1450 1034 pag.
1505 961 1655 1034 2‘26).
1718 963 1885 1033 Negat

300 1056 466 1112 etiam
496 1053 808 1123 Juvenalis,
864 1054 1112 1109 ethnicus
1143 1055 1258 1125 ipse
1287 1064 1444 1124 poeta
1467 1095 1483 1119 ,
1510 1053 1562 1108 id
1594 1054 1760 1108 ullum
1795 1053 1891 1108 lto-

301 1148 506 1203 miuem
533 1149 761 1204 credere
823 1148 928 1202 nisi
955 1147 1094 1203 forte
1133 1163 1267 1218 puer
1305 1147 1405 1214 sit,
1441 1152 1616 1202 aetatis
1645 1147 1783 1203 adeo
1809 1155 1893 1203 te-

303 1256 481 1309 nerae,
524 1251 582 1296 ut
623 1239 859 1296 nondum
895 1240 1122 1310 publicis
1154 1242 1207 1295 iu
1253 1240 1479 1296 thermis
1513 1255 1589 1295 aes
1611 1239 1678 1294 ad
1713 1240 1897 1295 lavan-

303 1335 433 1392 dum
465 1336 534 1392 ab
580 1352 647 1393 eo
686 1335 1018 1407 exigeretur.
1069 1334 1186 1404 Ipsa
1218 1347 1400 1390 autem
1437 1331 1555 1388 haec
1599 1342 1726 1388 sunt
1755 1331 1898 1389 illius

303 1448 544 1489 carmina
579 1451 593 1487 2

400 1548 524 1600 Esse
547 1549 738 1612 aliquos
759 1548 947 1608 Manes,
969 1555 1020 1598 et
1041 1547 1367 1612 subterranea
1390 1555 1567 1612 regna,

333 1649 335 1651 ι
477 1607 771 1685 contttftt,_et
787 1614 947 1685 stygio
967 1623 1108 1685 ranas
1129 1608 1400 1685 linigttrgite
1425 1607 1610 1685 nigras,

401 1675 565 1738 Atque
583 1669 685 1723 una
701 1669 909 1724 transir'e
934 1673 1102 1738 vadunt
1127 1679 1200 1738 tot
1210 1669 1371 1738 millia
1386 1669 1574 1738 cymba,

403 1729 510 1788 Nec
529 1739 668 1802 pueri
692 1738 921 1795 credunt,
944 1736 1032 1784 nisi
1055 1734 1140 1797 qui
1166 1733 1379 1782 nondum
1400 1729 1500 1780 tere
1524 1729 1766 1779 lavantur.

714 1816 982 1886 (Juvenal.,
1002 1817 1142 1869 satir.
1162 1817 1213 1876 2,
1235 1827 1363 1893 vers.
1387 1814 1478 1864 H9
1495 1818 1540 1863 et
1558 1813 1716 1879 seqq.)

386 1927 444 1984 Si
472 1927 587 1985 sola
635 1937 810 1998 poetae
851 1923 1142 1980 auctoritas
1191 1922 1283 1976 tibi
1314 1937 1419 1975 non
1465 1920 1728 1985 sulﬁciat,
1780 1916 1906 1972 audi

313 2032 586 2077 oratorem
613 2019 862 2077 similiter
907 2017 1222 2082 ethnicum,
1266 2014 1352 2070 cui
1380 2014 1567 2085 procul
1593 2013 1755 2068 dubio
1798 2025 1907 2067 non

317 2113 718 2186 relragaberis,
765 2113 1021 2169 nimirum
1065 2111 1418 2175 Ciceroneni,
1471 2109 1560 2178 qui
1607 2105 1737 2162 deos
1771 2105 1904 2160 inle-

315 2225 410 2267 ros
441 2208 688 2264 exsrbilat
715 2217 770 2262 et
797 2205 1073 2276 explodit:
1103 2222 1122 2254 ‹
1156 2203 1278 2270 Dic,
1309 2216 1516 2271 quasso,
1540 2201 1748 2270 inquit,
1783 2214 1908 2253 nutu

323 2313 378 2358 te
432 2302 519 2356 illa
564 2310 800 2366 terrent,
847 2298 1047 2368 triceps
1098 2295 1239 2368 apud
1294 2293 1498 2349 inferos
1546 2293 1910 2347 Cerberus...

322 2395 550 2452 Adeone
589 2409 676 2449 me
720 2392 956 2448 delirare
995 2404 1224 2456 censes,
1266 2398 1322 2442 ut
1349 2389 1419 2441 ita
1445 2400 1568 2442 esse
1596 2384 1910 2440 credam....

326 2492 383 2546 Si
413 2505 542 2561 ergo
569 2488 708 2560 apud
737 2487 946 2543 inferos
977 2485 1160 2539 miseri
1194 2499 1299 2536 non
1325 2490 1448 2536 sunt
1469 2522 1484 2545 ,
1533 2495 1602 2535 ne
1627 2488 1753 2533 sunt
1791 2478 1912 2548 qui-

328 2585 453 2639 detn
479 2583 620 2654 apud
653 2581 853 2636 inferos
877 2578 992 2634 ulli.
1034 2578 1110 2632 lta
1136 2590 1361 2647 prorsus
1390 2573 1675 2630 existimm
1703 2570 1914 2642 (ilicet,

327 2676 420 2732 lib.
448 2692 464 2730 t
499 2674 707 2730 Tuscul.
731 2714 746 2740 ,
775 2690 897 2743 pag.
929 2671 1033 2726 116
1052 2710 1070 2737 ,
1111 2670 1206 2724 lin.
1235 2669 1348 2738 55).

328 2819 335 2833 ,
403 2768 510 2825 Sed
554 2780 708 2833 esto,
758 2766 932 2837 pergit.
973 2763 1278 2827 Arnobius,
1311 2760 1568 2816 cedamus
1619 2773 1742 2815 esse
1788 2756 1922 2812 deos

331 2863 571 2929 inferos,
615 2862 777 2918 rebus
825 2860 1110 2931 praalectos
1157 2843 1402 2910 tristibus
1446 2862 1501 2908 et
1525 2849 1804 2915 infaustis,
1837 2856 1922 2902 at-

1317 279 1320 282 ,
1537 187 1607 255 1N
1645 191 2022 266 ARNOBIUM,
2062 197 2216 254 CAP.
2258 185 2448 254 XXIII.

292 327 408 384 tur,
433 322 489 372 et
516 315 764 386 superius
794 313 886 371 ille
910 313 1416 381 demonstraverat,
1443 313 1575 370 deos
1613 329 1732 370 esse
1764 331 1879 370 ma-
1910 327 1963 386 Α

3469 191 3575 251 642

2578 324 2870 368 Αιιτιευιυε
2908 325 2979 366 ιν.

1989 446 2240 507 Quomodo
2263 448 2508 498 Arnobius
2521 447 2615 498 diis
2638 461 2735 497 non
2759 459 2872 497 esse
2887 443 3251 495 sacrificandum
3273 443 3581 507 demonstret

2052 525 2112 574 ex
2142 512 2259 572 ipsis
2284 513 2450 567 rebus,
2475 525 2585 574 qua:
2613 512 2660 558 in
2693 507 3346 574 sacriﬁciisadbibebantur,
3371 506 3470 574 ubi
3492 520 3582 556 ex-

2086 567 2259 623 licatur
2282 575 2396 636 quid
2420 567 2771 636 sit'farcitnen,
2787 571 3030 636 apexabo,
3048 567 3579 636 hircite.__s_i|icerttiu_t_n,

2070 647 2278 697 ougavo,
2303 629 2465 696 laedat,
2494 637 2668 692 taeniae,
2697 629 2940 697 pOliIhiba.
2985 631 3170 694 plasea,
3213 630 3377 697 siligo,
3425 629 3580 697 ﬁtilla,

2054 692 2469 762 lt-ut'itett,'al'ricia,
2489 692 2707 762 gratilla;
2723 692 3022 762 catumeum,
3046 692 3365 762 conspolium,
3388 692 3583 762 cubula,

2055 759 2225 817 libum,
2253 773 2366 810 caro
2387 757 2627 822 strebula,
2668 758 3000 822 pulpamenta,
3030 757 3286 806 salsatnina
3322 757 3590 818 quadrimis

2055 822 2277 885 copulata
2301 823 2542 885 frugibus,
2569 821 2640 871 far
2665 819 2815 884 pium,
2839 819 3063 885 fatidicae,
3097 832 3266 877 ruma},
3292 831 3384 867 seu
3407 830 3586 866 atrum-

2056 882 2149 941 naé,
2171 901 2264 948 gnr
2283 882 2420 945 rulio,
2437 882 2750 934 ruminatdria
2771 882 2968 943 saecula,
2984 889 3318 944 augmentum,
3338 893 3414 929 ma
3502 893 3590 930 eu-

2056 955 2178 993 tum.
2209 901 2436 993 veiamen
2461 948 2770 993 sanauinum-
2795 947 3044 993 nraesiciaz.
3067 957 3124 993 ac
3143 942 3384 993 uuomodo
3406 893 3589 993 ἔπειοτ

2056 942 2436 1007 ῑωιιξνυῖίιωεὶι
2461 948 2770 1010 sanguinum,
2795 942 3124 1010 praestolata—ac
3143 942 3384 1010 quomodo
3406 942 3589 994 Auctor

2057 1005 2226 1060 noster
2247 1012 2472 1062 ostendat
2496 1005 2601 1060 huic
2625 1011 2673 1059 in
2693 1005 2945 1059 sacriﬁciis
2959 1007 3138 1057 frustra
3153 1005 3357 1056 adoleri.

2070 1161 2272 1219 Praeter
2319 1163 2522 1220 hostias
2571 1173 2628 1220 et
2680 1163 2947 1228 victimas,
2996 1177 3059 1218 ea
3111 1160 3290 1217 adhuc
3336 1161 3595 1232 pleraque

2000 1254 2200 1320 omnia,
2223 1272 2345 1327 qua:
2369 1258 2420 1311 in
2444 1256 2724 1313 sacriliciis
2742 1255 3160 1323 adhibebantur,
3186 1253 3328 1309 aliud
3357 1253 3597 1310 Arnobio

2000 1348 2417 1404 subministrant
2447 1359 2845 1422 argumentum,
2870 1364 2977 1420 quo
3002 1347 3092 1403 illa
3119 1348 3333 1418 penitus
3362 1345 3598 1404 tollenda

2002 1456 2126 1497 esse
2152 1443 2494 1512 apertissime
2541 1442 2894 1498 demonstrat.
2953 1441 3164 1497 Ethnici
3215 1441 3410 1513 quippe
3453 1439 3601 1496 varia

2005 1535 2108 1588 diis
2131 1536 2241 1587 suis
2272 1533 2574 1588 olierebant
2601 1533 2962 1601 farcituittttm,
2997 1534 3253 1598 liborum,
3282 1533 3525 1604 pultiutn,
3548 1541 3605 1589 et

2009 1625 2281 1681 litillarttm
2311 1643 2532 1698 genera,
2565 1644 2685 1697 qua:
2712 1627 2816 1682 diis
2842 1642 2948 1682 nou
2990 1627 3163 1682 solum
3194 1627 3431 1698 indigna,
3460 1645 3479 1679 t
3507 1625 3604 1683 sed

1936 1726 1983 1785 Β
2009 1717 2222 1788 quibus,
2254 1737 2274 1771 ι
2306 1719 2542 1775 aucturis
2565 1721 2735 1774 nostri
2785 1734 2881 1775 eos
2907 1719 3234 1790 alloqueutis
3267 1719 3426 1775 verba
3457 1729 3601 1786 sunt,

2011 1829 2031 1864 ι
2071 1811 2285 1866 nomina
2316 1812 2589 1866 indidistis
2618 1811 2871 1880 obscura,
2905 1813 3174 1883 vulgoque
3204 1820 3263 1867 ut
3289 1821 3471 1869 essent
3507 1827 3606 1867 au-

2005 1905 2243 1976 gustiora
2281 1905 2505 1972 fecistis,
2544 1924 2564 1958 ι
2600 1914 2656 1960 et
2681 1914 2739 1960 ut
2769 1905 2928 1975 paulo
2948 1915 3075 1960 ante
3101 1905 3336 1970 dixerat,
3372 1924 3392 1957 ‹
3422 1919 3609 1976 mago-

2008 2014 2124 2052 runt
2153 1998 2477 2053 colimrentia
2505 1999 2836 2066 disciplinis»
2871 1996 3116 2071 (Arnob..
3147 1999 3182 2054 ι.
3221 2014 3311 2067 vn,
3341 2015 3397 2069 ρ.
3428 1997 3535 2055 2‘29
3564 2005 3612 2053 et

2010 2089 2197 2164 καφ).
2223 2111 2242 2145 ι
2268 2091 2406 2158 Quid
2429 2101 2606 2147 autern
2633 2091 2745 2146 hate
2771 2090 2958 2146 ultima
2975 2089 3138 2146 verba
3153 2089 3476 2159 signiﬁcent,
3504 2105 3612 2146 non

2013 2202 2117 2241 una
2158 2195 2241 2242 est
2276 2187 2606 2242 eruditorum
2638 2185 2838 2254 ottinio.
2885 2186 3110 2255 Quidam
3150 2185 3292 2242 enim
3334 2195 3524 2259 putant
3548 2201 3612 2242 ea

2015 2282 2230 2335 nomina
2281 2282 2414 2346 dici,
2469 2298 2732 2354 magorum
2778 2280 3084 2336 coluerentia
3113 2281 3438 2351 disciplinis;
3487 2280 3612 2352 quia

2017 2375 2302 2430 tenebrosa
2325 2384 2377 2428 et
2402 2373 2632 2430 obscura
2658 2382 2833 2437 erant,
2858 2386 2910 2429 et
2938 2373 3002 2428 iis
3025 2373 3241 2437 similia,
3263 2373 3456 2444 quibus
3475 2371 3616 2444 magi

2019 2469 2325 2524 utebantur.
2349 2469 2457 2524 Sed
2482 2469 2758 2524 Contendit
2774 2469 3072 2524 Salmasius
3094 2467 3229 2524 nihil
3250 2482 3372 2524 esse
3392 2466 3617 2524 Arnobii

2025 2566 2193 2621 menti
2227 2569 2399 2636 magis
2427 2566 2760 2620 contrariqu
2794 2564 3075 2638 (Salium,
3104 2568 3369 2620 exercitat.
3422 2565 3475 2619 in
3518 2563 3621 2620 So-

2023 2657 2142 2724 liu.,
2196 2675 2249 2729 p.
2311 2656 2459 2728 128).
2508 2657 2706 2713 Censet
2760 2658 2942 2727 itaque
2995 2657 3288 2713 Aruobium
3339 2657 3408 2714 de
3458 2655 3624 2713 variis

2025 2751 2365 2807 farciminum
2422 2752 2786 2822 liborumque,
2815 2751 3211 2823 generibusque
3255 2752 3444 2823 loqui,
3501 2767 3623 2824 qua:

2026 2845 2095 2900 ab
2140 2860 2207 2900 eo
2259 2844 2514 2900 dicuntur
2574 2859 2850 2915 magorum
2912 2843 3210 2916 disciplinis
3256 2844 3621 2912 cohaerentia;

334 2975 440 3033 que
493 2956 693 3014 idcirco
725 2953 892 3011 hostia
919 2952 1055 3024 nigri
1103 2951 1300 3006 coloris
1338 2949 1440 3003 illis
1487 2944 1707 3001 mactari
1733 2942 1929 2999 debeat
2028 2940 2282 3033 quoniam
2314 2939 2452 3010 magi
2477 2953 2582 2994 non
2610 2938 2882 3005 solida,et
2903 2939 3103 2994 illibata
3124 2949 3398 2995 taurorum
3417 2939 3623 2996 viscera

334 3051 602 3126 (Arnob.,
655 3049 744 3104 lib.
799 3063 908 3115 vn,
953 3063 1073 3117 pag.
1129 3040 1286 3114 226).
1340 3042 1412 3096 At
1465 3055 1572 3110 quo
1608 3046 1798 3109 pacto,
1845 3035 1927 3088 itt—

2031 3031 2136 3086 diis
2164 3033 2605 3094 concremabant,
2639 3032 2736 3088 sed
2765 3043 3108 3088 omentorum
3151 3033 3412 3088 duntaxat
3444 3043 3625 3104 partes

335 3117 480 3218 quit,
538 3117 641 3200 hoc
687 3143 806 3200 ﬁeri
865 3137 1078 3211 potest?
1141 3136 1332 3190 Nonne
1372 3132 1567 3188 videtis
1621 3131 1920 3184 hostiarum
1949 3117 1994 3178 C
2027 3126 2377 3196 etprosicias.
2406 3125 2542 3181 Vide
2558 3134 2735 3182 autem
2758 3136 2936 3181 utrum
2965 3126 3083 3182 hate
3109 3126 3296 3198 opinio
3319 3125 3627 3183 conﬁrmari

341 3245 553 3312 dentes,
588 3255 710 3296 oSsa
732 3278 749 3305 ,
781 3234 1061 3310 pinguitie:
1083 3274 1098 3300 ,
1129 3246 1223 3286 seu
1257 3227 1663 3300 pinguedinem,
1691 3232 1925 3289 omento,

338 3355 403 3394 ac
445 3335 713 3393 medullas
738 3329 846 3385 albi
889 3344 1012 3384 esse
1037 3323 1274 3380 coloris?
1311 3323 1382 3378 At
1429 3321 1665 3386 vellera,
1718 3315 1929 3387 inquie-

337 3433 470 3487 haut
524 3424 756 3489 etltntci,
813 3423 956 3476 sicut
1005 3430 1060 3474 et
1109 3415 1424 3470 animalium
1471 3420 1642 3476 setae,
1695 3409 1750 3464 id
1801 3417 1925 3475 est,

342 3526 437 3600 pili
484 3521 781 3580 crassiores
805 3557 822 3584 ,
848 3530 913 3570 ac
942 3511 1228 3584 rigidiores
1249 3549 1266 3576 ,
1301 3519 1356 3564 et
1396 3507 1502 3560 alia
1551 3504 1798 3574 quaedam
1839 3515 1933 3556 eo-

341 3596 462 3676 rum
513 3613 753 3671 membra
803 3619 920 3663 atra
967 3615 1094 3662 sunt
1141 3613 1197 3658 et
1239 3602 1408 3672 nigra.
1454 3598 1659 3661 Recte,
1714 3596 1785 3649 ait
1835 3597 1936 3647 Ar-

344 3712 557 3770 nobius.
589 3707 716 3764 ﬂare
739 3719 868 3775 ergo
895 3700 1008 3756 sola
1033 3740 1050 3768 ,
1103 3712 1210 3752 non
1233 3705 1412 3749 autem
1455 3692 1672 3761 integrae
1705 3684 1938 3757 pecudes

345 3807 451 3862 diis
493 3801 681 3858 inieris
721 3797 922 3853 debent
949 3790 1241 3848 immolari.
1285 3785 1425 3851 Quid
1468 3798 1600 3839 vero
1628 3782 1696 3836 iis
1738 3780 1938 3834 facien-

345 3900 516 3962 dum,
568 3897 663 3966 qui
718 3896 900 3962 plura,
932 3903 1052 3958 qua:
1078 3885 1217 3939 sicut
1263 3881 1443 3935 oleum
1474 3887 1528 3931 ct
1548 3874 1799 3944 sanguis,
1831 3887 1938 3925 non

347 4003 480 4052 sunt
504 3963 639 4062 nigri
668 3986 868 4044 coloris
891 4023 908 4050 ,
937 3982 1042 4036 diis
1070 3977 1256 4034 inieris
1294 3970 1556 4029 litabant?
1585 3967 1778 4024 Nonne
1818 3963 1942 4020 inde

357 4089 584 4163 pulchra
617 4084 710 4140 illa
738 4081 928 4152 religio
953 4069 1218 4132 solvitur?

430 4183 723 4245 Praeterea,
756 4190 853 4232 cur
879 4180 1026 4228 certa
1054 4167 1302 4240 qumdam
1334 4161 1509 4218 hostia
1536 4158 1762 4214 caeditur
1785 4153 1906 4210 Jovi
1925 4192 1940 4215 ,

358 4289 454 4337 aut
494 4273 740 4342 Baccho,
769 4281 863 4326 aut
905 4264 1173 4323 Mercurio
1193 4303 1210 4330 ,
1240 4272 1295 4318 et
1321 4276 1428 4315 non
1456 4256 1559 4311 alia
1601 4250 1828 4326 (Ibid.)‘t
1857 4248 1947 4303 Di-

357 4374 558 4432 cebant
619 4366 838 4441 quidem
896 4361 1101 4419 ethnici
1165 4359 1218 4413 id
1273 4355 1492 4424 antiqua
1561 4346 1950 4405 consuetudine

358 4467 732 4525 constitutum.
793 4459 900 4517 Sed
946 4456 1064 4511 hanc
1115 4448 1486 4514 consuetudo,
1534 4445 1711 4515 arguit
1777 4446 1953 4498 Aruo-

2031 3224 2205 3292 possit
2254 3221 2342 3275 his
2386 3220 2669 3276 Strabonis
2699 3220 2768 3276 de
2813 3221 3096 3276 Persarum
3127 3221 3395 3278 sacriﬁcio
3424 3220 3624 3289 verbis,

2031 3330 2152 3384 quae
2183 3318 2263 3368 sic
2295 3314 2460 3387 latine
2487 3324 2704 3380 sonant,
2735 3313 2996 3369 Xilandrn
3027 3313 3365 3392 interprete:
3395 3332 3416 3367 ι
3445 3313 3628 3372 Sacri-

2034 3407 2199 3463 ﬁcant
2230 3407 2282 3462 itt
2332 3407 2452 3462 loco
2479 3408 2681 3462 mundo
2707 3422 2828 3462 cum
2857 3405 3357 3478 imprecationibus,
3387 3416 3443 3462 et
3468 3421 3629 3462 coro-

2036 3512 2216 3558 natam
2244 3502 2477 3558 hostiam
2503 3511 2767 3558 statunnt.
2801 3501 2901 3558 Ubi
2945 3517 3153 3574 magus,
3182 3502 3274 3573 qui
3305 3501 3630 3557 sacriﬁcium

2038 3605 2276 3662 enarrat,
2307 3611 2503 3650 carnes
2530 3596 2582 3650 in
2614 3596 2893 3668 portiones
2918 3594 3216 3660 distribuit,
3266 3609 3362 3650 sua
3402 3595 3633 3666 quisque

2038 3699 2282 3760 accepta,
2313 3688 2533 3755 abeunt,
2583 3689 2728 3744 nulla
2779 3698 2930 3759 parte
2984 3687 3086 3742 diis
3129 3687 3387 3743 relicta...
3438 3687 3634 3743 Dicunt

2040 3783 2182 3838 enim
2215 3782 2376 3838 deum
2406 3781 2538 3836 nihil
2565 3781 2725 3847 velle,
2757 3791 2954 3850 printer
2985 3779 3176 3836 hostiae
3203 3780 3438 3835 animam
3467 3798 3483 3836 :
3509 3781 3632 3853 qui-

2043 3877 2189 3942 dam,
2217 3875 2484 3939 utfertur,
2507 3875 2708 3930 omenti
2727 3883 2934 3945 partem
2967 3873 3078 3945 igni
3109 3879 3418 3944 imponunt»
3439 3872 3633 3946 (Stra.,

2044 3971 2082 4026 ι.
2137 3985 2208 4024 xv
2257 3969 2478 4042 Geogr.,
2533 3987 2585 4040 p.
2638 3969 2788 4035 552).
2843 3967 2950 4024 Sed
3001 3968 3046 4023 si
3101 3982 3168 4022 eo
3209 3982 3371 4022 sensu
3415 3967 3637 4037 magicis

2044 4063 2349 4134 disciplinis
2392 4061 2762 4125 coliterebant,
2810 4061 2937 4133 quid
2967 4069 3114 4116 vetat
3141 4061 3432 4132 quominus
3461 4062 3637 4116 Arno-

2045 4158 2166 4214 bius
2196 4157 2394 4212 dixerit
2422 4156 2538 4209 haec
2563 4155 2751 4210 eadem
2784 4155 2946 4209 verba
2977 4152 3220 4208 nefandis
3251 4153 3442 4209 iisdem
3472 4152 3637 4209 disci-

2049 4250 2210 4320 plinis
2261 4249 2541 4304 cohaerere
2588 4263 2682 4302 sua
2711 4246 3058 4308 obscuritate,
3110 4262 3214 4317 qua
3241 4245 3382 4303 sicut
3412 4246 3640 4318 magica,

2049 4345 2136 4400 vel
2170 4344 2391 4415 magicis
2418 4341 2638 4411 similia,
2669 4341 2741 4397 ita
2769 4339 2930 4413 vulgo
2957 4343 3263 4412 augustiora
3292 4339 3408 4397 ﬁeri
3457 4338 3645 4397 crede-

2052 4439 2267 4495 bantur.

362 4563 515 4625 bins,
567 4555 914 4632 quantumvis
965 4549 1225 4621 antiqua,
1281 4562 1347 4602 ex
1397 4541 1704 4599 hominibus
1743 4529 2030 4593 tantumD
2127 4531 2202 4632 Ut
2227 4541 2284 4586 ut
2328 4531 2420 4632 sit,
2467 4531 2682 4602 longam
2731 4538 2920 4632 auctor
2975 4535 3161 4584 noster
3207 4527 3398 4632 horum
3440 4528 3639 4632 seriem

362 4631 624 4713 manavit.
657 4651 735 4707 Ad
766 4646 1028 4705 sacriﬁcia
1077 4651 1256 4697 autem
1286 4639 1392 4694 diis
1418 4634 1664 4692 facienda
1708 4631 1955 4688 calicum

361 4762 420 4808 et
447 4749 682 4805 divinum
708 4751 1034 4815 prtem-ptum
1067 4735 1378 4808 requiritur.

438 4846 551 4910 Qua
569 4840 731 4896 etiam
752 4837 870 4906 lege
893 4830 1207 4888 animalimn
1226 4826 1329 4881 diis
1349 4819 1797 4878 itnmolandorum
1821 4815 1957 4871 facta

367 4947 453 4996 est
496 4936 712 5001 divisio,
761 4944 826 4984 ac
852 4943 953 4998 qua
983 4923 1192 4981 ratione
1225 4930 1421 5000 [taurus
1449 4916 1566 4972 Jovi
1613 4913 1758 4968 verbi
1791 4911 1960 4983 gratia

370 5031 547 5103 potius
571 5041 731 5098 quam
759 5022 911 5078 alteri
940 5021 1042 5075 deo
1070 5017 1264 5072 dicitur
1284 5009 1574 5068 convenire
1589 5007 1770 5103 ilics,
1787 5003 1958 5103 onde-

370 5097 500 5180 bant
527 5120 755 5194 gentiles
797 5113 1020 5180 Telluri,
1054 5118 1242 5180 utpote
1269 5105 1449 5170 matri,
1483 5100 1717 5194 scrot‘am
1761 5097 1964 5152 incieuo

372 5227 512 5282 tem,
548 5215 708 5284 paulo
737 5219 863 5265 ante
892 5223 921 5261 a
953 5206 1110 5261 nobis
1147 5207 1523 5257 memoratam;
1557 5193 1806 5266 Minervae
1834 5205 1964 5244 vero

368 5311 565 5383 virgini
605 5306 826 5362 vitulam
859 5301 1140 5372 virginem,
1189 5305 1245 5352 et
1286 5310 1407 5366 qua:
1438 5289 1640 5345 nullum
1683 5300 1836 5357 passa
1881 5293 1968 5386 est

367 5411 582 5481 jugum,
608 5399 941 5459 medendum.
973 5393 1077 5450 Sed
1108 5391 1152 5446 si
1185 5404 1272 5446 res
1315 5388 1387 5481 ita
1432 5400 1494 5481 se
1523 5383 1738 5481 habeat,
1792 5383 1966 5481 arguit

373 5469 668 5562 ditttobius,
720 5489 909 5547 musici
956 5487 1164 5543 musico
1214 5479 1468 5551 Apollini,
1518 5474 1727 5531 medico
1768 5469 1964 5526 IEscu-

376 5595 519 5663 lapio
549 5588 764 5656 medici,
794 5585 929 5642 fabri
963 5580 1201 5636 Vulcano
1232 5575 1382 5632 labro
1413 5569 1637 5628 mactari
1677 5567 1965 5624 debebant.

377 5687 515 5757 Quid
545 5694 722 5742 autern
774 5677 1028 5751 ineptius,
1069 5682 1124 5730 et
1165 5669 1422 5728 insulsius
1449 5665 1575 5736 ﬁngi
1606 5677 1840 5735 uuquatn
1871 5673 1968 5730 po-

379 5782 525 5846 luit?

2062 4625 2230 4681 texuit
2253 4624 2562 4690 verborum,
2607 4639 2727 4694 qua:
2755 4623 3009 4694 pleraque
3031 4637 3153 4677 cum
3181 4622 3365 4676 multis
3388 4635 3492 4677 non
3516 4622 3648 4677 satis

2059 4722 2284 4778 forsitan
2317 4731 2442 4776 nota
2473 4719 2598 4784 sint,
2641 4733 2676 4772 a
2707 4717 2865 4773 nobis
2894 4731 3002 4773 non
3033 4719 3149 4772 sine
3191 4716 3392 4786 aliqua,
3441 4715 3484 4770 si
3534 4715 3651 4772 ﬁeri

2059 4824 2240 4886 queat,
2265 4812 2628 4883 explicatione
2655 4818 2818 4880 atque
2854 4799 3180 4866 enodatinne
3205 4806 3405 4864 debent
3430 4816 3655 4878 praeter-

2067 4909 2202 4964 mitti
2236 4906 2409 4979 (Am,
2437 4906 2474 4960 ι.
2501 4921 2592 4971 vn,
2622 4921 2673 4976 ρ.
2703 4901 2858 4976 229).
2877 4903 3115 4958 Printum
3144 4902 3326 4970 itaque
3352 4901 3422 4958 ab
3445 4905 3512 4958 eo
3539 4918 3657 4980 tne-

2067 5013 2324 5067 moratur,
2365 5019 2384 5053 ι
2420 4999 2740 5063 Farcimen,
2794 4999 2910 5054 sive
2961 5012 3088 5052 caro
3141 4996 3380 5064 concisa,
3417 5015 3438 5050 ι
3487 4997 3660 5068 inquit

2067 5095 2328 5154 Isidorus.
2367 5111 2385 5145 ‹
2416 5103 2470 5148 et
2492 5093 2718 5154 minuta,
2745 5100 2801 5147 et
2828 5090 2954 5146 inde
2983 5088 3238 5145 tarcimen
3269 5088 3493 5155 dit-tum,
3516 5086 3659 5160 quod

2069 5207 2133 5248 ea
2182 5189 2494 5245 intestinum
2544 5185 2820 5250 larciatur,
2872 5184 2974 5240 hoc
3022 5194 3126 5245 est,
3181 5183 3488 5255 impleatur,
3537 5199 3662 5240 cum

2067 5284 2291 5339 aliarum
2331 5295 2508 5336 rerum
2555 5277 2937 5334 commixtione
2981 5274 3234 5344 (Isidor,
3281 5276 3320 5331 l.
3375 5291 3444 5331 xx
3490 5274 3662 5348 θήρη

2069 5394 2117 5432 c.
2149 5377 2262 5447 20).
2296 5395 2314 5427 ι
2356 5375 2521 5429 Varro
2543 5380 2724 5426 autem
2754 5387 2768 5422 :
2803 5388 2823 5422 ι
2863 5369 3105 5425 Afartum
3133 5369 3407 5426 farcimina
3448 5369 3503 5425 iu
3527 5369 3665 5426 extis

2072 5468 2360 5540 appellata,
2401 5481 2432 5520 a
2463 5481 2568 5534 quo
2594 5463 2736 5532 quod
2765 5463 2817 5517 in
2847 5478 2914 5517 eo
2941 5463 3318 5519 tenuissimum
3351 5462 3665 5518 intestinum

2074 5563 2270 5618 fartum
2305 5580 2325 5614 ι
2355 5557 2571 5634 (Varro,
2605 5555 2640 5610 ι.
2675 5571 2728 5611 tv
2757 5555 2820 5610 de
2852 5554 3004 5630 Ling.
3036 5557 3183 5612 latin.
3195 5597 3213 5624 ,
3247 5573 3302 5626 ρ.
3330 5553 3443 5627 28).
3479 5555 3667 5626 itaque

2077 5654 2336 5710 farcitncn
2383 5651 2696 5707 intestinum
2740 5657 2826 5707 est
2861 5652 3074 5708 concisa
3105 5649 3311 5705 minute
3338 5663 3502 5704 carne
3530 5647 3667 5702 alia-

2080 5765 2187 5824 que
2230 5747 2435 5811 fartura
2462 5745 2734 5821 oppletum
2787 5754 2843 5803 et
2871 5743 3091 5813 fartum,
3145 5742 3301 5814 cujus
3351 5740 3672 5804 conﬁciendi
