3986 6058
399 137 500 205 645

395 363 624 428 coquin.,
655 379 702 418 c.
737 364 817 428 5').

457 364 898 528 ﬁgitfigit;
928 470 986 514 ut
1011 461 1062 516 in
1091 478 1191 518 ms.
1220 465 1345 522 cod.
1399 469 1546 538 regio
1578 469 1773 543 legitur
1813 473 1988 546 (Am,

396 549 496 604 loc.
526 549 660 624 cit.),
701 552 1022 627 Apexaones,
1053 571 1157 614 una
1188 556 1484 617 farciminis
1514 579 1637 635 pars
1667 578 1806 636 erat,
1837 572 1992 640 cujus

395 651 511 700 haec
566 647 705 716 apud
761 649 1033 704 laudatum
1086 651 1380 709 Varronem
1424 661 1628 714 mentio
1661 680 1673 716 :
1710 679 1729 713 ι
1757 663 1908 732 Quod
1938 666 1989 718 in

395 735 515 802 hoc,
559 757 577 790 ι
613 740 805 811 inquit,
848 761 866 796 ι
901 744 1180 801 farcimine
1209 765 1424 806 summo
1467 751 1720 824 quiddam
1767 759 1988 829 eminet,
2030 803 2036 806 -

393 841 450 885 ιιι
499 833 550 886 ιιι
603 835 780 904 capite
827 852 964 906 apex
1012 840 1233 910 eminet,
1282 845 1528 914 apexabo
1555 849 1695 904 dicta
1723 869 1743 903 ι
1776 850 1988 924 (Varr.,

392 919 530 977 Ibid.
545 924 584 991 ).

465 1015 658 1074 Ifirciaz
710 1021 826 1076 sive
879 1021 1035 1089 lrcei,
1085 1035 1144 1079 ut
1195 1028 1386 1085 scribit
1437 1029 1662 1101 Festus,
1720 1036 1989 1107 quoddam

393 1107 569 1163 adhuc
599 1121 752 1165 erant
782 1128 955 1182 genus
1005 1115 1299 1175 farciminis
1352 1121 1406 1176 in
1457 1126 1739 1182 sacrificiis
1765 1129 1991 1184 adhibiti

393 1200 624 1272 (Festus,
657 1205 725 1257 ad
753 1207 887 1262 iii-rb.
909 1207 1096 1281 lncsi).

462 1295 815 1364 Silicernium,
841 1300 1056 1368 quidam
1085 1303 1286 1360 dictum
1316 1318 1546 1364 censent
1574 1325 1604 1364 a
1631 1311 1797 1378 silice,
1830 1321 1991 1386 atque

387 1400 454 1442 eo
486 1390 700 1445 nomine
732 1405 917 1446 senem
967 1393 1324 1466 decrepitum,
1356 1401 1655 1471 incurvum,
1703 1420 1766 1459 ac
1810 1406 1990 1463 silices

387 1493 699 1536 cernentem
760 1487 963 1541 vocari.
995 1491 1065 1541 At
1093 1487 1361 1560 significat
1389 1495 1548 1548 etiam
1579 1509 1813 1563 omnem,
1846 1513 1986 1568 quae,

386 1583 446 1628 ut
495 1576 570 1628 ait
622 1577 882 1644 Dooatus,
941 1597 960 1630 ‹
1018 1580 1244 1637 infertur
1277 1583 1378 1638 diis
1406 1584 1672 1653 Manibus,
1702 1590 1842 1660 quod
1868 1607 1987 1647 eam

383 1669 606 1724 silentes
633 1683 881 1738 cernant,
914 1673 964 1726 id
994 1684 1098 1740 est,
1131 1677 1336 1732 umbrae
1365 1681 1675 1749 possideant
1700 1701 1712 1735 :
1735 1683 1817 1738 vel
1844 1685 1986 1756 quod
2019 1698 2066 1757 Β

385 1761 475 1826 qui
510 1761 625 1816 haec
659 1763 915 1829 inferunt,
952 1779 1178 1822 cernant
1210 1780 1437 1835 tantum,
1472 1790 1646 1844 neque
1677 1775 1984 1847 (legustent.

384 1853 514 1908 Nam
541 1854 608 1909 de
632 1856 737 1921 his,
770 1873 886 1926 quae
909 1859 1145 1916 libantur
1170 1862 1376 1931 inferis,
1402 1867 1644 1938 quisquis
1667 1870 1980 1938 comederit,

379 1956 472 1998 aut
502 1947 716 2013 biberit,
750 1948 1072 2006 funestatur.
1109 1949 1352 2024 (Donat,
1385 1961 1437 2011 in
1478 1955 1683 2014 Terent.
1738 1959 1982 2034 Adelph.,

379 2049 483 2094 act.
514 2043 566 2100 4,
597 2055 735 2095 scen.
783 2039 839 2108 2,
886 2043 940 2096 in
992 2046 1113 2117 ﬁn.)
1153 2046 1358 2102 Nonius
1389 2065 1518 2103 vero
1549 2051 1774 2120 primam
1807 2055 1980 2126 expli-

380 2133 650 2188 cationem
670 2137 928 2204 explodit,
950 2147 1003 2191 et
1021 2141 1310 2194 secundam
1335 2140 1416 2196 his
1437 2145 1754 2212 comprobat
1772 2146 1984 2201 verbis:

387 2242 405 2274 ι
439 2224 782 2280 Siticerniuin
812 2231 1047 2300 pessime
1073 2230 1439 2303 intelligentes
1471 2235 1539 2288 ita
1573 2239 1818 2307 posuisse
1875 2239 1983 2294 Te-

384 2318 616 2371 renlium
638 2328 845 2387 putant,
877 2321 1019 2390 quod
1044 2323 1363 2380 incurvitaie
1381 2325 1559 2383 silices
1581 2339 1769 2386 cernat
1792 2345 1981 2389 senex.

382 2408 726 2464 Silicernium
780 2424 865 2466 est
906 2416 1119 2484 proprie
1175 2418 1478 2475 convivium
1535 2423 1780 2491 funebre,
1837 2427 1983 2496 quod

378 2502 599 2556 senibus
627 2503 934 2560 exhibetur.
972 2527 990 2559 ι
1029 2513 1202 2579 Atque
1230 2511 1427 2568 eodem
1459 2516 1760 2585 signitit-atu
1788 2519 1985 2588 accipi-

377 2604 519 2650 tura
549 2597 902 2668 Ter-tulliano,
935 2609 1023 2672 qui
1074 2602 1415 2661 silicernium
1460 2623 1582 2663 cum
1630 2609 1778 2666 lovis
1823 2613 1984 2683 epulo

375 2691 652 2760 componit
691 2692 1044 2764 (Tertullian.,
1089 2695 1334 2769 Apotog.,
1390 2716 1510 2771 cap.
1566 2702 1668 2771 15;
1702 2702 1868 2774 Fest.,
1917 2705 1985 2760 ad

375 2786 516 2841 verb.
548 2785 950 2861 Stucenmuu).

446 2882 630 2936 'l‘ertio
651 2884 868 2937 tandem
897 2884 1115 2952 Paulus,
1139 2895 1191 2941 et
1209 2884 1448 2952 Verrius,
1472 2904 1502 2944 a
1526 2888 1688 2946 Festo
1711 2892 1979 2962 laudatus,

373 2976 666 3030 observant
693 2977 1022 3032 silicernium
1052 2979 1360 3049 signiﬁcare
1382 2981 1650 3050 quoddam
1681 2983 1980 3042 farciminis

372 3083 562 3138 genus,
617 3084 724 3138 quo
770 3069 973 3125 familia
1021 3071 1091 3127 ob
1120 3072 1346 3144 alicujus
1384 3086 1613 3132 mortem
1648 3081 1858 3150 purgari
1891 3095 1973 3137 so-
2007 3091 2051 3155 α

375 3162 533 3216 iebat.
589 3161 670 3215 Eo
724 3172 904 3218 autem
959 3177 1124 3220 sensu
1178 3165 1246 3221 ab
1301 3169 1539 3224 Arnobio
1603 3181 1791 3227 nostro
1835 3175 1975 3230 sumi

377 3253 503 3309 inde
530 3255 822 3325 colligitur,
852 3257 974 3327 quia
1003 3257 1073 3313 de
1119 3259 1278 3315 Variis
1307 3259 1646 3319 farciminum
1694 3265 1975 3337 speciebus

371 3347 632 3415 diSptltat.

439 3439 692 3512 Longatﬂ',
728 3457 831 3499 ius.
862 3443 986 3497 cod.
1037 3459 1150 3515 reg.
1200 3445 1436 3518 longaevi,
1471 3459 1744 3520 corrupte,
1779 3449 1973 3508 melius

366 3538 604 3606 longave,
641 3537 721 3590 vel
753 3537 996 3606 longano.
1048 3537 1182 3592 Nam
1210 3541 1277 3594 ab
1306 3541 1493 3610 Apicio
1523 3545 1786 3613 scriptum
1841 3547 1973 3619 legi-

368 3645 487 3683 mus
515 3648 527 3683 :
561 3649 581 3681 ‹
608 3629 963 3698 Longanones
981 3631 1235 3699 porcinos
1261 3631 1428 3687 fartus
1451 3651 1519 3688 ex
1537 3636 1658 3705 jure
1675 3636 1972 3694 Tarentino

362 3732 547 3778 coctos
574 3723 852 3777 concisos»
875 3721 1052 3795 (Arn.,
1085 3723 1122 3776 ι.
1165 3740 1258 3788 vn,
1289 3743 1343 3797 p.
1376 3726 1515 3794 229;
1569 3725 1824 3799 Apicius.,
1852 3732 1890 3785 ι.
1919 3748 1973 3788 ιν

362 3816 426 3869 de
455 3816 528 3870 Re
553 3816 786 3886 coquin,
818 3833 865 3869 c.
893 3815 976 3887 2).
1002 3816 1227 3885 Quidam
1259 3829 1438 3876 autem
1467 3831 1649 3890 putant
1700 3824 1969 3896 longanon

360 3923 482 3966 esse
514 3910 827 3965 intestinum
860 3922 1091 3966 reetnm.
1143 3910 1250 3966 Sed
1306 3911 1476 3968 Varro
1513 3928 1698 3972 censet
1748 3919 1965 3976 tertium

359 4018 482 4058 esse
513 4002 762 4068 «fartum,
789 4002 933 4073 quod
964 4003 1174 4075 longius
1221 4019 1382 4075 quam
1414 4006 1521 4062 duo
1561 4007 1669 4064 hila
1707 4031 1726 4064 ι
1757 4010 1965 4085 (Varr.,

359 4095 395 4148 ι.
440 4112 490 4151 tv
532 4096 595 4150 de
618 4095 771 4167 Ling.
803 4095 922 4163 ιαι.,
980 4113 1032 4166 p.
1065 4096 1179 4170 28).
1235 4095 1400 4154 Recte
1429 4100 1675 4171 quidem,
1732 4113 1788 4159 et
1835 4105 1967 4161 satis

359 4188 608 4258 apposite
635 4189 700 4242 ad
734 4198 970 4244 mentem
995 4190 1243 4257 Arnobii,
1273 4192 1361 4262 qui
1387 4190 1504 4247 haec
1528 4203 1778 4261 quatuor,
1813 4210 1842 4251 a
1869 4213 1966 4253 no-

360 4280 443 4335 bis
496 4291 816 4345 memornta,
871 4273 1110 4336 declarat
1139 4297 1259 4338 esse
1296 4301 1318 4335 ι
1352 4283 1690 4340 farciminum
1741 4301 1958 4358 genera,

357 4373 632 4443 hii-quino,
666 4392 684 4425 ι
716 4373 829 4428 sive
879 4375 1036 4441 tiirci,
1072 4394 1093 4427 ς
1131 4377 1231 4430 alia
1275 4380 1560 4448 sanguine,
1618 4381 1963 4438 comminutis

355 4467 456 4521 alia
513 4465 774 4520 inculcata
807 4467 1170 4535 pulmonibus,
1212 4487 1230 4521 ι
1264 4469 1315 4524 id
1343 4480 1444 4536 est,
1474 4471 1826 4530 vehementer
1875 4480 1958 4531 in-
1984 4489 2040 4549 1)

351 4560 585 4624 sinuata,
615 4567 793 4629 atque,
826 4561 900 4615 uti
933 4561 1190 4629 diximus,
1221 4563 1436 4619 infarta.
1469 4565 1633 4622 Vides
1660 4582 1788 4624 sane
1818 4570 1960 4626 inter

351 4662 582 4722 qua-tuor
636 4651 730 4706 illa
779 4651 1057 4708 farcimina
1111 4669 1220 4710 non
1270 4671 1520 4728 magnum
1575 4659 1840 4728 profecto,
1894 4678 1958 4720 ac

351 4747 589 4802 nominis
619 4749 816 4817 potius.
851 4763 1011 4815 quam
1044 4749 1121 4804 rei
1151 4765 1274 4805 esse
1317 4751 1630 4807 discrimen.
1660 4752 1793 4809 Nam
1825 4757 1952 4824 alia,

351 4840 546 4909 inquit,
578 4839 711 4894 hirci
743 4842 1026 4909 sanguine,
1081 4857 1236 4911 quem
1293 4844 1534 4898 nonnulli
1577 4847 1948 4917 sanguinulum

351 4944 565 4999 vocant,
597 4933 700 4988 alia
748 4935 1048 4988 imminutis
1089 4935 1435 5005 pulmonibus
1484 4940 1723 4994 contorta
1773 4951 1948 4997 erant.

349 5029 514 5086 Tacet
537 5041 711 5085 autem
739 5031 894 5102 cujus
919 5032 1189 5099 animalis,
1223 5033 1321 5086 nisi
1345 5033 1619 5090 subaudiri
1655 5037 1782 5091 velit
1814 5037 1950 5100 hirci

347 5125 417 5179 de
441 5122 593 5192 cujus
620 5124 882 5191 sanguine
910 5124 982 5179 ibi
1017 5125 1272 5194 loquitur.
1304 5123 1575 5181 Fortassis
1603 5131 1764 5183 etiam
1795 5131 1948 5188 nobis

346 5215 856 5286 subintelligenduni
891 5218 1108 5288 reliquit
1138 5219 1245 5272 duo
1277 5220 1452 5290 priora
1485 5220 1654 5287 hirci,
1688 5234 1740 5278 et
1771 5235 1953 5294 poste-

346 5313 488 5367 riora
521 5313 654 5366 faeta
685 5311 849 5366 fuisse
875 5317 1218 5370 comminutis
1245 5315 1363 5387 ejus
1393 5318 1758 5388 pulmonibus.
1813 5322 1948 5378 Tur-

330 5404 605 5460 nctnilnm
670 5414 928 5473 praeterea
961 5449 976 5474 ,
1031 5411 1074 5462 si
1131 5409 1278 5466 lubet
1333 5419 1389 5467 et
1431 5420 1617 5479 vacat,
1671 5417 1940 5474 consule:

347 5495 564 5568 (Turn.,
594 5507 701 5550 κιιιι
737 5495 977 5566 Δάνα-³.,
1020 5516 1066 5555 ε.
1099 5501 1177 5574 6).

417 5588 599 5660 Pergit
646 5590 961 5646 Arnobius:
1004 5609 1021 5643 ι
1057 5593 1194 5661 Quid
1227 5597 1398 5666 undae,
1450 5599 1578 5671 quid
1613 5604 1784 5660 nenia:
1813 5603 1941 5676 (ms.

344 5684 464 5742 cod.
495 5683 706 5754 ambite)
748 5685 876 5755 quid
909 5683 1047 5751 ofﬁc,
1078 5692 1376 5762 non‘vulgi,
1409 5694 1502 5751 sed
1530 5695 1723 5765 quibus
1743 5708 1826 5754 est
1849 5715 1945 5755 no-

1661 157 2117 240 plSSERTATIO
2154 178 2432 261 PMVlA

395 266 572 323 varios
596 267 813 339 Apicius
842 271 1032 329 modos
1059 272 1344 349 descripsit
1372 276 1650 348 (Apicius.,
1679 282 1717 336 ι.
1751 301 1785 340 ιι
1811 285 1874 341 de
1904 287 1973 343 Re

2086 318 2206 358 tuen
2221 305 2580 375 appellatione
2601 314 2799 382 penita:
2817 333 2839 369 ι

3575 205 3686 266 644

2881 317 3058 389 (Anu,
3077 323 3117 378 Ι.
3142 337 3235 390 vn,
3260 327 3436 397 p.229
3457 336 3682 407 etseqq).

2093 398 2197 453 Sed
2220 398 2333 455 haec
2353 411 2407 456 et
2427 402 2804 476 subsequentia
2836 413 2997 469 verba
3019 415 3220 474 librarii
3250 421 3515 493 imperitia
3544 398 3688 485 usus

2093 503 2344 562 corrupta
2387 504 2530 551 sunt.
2563 497 2919 565 Quamobrem
2951 505 3148 580 aliquis
3174 512 3246 568 ibi
3273 515 3372 587 legi
3403 519 3574 575 voluit
3596 531 3683 576 tu—

2093 593 2220 652 ceta,
2251 587 2443 656 quibus
2472 605 2613 646 esca:
2641 595 2824 664 regite,
2877 609 2934 653 ut
2977 603 3053 658 ait
3089 603 3422 681 Fulgentius,
3472 613 3682 686 signiﬁ-

2094 688 2280 733 cantur
2309 680 2486 750 (l"ul.,
2516 684 2580 739 de
2615 684 2737 743 νος.
2767 692 2894 746 and.
2922 694 3015 748 sub
3040 695 3185 771 βω).

2167 773 2366 830 Verum
2397 777 2510 834 haec
2534 780 2669 836 nihil
2699 782 2903 842 faciunt
2930 789 2995 844 ad
3029 795 3261 851 auctoris”
3282 800 3451 856 nostri
3483 817 3683 876 propo-

2092 866 2277 929 situm.
2322 868 2617 928 Salinasius
2661 887 2841 934 autem
2890 888 3288 946 emendandum
3345 866 3682 970 suspicatur,

2093 959 2215 1028 quid
2243 964 2440 1020 ττιπὶωὲ
2468 967 2591 1035 quid
2617 972 2840 1028 munita?
2861 974 3036 1047 ibique
3060 996 3158 1036 nos
3184 959 3454 1044 admonet-
3467 959 3686 1052 nomine

2095 1062 2270 1119 taxea,
2289 1068 2382 1114 seu
2405 1061 2568 1129 taxia,
2593 1064 2736 1120 unde
2760 1066 2828 1123 ab
2855 1069 3076 1130 indocto
3104 1076 3324 1135 librario
3352 1083 3517 1152 (reda,
3546 1089 3685 1144 scri-

2092 1161 2245 1219 ptum
2265 1154 2536 1222 opinatur,
2571 1157 2710 1214 idem
2738 1162 3029 1234 significari
3058 1180 3221 1242 atque
3239 1177 3420 1233 arvina
3451 1187 3507 1236 et
3534 1181 3686 1242 lardo

2095 1238 2374 1313 (Ξαιιιιαδη
2405 1249 2667 1305 exercitat.
2695 1253 2752 1307 in
2784 1255 2974 1327 Solin.,
3007 1275 3060 1332 p.
3095 1238 3240 1340 ΕΘ).
3276 1271 3357 1325 An
3407 1285 3537 1330 vero
3561 1238 3685 1332 sco:-

2093 1351 2218 1407 pum
2269 1339 2358 1395 ille
2401 1347 2660 1415 attigerit,
2707 1351 2979 1421 conjicere
3009 1360 3210 1426 poteris
3233 1375 3300 1418 ex
3329 1365 3449 1422 data
3481 1369 3687 1430 ibidem

2092 1429 2234 1486 illius
2260 1435 2491 1492 nominis
2542 1441 2610 1496 ab
2657 1443 2896 1502 Arnobio
2925 1448 3027 1505 hac
3070 1454 3428 1524 explicatione
3463 1480 3475 1516 :
3513 1481 3533 1518 ι
3566 1463 3685 1522 Pri-

2093 1543 2236 1581 mum
2263 1531 2314 1584 in
2349 1533 2588 1603 exiguas,
2623 1557 2644 1592 ι
2680 1539 2875 1611 inquit,
2913 1562 2932 1596 ι
2966 1546 3149 1603 arvina
3174 1560 3258 1606 est
3281 1553 3504 1611 miculas
3531 1561 3684 1616 catil-

2093 1619 2349 1678 laminum
2397 1627 2596 1684 insecta
2625 1629 2692 1686 de
2723 1647 2870 1691 more
2903 1653 2923 1690 ι
2959 1639 3136 1712 (Ανιι.,
3164 1643 3200 1698 ι.
3232 1661 3325 1712 vn,
3358 1668 3412 1720 p.
3441 1650 3593 1726 250).
3623 1653 3680 1710 in

2095 1730 2195 1768 ms.
2219 1716 2404 1774 codice
2433 1723 2580 1792 regio
2623 1724 2869 1797 legimus,
2914 1733 3337 1807 catillaminuam,
3358 1716 3424 1797 ‘in
3454 1716 3679 1816 quibus-

2089 1807 2208 1860 dam
2240 1809 2419 1878 editis,
2447 1824 2501 1868 at
2543 1815 2636 1872 illa
2665 1820 2917 1887 minutim,
2950 1824 3006 1880 in
3047 1828 3186 1897 aliis,
3213 1842 3260 1887 et
3301 1835 3392 1889 ilia
3421 1807 3675 1898 minutim.

2086 1898 2319 1957 Primam
2350 1915 2526 1968 autem
2557 1910 2841 1970 lectionem
2873 1932 2900 1971 a
2930 1933 3059 1976 vera
3084 1927 3305 1995 propius
3340 1929 3532 1988 abesse
3559 1933 3684 1994 inde

2087 1996 2270 2068 liquet,
2315 2002 2458 2072 quod
2491 2004 2714 2070 librario
2763 2011 2942 2070 latinae
2984 2016 3181 2089 lingua:
3228 2023 3414 2095 ignaro
3445 2029 3683 2098 proclive

2086 2092 2184 2146 fuit
2236 2110 2394 2150 uuam
2444 2099 2678 2158 litteram
2727 2107 2933 2164 nomini
2979 2112 3080 2168 sibi
3140 2092 3409 2190 incognito
3455 2124 3675 2182 addere.

2086 2183 2418 2254 Catillunn'na
2446 2203 2646 2258 autem,
2676 2207 2731 2254 et
2757 2201 2867 2256 alio
2893 2205 3118 2263 Arnobii
3145 2208 3200 2263 in
3228 2183 3369 2267 libro
3397 2212 3420 2287 (
3441 2215 3604 2284 ιιιτι..
3634 2231 3684 2276 et

2085 2276 2122 2330 ι.
2156 2293 2214 2346 ιι,
2247 2296 2300 2350 p.
2335 2281 2446 2354 75),
2482 2283 2874 2350 Cauellantenia
2917 2296 3170 2366 lucanica,
3223 2276 3467 2374 quaedam
3505 2276 3682 2369 adhuc

2084 2365 2378 2430 farciminis
2407 2379 2616 2446 species
2648 2394 2796 2451 sunt,
2845 2402 2965 2458 qua
2991 2365 3339 2469 etiamlonge
3364 2403 3557 2458 notiori
3586 2405 3682 2461 bo-

2085 2461 2314 2518 tulorum
2343 2472 2563 2526 nomine
2606 2479 3070 2548 nuncupabantur.
3103 2461 3304 2545 Sensus
3330 2491 3508 2564 itaque
3535 2496 3682 2555 illius

2085 2566 2167 2611 est
2213 2559 2476 2632 arvinam,
2529 2579 2627 2626 seu
2676 2571 2865 2628 sebum
2923 2575 3066 2634 inter
3116 2583 3364 2642 animalis
3404 2599 3582 2646 cutem
3623 2599 3682 2649 et

2085 2650 2292 2708 viscera
2321 2656 2688 2728 interjectum,
2721 2666 3109 2732 minutissimas
3137 2678 3190 2734 in
3219 2690 3397 2750 partes
3419 2681 3676 2756 divisum,

2083 2752 2244 2816 atque
2274 2747 2326 2802 in
2363 2749 2666 2812 botuiorum
2700 2756 2928 2818 formam
2957 2747 3342 2841 compositum,
3399 2779 3680 2838 sacrificiis

2083 2835 2305 2934 deorum
2333 2843 2538 2902 adoleri
2567 2848 2754 2921 (lbid.,
2806 2875 2861 2926 ρ.
2911 2835 3194 2934 θεοποθ
3239 2835 3489 2928 laconicis
3533 2835 3677 2934 haud

2079 2932 2252 2986 semel
2294 2935 2569 3010 Martialis,
2615 2956 2778 3017 atque
2822 2949 2875 3006 ia
2913 2932 3027 3018 hoc
3042 2957 3382 3026 potissimum
3407 2932 3675 3038 epigrams

2083 3035 2225 3082 male
2249 3046 2263 3084 ζ

2174 3141 2302 3227 Fili:
2322 3144 2522 3227 {iocum
2543 3156 2690 3227 vento
2709 3155 2950 3227 Lucanica
2975 3176 3134 3227 porcae
3158 3180 3172 3217 :

2263 3207 2488 3274 Pultibus
2510 3215 2621 3267 hinc
2644 3219 2802 3288 niveis
2818 3207 2962 3288 Erat—2i
2975 3207 3170 3280 Eia};
3185 3231 3349 3285 datur.

2263 3290 2521 3361 (Martial.,
2541 3295 2627 3351 lib.
2649 3318 2754 3368 xui,
2776 3305 2934 3376 epigr.
2955 3313 3041 3377 55;
3067 3321 3112 3366 et
3135 3313 3218 3367 lib.
3239 3333 3306 3381 tv,
3324 3318 3482 3390 θρίων.
3499 3324 3605 3393 46.)

2074 3389 2180 3450 Sed
2208 3396 2273 3466 de
2294 3398 2376 3456 bis
2399 3419 2500 3460 nos
2530 3407 2681 3477 plura
2709 3413 2811 3470 sub
2856 3415 3018 3474 finem
3061 3420 3222 3493 hujus
3251 3389 3664 3492 dissertationis.

2076 3488 2380 3560 Secundum
2431 3501 2772 3574 botulorum.
2825 3511 2942 3568 sive
2989 3514 3254 3586 ejusmodi
3305 3524 3664 3598 farciminum,

2073 3597 2242 3652 genus
2292 3588 2343 3642 in
2391 3597 2758 3670 manuscripto
2783 3604 2972 3660 codice
3005 3618 3060 3664 et
3081 3615 3316 3683 antiquis
3340 3588 3667 3680 editionibus

2069 3679 2372 3748 appellatur
2401 3690 2582 3746 nenia
2611 3689 2786 3763 (Am,
2815 3698 2855 3752 ι.
2887 3715 2976 3766 vn,
3023 3719 3079 3772 ρ.
3132 3679 3284 3779 ἓᾶῦ).
3317 3709 3427 3768 Sed
3461 3679 3667 3774 ultima:

2071 3771 2292 3836 editioni
2330 3782 2671 3854 praepositus,
2727 3789 2985 3864 Scaligeri
3015 3771 3388 3870 conjecturam
3422 3771 3664 3881 secutos,

2067 3869 2230 3924 scribi
2261 3872 2448 3930 maluit
2478 3879 2666 3936 tamira.
2689 3881 2860 3955 Hujus
2889 3897 3070 3947 tamen
3097 3869 3448 3963 correctionis
3475 3904 3670 3963 imme-

2069 3975 2205 4028 mor,
2236 3979 2358 4026 cum
2385 3971 2600 4029 caeteris
2645 3976 2990 4050 editionibus,
3037 3993 3093 4042 et
3121 3989 3309 4048 codice
3337 4006 3525 4053 nostro
3549 4014 3666 4055 ina-

2067 4055 2344 4125 nuscripto
2396 4063 2556 4131 paulo
2601 4077 2724 4136 post
2767 4087 2962 4129 nomen
3016 4080 3213 4138 nenias
3279 4086 3518 4144 retinuit.
3591 4092 3667 4152 At

2065 4146 2275 4204 etiamsi
2304 4149 2373 4206 de
2402 4152 2500 4210 hac
2547 4157 2777 4221 lectione
2826 4181 2930 4221 non
2979 4184 3273 4245 constaret,
3324 4180 3480 4237 nobis
3527 4197 3662 4242 sane

2064 4242 2257 4297 sufﬁcit
2285 4247 2472 4304 tradita
2502 4251 2570 4314 ab
2617 4254 2844 4325 ipsomet
2866 4271 3086 4324 auctore
3111 4267 3225 4326 hinc
3253 4242 3394 4331 illius
3419 4279 3660 4349 explica-

2065 4335 2139 4396 tio
2168 4353 2181 4389 :
2217 4355 2234 4388 ι
2266 4338 2419 4406 Quod
2448 4343 2498 4397 in
2529 4349 2769 4410 secundo
2797 4353 2960 4412 situm
2992 4369 3092 4424 est,
3124 4362 3359 4428 intestini
3405 4381 3487 4426 est
3527 4387 3660 4444 por-

2065 4430 2267 4496 rectio,
2304 4447 2398 4500 per
2425 4451 2584 4505 quam
2636 4442 2905 4510 proluvies
2951 4449 3128 4510 editur
3176 4461 3350 4516 succis
3388 4465 3661 4522 exsiccata

2065 4520 2332 4590 vitalibus,
2359 4544 2379 4579 ι
2405 4528 2518 4582 sive
2543 4531 2760 4591 brevius
2786 4540 2954 4608 colon,
2985 4554 3080 4601 aut
3106 4548 3416 4612 intestinum
3447 4570 3653 4617 rectum

2063 4612 2252 4686 (lbid.,
2293 4635 2344 4687 p.
2384 4619 2537 4695 est).
2585 4623 2838 4687 Nonnulli
2880 4645 3058 4694 autent
3101 4644 3312 4710 probari
3359 4612 3654 4724 posse—pi;

2059 4713 2173 4762 tant
2203 4712 2422 4770 nomine
2464 4720 2652 4789 nantia,
2684 4724 2813 4781 illud
2843 4729 3129 4801 signiﬁcari
3175 4737 3258 4795 his
3286 4712 3456 4802 Plauti
3486 4712 3652 4806 versi-

2053 4798 2155 4858 bus
2181 4820 2194 4858 :

2148 4914 2767 5014 ﬁtt‘ﬁsiiaaeml
2785 4933 2927 5014 2°???
2944 4941 3141 5014 ξετῑίηθ
3164 4943 3295 5014 demi
3318 4958 3415 5014 εειν

2150 4977 2474 5070 l(“ittarquidein
2494 4993 2544 5037 te
2571 4977 2766 5065 iaciam,
2783 4977 2822 5045 si
2851 4977 2928 5070 uie

2148 5039 2506 5096 Confossiorem
2525 5039 2738 5105 soricina
2745 5039 2927 5108 'n'aenia
2925 5099 2935 5110 .

2441 5130 2688 5198 (Plautus,
2713 5138 3012 5210 Bacchidi,
3039 5153 3150 5204 Act.
3175 5169 3241 5218 tv,
3269 5171 3401 5213 scen.
3420 5161 3494 5228 8.)

3385 5309 3400 5335 9

2053 5327 2133 5398 gis
2154 5327 2463 5387 confossum
2497 5333 2710 5407 faciam,
2737 5355 2894 5413 quam
2928 5347 3132 5405 Sorieis
3154 5353 3206 5408 in
3237 5359 3526 5428 ιιευερίιιηιει
3555 5366 3652 5421 de-

2054 5420 2327 5490 prehensi,
2360 5435 2416 5481 et
2444 5439 2588 5484 certa
2618 5433 2848 5504 quadam
2882 5439 3280 5504 machinatione
3311 5453 3533 5521 perfossi
3566 5456 3651 5514 in-

2055 5515 2329 5570 testinum.

2125 5607 2328 5665 Dehinc
2351 5613 2418 5668 ab
2445 5626 2662 5674 auctore
2705 5629 2892 5678 nostro
2949 5641 3316 5693 memorantur
3361 5657 3380 5692 ι
3409 5641 3512 5697 otia
3551 5659 3650 5716 pe-

2053 5701 2182 5768 nita,
2221 5720 2237 5753 ι
2271 5719 2389 5774 quite
2435 5707 2552 5778 ipso
2582 5725 2889 5787 enarrante,
2929 5739 2948 5773 ι
2987 5731 3070 5779 est
3096 5740 3216 5785 cum
3246 5731 3506 5802 particula
3533 5741 3647 5797 vis-
