3986 6058
399 176 503 236 σιτ

1670 171 2117 233 υιεεειιτιιτιο
2154 172 2436 232 ΡΚᾹΞῊΑ

3582 174 3697 251 διδ

402 292 601 350 deinde
636 292 795 350 docet
824 280 1096 365 quo-modo
1126 293 1372 364 placenta
1404 291 1494 347 ﬁat
1523 305 1591 348 ex
1623 290 1792 347 farina
1819 290 1994 361 siligi-
2020 294 2069 353 Α
2100 302 2346 359 mentum,
2370 308 2401 347 a
2427 291 2585 364 pulpa
2621 289 2976 363 proculdubio
3004 289 3256 349 derivari.
3284 290 3451 363 Pulpa
3482 300 3687 359 autem,

404 404 527 449 nea.
556 388 690 444 alica
730 390 919 460 prima,
959 404 1111 461 aqua:
1148 387 1344 455 infusa,
1374 387 1575 444 recenti
1615 402 1774 443 caseo
1811 386 1995 451 ovillo,

404 481 567 537 melle
598 480 759 547 bono,
789 480 982 551 quibus
1009 481 1150 537 inter
1176 495 1235 536 se
1264 480 1585 548 commistis,
1617 488 1672 534 et
1700 479 1831 534 lauri
1860 478 2000 534 loliis

403 571 718 644 suppositis,
750 571 993 640 placenta
1022 572 1383 643 componitur,
1414 574 1552 628 bene
1578 582 1631 627 et
1661 572 1834 627 otiose
1872 588 1999 642 per-

404 664 708 735 coqueuda.
741 664 846 722 Sed
881 665 996 722 haec
1031 666 1123 723 libi
1158 676 1212 721 et
1239 666 1497 737 placenta:
1526 676 1693 734 tanta,
1724 666 1798 722 uti
1824 666 1997 735 vides,

403 773 510 814 non
554 768 637 812 est
677 757 1013 824 differentia,
1056 758 1184 829 quin
1227 758 1293 814 ad
1344 774 1507 813 unttm
1548 758 1795 831 idemque
1834 774 2002 831 genus

409 860 684 924 nequeant
722 851 931 908 referri.
974 852 1142 924 Magis
1170 852 1369 924 quippe
1404 869 1435 908 a
1470 854 1669 910 Catone
1702 853 2003 923 explicatur

403 962 511 1018 quo
542 946 671 1002 ﬁant
707 947 887 1006 modo.
922 962 1080 1019 quam
1112 957 1291 1003 utrum
1320 963 1379 1003 re
1406 948 1518 1016 ipsa
1544 947 1683 1003 inter
1708 962 1768 1003 se
1792 946 2001 1002 discre-

404 1050 553 1115 pent.
610 1040 972 1109 Quamobrem
1037 1042 1319 1098 Isidorus:
1366 1060 1385 1094 ι
1427 1042 1713 1106 Ριτιοεηιω,
1754 1061 1772 1093 ι
1809 1041 1999 1113 inquit,

411 1152 431 1187 ε
461 1144 604 1199 sunt,
637 1150 758 1207 qua:
794 1135 927 1190 ﬁunt
966 1150 1030 1190 ex
1075 1137 1235 1202 farre,
1269 1151 1401 1205 quas
1437 1135 1528 1190 alii
1559 1136 1662 1191 liba
1698 1135 1906 1203 dicunt,
1937 1151 2005 1191 eo

403 1228 546 1299 quod
573 1227 793 1297 libeant,
823 1239 879 1285 et
931 1229 1181 1300 placeant
1212 1247 1231 1281 ι
1269 1228 1512 1299 (Ιεὶάοινη
1558 1230 1649 1289 tib.
1701 1245 1772 1284 xx
1831 1229 2003 1301 θήρη

408 1337 529 1393 cap.
561 1320 642 1392 2).

475 1415 740 1471 Cancrum
777 1415 1019 1487 quamvis
1049 1415 1218 1471 libum
1258 1427 1314 1471 et
1354 1416 1604 1486 placenta
1649 1430 1838 1486 parum
1869 1413 2008 1471 adeo

405 1507 547 1564 inter
584 1523 644 1564 se
684 1508 1075 1580 discreparent,
1125 1508 1172 1563 si
1220 1508 1353 1563 Cato
1403 1519 1582 1565 tamen
1626 1524 1687 1565 ea
1735 1509 2004 1575 distinxit,

407 1600 540 1656 nihil
572 1601 810 1671 profecto
840 1600 1132 1672 prohibere
1154 1600 1391 1669 videtur,
1417 1601 1708 1671 quominus
1739 1602 1807 1657 ab
1833 1604 2005 1657 Arno-

2102 384 2180 439 uti
2209 383 2589 441 animadvertit
2616 384 2874 451 Donatus,
2904 403 2924 438 ‹
2953 385 3169 455 proprie
3197 400 3260 441 ea
3286 393 3369 440 est
3397 398 3545 452 caro,
3568 399 3694 456 qua:

2103 479 2489 544 manducatur,
2532 493 2598 533 eo
2640 478 2783 550 quod
2826 478 3085 549 pulsetur,
3130 486 3185 534 et
3222 475 3627 534 conscindatur.
3666 494 3687 529 ι

2103 569 2341 626 Isidorus
2389 585 2518 625 vero
2546 586 2560 623 :
2594 589 2613 621 ι
2648 570 2832 641 Pulpa,
2863 588 2883 621 ›
2917 570 3108 641 inquit,
3146 586 3166 622 ‹
3198 569 3358 636 dieta,
3402 569 3527 640 quia
3569 583 3691 624 cum

2106 664 2253 733 pulte
2296 663 2423 719 olim
2466 662 2754 719 commixta
2796 664 3131 719 vescebatur.
3161 681 3182 715 ι
3211 662 3317 718 Sed
3346 661 3493 727 alibi,
3526 672 3602 731 et,
3635 672 3696 718 ut

2106 756 2293 811 multis
2337 757 2571 823 videtur,
2614 756 2850 813 melius:
2883 775 2902 808 ι
2936 756 3095 827 Pulpa
3137 765 3219 811 est
3256 770 3383 811 caro
3416 756 3534 812 siue
3576 754 3697 826 pin-

2104 848 2357 918 guedine,
2406 848 2567 918 dicta,
2622 849 2763 920 quod
2816 849 3067 919 palpitet;
3118 848 3289 905 resilit
3337 848 3481 904 enim
3526 864 3694 920 saepe.

2106 942 2258 997 Hauc
2278 941 2523 1013 plerique
2543 950 2598 997 et
2620 944 2825 997 viscum
2868 950 3081 1009 vocant,
3108 940 3250 1014 quod
3275 940 3543 1014 glutinosa
3570 942 3642 997 sit
3669 962 3690 994 ι

2107 1031 2351 1102 (Donat.,
2383 1034 2437 1088 in
2467 1032 2672 1089 Terent.
2710 1032 2925 1106 Hecyra,
2954 1044 3055 1088 act.
3087 1048 3161 1099 ttt,
3198 1050 3338 1089 scen.
3369 1032 3436 1101 ις
3475 1032 3695 1103 lsidor.,

2110 1125 2197 1181 lib.
2231 1143 2288 1182 xt
2331 1127 2559 1200 Origin,
2592 1145 2707 1200 cap.
2742 1131 2769 1185 1
2800 1139 2848 1183 et
2878 1128 2995 1183 libr.
3024 1144 3116 1194 xx,
3143 1145 3258 1199 cap.
3282 1127 3366 1199 2).

2181 1223 2276 1279 His
2336 1223 2408 1278 ita
2473 1223 2797 1291 observatis,
2860 1222 3117 1292 particula
3184 1222 3429 1293 uegativa
3481 1239 3583 1279 non
3642 1223 3699 1280 in

2109 1317 2332 1376 Arnobii
2366 1326 2514 1373 textu
2548 1316 2704 1373 nobis
2732 1331 2831 1371 suo
2860 1318 2980 1373 loco
3010 1326 3154 1373 mota
3182 1326 3427 1388 apparet,
3459 1326 3517 1373 et
3542 1332 3701 1388 repo-

2109 1411 2283 1467 nenda
2324 1421 2450 1467 ante
2488 1426 2684 1467 nomen
2726 1411 3078 1483 palpamenta,
3113 1420 3275 1481 atque
3309 1419 3436 1467 aute
3472 1410 3696 1467 verbum

2111 1514 2229 1560 exta
2252 1514 2345 1559 aut
2370 1504 2762 1571 subaudienda,
2792 1512 2885 1558 aut
2914 1504 3107 1560 iterum
3145 1503 3493 1566 collocanda;
3528 1502 3598 1558 ita
3641 1512 3702 1559 ut

2111 1599 2190 1654 sic
2229 1599 2495 1654 scribatur
2523 1616 2535 1652 :
2564 1597 2682 1653 Non
2715 1598 2889 1669 placet
2918 1598 3196 1654 nominare
3222 1613 3439 1654 carnem
3483 1596 3700 1653 Streba-

408 1695 497 1751 bio
526 1696 774 1752 distincta
817 1696 1013 1751 fuerint
1050 1696 1175 1762 alia,
1209 1711 1314 1751 non
1354 1696 1579 1751 multum
1613 1713 1641 1750 a
1673 1711 1733 1751 se
1773 1697 2000 1752 invicem
2036 1694 2081 1754 B
2114 1692 2388 1759 Ιαηινη...
2423 1707 2525 1746 non
2552 1692 2883 1763 palpamenta
2908 1708 3047 1756 assa.
3074 1707 3187 1762 quae
3211 1692 3266 1746 in
3293 1692 3505 1747 verubus
3535 1702 3653 1747 sunt
3678 1708 3699 1747 :

410 1787 621 1844 diversa
661 1789 887 1844 liberum
930 1805 1149 1860 genera,
1193 1805 1314 1860 quae
1356 1789 1425 1845 ab
1467 1789 1562 1843 illo
1589 1807 1603 1819 ·
1632 1788 1853 1861 Africia,
1886 1806 2009 1860 gra-

413 1881 558 1947 tilla,
614 1891 933 1946 catameum,
992 1882 1342 1952 conspolium,
1405 1892 1453 1936 et
1505 1880 1692 1936 cubula
1752 1892 2012 1937 vocantur

413 1974 654 2047 (.lrnob..
685 1974 772 2029 lib.
805 1991 900 2037 vit,
938 1989 1056 2046 pag.
1090 1974 1239 2048 250).
1273 1976 1387 2031 Non
1421 1975 1562 2030 aliud
1585 1977 1727 2031 enim
1757 1976 1896 2031 inter
1923 1977 2009 2031 illa

415 2069 593 2124 omnia
626 2067 912 2125 discrimen
944 2066 1315 2123 intercessisse
1342 2068 1572 2135 videtur,
1602 2067 1703 2123 nisi
1733 2084 1801 2123 ex
1842 2077 2013 2125 mate-

414 2164 517 2228 ria,
540 2172 590 2217 et
614 2162 824 2218 ratione
843 2177 948 2232 qua
979 2161 1093 2217 ﬁeri
1121 2162 1386 2217 solebant.
1411 2162 1576 2217 Suum
1608 2173 1787 2218 autem
1816 2178 2010 2219 nomen

414 2255 499 2310 vel
532 2254 676 2321 inde,
704 2253 839 2310 vela
862 2255 1005 2319 loco,
1034 2254 1120 2310 ubi
1156 2255 1387 2326 primum
1418 2255 1555 2310 facta
1588 2264 1733 2316 sunt.
1762 2255 1847 2311 vel
1872 2271 1901 2308 a
1931 2255 2013 2310 di-

414 2362 571 2403 versa
602 2362 696 2402 sua
726 2346 897 2401 forma
929 2356 984 2402 et
1015 2349 1182 2419 ligura
1218 2357 1565 2417 acceperunt.
1600 2346 1793 2402 Nostra
1832 2358 2011 2404 autem

415 2440 556 2497 scire
587 2453 773 2509 parum
802 2439 1025 2496 interest
1054 2440 1198 2495 ttude
1224 2440 1465 2497 derivata
1491 2441 1601 2495 sint
1631 2440 1745 2496 haec
1771 2441 2007 2508 nomina,

422 2543 514 2591 aut
554 2532 682 2607 quid
722 2548 913 2590 revera
957 2534 1280 2606 signiﬁcent,
1331 2534 1425 2590 sed
1466 2544 1663 2604 quanta
1712 2534 2013 2591 insulsitate

415 2626 646 2699 gentiles
696 2624 814 2682 base
860 2625 1066 2681 ﬁctitiis
1113 2625 1215 2683 diis
1266 2627 1399 2695 suis,
1449 2627 1603 2698 quasi
1651 2627 2013 2683 esurientibus

415 2722 716 2779 libaverint.

488 2817 647 2873 Multa
676 2817 799 2884 alia,
830 2832 983 2888 aeque
1003 2816 1251 2885 ridicula,
1284 2817 1558 2873 Arnobius
1582 2819 1833 2885 consulto
1852 2818 2007 2874 omit-

416 2911 481 2967 tit
508 2910 719 2985 (lbid.),
755 2912 937 2982 aitque
974 2910 1076 2967 sibi
1108 2926 1214 2966 non
1244 2910 1513 2983 placuisse
1546 2927 1764 2968 carnem
1793 2912 2009 2969 strebu-

415 3008 524 3064 lam
562 3008 867 3072 nominare,
904 3022 1021 3076 qua:
1062 3015 1328 3061 taurorum
1364 3007 1723 3061 coxendicibas
1765 3008 2007 3062 demitur.

2113 1803 2214 1840 non
2245 1795 2361 1841 exta
2386 1786 2635 1851 animata,
2671 1797 2779 1842 etc.
2813 1784 2905 1843 Sic
2932 1786 3073 1842 enim
3112 1794 3327 1855 apertus
3354 1787 3459 1843 erit
3483 1788 3570 1844 hic
3598 1790 3701 1843 Ar-

2113 1879 2258 1935 nobii
2303 1894 2537 1935 sensus:
2567 1880 2625 1934 In
2669 1879 2947 1935 sacriﬁciis
2988 1878 3185 1935 frustra
3226 1878 3431 1936 adoleri
3474 1895 3596 1935 assa
3643 1879 3699 1935 in

2112 1973 2347 2030 verubus
2391 1974 2756 2045 pulpameuta,
2810 1974 2913 2028 hoc
2956 1980 3058 2039 est,
3110 1973 3302 2029 molles
3344 1985 3400 2030 et
3443 1972 3702 2030 delicatas

2112 2068 2292 2124 carnis
2336 2069 2454 2123 sine
2498 2067 2819 2139 pinguedine
2861 2076 3061 2140 partes,
3108 2081 3231 2137 qua:
3279 2083 3431 2122 suam
3483 2076 3703 2138 propter

2114 2162 2393 2218 mollitiem
2436 2161 2795 2233 palpitannF
2800 2173 2973 2217 rustra
3004 2160 3164 2217 etiam
3204 2162 3348 2217 litari
3387 2162 3701 2218 animalium

2114 2267 2256 2323 exta,
2302 2256 2449 2326 prius
2490 2257 2741 2319 animata,
2785 2268 2839 2311 et
2879 2255 3201 2312 carbonibus
3240 2255 3548 2325 torrefacta,
3581 2272 3703 2326 qua:

2114 2348 2328 2418 quidem
2358 2363 2464 2404 non
2495 2349 2551 2405 in
2579 2348 2834 2414 verubus,
2865 2348 2960 2405 sed
2983 2350 3259 2405 succensis
3282 2359 3487 2405 tantum
3512 2351 3704 2405 carbo-

2115 2440 2274 2497 nibus
2298 2440 2493 2496 torreri
2528 2449 2795 2512 poteraut.
2828 2440 2899 2496 Ea
2925 2450 3103 2497 autem
3131 2440 3237 2497 diis
3260 2442 3436 2499 oblata
3463 2443 3626 2499 fuisse
3654 2444 3703 2499 si

2114 2536 2347 2605 dubites,
2377 2537 2663 2593 certiorem
2705 2536 2897 2593 Festus
2937 2545 2989 2592 te
3019 2535 3197 2601 faciet,
3234 2538 3323 2607 qui
3353 2537 3478 2594 inde
3508 2553 3704 2594 nomen

2114 2645 2269 2686 suum
2325 2631 2513 2684 sortita
2559 2643 2681 2685 esse
2723 2628 2995 2684 existimat
3026 2646 3040 2683 :
3079 2647 3098 2681 ι
3135 2629 3292 2697 Exta,
3326 2648 3346 2683 ι
3376 2631 3469 2697 ait,
3508 2649 3528 2683 ι
3560 2630 3705 2687 dicta

2112 2721 2254 2794 quod
2283 2736 2346 2778 ea
2374 2722 2478 2777 diis
2508 2732 2873 2791 proseceutur,
2911 2739 3033 2795 quae
3063 2724 3297 2781 maxime
3328 2733 3535 2793 extant,
3564 2724 3704 2782 emi-

2115 2824 2368 2886 neutqne.
2401 2834 2420 2868 ι
2451 2812 2680 2885 (Festus,
2709 2815 2779 2869 ad
2808 2816 2941 2871 verb.
2977 2816 3188 2888 Exn.)

2187 2909 2350 2964 Addit
2394 2909 2662 2965 Arnobius
2690 2926 2704 2963 :
2738 2928 2758 2963 ι
2792 2909 2910 2965 Non
2937 2911 3247 2978 salsamina,
3286 2928 3407 2983 qua:
3441 2923 3564 2969 sunt
3599 2931 3703 2971 uua

2113 3004 2426 3061 commixtio
2489 3005 2768 3076 quadrinis
2812 3005 3059 3076 copulata
3111 3005 3352 3078 frugibus
3395 3027 3415 3061 ι
3459 3008 3699 3078 (Arnob,

417 3103 506 3169 At,
540 3101 699 3159 Festo
719 3102 763 3156 si
792 3100 1080 3161 credimus.
1122 3099 1225 3154 boc
1254 3115 1449 3155 nomen
1480 3099 1549 3155 ab
1566 3099 1803 3156 Umbria:
1835 3115 2005 3170 popu-
2033 3086 2078 3150 C
2111 3098 2202 3155 lib.
2233 3115 2327 3165 vu,
2362 3116 2485 3172 pag.
2518 3098 2672 3169 230).
2705 3099 2896 3155 Nonne
2928 3115 3058 3156 vero
3086 3098 3169 3155 his
3199 3100 3378 3156 verbis
3400 3101 3568 3157 salsas
3594 3102 3707 3158 fru-

416 3194 483 3251 lis
528 3205 707 3252 ortum
752 3194 967 3259 habuit;
1009 3193 1134 3266 quia
1177 3192 1284 3249 illis
1330 3194 1498 3263 magis
1551 3209 1709 3264 quam
1754 3191 2012 3248 Romanis

416 3288 671 3344 usitatum
714 3297 833 3343 erat
883 3286 1117 3361 (Festus,
1164 3286 1234 3340 ad
1282 3285 1609 3353 S'rnnnuu).
1657 3285 2011 3341 Observatum

419 3380 683 3451 siquidem
727 3380 797 3434 ab
836 3395 903 3436 eo
942 3380 1211 3450 legimus:
1246 3398 1265 3432 ι
1300 3380 1551 3435 Strebula
1618 3378 1872 3437 Umbrico
1909 3395 2011 3435 no-

413 3474 561 3529 mine
600 3472 822 3527 Plautus
862 3471 1095 3543 appellat
1141 3470 1463 3527 coxendices
1517 3472 1834 3534 hostiarum,
1877 3487 2013 3543 quas

416 3565 579 3637 grzeci
607 3566 767 3641 μηρία
797 3562 1002 3629 dicunt,
1034 3577 1156 3633 qua:
1184 3562 1237 3616 in
1274 3561 1464 3617 altaria
1507 3562 1707 3633 imponi
1745 3562 2010 3629 solebant,

416 3668 475 3714 ut
515 3656 735 3712 Plautus
776 3656 849 3711 ait
891 3655 944 3711 iu
990 3653 1306 3710 Frivolaria.
1340 3674 1359 3708 ι
1390 3653 1531 3709 Nulli
1573 3656 1753 3726 itaque
1790 3655 2011 3711 dubium

418 3767 541 3808 esse
572 3760 773 3822 potest,
802 3751 932 3821 quin
962 3764 1023 3805 ea
1056 3764 1185 3805 caro
1212 3750 1263 3804 in
1295 3750 1632 3805 ethnicorum
1664 3750 1830 3806 sacris
1857 3749 2013 3805 adbi-

418 3845 657 3903 beretur.
689 3844 823 3901 Nam
851 3855 905 3901 et
932 3843 1119 3900 Pollux
1150 3844 1240 3900 ubi
1266 3845 1440 3899 varias
1470 3843 1720 3914 loquendi
1754 3844 2016 3901 formulas

420 3938 489 3994 ad
517 3953 669 3994 sacra
698 3937 1029 4009 pertinentes
1073 3947 1339 4006 recenset,
1393 3936 1530 3993 hanc
1560 3947 1826 3994 memorat
1854 3942 2017 4018 μηρία

421 4033 661 4088 ἐπιθεῖναι
714 4028 939 4103 (Pollux
993 4030 1285 4097 Onomast,
1340 4029 1430 4086 lib.
1489 4047 1540 4098 ι,
1587 4030 1745 4104 §M,
1790 4050 1909 4103 cap.
1961 4034 2014 4099 1,

423 4143 542 4198 pag.
587 4123 668 4197 8),
709 4126 1007 4181 coxendice:
1049 4127 1332 4199 imponere.
1384 4125 1466 4182 Ad
1511 4126 1563 4182 id
1612 4137 1792 4183 autem
1842 4128 2018 4185 facere

422 4215 696 4274 nonnullis
722 4217 937 4274 videtur
977 4217 1085 4283 hic,
1129 4218 1340 4274 tametsi
1383 4228 1671 4290 corruptus
1700 4236 1729 4274 a
1762 4220 2015 4288 librariis,

424 4310 682 4369 Varronis
712 4311 884 4380 locus,
916 4312 1007 4367 ubi
1036 4302 1278 4369 diversas
1310 4313 1485 4369 Plauti
1513 4315 1810 4372 commdias
1839 4316 1973 4372 citat
2001 4335 2014 4371 :

432 4423 453 4458 ι
486 4405 543 4460 lu
579 4402 853 4469 Cestioue,
882 4404 1228 4470 cerastibola,
1262 4414 1321 4460 ut
1358 4404 1426 4460 de
1462 4407 1644 4463 lumbo
1681 4407 2017 4464 obcoenabis.

425 4498 758 4556 Cerastibola
796 4498 1002 4571 Opilius
1044 4499 1231 4556 scribit
1271 4500 1475 4556 circum
1520 4501 1851 4558 coxendices
1893 4509 2021 4558 sunt
2045 4481 2100 4542 Ῑ)

426 4589 626 4648 nobis:
656 4588 706 4645 id
730 4604 964 4662 gra'cum
986 4597 1069 4646 est
1086 4589 1157 4645 ab
1178 4588 1334 4656 hujus
1357 4590 1457 4646 loci
1504 4605 1723 4646 versura
1754 4611 1773 4645 ι
1803 4592 1821 4661 (
1838 4589 2017 4660 Varr.,

429 4683 520 4741 lib.
554 4701 609 4739 vr
658 4682 726 4741 de
764 4682 921 4757 Ling.
963 4683 1084 4747 lat.,
1116 4702 1237 4758 pag.
1277 4682 1393 4757 83).
1439 4683 1514 4740 Ibi
1552 4687 1694 4741 enim
1738 4685 2019 4758 legendum

427 4786 618 4850 putant
652 4794 772 4834 caro
809 4778 1053 4847 strebttla,
1093 4781 1163 4834 de
1198 4793 1301 4849 qua
1341 4788 1529 4835 auctor
1565 4788 1747 4836 noster
1778 4780 2020 4837 disserit.

430 4871 643 4929 Videsis
669 4872 929 4945 Scaligeri
975 4872 1027 4927 in
1067 4871 1185 4927 hinc
1214 4870 1473 4927 Varronis
1510 4873 1673 4929 verba
1714 4874 2020 4930 annotatio-

429 4976 550 5030 nes,
564 4978 628 5019 ac
642 4964 687 5019 si
705 4964 859 5031 velis,
878 4961 1113 5019 Turuebi
1126 4960 1448 5019 Adversaria
1465 4962 1735 5033 (Turneb.,
1758 4963 1846 5019 lib.
1864 4981 2020 5034 χχιιι,

429 5071 546 5127 cap.
577 5056 691 5130 l8).

502 5150 708 5206 Dehinc
754 5165 887 5207 vero
934 5148 1259 5208 Arnobius:
1300 5168 1319 5204 ι
1355 5148 1467 5207 Nec
1514 5148 1714 5224 placet,
1760 5172 1781 5207 ι
1828 5152 2021 5223 inquit,

434 5262 457 5299 α
490 5244 772 5301 nominare
804 5244 1144 5315 palpamenta
1193 5260 1298 5302 non
1342 5260 1485 5313 assa,
1527 5262 1646 5318 quae
1694 5248 1748 5303 in
1790 5248 2025 5304 verubus

429 5350 554 5399 exta
591 5350 740 5405 sunt,
776 5339 1010 5397 animata
1040 5341 1190 5412 prius
1216 5350 1271 5397 et
1312 5340 1599 5397 torrefacta
1643 5341 1968 5398 carbonibus
1998 5360 2017 5394 ι

428 5432 670 5505 (Arnob.,
701 5432 789 5489 lib.
817 5449 912 5499 vn,
944 5451 1062 5505 pag.
1095 5434 1250 5511 250).
1287 5434 1392 5493 Sed
1432 5433 1589 5506 hujus
1622 5442 1799 5490 textus
1825 5436 2025 5492 obscu-

429 5526 566 5581 ritas
607 5524 761 5582 illum
796 5523 868 5582 ab
911 5525 1182 5596 imperito;
1212 5537 1304 5582 aut
1334 5527 1600 5583 oscitante
1635 5527 1851 5584 librario
1877 5527 2028 5583 adul-

431 5626 662 5674 teratam
684 5634 804 5675 esse
824 5618 956 5676 satis
976 5618 1232 5674 ostendit.
1257 5622 1595 5692 Quapropter
1622 5630 1679 5676 ut
1710 5619 1797 5677 lux
1823 5621 2022 5693 aliqua,

432 5714 484 5779 is
526 5712 642 5772 ﬁeri
680 5723 861 5787 queat,
907 5713 956 5773 ci
998 5710 1271 5779 efferatur,
1314 5714 1606 5774 observare
1640 5716 1810 5788 juvat,
1842 5718 2024 5788 pulpa-

2112 3208 2207 3263 ges
2248 3191 2515 3263 intelligit,
2552 3207 2685 3261 quas
2714 3192 2767 3248 in
2802 3191 3082 3248 sacriﬁciis
3110 3192 3310 3250 ethnici
3342 3194 3709 3252 adhibebant?

2114 3286 2279 3342 Siuou
2309 3287 2507 3358 quippe
2535 3286 2675 3357 apud
2703 3286 2984 3359 Virgilium
3014 3286 3129 3342 haec
3157 3288 3358 3344 dixisse
3384 3287 3557 3345 fertur
3585 3307 3599 3343 :

2205 3400 2414 3467 iamque
2429 3400 2538 3467 dies
2556 3399 2747 3452 infanda
2771 3400 2961 3463 aderat,
2980 3400 3098 3451 mihi
3118 3414 3254 3453 saera
3276 3403 3454 3467 parari,

2206 3464 2270 3515 Et
2290 3465 2431 3515 salsae
2450 3464 2639 3528 fruges.

2515 3545 2748 3614 (Virgil.,
2770 3546 2856 3599 lib.
2883 3564 2917 3599 ιι
2941 3548 3150 3611 ma,
3176 3562 3303 3601 vers.
3326 3550 3459 3613 129.)

2114 3654 2316 3712 Plinius
2343 3664 2519 3711 autem
2558 3654 2714 3711 docet
2744 3671 2774 3711 a
2802 3654 2974 3712 Numa
3005 3671 3133 3728 rege
3162 3656 3466 3713 institutum
3505 3679 3525 3711 ι
3565 3659 3706 3717 Deos

2122 3751 2274 3822 fruge
2296 3752 2501 3817 colere,
2525 3758 2582 3805 et
2607 3750 2749 3806 mola
2770 3750 2910 3806 salsa
2936 3751 3261 3823 supplicare.
3294 3771 3314 3805 ι
3342 3752 3562 3811 Servius
3584 3770 3713 3811 vero

2116 3847 2171 3903 iu
2201 3846 2393 3903 citatos
2421 3845 2629 3917 Virgilii
2658 3862 2845 3902 versus
2873 3847 3126 3904 observat
3153 3849 3231 3903 sal
3258 3858 3315 3904 et
3342 3848 3423 3905 far
3457 3849 3564 3905 dici
3591 3866 3711 3906 mo-

2117 3939 2222 3995 lam
2261 3940 2480 4007 salsam,
2508 3955 2668 4011 quam
2706 3939 2913 3996 Plinius
2953 3942 3005 3995 in
3039 3941 3290 3997 omnibus
3330 3942 3629 4007 sacriﬁciis,
3657 3953 3716 3999 et

2117 4050 2236 4091 eam
2262 4035 2432 4091 solam
2463 4052 2491 4089 a
2520 4037 2845 4108 pauperibus
2876 4036 3186 4093 hominibus
3228 4037 3434 4093 litatam
3475 4039 3716 4095 afﬁrmat

2120 4128 2316 4203 (Plin.,
2366 4130 2456 4185 lib.
2487 4146 2616 4187 xvut
2644 4129 2783 4186 Hist.
2814 4143 3010 4199 unum,
3031 4148 3148 4205 cap.
3177 4132 3235 4197 2,
3258 4150 3379 4204 pag.
3403 4133 3544 4199 473;
3578 4131 3717 4189 Pro-

2120 4224 2249 4295 log.,
2292 4224 2380 4279 lib.
2426 4240 2465 4291 ι,
2506 4241 2627 4297 pag.
2665 4225 2721 4289 5,
2759 4234 2807 4279 et
2834 4225 2923 4280 lib.
2960 4240 3107 4293 xxxt,
3140 4242 3256 4298 cap.
3293 4226 3346 4295 7,
3392 4244 3513 4299 pag.
3559 4229 3713 4298 809).

2123 4319 2228 4376 Sed
2260 4319 2481 4376 Tibulus
2509 4321 2579 4376 ab
2603 4319 2856 4377 omnibus
2891 4330 3178 4393 utrumque
3213 4320 3294 4377 far
3320 4331 3377 4379 et
3402 4321 3484 4377 sal
3516 4322 3717 4393 saepius

2120 4412 2419 4470 adhibitum
2449 4413 2595 4470 canit
2626 4432 2642 4469 :

2218 4595 2282 4663 Et
2298 4608 2472 4663 vanum
2496 4604 2728 4648 metuens
2747 4598 2997 4663 hominum
3017 4611 3195 4663 genus,
3217 4600 3379 4651 omnia
3395 4602 3551 4653 noctis

2220 4657 2372 4711 Farre
2396 4660 2479 4724 pio
2498 4664 2711 4727 placant,
2728 4668 2782 4712 et
2799 4657 3154 4713 saliente'sale.

2764 4743 2993 4811 (Tibull.,
3014 4744 3099 4799 lib.
3125 4762 3228 4809 xm,
3250 4748 3373 4814 eleg.
3393 4749 3467 4812 ιι.)

2128 4870 2408 4940 Quomodo
2448 4882 2651 4940 autem,
2697 4889 2729 4929 a
2777 4874 2991 4944 quibus,
3040 4884 3097 4931 et
3138 4891 3245 4947 quo
3289 4886 3533 4949 tempore
3575 4881 3719 4935 mola

2127 4966 2269 5021 salsa
2299 4966 2452 5023 ﬁeret
2477 4966 2733 5026 describit
2761 4969 2999 5036 Servius,
3046 4984 3205 5042 quem
3245 4972 3488 5029 consule.
3537 4974 3718 5029 Arno-

2129 5058 2251 5115 bius
2292 5074 2454 5130 porro
2497 5059 2735 5117 declarat
2773 5077 2894 5119 esse
2930 5062 3313 5133 quadrinarum
3352 5079 3448 5121 seu
3488 5076 3722 5137 quatuor

2126 5148 2342 5221 frugqu
2370 5152 2830 5210 commixtiouem.
2865 5155 2936 5211 At
2963 5154 3218 5226 Virgilius
3259 5156 3424 5212 citato
3460 5158 3568 5225 jam
3599 5173 3719 5215 car-

2128 5245 2275 5302 mine
2325 5246 2505 5317 plures
2554 5246 2830 5304 indeﬁnite
2881 5250 3057 5320 fruges
3106 5260 3368 5305 memorat
3414 5249 3617 5320 (Serm,
3663 5255 3717 5308 in

2140 5334 2321 5409 Virgil.
2352 5340 2511 5411 eclog.
2541 5338 2598 5407 8,
2628 5357 2748 5412 pag.
2778 5338 2891 5411 46).

2204 5428 2331 5486 Vult
2359 5447 2573 5503 quoque
2603 5433 2875 5489 Arnobius
2901 5433 3048 5505 rejici
3076 5437 3323 5505 fendicas,
3352 5452 3447 5493 seu
3475 5449 3534 5495 ttt
3554 5440 3717 5509 aliqui

2129 5522 2414 5597 legendum
2438 5534 2626 5596 putant
2651 5525 2877 5596 {radices
2905 5524 3143 5600 (Arnob.,
3168 5529 3256 5584 lib.
3286 5546 3375 5595 vu,
3409 5548 3528 5604 pag.
3560 5532 3714 5607 2'50).

2127 5616 2210 5673 Ex
2256 5617 2420 5675 variis
2464 5629 2641 5676 autem
2683 5620 2988 5678 nominibus
3022 5624 3091 5681 ab
3133 5624 3227 5681 illo
3264 5626 3570 5693 recensitis,
3613 5627 3719 5684 hoc

2128 5713 2375 5771 nonnulli
2425 5730 2589 5773 unum
2626 5730 2746 5773 esse
2789 5727 2996 5788 putant,
3041 5719 3179 5790 quod
3225 5735 3364 5777 nunc
3412 5721 3710 5795 ignoratur.
