3986 6058
170 240 270 299 ωε)

1308 306 1315 315 .
1347 249 1416 306 ΙΝ
1452 250 1832 319 ARNOBIUM,
1873 250 2029 306 CAP.
2059 247 2252 307 XXIII.

3365 257 3472 314 050

172 357 267 413 Alii
294 357 599 427 opinantur,
640 357 775 414 illud
811 373 843 414 a
871 361 1040 419 verbo
1067 363 1210 433 ﬁndo
1235 372 1441 433 ortum,
1484 368 1607 438 quia
1648 370 1762 423 fen-
1788 373 1842 431 Α
1864 366 2019 429 secla,
2045 380 2108 420 eo
2136 363 2436 437 signiﬁcatu
2460 379 2489 418 a
2519 364 2770 422 Lucretio
2796 365 2937 421 haud
2963 367 3129 424 semel
3156 378 3466 440 usurpatur.

171 447 297 504 dicte
320 464 388 506 ex
422 449 566 505 ﬁssis
588 451 839 507 carnibus
878 453 1030 510 factae
1065 464 1241 512 erant.
1295 456 1488 513 Verum
1537 461 1772 529 ipsemet

171 550 375 606 auctor,
420 542 545 614 quid
575 543 686 599 sint
716 543 945 600 fendicze
986 546 1068 603 bis
1109 546 1360 604 edisserit
1392 551 1609 607 verbis:
1642 552 1772 620 Quae

173 644 220 690 et
248 636 379 707 ipsa:
423 646 538 692 sunt
582 638 711 694 Itiro:
738 639 869 711 (MS.
899 640 1025 695 cod.
1055 650 1110 697 et
1148 642 1267 697 aliae
1308 642 1440 699 edit.
1481 645 1629 712 dirae,
1674 646 1771 702 sed

174 729 479 800 mendose),
512 748 640 800 quas
667 731 826 804 plebis
848 733 1012 787 oratio
1042 734 1135 788 ilia
1160 734 1296 803 (MS.
1328 736 1546 792 codices
1569 745 1621 793 et
1649 738 1769 808 qui-

174 823 294 879 dam
333 823 460 879 editi
494 824 609 891 illa,
640 825 734 881 sed
758 826 1041 898 legendum
1069 826 1230 898 hilla)
1254 828 1401 895 solet,
1425 845 1542 882 cum
1570 830 1769 897 eloqui-

173 929 274 985 tur,
320 936 634 992 nuncupare.
661 921 786 978 Hira
824 931 1002 979 autem
1041 939 1071 977 a
1095 923 1257 979 Festo
1298 924 1388 995 (ad
1424 924 1560 979 verb.
1599 923 1759 995 HIRA)

174 1017 252 1071 sic
274 1013 561 1071 delinitur:
595 1016 748 1085 Hira,
777 1034 892 1089 qua:
914 1019 1213 1074 diminutive
1237 1018 1424 1074 dicitur
1444 1018 1594 1081 Itilla,
1617 1036 1771 1089 quant

174 1111 322 1182 θνανεὶ
347 1110 523 1166 dicunt
545 1121 746 1179 νῆστιν,
778 1114 1074 1169 intestinum
1103 1123 1195 1182 est,
1236 1113 1374 1187 quod
1403 1115 1644 1186 jejunum
1686 1130 1772 1168 vo-

177 1214 292 1259 cant
314 1220 334 1258 :
362 1203 664 1260 Macrobius
692 1220 823 1261 vero
850 1206 950 1261 tria
977 1206 1229 1262 intestina
1271 1220 1392 1261 esse
1431 1206 1611 1272 docet,
1641 1221 1774 1276 quo-

175 1313 293 1353 rum
323 1297 555 1368 primum
591 1297 895 1367 dissipium,
925 1298 1059 1353 alias
1082 1298 1380 1369 disseptum
1409 1307 1770 1366 nuncupatur,

177 1400 233 1448 et
252 1409 278 1446 a
298 1390 489 1463 graccis
508 1389 827 1467 διάφραγμαε
852 1390 1144 1447 secundum
1168 1390 1403 1448 medium
1426 1393 1770 1468 μεσεντέριον,

178 1493 237 1540 et
265 1492 479 1539 tertum
506 1501 519 1536 :
546 1483 684 1551 quod
712 1492 898 1538 veteres
929 1484 1097 1538 hiram
1117 1492 1439 1550 vocaverunt,
1469 1483 1777 1554 habeturque

177 1578 491 1651 praecipuum
538 1575 895 1631 intestinorum
945 1578 1192 1643 omnium,
1244 1585 1291 1631 et
1341 1576 1440 1631 cibi
1483 1576 1777 1632 retrimenta

179 1672 379 1726 deducit
425 1669 706 1745 (Macrob.,
757 1671 847 1726 lib.
900 1687 939 1738 I,
988 1671 1043 1725 in
1091 1671 1275 1728 Somn.
1329 1670 1501 1741 Scip.,
1547 1688 1663 1742 cap.
1719 1670 1773 1738 6,

1873 458 2088 514 Alicubi
2119 460 2265 514 enim
2295 458 2490 515 cecinit
2517 475 2531 512 :

2657 552 2802 606 Secla
2827 555 3062 607 ferarum.

2496 636 2512 694 (
2524 638 2734 702 Lucret,
2754 638 2837 689 lib.
2864 654 2920 700 ιι,
2941 653 3068 691 vers.
3092 640 3254 706 1075.)

1875 737 1930 795 id
1962 751 2066 808 est,
2097 740 2398 797 belluarum
2424 757 2647 813 genera.
2679 743 2745 799 Et
2775 746 2931 815 paulo
2964 758 3082 817 post
3111 765 3126 802 :

1970 854 2097 923 Quin
2121 857 2360 923 cujusque
2385 857 2517 907 sicut
2542 857 2661 923 secli
2678 859 3034 923 permultaque
3061 862 3239 912 eodem

1967 919 2079 969 Sint
2101 919 2317 982 genere,
2344 921 2393 969 in
2412 920 2582 982 primis
2607 919 2920 981 animalibus,
2942 919 3103 974 indice
3128 935 3315 976 mente.

2772 985 2903 1049 (Id.,
2926 999 3053 1038 vers.
3075 988 3240 1046 1078.)

1875 1105 1947 1161 At
1981 1122 2178 1163 nomen
2216 1106 2347 1163 illud
2389 1107 2586 1179 saepius
2626 1108 2728 1165 hac
2758 1110 3153 1182 signiﬁcatione
3185 1116 3251 1168 ab
3292 1113 3404 1179 illo,
3438 1125 3494 1171 ct

1876 1200 2000 1255 aliis
2031 1201 2321 1271 accipitur,
2354 1217 2517 1272 quam
2566 1212 2625 1257 ut
2662 1204 2713 1257 id
2761 1204 2991 1274 longiori
3039 1207 3356 1275 probatione
3404 1207 3492 1263 in-

1878 1294 2084 1365 digeat.

1947 1387 2088 1458 Quid
2111 1398 2219 1444 tum
2242 1390 2437 1446 deinde
2456 1401 2645 1447 auctor
2669 1395 2886 1449 noster?
2913 1413 2931 1446 ι
2962 1394 3079 1450 Νοιι
3105 1408 3431 1469 magmento,
3462 1417 3480 1451 ι

1876 1482 2072 1555 inquit,
2102 1504 2123 1537 ‹
2157 1501 2262 1541 non
2291 1489 2561 1557 augmina,
2590 1503 2697 1542 non
2723 1489 2869 1544 mille
2895 1492 3104 1559 Species
3133 1491 3218 1545 vel
3245 1484 3488 1547 farcimi-

1876 1593 2043 1648 nutu,
2093 1576 2177 1634 vel
2226 1581 2502 1636 litillarum
2550 1602 2567 1635 ι
2606 1584 2848 1653 (Arnob,
2893 1585 2979 1639 lib.
3030 1601 3123 1652 vtt,
3170 1603 3292 1658 pag.
3334 1583 3487 1658 250).

1878 1669 1948 1726 Et
1992 1672 2062 1726 ita
2110 1672 2327 1741 quidem
2375 1673 2425 1728 in
2470 1674 2656 1729 ultima
2696 1677 2955 1742 editione,
3002 1678 3055 1731 in
3099 1680 3314 1733 ca‘teris
3359 1694 3491 1734 vero

179 1783 301 1838 pag.
327 1764 447 1835 44).
470 1764 741 1821 Arnobius
771 1765 949 1836 itaque
977 1764 1108 1819 dixit
1137 1764 1376 1821 fendicas
1405 1765 1624 1821 easdem
1653 1778 1776 1820 esse
1808 1762 1857 1823 B
1882 1764 2155 1829 omnibus,
2189 1774 2245 1820 et
2275 1767 2646 1837 manuscripto
2675 1771 2825 1839 regio
2853 1769 3061 1837 cndice,
3091 1771 3323 1825 velamen
3366 1789 3492 1827 san-

177 1874 245 1916 ac
284 1859 453 1928 biras,
479 1876 600 1932 qua:
642 1860 860 1917 nomine
894 1860 1107 1931 plebeio
1135 1860 1467 1916 vocabantur
1494 1860 1660 1929 ltillae,
1693 1860 1779 1916 ni-

187 1951 371 2024 hilque
398 1953 538 2008 aliud
570 1961 718 2020 sunt,
749 1969 909 2025 quam
938 1954 1246 2010 intestinum
1275 1954 1544 2025 jejunum.

252 2046 715 2116 Quemadmodum
746 2061 924 2104 autem
972 2047 1242 2104 Arnobius
1270 2047 1511 2104 feudicas
1550 2058 1606 2103 et
1635 2048 1781 2105 ltiras

180 2141 461 2198 sacriﬁciis
490 2141 827 2198 adhibendas
865 2157 987 2198 esse
1014 2154 1195 2215 negat,
1226 2143 1295 2197 ita
1325 2154 1379 2198 et
1405 2162 1424 2195 ι
1453 2142 1781 2212 (Erumnas,

181 2250 300 2307 quae
322 2244 470 2301 sunt,
504 2254 523 2289 ι
551 2234 745 2306 inquit,
776 2255 795 2288 ι
822 2235 995 2308 prima
1040 2237 1091 2292 in
1133 2236 1541 2308 gurgulionibus
1580 2240 1779 2310 capita,

183 2348 290 2406 qua
319 2332 556 2403 dejicere
583 2333 755 2400 cibos,
787 2342 841 2389 et
867 2333 1070 2390 referre
1098 2344 1285 2388 natura
1311 2343 1395 2390 est
1432 2336 1785 2391 ruminatori-

182 2425 287 2485 bus
313 2427 544 2484 saeculis.
581 2447 600 2481 ›
632 2427 873 2501 (Arnob,
903 2428 993 2484 lib.
1023 2444 1121 2490 vn.
1146 2446 1265 2500 pag.
1291 2428 1449 2503 230.)
1480 2432 1548 2486 At
1573 2439 1789 2487 constat

183 2532 318 2575 Sane
344 2519 415 2575 ibi
445 2519 513 2576 ab
537 2519 788 2589 imperito
811 2519 1029 2575 librario
1055 2520 1403 2590 depravatum
1433 2536 1555 2577 esse
1583 2537 1784 2578 nomen

184 2611 501 2680 (Erumnas,
531 2628 594 2667 ac
629 2611 913 2683 legendum
944 2629 1137 2668 rumos.
1181 2611 1286 2668 Ubi
1331 2614 1474 2669 enim
1517 2614 1790 2671 Arnobius

185 2704 305 2775 ipse
326 2703 518 2760 eadem
537 2707 751 2760 nomina
776 2705 937 2775 paulo
950 2714 1073 2778 post
1087 2707 1284 2777 repetit
1301 2706 1431 2777 (ibid
1441 2748 1476 2771 .,
1496 2724 1615 2779 pag.
1634 2708 1786 2777 231),

183 2796 264 2852 ibi
304 2797 466 2852 ramis
508 2806 822 2853 constanter
863 2799 915 2852 in
963 2799 1333 2870 manuscripto
1381 2799 1569 2856 codice
1614 2799 1787 2873 regio,

185 2892 548 2963 omnibusque
575 2891 901 2949 editionibus
928 2892 1143 2964 legitur.

260 2986 432 3040 Roma
455 2996 636 3042 autem
658 2984 857 3056 duplici
883 3001 1045 3041 sensu
1070 3002 1099 3039 a
1124 2986 1286 3041 variis
1311 2986 1623 3042 auctoribus
1647 2985 1787 3042 acci-

184 3079 357 3150 pitur.
400 3077 535 3134 Nam
562 3096 582 3129 ί
612 3078 860 3145 Romam,
894 3097 913 3132 ι
949 3087 1008 3133 ιιι
1039 3079 1113 3133 ait
1141 3078 1345 3134 Nonius
1366 3078 1673 3144 Marcellus,
1705 3076 1791 3132 cui

1880 1859 2114 1929 guinum,
2142 1859 2221 1914 vel
2247 1859 2539 1929 fitillarum.
2573 1862 2711 1929 Quid
2742 1868 2811 1917 sit
2835 1873 3012 1918 autem
3047 1876 3411 1934 magmentum
3437 1875 3494 1922 et

1882 1964 2253 2025 augmentum,
2288 1955 2373 2009 bis
2402 1955 2580 2010 disces
2611 1954 2869 2011 Varronis
2899 1959 3082 2012 verbis
3110 1976 3122 2011 :
3160 1978 3179 2011 t
3215 1963 3490 2029 Angntcn-

1887 2055 2021 2115 tum,
2063 2046 2206 2117 quod
2252 2062 2318 2102 ex
2360 2048 2634 2103 immolata
2679 2047 2853 2102 hostia
2896 2050 3174 2105 desectum
3218 2052 3268 2106 in
3304 2052 3504 2123 jecore

1884 2138 2215 2210 imponendo
2262 2139 2495 2209 augendi
2540 2155 2725 2196 causa.
2771 2142 3157 2213 Magnientum,
3212 2160 3240 2199 a
3298 2146 3485 2217 magis,

1885 2236 2030 2306 quod
2072 2236 2139 2290 ad
2186 2236 2501 2307 religionem
2543 2239 2713 2306 magis
2760 2238 3012 2306 pertinet.
3058 2238 3242 2309 Itaque
3273 2252 3488 2310 propter

1889 2328 1994 2384 hoc
2024 2337 2277 2384 montana
2311 2327 2432 2383 fana
2460 2330 2754 2384 constituta
2789 2330 2921 2385 locis
2948 2318 3134 2392 certis.
3168 2348 3276 2402 quo
3308 2332 3357 2387 id
3390 2334 3459 2387 im

1889 2432 2184 2492 poneretur
2213 2433 2393 2487 malae,
2424 2421 2491 2477 ab
2541 2437 2607 2476 eo
2661 2422 2805 2492 quod
2855 2425 3014 2494 graeci
3056 2426 3245 2497 μάτιας
3274 2429 3362 2481 καὶ
3389 2428 3493 2500 μά-

1892 2539 2035 2578 πιας.
2070 2537 2089 2570 ι
2124 2514 2335 2587 (Varr.,
2364 2517 2453 2571 lib.
2490 2534 2542 2572 tv
2579 2518 2641 2571 de
2668 2515 2819 2590 Ling.
2855 2520 2971 2587 lat.,
3014 2538 3133 2592 pug.
3163 2520 3283 2590 28).
3315 2522 3487 2588 Quem

1895 2615 1949 2666 in
1978 2612 2155 2666 locum
2183 2610 2555 2668 animadvertit
2580 2611 2819 2684 Scaliger
2843 2625 3204 2685 magmentum
3236 2631 3357 2671 esse
3384 2616 3479 2673 da-

1896 2719 2041 2776 pem,
2086 2720 2208 2775 qua:
2244 2719 2275 2758 a
2321 2705 2536 2760 rusticis
2564 2704 2720 2771 lano,
2750 2706 2989 2773 Silvano,
3024 2707 3199 2774 Marti,
3232 2707 3348 2764 Jnvi
3384 2710 3484 2764 Da-

1896 2799 2024 2870 pali,
2056 2808 2112 2855 et
2137 2799 2259 2853 aliis
2289 2799 2693 2867 profanabatur.
2724 2800 3021 2856 Salmasius
3047 2812 3223 2857 autaut
3256 2819 3354 2860 nos
3381 2821 3469 2861 mo

1899 2901 1995 2949 net
2037 2902 2349 2964 corruptum
2391 2909 2512 2948 esse
2559 2892 2816 2949 Varronis
2857 2903 3081 2961 textum,
3126 2907 3181 2951 et
3221 2913 3285 2953 ex
3330 2908 3500 2955 veteri

1899 2986 2087 3043 codice
2119 2987 2189 3042 ita
2221 2986 2617 3042 emendandum
2648 3004 2662 3042 :
2697 3007 2714 3039 ι
2749 2987 2935 3059 Itaque
2967 3001 3189 3061 propter
3221 2992 3322 3048 hnc
3350 2968 3503 3066 mag-

1900 3081 2165 3136 mentaria
2195 3094 2329 3134 cana
2360 3080 2650 3135 constituta
2694 3080 2826 3134 locis
2865 3083 3051 3148 certis,
3094 3099 3200 3154 quo
3243 3083 3293 3138 id
3334 3085 3511 3155 impo-

186 3170 388 3239 Varrn,
434 3171 647 3236 Festus,
701 3180 757 3227 et
801 3170 1011 3226 Plinius
1059 3170 1473 3241 adstipulautur,
1523 3190 1542 3223 ι
1581 3181 1795 3226 veteres
1823 3153 1869 3216 (ἶ
1904 3181 2125 3230 neretur
2154 3192 2172 3225 ι
2206 3171 2484 3243 (Salmas.,
2524 3174 2784 3227 exercitat.
2837 3174 2890 3228 in
2933 3153 3149 3243 Sotion,
3189 3196 3310 3250 pag.
3348 3153 3499 3249 4‘29).

188 3280 483 3321 mammam
530 3264 805 3319 dixerunt.
851 3283 870 3316 ι
914 3262 1086 3331 (Non.
1137 3263 1402 3331 Marcell.,
1445 3263 1510 3320 de
1544 3265 1790 3336 propriet.

188 3375 371 3423 serm.,
395 3375 511 3428 cap.
535 3357 571 3414 2
588 3374 607 3422 ;
642 3357 820 3422 Varr.,
865 3357 953 3412 lib.
982 3358 1018 3412 it
1045 3357 1107 3412 de
1140 3356 1213 3412 Re
1241 3368 1394 3423 rust.,
1427 3374 1543 3427 cap.
1570 3358 1596 3412 1
1624 3365 1670 3411 et
1692 3357 1752 3412 li
1777 3374 1792 3423 ;

189 3449 363 3518 Fest.,
408 3451 476 3505 ad
518 3450 655 3506 verb.
706 3450 1058 3516 BUIINALEII;
1102 3449 1272 3518 Plin.,
1341 3450 1429 3505 lib.
1476 3466 1543 3505 xv
1599 3447 1792 3503 Natur.

191 3547 347 3613 ltist.,
379 3564 495 3619 cap.
530 3547 619 3614 18,
650 3562 772 3617 pag.
806 3545 960 3619 198.)
990 3543 1099 3601 Sed
1142 3544 1194 3599 in
1241 3543 1398 3599 Plinii
1440 3554 1587 3598 textu
1617 3558 1796 3597 rumen

191 3656 298 3714 pro
340 3657 488 3695 ruma
533 3640 783 3710 legimus.
812 3638 936 3695 Alio
966 3646 1142 3693 autem
1173 3652 1336 3693 sensu
1375 3652 1544 3702 ruma,
1574 3650 1669 3691 seu
1708 3652 1799 3689 ru-

192 3751 316 3789 nten
359 3743 416 3789 et
451 3733 614 3788 rumis
655 3731 923 3802 signiﬁcat
962 3747 1153 3788 cavum
1196 3730 1426 3803 gutturis
1453 3729 1653 3796 locum,
1685 3728 1799 3784 sive

194 3838 260 3885 ut
312 3832 516 3885 Auctor
566 3836 756 3883 noster
808 3826 1048 3898 loquitur
1092 3825 1413 3899 gurgulionis
1461 3834 1637 3896 caput,
1692 3838 1800 3893 quo

196 3933 350 3979 certa
380 3920 625 3992 quaedam
654 3919 907 3976 animalia
936 3919 1090 3975 cibos
1118 3928 1376 3975 revocant
1410 3925 1467 3972 et
1502 3916 1795 3971 ruminant.

195 4012 339 4071 Hinc
364 4012 560 4070 Festus
584 4029 599 4066 :
634 4030 653 4065 ‹
684 4011 895 4077 [iumen
921 4019 1004 4067 est
1031 4025 1157 4082 pars
1179 4009 1326 4076 colli,
1350 4024 1454 4080 qua
1477 4023 1600 4063 esca
1626 4006 1802 4063 devo-

194 4118 376 4174 ratur,
401 4106 543 4161 unde
565 4120 783 4162 rumare
804 4104 1105 4170 dicebatur,
1130 4102 1272 4174 quod
1296 4118 1438 4157 nunc
1466 4100 1739 4156 ruminare
1777 4117 1797 4151 ι

202 4199 444 4273 (Festus,
474 4199 576 4254 loc.
605 4196 740 4270 cit.).
770 4195 993 4255 Servius
1020 4210 1188 4252 vero:
1209 4214 1227 4246 ί
1263 4193 1575 4249 Ruminatio
1601 4191 1743 4247 dicta
1772 4206 1805 4245 a

198 4308 385 4359 ruma,
426 4292 701 4349 eminente
730 4290 963 4363 gutturis
993 4300 1165 4361 parte,
1204 4305 1301 4360 per
1339 4304 1500 4360 quam
1538 4286 1807 4343 demissus

201 4387 363 4444 cibus
416 4400 447 4440 a
496 4385 663 4443 certis
716 4394 1001 4441 revocatur
1051 4382 1374 4438 animalibus
1416 4401 1436 4435 ι
1486 4381 1683 4453 (Serv.
1740 4381 1808 4434 ad

210 4478 407 4552 Virgil.
438 4475 626 4549 Eclog.
669 4477 722 4542 6,
765 4494 885 4549 pag.
930 4472 1049 4546 '53).
1099 4474 1176 4530 De
1213 4474 1516 4546 gurgulione
1545 4489 1726 4545 porro,
1754 4481 1810 4528 et

204 4591 381 4639 ruma,
411 4588 508 4629 seu
539 4571 772 4638 rumine,
806 4570 922 4626 hinc
948 4568 1187 4627 Isidorus
1215 4569 1470 4624 observat
1498 4586 1511 4623 :
1546 4586 1566 4619 ‹
1597 4566 1809 4638 Gurgu—
1832 4546 1885 4606 Ῑ)

205 4666 288 4723 lio
319 4683 349 4722 a
376 4674 593 4738 gutture
623 4680 821 4720 nomen
866 4663 1054 4729 trahit,
1085 4663 1240 4733 cujus
1282 4672 1490 4717 meatus
1533 4660 1601 4717 ad
1646 4675 1708 4717 os
1755 4669 1811 4715 et

204 4778 377 4821 nares
403 4760 695 4835 pertendit,
729 4760 934 4815 habens
979 4759 1141 4823 viam,
1187 4773 1289 4829 qua
1328 4772 1433 4812 vox
1471 4756 1537 4811 ad
1572 4755 1807 4826 linguam

209 4858 620 4923 transmittitur,
649 4866 705 4911 ut
737 4859 909 4927 possit
936 4855 1101 4911 verba
1127 4854 1402 4911 collidere.
1434 4852 1588 4909 Unde
1612 4861 1669 4908 et
1689 4868 1811 4924 gar-

207 4952 329 5009 rire
354 4950 607 5006 dicimus.
639 4947 850 5004 anen
888 4947 1192 5017 proximum
1232 4946 1561 5019 gurgulioui,
1600 4961 1708 5017 quo
1736 4944 1811 5000 ci-

207 5042 322 5100 bus
356 5052 412 5098 et
454 5041 600 5112 potio
637 5041 948 5097 devoratur.
982 5038 1118 5094 Hinc
1147 5037 1354 5104 beStiaa,
1391 5052 1512 5108 qua:
1550 5036 1702 5092 cibos
1726 5051 1812 5093 re-

207 5145 417 5195 vocant
452 5152 517 5192 ac
555 5134 901 5202 remandont,
945 5133 1216 5189 ruminare
1255 5133 1526 5188 dicuntur.
1569 5150 1589 5184 ι
1623 5127 1809 5202 (Isid.,

211 5231 313 5287 lib.
356 5246 409 5286 χι
452 5224 626 5301 0rig.,
669 5245 787 5299 cap.
842 5226 923 5300 1.)
951 5225 1186 5281 Rursum
1226 5234 1405 5281 autem
1435 5223 1657 5281 Servius
1686 5222 1812 5278 alibi

212 5326 442 5385 dixitu
473 5323 746 5381 Curculio.
785 5321 959 5380 Varro
1001 5322 1076 5376 ait
1117 5320 1222 5376 hoc
1249 5335 1443 5375 nomen
1486 5334 1580 5389 per
1605 5316 1815 5373 antisti-

213 5421 365 5478 chon
392 5418 618 5482 dictum,
647 5415 799 5487 quasi
829 5414 1097 5486 gurgulio,
1120 5412 1371 5485 quoniam
1400 5426 1540 5483 pene
1570 5409 1702 5465 nihil
1732 5418 1816 5463 est

215 5514 331 5574 nisi
357 5522 540 5585 guttur
577 5530 598 5565 ι
637 5510 809 5583 (Serv.
838 5509 905 5563 ad
944 5507 1112 5580 Virg.,
1145 5508 1237 5563 lib.
1265 5524 1283 5563 1
1309 5506 1522 5580 Georg,
1554 5523 1672 5578 pag.
1697 5504 1813 5578 75).

299 5608 486 5676 Quivis
517 5621 678 5677 porro
703 5620 773 5661 ex
803 5603 961 5659 dictis
1001 5601 1156 5656 facile
1196 5600 1458 5671 intelliget
1485 5599 1569 5656 his
1597 5597 1822 5657 Arnobii

216 5700 436 5766 verbis,
484 5695 880 5754 ruminatoribus
922 5694 1150 5760 saeculis,
1195 5694 1491 5767 signiﬁcari
1535 5709 1600 5750 ea
1645 5693 1825 5750 omnia

218 5792 507 5861 animalia,
554 5809 674 5867 quae
717 5792 1010 5851 ruminans.
1063 5787 1273 5847 Nomen
1321 5786 1468 5850 enim
1518 5786 1694 5847 secula
1741 5785 1828 5845 vel

752 5888 1030 5952 ΡΑτιιοι..
1083 5883 1161 5946 V.
1579 5881 1582 5884 ’

1898 3263 2045 3323 Cana
2073 3280 2204 3321 vero
2231 3267 2616 3335 magmeutaria
2648 3276 2797 3335 putat
2828 3282 2951 3322 csse
2987 3271 3219 3324 canistra
3265 3273 3345 3326 vel
3390 3272 3479 3327 lan

1898 3373 2013 3427 ces,
2045 3357 2239 3429 quibus
2266 3366 2569 3429 magtnenta
2600 3358 2652 3413 in
2682 3373 2804 3413 aras
2835 3358 3114 3415 inferenda
3150 3361 3500 3431 imponeban-

1904 3461 2007 3507 tttr.
2066 3450 2317 3517 Vidcsis,
2373 3465 2494 3521 quae
2547 3451 2614 3505 ab
2669 3450 2960 3519 Turnebo,
3007 3463 3055 3508 et
3112 3452 3391 3510 Brissonio
3442 3457 3511 3515 de

1902 3553 2213 3616 magmento
2243 3544 2499 3599 adnotata
2529 3552 2654 3599 sunt
2682 3543 2956 3616 (Turneb,
2997 3546 3086 3601 lib.
3118 3564 3231 3603 χχιι
3270 3549 3507 3620 Advers.,

1898 3656 2015 3711 cap.
2045 3640 2107 3704 6;
2138 3636 2398 3705 Brisson.,
2430 3637 2519 3692 lib.
2553 3655 2566 3691 ι
2593 3638 2657 3691 de
2686 3637 2889 3705 Form.,
2921 3657 3044 3712 pag.
3099 3642 3202 3699 1‘26
3231 3653 3277 3698 et
3312 3646 3508 3723 seqq).

1969 3730 2078 3787 Pro
2121 3731 2393 3801 corruptis
2437 3729 2654 3786 tandem
2706 3730 2808 3799 bis,
2863 3743 2920 3786 ιιι
2969 3734 3221 3803 diximus,
3277 3740 3504 3795 Arnobii

1899 3825 2103 3891 verbis,
2157 3825 2385 3879 velamen
2435 3825 2765 3895 sanguinum,
2824 3824 3024 3881 ultima:
3074 3827 3332 3885 librorum
3387 3833 3514 3904 ejus

1910 3916 2139 3975 editioni
2171 3915 2460 3988 praefectus
2487 3916 2699 3985 pr0pria
2728 3918 3047 3973 auctoritate
3074 3920 3378 3988 substituit,
3411 3925 3508 3979 vel-

1905 4011 2254 4084 farciminum,
2284 4006 2426 4063 haud
2449 4007 2611 4063 dubie
2634 4009 2757 4077 quia
2786 4007 2853 4062 de
2880 4009 2947 4064 iis
2975 4010 3133 4078 paulo
3153 4021 3279 4067 autc
3302 4030 3509 4071 memo-

1904 4104 2036 4160 ratis
2069 4101 2364 4158 Arnobium
2392 4114 2554 4171 agere
2589 4099 2934 4170 opinabatur.
2979 4088 3085 4156 Sed
3130 4114 3339 4171 poterat
3384 4109 3508 4177 qui—

1906 4198 2029 4256 dem
2076 4196 2251 4252 notari
2294 4197 2410 4250 hate
2447 4193 2777 4263 conjectura,
2813 4193 2908 4249 sed
2950 4210 3057 4249 non
3098 4195 3300 4252 idcirco
3330 4206 3508 4257 textus

1910 4304 2016 4350 tam
2044 4291 2300 4347 audacter
2326 4287 2600 4344 immutari
2626 4285 2828 4343 debuit.
2858 4287 3085 4356 Quidam
3113 4305 3242 4345 vero
3275 4291 3506 4362 primum

1911 4385 2042 4442 illud
2084 4385 2307 4440 verbum
2352 4380 2604 4447 velamen,
2645 4378 2723 4433 sic
2764 4376 3112 4434 dividendum
3157 4394 3403 4453 censent,
3434 4387 3514 4442 vel

1910 4497 2080 4543 amen,
2115 4491 2319 4549 nosque
2348 4474 2642 4531 admonent
2670 4474 2800 4529 illud
2831 4473 2904 4530 ibi
2935 4474 3077 4532 idem
3108 4491 3323 4546 sonare,
3349 4490 3508 4551 atque

1912 4571 2051 4644 apud
2082 4570 2411 4642 Hesychium
2443 4564 2576 4630 εἶδος
2599 4569 2932 4633 πλακοῦντος,
2969 4570 3203 4641 speciem
3238 4572 3509 4640 placenta-

1914 4681 2054 4722 rum.
2102 4663 2206 4720 Sed
2253 4659 2399 4733 quid,
2446 4676 2652 4730 qua-so,
2702 4659 2772 4716 ibi
2812 4659 3134 4731 signiﬁcabit
3173 4664 3510 4735 sub~equens

1915 4773 2114 4815 nomen
2162 4753 2512 4826 sanguinum?
2557 4750 2696 4819 Quid
2746 4766 2866 4805 cum
2916 4752 3180 4822 placentis
3226 4771 3510 4816 commune

1916 4850 2112 4907 habet?
2143 4847 2244 4904 Alii
2278 4859 2443 4917 porro
2468 4845 2797 4899 arbitrantur
2826 4857 2995 4911 amen,
3028 4844 3170 4900 idem
3211 4846 3514 4918 signiﬁcare

1917 4952 2078 5016 atque
2121 4948 2417 5005 amentum,
2467 4937 2583 4992 sive
2630 4936 2825 5003 lorum,
2873 4948 2927 4993 ct
2977 4938 3263 4994 vinculum.
3315 4940 3514 5001 Verum

1918 5035 2210 5093 ostendere
2238 5031 2510 5088 debebant
2549 5029 2677 5100 quid
2717 5047 2886 5097 amen,
2922 5031 3005 5085 vel
3048 5041 3260 5087 amenta
3300 5040 3515 5109 sangui-

1921 5146 2044 5185 num
2096 5127 2274 5183 facere
2331 5132 2579 5196 poterant
2634 5124 2701 5178 ad
2764 5122 2986 5178 Arnobii
3043 5123 3111 5179 de
3169 5134 3513 5202 magmentis,

1920 5221 2282 5296 augminibus,
2325 5227 2381 5275 et
2422 5217 2589 5272 ﬁtillis
2630 5216 2983 5287 prapositum.
3029 5218 3207 5274 Satius
3236 5236 3315 5276 est
3356 5223 3519 5295 igitur

1921 5316 2153 5375 rotunde
2183 5313 2341 5371 fateri
2379 5323 2635 5381 corrupta
2675 5324 2796 5383 esse
2826 5308 2942 5364 hanc
2978 5308 3087 5365 duo
3129 5316 3345 5370 nomina
3376 5316 3518 5372 vela-

1922 5429 2038 5468 men
2080 5410 2409 5482 sanguinum,
2462 5417 2623 5475 atque
2668 5420 2731 5458 ex
2781 5403 2888 5457 alio
2934 5407 3290 5464 cmendatiuri
3336 5414 3523 5471 codice

1925 5503 2270 5578 quat-rendam
2299 5515 2422 5557 esse
2450 5514 2631 5553 veram
2662 5499 2899 5554 auctoris
2930 5497 3099 5555 nostri
3127 5501 3427 5561 lectionem.
3461 5508 3521 5565 Si

1923 5595 2253 5670 conjecturis
2301 5603 2480 5650 tamen
2534 5589 2814 5661 indulgere
2864 5591 3074 5662 liceret,
3125 5596 3526 5665 suspicarentur

1925 5692 1999 5749 ibi
2042 5689 2303 5759 scriptum
2348 5684 2417 5742 ab
2465 5683 2557 5740 illo
2596 5683 2673 5738 vel
2716 5685 3070 5743 salsaminum.
3102 5685 3237 5742 Nam
3279 5691 3352 5746 ibi
3383 5694 3523 5749 dicta

1927 5785 2148 5857 repetit,
2190 5795 2254 5838 ac
2292 5779 2456 5857 paulo
2492 5785 2620 5836 ante
2661 5777 2940 5835 salsamina
2981 5778 3211 5836 dixerat.
3256 5781 3369 5840 Sed
3408 5798 3536 5841 acu.

2942 5869 3019 5938 21
