3986 6058
474 227 577 286 651

1741 211 2196 275 DISSERTATIO
2243 210 2530 271 PREVIA

3664 208 3773 278 652

475 340 724 406 tioribus,
768 338 861 411 qui
900 335 1123 393 meliora
1162 331 1430 400 viderint,
1465 330 1676 389 facilem
1708 332 2070 403 praebebimus
2094 351 2147 413 Α
2174 329 2245 386 Ει
2268 329 2598 389 Lucretius:

712 447 784 487 m.

712 449 784 487 m.

477 449 710 584 δεῖξόὶὲ
737 523 1006 580 Arnobius
1034 519 1232 575 frustra
1261 517 1389 589 ﬁngi
1424 524 1607 589 gratas
1634 516 1738 573 diis
1774 532 1917 584 esse,
1958 533 2067 572 om-

476 638 564 678 nes
593 621 685 674 has
710 627 901 690 partes,
926 618 1073 687 ‘quas
1112 612 1191 668 illi
1230 611 1495 681 proﬁcias,
1528 611 1605 683 (in
1635 609 1745 666 MS.
1778 609 1901 666 cod.
1934 626 2066 681 pra:-

466 715 641 783 sicias)
669 711 935 768 vocabant
963 707 1205 782 (Arnob,
1235 705 1327 761 lib.
1355 720 1450 769 vn,
1486 721 1608 776 pag.
1641 701 1795 776 251).
1826 705 1898 759 At.
1936 718 2065 774 pro-

473 808 619 863 sicim
644 822 739 862 sett
764 804 1024 877 prosicies
1044 813 1097 859 et
1121 800 1408 873 prosicium
1431 810 1586 855 erant
1607 809 1733 854 exta
1756 799 2067 855 animalium

472 911 640 967 secta,
682 899 768 954 vel
808 906 1068 969 prosectze
1105 910 1295 952 eorum
1336 902 1535 964 partes,
1565 908 1684 963 qua:
1720 895 1831 947 aris
1863 891 2068 948 infere-

475 994 688 1048 bantur.
734 990 926 1046 Narrat
965 997 1142 1043 autem
1191 987 1408 1044 Solinus
1452 1001 1567 1052 eos,
1600 985 1688 1055 qui
1729 981 1783 1039 in
1826 984 2068 1040 Vulcano

472 1087 612 1142 colle
657 1087 827 1141 sacris
866 1092 1180 1154 operantur,
1230 1098 1348 1135 cum
1392 1079 1622 1151 proscias
1670 1078 1973 1145 intulerunt,
2021 1078 2068 1134 si

472 1194 686 1235 sacrum
714 1176 993 1249 probetur,
1024 1183 1297 1231 sarmenta
1328 1174 1455 1227 licet
1482 1170 1698 1238 viridia,
1728 1172 1798 1226 ab
1827 1172 1945 1241 ipso
1972 1187 2071 1226 nu-

470 1275 633 1339 mine,
666 1288 728 1330 ac
753 1272 902 1328 nullo
926 1272 1236 1342 inﬂagraute
1265 1265 1679 1335 halituaccendi
1708 1264 1931 1340 (Solin.,
1967 1264 2071 1320 Pa-

475 1368 676 1439 lyhist.,
721 1384 837 1436 cap.
882 1366 936 1433 5,
979 1381 1099 1436 pag.
1130 1363 1245 1433 20).
1292 1362 1451 1415 Plura
1492 1370 1671 1417 autem
1714 1359 1782 1416 de
1825 1360 2071 1431 proslciis

479 1463 774 1520 Salmasius
800 1462 943 1516 hunc
972 1461 1024 1515 in
1050 1462 1225 1515 locum
1257 1457 1514 1526 disputat,
1547 1471 1705 1527 quem
1733 1455 1884 1510 adire
1911 1462 2070 1526 pote-

476 1558 570 1624 ris,
607 1571 714 1611 non
741 1570 897 1611 secus
927 1564 1087 1626 atque
1124 1552 1393 1608 eruditum
1423 1550 1758 1606 Brissonium
1787 1548 2069 1621 (Brisson.,

479 1652 569 1707 lib.
597 1667 615 1705 ι
640 1649 703 1703 de
730 1646 990 1710 Formul.,
1022 1664 1140 1718 pag.
1171 1643 1284 1716 ΞΒ).
1328 1630 1335 1637 ’

2262 442 2459 509 Araque
2480 444 2750 497 Panchaeos
2775 446 2974 517 exhalat
3001 454 3204 517 propter
3228 451 3424 517 odores.

2795 508 3036 574 (Lucreti,
3054 508 3142 564 lib.
3159 524 3211 576 n,
3235 526 3364 567 vers.
3387 508 3523 578 417.)

2165 613 2400 670 Consule
2428 613 2636 684 adhuc,
2671 614 2718 670 si
2750 616 2889 673 velis
2910 658 2926 684 ,
2967 614 3246 675 Tibullum
3268 662 3283 688 ,
3326 616 3677 678 Claudianum
3719 631 3778 680 et

2168 707 2302 763 alios
2331 706 2560 776 (Tibul.,
2593 709 2684 764 lib.
2719 724 2792 778 tv,
2821 709 2951 784 eleg.
2983 710 3041 773 2;
3075 699 3379 782 Claudian.,
3408 713 3472 769 de
3502 723 3620 770 tert.
3655 713 3775 771 Ho-

2167 816 2283 858 nor.
2311 819 2479 870 cons.,
2513 804 2566 858 in
2594 804 2737 875 lim).

2241 896 2561 952 Panchaicae
2588 904 2769 953 autem
2801 898 3090 968 resinnla,
3136 900 3251 958 sive
3296 901 3468 959 thuris
3511 901 3564 959 in
3608 902 3784 959 sacris

2168 990 2448 1060 gentilium
2479 998 2536 1047 et
2565 992 2849 1050 sacrificiis
2878 1008 3037 1051 usum
3067 995 3224 1066 plane
3272 996 3537 1054 insulsum
3579 1014 3641 1055 ac
3685 1015 3786 1055 su-

2171 1084 2540 1154 perstitiosum
2571 1084 2735 1142 fuisse
2778 1085 2907 1142 hinc
2934 1088 3206 1145 Arnobius
3234 1090 3493 1160 ostendit,
3518 1091 3661 1165 quod
3694 1108 3787 1149 re-

2169 1191 2299 1232 cens
2326 1178 2396 1232 sit
2424 1193 2487 1233 ae
2518 1180 2786 1236 novellus.
2815 1180 2921 1238 Per
2949 1183 3099 1254 plura
3129 1182 3413 1241 enimvero
3454 1195 3576 1256 post
3619 1203 3784 1243 mun-

2170 1270 2298 1327 dum
2347 1272 2625 1328 conditum
2677 1275 2872 1330 saecula
2920 1275 3150 1333 ethnicis
3195 1292 3419 1350 prorsus
3470 1278 3789 1352 incognitus

2174 1375 2317 1420 erat.
2358 1365 2513 1421 Nulla
2542 1367 2740 1439 quippe
2784 1367 2947 1437 illius,
2983 1371 3176 1442 inquit,
3208 1387 3277 1428 ne
3309 1372 3529 1429 minima
3560 1373 3789 1445 quidem

2174 1458 2485 1527 temporibus
2507 1459 2742 1526 heroicis,
2766 1474 2864 1518 seu
2890 1460 3247 1534 Trojanorum
3270 1472 3430 1521 natale
3452 1464 3605 1522 ullibi
3632 1482 3792 1523 men-

2174 1550 2248 1606 tio
2277 1552 2513 1607 occurrit
2546 1553 2788 1623 (Arnob,
2834 1554 2925 1611 lib.
2969 1571 3062 1620 vu.
3095 1575 3217 1629 pag.
3258 1556 3412 1631 2'52).
3454 1559 3571 1629 Quo
3600 1568 3789 1617 autem

2171 1653 2394 1701 auctore
2434 1647 2537 1703 hoc
2567 1647 2769 1703 firmari
2820 1659 2999 1720 queat,
3030 1651 3075 1707 si
3120 1653 3513 1723 percunctaris,
3550 1654 3643 1712 tibi
3668 1655 3791 1711 Pli-

548 1743 628 1798 Ea
658 1755 819 1812 porro
847 1740 1051 1805 omnia,
1082 1755 1112 1792 a
1141 1739 1296 1793 nobis
1329 1738 1592 1792 hactenus
1621 1744 2067 1804 commemorata,
2103 1749 2150 1810 Β
2177 1736 2323 1792 nium
2351 1738 2622 1806 dabimus,
2647 1742 2739 1811 qui
2771 1740 2839 1798 de
2867 1742 3157 1814 unguentis
3184 1745 3301 1801 haec
3327 1748 3606 1804 memoria;
3634 1764 3794 1805 man-

478 1837 582 1893 diis
608 1835 809 1891 frustra
831 1832 1032 1896 offerri,
1060 1832 1144 1887 vel
1167 1847 1354 1887 eorum
1377 1832 1641 1886 altaribus
1666 1830 1895 1898 adoleri,
1920 1828 2079 1885 facile

477 1929 747 1986 Arnobius
778 1927 1049 1983 convincit
1076 1925 1325 1999 (Arnob.,
1363 1926 1452 1980 lib.
1495 1940 1593 1991 vn,
1616 1941 1737 1996 pag.
1784 1922 1938 1996 351).
1969 1922 2079 1979 Cur

479 2027 622 2081 enim
652 2026 767 2080 haec
795 2022 898 2078 diis
926 2023 1182 2085 libentur,
1216 2021 1360 2076 nulla
1392 2022 1553 2091 plane
1581 2021 1739 2085 ratio,
1773 2020 1856 2076 vel
1889 2035 2069 2087 causa,

473 2136 592 2190 qua:
616 2128 814 2184 tamen,
840 2117 914 2171 uti
937 2115 1137 2171 dictum
1165 2126 1266 2180 est,
1292 2115 1343 2167 in
1367 2114 1537 2169 sacris
1558 2112 1818 2170 faciendis
1842 2116 2076 2173 maxime

477 2210 837 2272 desideratur,
868 2208 935 2263 ah
966 2207 1076 2263 ullo
1107 2221 1341 2277 unquam
1373 2205 1606 2277 proferri
1638 2206 1829 2276 potuit.
1879 2207 1961 2260 Dii
1994 2206 2075 2261 εἰ·-

476 2306 691 2379 quidem
714 2348 729 2372 ,
759 2303 805 2360 si
842 2302 956 2359 veri
987 2302 1057 2357 dii
1091 2302 1233 2367 sint,
1281 2317 1456 2372 neque
1500 2301 1723 2373 opipare
1751 2303 2070 2373 epulantur,

476 2417 651 2473 neque
689 2398 970 2455 stomacho
1011 2407 1105 2452 aut
1147 2398 1285 2453 fame
1317 2399 1584 2463 laborant,
1616 2414 1790 2469 neque
1820 2413 2072 2468 saporum

474 2507 724 2571 quaerunt
747 2497 1180 2557 oblectamenta;
1214 2504 1271 2549 ut
1300 2496 1379 2551 eis
1407 2496 1569 2551 modo
1598 2507 1774 2563 cocta,
1799 2496 1962 2551 modo
1986 2511 2072 2551 se-

471 2590 735 2656 micruda,
766 2588 928 2644 modo
957 2602 1100 2652 assa,
1128 2596 1290 2657 atque
1319 2588 1402 2642 hze
1432 2589 1519 2643 vel
1561 2589 1680 2643 alite
1717 2589 2069 2645 animantium

470 2699 663 2740 carnes
710 2690 1035 2753 apnnantur.
1078 2680 1288 2751 Ecquid
1320 2696 1475 2745 vero,
1518 2681 1594 2735 ait
1633 2682 1942 2748 Arnobius,
1975 2698 2071 2750 pro

468 2768 705 2834 suavibus
738 2774 1002 2840 mateolis,
1034 2772 1149 2827 sive
1189 2781 1246 2826 ut
1273 2772 1564 2840 Martialis,
1597 2772 2071 2845 Tertullianusque

470 2872 761 2940 loquuntur
790 2866 1073 2937 (Μαινάσι,
1112 2865 1202 2921 lib.
1233 2881 1289 2931 Χ,
1326 2864 1511 2937 Epigr.
1556 2864 1658 2933 59;
1703 2864 1941 2933 Tcrtull.,
1974 2868 2063 2922 lib.

469 2969 532 3022 de
552 2965 756 3021 Testim.
790 2966 972 3027 aniut.,
998 2980 1112 3034 cap.
1140 2962 1223 3030 4),
1259 2962 1557 3034 mattyis,id
1582 2972 1684 3026 est,
1705 2962 1839 3017 cibis
1867 2961 2067 3018 delica-

469 3059 725 3122 tissimis,
774 3056 842 3112 de
886 3055 1081 3127 quibus
1121 3054 1257 3109 infra
1295 3053 1458 3127 (lnfr.
1479 3096 1494 3120 ,
1526 3072 1643 3123 cap.
1685 3054 1815 3121 ult.,
1848 3064 1949 3109 art.
1982 3053 2063 3127 3),

2179 1829 2327 1886 davit
2360 1851 2372 1885 :
2412 1850 2432 1884 ‹
2462 1833 2595 1900 Quis
2625 1836 2830 1903 primus
2858 1836 3148 1904 invenerit,
3182 1856 3289 1895 non
3321 1840 3570 1897 traditur.
3605 1840 3794 1901 Iliacis

2179 1926 2512 1995 temporibus
2551 1942 2657 1982 non
2710 1939 2885 1996 erant,
2934 1946 3036 1987 nec
3089 1930 3250 1989 thure
3298 1932 3728 2005 supplicabatur.
3765 1957 3785 1991 ι

2178 2017 2372 2091 (Plin.,
2408 2019 2496 2074 lib.
2532 2036 2567 2076 ll
2601 2019 2797 2078 Natur.
2826 2024 2971 2091 hist.,
3006 2042 3124 2097 cap.
3166 2027 3192 2082 1
3222 2070 3237 2097 ,
3274 2045 3395 2100 pag.
3427 2027 3546 2102 55.)
3584 2031 3798 2090 Deinde

2176 2111 2602 2183 Theophrastus,
2630 2115 2787 2186 cujus
2818 2118 2979 2174 verba
3029 2132 3059 2173 a
3106 2119 3409 2193 Porphyrio
3455 2131 3511 2177 et
3550 2122 3795 2181 Eusebio

2177 2222 2280 2260 non
2323 2209 2441 2262 sine
2489 2209 2823 2267 variantibus
2874 2211 3198 2269 lectionibus
3247 2215 3572 2286 transcripta
3620 2227 3793 2290 sunt,

2176 2297 2318 2353 idem
2368 2299 2536 2355 fusius
2581 2301 2819 2371 explicat
2867 2320 2879 2355 :
2920 2302 3215 2382 ’Δνάριθμος
3242 2306 3332 2379 μέν
3361 2329 3439 2368 τις
3470 2305 3628 2363 ἔοικεν
3659 2304 3796 2369 εἶναι

2175 2393 2385 2467 χρόνος,
2414 2392 2493 2467 ἀφ’
2520 2391 2582 2449 οὗ
2610 2396 2727 2469 τόνγε
2756 2398 2958 2452 πάντων
2999 2399 3307 2472 λογιώτατον
3336 2403 3501 2475 γένος,
3552 2400 3621 2464 ὥς
3659 2426 3791 2477 φησι

2172 2484 2521 2558 Θεόφραστος,
2552 2492 2641 2542 καὶ
2660 2493 2750 2547 τήν
2780 2490 3056 2565 ἱερωτάτην
3088 2493 3187 2547 ὑπὸ
3212 2499 3302 2549 τοῦ
3342 2495 3519 2551 Νείλου
3561 2497 3790 2553 κτισθεῖσ-

2175 2598 2273 2631 σαν
2292 2582 2475 2654 χώραν
2490 2587 2780 2649 κατοικοῦν,
2795 2584 2983 2656 ἤρξατο
2996 2592 3199 2663 πρῶτον
3218 2586 3293 2661 ἐφ’
3305 2587 3484 2650 ἑστίας
3499 2597 3607 2650 τοῖς
3623 2591 3789 2667 οὐρα-

2171 2673 2293 2732 νίοις
2319 2674 2449 2733 θεοῖς
2487 2674 2642 2741 θύειν,
2686 2677 2743 2730 οὐ
2768 2677 3019 2753 σμύρνης,
3046 2677 3379 2745 οὖδὲκασὶας,
3397 2681 3787 2738 καίλιϐανωτοῦ

2172 2763 2336 2837 κρόκῳ
2358 2768 2644 2838 μιχθέντων
2671 2769 2946 2846 ἀπαρχάς*
2968 2772 3179 2835 πολλαῖς
3206 2775 3307 2849 γὰρ
3343 2782 3537 2847 γενεαῖς·
3564 2774 3790 2855 ὕστερον

2170 2857 2455 2931 παρελήφθη
2484 2864 2779 2928 καὶταῦτα,
2815 2865 2903 2917 καὶ
2928 2863 3117 2925 πλάνης
3169 2866 3467 2941 ἒρνευνήτὴς
3496 2873 3710 2945 μαστὴρ
3756 2867 3787 2925 ὅ

2170 2946 2435 3026 ἄνθρωπος
2466 2953 2785 3026 γιγνόμενος,
2829 2964 2922 3016 τῆς
2951 2957 3238 3030 ἀναγκαίας
3279 2961 3432 3026 ζωῆς,
3473 2961 3605 3031 μετά
3650 2962 3789 3016 πολ·

2168 3040 2263 3098 λῶν
2284 3044 2470 3112 πόνων,
2496 3049 2582 3101 καὶ
2609 3046 2867 3124 δακρύων,
2903 3049 3179 3123 σταγόνας,
3209 3052 3473 3127 ἀπήρξατο
3495 3060 3603 3114 τοῖς
3623 3054 3786 3116 θεοῖς.

471 3167 688 3208 sumere
731 3165 964 3220 unquam
1007 3146 1333 3218 potuerunt?
1361 3145 1500 3213 Quid
1542 3147 1690 3202 dictu
1742 3147 2064 3233 absurdius,

2173 3138 2229 3190 οὐ
2265 3139 2460 3192 τούτων
2505 3133 2596 3193 οὖν
2632 3139 2778 3195 ἔθυον
2804 3142 3075 3219 πρότερον,
3108 3142 3235 3199 ἀλλά
3268 3145 3451 3215 χλόης,
3483 3145 3632 3202 οἷονεί
3669 3170 3791 3208 τινα

470 3262 629 3319 quam
658 3246 793 3301 deos
820 3243 1017 3300 oblatis
1041 3258 1106 3299 ac
1126 3242 1305 3297 libatis
1330 3241 1593 3311 pecudum
1621 3242 1909 3305 testiculis,
1941 3227 2075 3297 can:-

468 3339 580 3405 dis,
617 3340 821 3403 rumis,
862 3337 1080 3403 naeniis,
1115 3335 1237 3391 ollis
1259 3376 1275 3399 ,
1304 3335 1577 3406 rebusque
1607 3336 1726 3391 aliis
1765 3336 2068 3405 similibus,

470 3446 604 3504 quas
646 3431 907 3486 hactenus
955 3428 1349 3493 rbcensuimus,
1383 3427 1665 3497 delectari,
1694 3427 1933 3499 placari,
1978 3439 2072 3485 aut

471 3523 592 3581 ﬁeri
614 3521 918 3595 propitios?

1033 3589 1261 3647 CAPUT
1303 3589 1500 3646 XXIV.

471 3711 550 3769 De
577 3712 740 3766 thuris
768 3720 815 3764 et
842 3711 944 3764 vini
972 3709 1025 3763 in
1055 3708 1316 3781 gentilium
1342 3709 1610 3778 sacriﬁciis
1648 3725 1767 3778 usu,
1790 3720 1838 3765 et
1864 3711 1929 3766 de
1953 3713 2069 3768 aliis

579 3804 840 3860 nonnullis
859 3820 1032 3858 eorum
1053 3801 1286 3857 absurdis
1306 3803 1509 3871 ritibus,
1534 3813 1580 3860 et
1598 3803 1776 3859 diebus
1796 3807 1958 3875 festis.

997 3932 1291 3972 ARTICULUS
1332 3931 1518 3972 PRIIIUS
1529 3957 1542 3972 .

469 4037 657 4100 Quibus
682 4033 923 4100 rationum
948 4032 1213 4100 momentis
1249 4030 1495 4100 Arnobius
1513 4030 1754 4100 conﬁciat
1791 4032 2066 4100 eXploden-

530 4103 647 4151 dum
672 4099 852 4148 essein
875 4095 1133 4158 gentilium
1150 4095 1301 4144 sacris
1325 4102 1377 4158 et
1400 4094 1651 4145 sacriﬁciis
1672 4094 2067 4158 superstitiosum

528 4163 707 4220 thuris,
734 4173 826 4212 seu
862 4156 1149 4209 Panchaicaa
1186 4156 1419 4220 resinuhe
1467 4172 1628 4217 usum,
1674 4156 1889 4220 euntque
1912 4159 2069 4210 tuisse

528 4218 831 4287 incognitum
866 4220 1102 4287 heroicis,
1131 4225 1181 4268 et
1220 4218 1519 4287 Albanorum
1539 4218 2063 4287 regum‘temporibus.

529 4282 680 4349 atque
713 4287 859 4335 etiam
885 4284 1121 4349 Etruscis,
1147 4290 1363 4349 tuncque
1406 4283 1536 4345 pium
1559 4282 1633 4349 far
1657 4282 1924 4349 adhibitum
1940 4285 2065 4349 ;7uhi

532 4344 807 4411 explicatur
825 4347 942 4411 quid
960 4347 1024 4395 sit
1047 4349 1162 4396 thus
1178 4344 1464 4407 masculum,
1491 4357 1547 4395 ac
1562 4346 1627 4397 de
1645 4347 1802 4397 thuris
1824 4349 1875 4396 in
1900 4348 2067 4398 ethni-

528 4422 696 4461 corum
720 4410 974 4461 ftmeribus
992 4422 1102 4458 usu.

2174 3240 2265 3291 τῆς
2293 3235 2501 3305 γονίμου
2529 3237 2729 3306 φύσεως
2758 3243 2920 3309 χνοῦν
2958 3246 3073 3300 ταῖς
3111 3243 3300 3313 χερσὶν
3325 3241 3584 3317 ἀράμενοι.
3620 3239 3786 3313 (Por-

2171 3327 2350 3396 pltyr.,
2391 3325 2480 3382 lib.
2512 3342 2551 3381 tt
2593 3329 2655 3384 de
2684 3330 2884 3385 Abstin.
2932 3332 3174 3399 animal.,
3218 3349 3341 3405 pag.
3379 3331 3525 3400 ητις
3562 3332 3780 3406 Euseb.,

2174 3416 2262 3469 lib.
2288 3433 2305 3472 ι
2338 3416 2575 3490 Prcepar.
2626 3438 2832 3495 evang.,
2864 3440 2982 3495 cap.
3011 3423 3065 3490 9,
3100 3438 3219 3498 pag.
3249 3423 3372 3500 28.)
3397 3423 3787 3485 Innumerabilc

2172 3511 2375 3579 quidem
2407 3514 2618 3586 aliquod
2643 3532 2751 3571 esse
2780 3526 2977 3589 tempus
3007 3518 3205 3574 videtur
3225 3562 3239 3586 ,
3280 3534 3342 3575 ea:
3371 3534 3472 3592 quo
3502 3522 3781 3592 sapientis-

2170 3606 2301 3660 sima
2326 3610 2552 3664 omnium
2594 3628 2747 3683 gens,
2778 3622 2832 3666 ut
2862 3613 2934 3665 ait
2975 3610 3392 3685 Theophrastus,
3435 3625 3483 3670 et
3510 3618 3783 3673 sanctissi-

2174 3717 2309 3755 mam
2333 3701 2501 3771 illam,
2530 3721 2562 3757 a
2588 3703 2717 3759 Nilo
2743 3705 3011 3775 fundatam
3032 3748 3045 3771 ,
3085 3706 3342 3778 regionem
3377 3707 3603 3763 incolens
3622 3750 3639 3776 ,
3680 3708 3782 3765 diis

2173 3794 2459 3850 cmlestibus
2493 3798 2630 3851 intra
2670 3798 2896 3869 privatos
2917 3800 3052 3854 lares
3077 3800 3371 3870 sacriﬁcare
3409 3801 3576 3871 prima
3604 3803 3779 3871 carpit,

2172 3904 2274 3941 non
2294 3891 2537 3960 myrrhae,
2558 3905 2718 3959 neque
2738 3893 2908 3957 casiw,
2932 3906 3092 3966 neque
3112 3893 3273 3948 thuris
3295 3894 3471 3949 mixtis
3492 3911 3608 3950 cum
3629 3911 3782 3954 croco

2173 3980 2427 4049 primitiis.
2474 3981 2659 4038 Multis
2694 3986 2830 4038 enim
2857 3985 3089 4041 (statibus
3131 3987 3415 4056 posteriora
3454 3988 3563 4043 hwc
3596 3990 3649 4043 in
3680 4005 3783 4045 usu

2172 4089 2273 4127 non
2300 4077 2527 4145 fuerant,
2561 4093 2677 4132 cum
2712 4077 2860 4132 homo
2892 4080 3239 4150 peregrinator
3266 4078 3497 4149 effectus,
3527 4092 3574 4137 et
3600 4099 3780 4139 neces-

2171 4167 2379 4220 sitatam
2406 4168 2522 4222 uiue
2545 4168 2782 4236 plurimis
2816 4186 2931 4225 cum
2959 4168 3248 4239 laboribus,
3282 4182 3328 4227 et
3358 4174 3600 4245 lacrymis
3623 4175 3779 4230 inda-

2172 4267 2343 4327 gator,
2374 4260 2579 4326 harum,
2603 4279 2730 4333 quas
2764 4263 2893 4329 dixi,
2927 4265 3221 4334 plantarum
3254 4268 3419 4323 stillas
3445 4267 3544 4325 diis
3570 4270 3777 4325 obtulit.

2174 4348 2322 4405 Talia
2353 4354 2510 4422 igitur
2538 4365 2688 4409 antea
2715 4357 2946 4413 homines
2970 4370 3073 4413 non
3100 4356 3398 4426 oﬁerebant,
3424 4361 3516 4418 ted
3539 4379 3777 4434 gramen,

2170 4446 2306 4515 quod
2331 4448 2465 4501 velut
2491 4450 2763 4513 quamdam
2796 4453 2980 4520 fertilis
3017 4463 3216 4508 natura:
3250 4455 3545 4525 primaevam
3573 4457 3780 4529 lanugi-

537 4522 655 4579 Non
685 4535 747 4577 ea
776 4527 1004 4582 lanium.
1037 4532 1155 4586 (Ιυίε
1179 4517 1233 4620 il}
1260 4516 2066 4620 ευρετίφίδυε,πιίεξιῙῘΒ-θηιυξ
2091 4537 2147 4598 Ι)
2171 4554 2285 4592 nem
2321 4540 2555 4595 manibus
2590 4516 2891 4610 oﬂ'erebaut.
2917 4544 3047 4612 Quze
3077 4516 3293 4617 quidem
3327 4547 3656 4620 Porphyrius
3688 4516 3778 4604 fu-

467 4625 668 4675 merata
701 4622 847 4673 sunt.
878 4609 973 4668 sed
1005 4609 1128 4665 thus
1155 4609 1318 4665 etiam
1344 4619 1401 4664 et
1432 4610 1616 4664 vinum
1648 4611 1701 4665 in
1723 4611 1837 4666 suis
1859 4611 2064 4668 ethnici

465 4710 634 4768 sacris
668 4723 734 4765 ac
759 4703 1041 4762 sacrificiis
1073 4703 1377 4775 saepissime
1404 4702 1753 4759 adhibebant.
1782 4704 1931 4762 Thus
1960 4722 2060 4762 au-

464 4817 572 4862 tem
604 4805 671 4860 ab
698 4799 940 4858 Arnobio
967 4808 1192 4853 vocatur
1220 4795 1456 4852 resinnla
1494 4796 1793 4854 Panchaica
1811 4842 1825 4864 ,
1854 4814 1882 4853 a
1917 4800 2058 4855 Pan-

461 4901 610 4957 chaea
640 4897 892 4953 videlicet
919 4892 1129 4949 Arabiae
1151 4891 1554 4962 TrOgloditana:
1577 4903 1747 4960 parte,
1771 4909 1893 4965 quae
1919 4895 2061 4951 ostio

458 4995 609 5049 sinus
638 4988 853 5047 Arabici
896 4988 1106 5055 adjacet
1140 4985 1392 5057 (Arnob.,
1424 4984 1518 5039 lib.
1563 5000 1657 5049 vn,
1696 5002 1815 5056 pag.
1856 4986 1957 5041 251
2010 4996 2061 5043 et

457 5082 642 5157 seqq).
680 5080 755 5137 De
784 5082 871 5136 illa
903 5080 1117 5136 servius
1148 5076 1203 5131 in
1235 5076 1346 5130 suis
1378 5075 1638 5131 librorum
1673 5075 1879 5147 Virgilii
1908 5092 2059 5133 com-

459 5174 756 5233 mentariis.
793 5193 811 5225 ι
840 5171 1107 5227 Panchaia
1131 5213 1145 5233 ,
1190 5169 1397 5239 inquit,
1428 5166 1742 5223 Sabmorum
1773 5184 1906 5240 gens
1936 5178 2054 5238 est,

455 5269 597 5341 apud
641 5282 800 5338 quam
848 5269 975 5320 thus
1005 5263 1279 5321 nascitur:
1312 5269 1369 5315 ut
1409 5260 1539 5315 solis
1567 5271 1653 5316 est
1682 5262 1871 5317 thurea
1907 5263 2056 5334 virga

455 5362 684 5420 Sabaeis.
725 5361 964 5428 Itemque
995 5378 1008 5413 :
1042 5358 1285 5428 Totaque
1325 5355 1605 5411 thuriferis
1636 5356 1902 5413 Panchaia
1933 5358 2056 5428 pin-

451 5456 569 5529 guis
610 5452 808 5508 arcuis.
865 5471 883 5504 ι
919 5452 1089 5519 (Serv.
1135 5450 1188 5503 in
1236 5448 1458 5520 Virgil.,
1502 5448 1591 5504 lib.
1631 5465 1668 5504 ll
1714 5448 1927 5522 Georg.,
1958 5452 2058 5508 ad-

452 5552 587 5606 verb.
615 5548 737 5616 115,
774 5565 894 5619 pag.
926 5544 1075 5616 101).
1109 5545 1369 5600 Similiter
1392 5543 1615 5600 Ovidius
1644 5563 1656 5599 :

1270 5640 1554 5703 sudataque
1576 5639 1711 5703 ligno

540 5708 708 5759 Thura
731 5706 875 5768 ferat,
900 5706 1150 5770 ﬂoresque
1177 5702 1300 5770 alios
1320 5702 1564 5770 Panchaia
1589 5702 1751 5770 lfllus:

978 5764 1170 5831 (Ovid.,
1197 5762 1280 5813 lib.
1303 5777 1333 5815 χ
1353 5767 1572 5826 Metam”
1599 5763 1698 5828 fab.
1724 5766 1798 5827 9.)

2167 4633 2278 4687 sius
2306 4636 2672 4705 prosequitur,
2702 4650 2860 4708 quam
2891 4647 2948 4693 ut
2975 4639 3154 4694 omnia
3178 4656 3207 4695 a
3232 4641 3387 4697 nobis
3418 4640 3649 4697 describi
3672 4641 3776 4700 de-

2167 4725 2347 4782 beant.
2380 4727 2742 4796 Quamobrem
2776 4731 2952 4800 iilius,
2997 4734 3043 4788 si
3073 4732 3253 4801 lubet,
3292 4735 3489 4791 librum
3529 4736 3773 4805 revolve,

2164 4829 2217 4876 et
2246 4836 2510 4891 agnosces
2539 4824 2607 4878 ab
2633 4838 2699 4879 eo
2730 4823 3034 4883 luculenter
3062 4825 3242 4883 adseri
3285 4845 3439 4885 usum
3478 4830 3689 4898 thuris,
3723 4837 3779 4888 et

2164 4911 2422 4982 heroicis,
2453 4926 2504 4971 et
2536 4917 2725 4986 primis
2756 4919 2942 4973 mundi
2972 4921 3306 4990 temporibus
3338 4921 3503 4979 fuisse
3532 4920 3777 4995 incogni-

2165 5015 2298 5061 tum.
2340 5007 2724 5065 Verumtamen
2777 5012 3050 5069 Arnobius
3102 5010 3156 5069 id
3209 5015 3435 5071 omnino
3479 5016 3776 5075 adﬁrmare

2164 5116 2328 5156 ausus
2356 5116 2463 5156 non
2490 5114 2592 5168 est,
2627 5104 2723 5160 sed
2753 5105 2971 5175 adjecit,
2997 5106 3429 5178 quemadmodum
3452 5110 3697 5178 creditur,
3725 5118 3777 5166 et

2166 5195 2455 5262 perhibetur
2477 5196 2719 5265 (Arnob.,
2748 5198 2838 5253 lib.
2858 5214 2951 5265 vn,
2974 5214 3093 5270 pag.
3113 5198 3268 5274 252).
3294 5202 3584 5274 Perperam
3609 5205 3776 5276 igitur

2162 5288 2313 5344 illum
2340 5291 2558 5360 quidam
2590 5292 2661 5347 ibi
2694 5295 2894 5349 erroris
2923 5303 3178 5369 arguunt.

2233 5383 2439 5455 Negare
2466 5400 2629 5455 porro
2656 5388 2834 5442 nullus
2864 5398 3040 5459 potest
3068 5390 3196 5447 illud
3223 5406 3410 5448 verum
3437 5406 3583 5459 esse,
3614 5394 3765 5467 quod

2160 5476 2277 5545 ipse
2310 5480 2483 5545 testis,
2517 5488 2670 5536 certe
2716 5481 2817 5537 hac
2849 5481 2902 5537 in
2941 5496 3000 5538 re
3028 5482 3179 5540 omni
3212 5487 3530 5557 exceptione
3558 5489 3766 5559 major,

2158 5571 2356 5641 adjecit
2380 5585 2657 5630 recentem
2688 5575 2742 5630 in
2773 5590 2868 5630 sua
2898 5577 3142 5649 regione,
3184 5581 3565 5650 novellumque
3596 5579 3767 5639 fuisse

2156 5662 2331 5720 thuris
2372 5682 2549 5722 usum.
2593 5667 2781 5739 Neque
2824 5671 2988 5726 etiam
3023 5670 3241 5727 Etruria
3283 5674 3538 5745 genitrix,
3590 5675 3765 5747 inquit

2152 5755 2303 5827 (tam.
2334 5774 2350 5814 ι
2379 5759 2663 5832 Apparet,
2718 5774 2838 5836 pag.
2873 5763 3057 5837 1190),
3091 5774 3145 5823 et
3170 5775 3332 5823 mater
3358 5767 3756 5839 superstitionis,
3831 5816 3852 5837 ,
