3986 6058
502 305 608 363 655

505 537 625 589 pag.
654 516 806 582 25H.
832 510 1090 568 Solebant
1118 507 1261 562 enim
1291 507 1472 560 vinum
1504 507 1555 561 in
1582 504 1704 560 thus
1732 505 1963 560 flammis
1994 503 2091 558 da-

507 625 619 668 tum
651 605 993 680 profundere,
1020 601 1128 669 vel,
1162 602 1301 656 sicut
1331 601 1566 671 loquitur
1597 600 1934 665 Lactantius,
1963 598 2094 652 odo-

503 702 606 758 rati
635 715 698 756 ac
723 697 922 755 veteris
942 695 1050 750 vini
1075 693 1384 765 profusione
1408 693 1742 749 madefacere
1764 693 1916 748 focos
1943 690 2096 763 (Lac-

1739 287 2188 348 DISSERTATIO
2214 289 2492 348 PREVIA

501 441 642 489 rum,
667 416 1044 482 aitArnobius,
1064 411 1238 468 thuris
1258 411 1460 468 socium
1484 420 1599 467 erat
1621 411 1862 483 (Arnob.,
1883 411 1971 466 lib.
1989 427 2086 478 vn,
2119 419 2170 478 Α

3689 283 3796 340 656

2286 408 2349 458 Et
2368 409 2479 471 quis
2499 413 2616 455 tunc
2639 404 2888 471 hominum
2906 401 3214 471 contemptor
3239 399 3485 470 numinis?
3504 398 3602 450 Aut
3621 399 3737 462 quis

2288 463 2603 534 Sylnjuviutn
2629 467 2792 534 ridere
2813 464 3005 534 Numae,
3035 463 3330 534 nigrumque
3350 466 3585 523 catinum,

2288 525 2352 584 Εἰ
2375 525 2609 583 Vaticano
2633 529 2836 592 fragiles
2858 529 2922 578 de
2947 533 3113 576 monte
3139 525 3346 589 patellas

2289 597 2454 647 Ausus
2478 601 2602 645 erat.

2863 650 3114 719 (Juvenal,
3137 649 3276 703 satir.
3301 652 3350 712 6,
3375 664 3501 702 vers.
3530 649 3667 714 540.)

507 805 664 863 ιαηιο,
691 794 780 850 lib.
813 810 888 862 γι,
918 810 1034 863 cap.
1075 757 1131 855 I,
1166 806 1287 860 pag.
1330 786 1477 859 54%).
1506 787 1624 854 Quo
1652 787 1867 858 quidem
1897 757 1964 841 δέ
1992 787 2098 840 mu
2198 765 2360 863 Visne
2402 765 2564 863 alium
2606 763 2781 819 adhuc
2825 762 2984 832 hujus
3007 762 3190 848 .moris
3221 760 3449 817 testem?
3493 759 3632 814 Audi
3672 757 3794 813 Pli-

505 898 707 960 praeter
755 887 936 944 varios
981 893 1266 949 auctores,
1312 881 1430 937 haec
1471 880 1538 936 ab
1568 880 1791 937 Horatio
1832 879 1974 935 dicta
2019 879 2101 934 le-

509 999 686 1056 gtmus
721 1001 735 1036 :

697 1096 957 1147 Verbenas
979 1095 1122 1159 pueri
1145 1094 1330 1159 ponite,
1350 1093 1590 1153 thuraque

695 1160 822 1210 Bimi
842 1172 950 1208 cum
974 1157 1143 1221 patera
1169 1157 1308 1204 meri.

700 1222 910 1274 Mactata
932 1218 1105 1271 veniet
1128 1219 1288 1269 lenior
1313 1218 1488 1267 hostia.

1227 1304 1424 1366 (Horat.
1434 1341 1447 1365 ,
1474 1300 1558 1353 lib.
1585 1320 1620 1362 I,
1645 1301 1738 1353 ade
1755 1301 1857 1364 19.)

518 1442 591 1502 Et
619 1443 687 1500 ab
715 1439 907 1501 Ovidio
935 1457 948 1493 :

705 1559 924 1621 Cumque
946 1556 1069 1621 tueri
1095 1561 1264 1621 patera
1289 1552 1448 1621 thuris
1468 1563 1639 1600 acerra
1662 1549 1770 1600 fuit.

612 1621 777 1675 Thura
800 1614 917 1671 locis
939 1614 1204 1678 vinumque
1229 1614 1386 1664 dedit.

1022 1696 1210 1762 (Ovid.,
1230 1694 1310 1747 lib.
1336 1711 1380 1746 ιν
1401 1697 1620 1757 Fastar.,
1648 1693 1734 1746 sub
1754 1691 1866 1756 lin.)

2202 856 2390 910 nium:
2429 873 2447 907 ι
2488 855 2545 910 In
2577 854 2776 921 sacris,
2815 872 2833 905 ι
2872 840 3080 922 inquit,
3121 871 3139 904 ί
3174 852 3335 907 etiam
3368 851 3508 905 inter
3535 848 3633 904 has
3664 862 3804 918 opes

2202 948 2386 1015 hodie,
2427 964 2535 1004 non
2584 946 2896 1013 murrhinis,
2943 947 3362 1017 crystallinisve,
3403 942 3501 999 sed
3543 941 3809 998 fictilibus

2207 1043 2541 1114 prolibtnitur
2595 1042 2902 1115 Sympuviis
2960 1039 3168 1110 (Plin.,
3230 1037 3316 1093 lib.
3380 1053 3542 1101 xxxv,
3601 1052 3650 1090 c.
3705 1033 3814 1099 12,

2209 1157 2332 1211 pag.
2363 1138 2514 1210 245).
2558 1157 2577 1191 ›
2612 1137 2810 1192 Putant
2839 1145 3018 1191 autem
3050 1134 3190 1189 idem
3226 1131 3565 1202 sympuvium
3597 1143 3721 1184 esse
3750 1143 3824 1182 ac

2209 1233 2523 1302 simpnlum,
2545 1229 2614 1286 de
2634 1245 2743 1301 quo
2767 1228 2959 1294 Varro,
2978 1227 3175 1283 Paulus
3193 1235 3248 1280 et
3267 1225 3359 1279 alii
3385 1221 3593 1294 (Varr.,
3624 1221 3716 1276 lib.
3763 1234 3824 1275 tv

2213 1325 2276 1380 de
2301 1325 2452 1397 Ling.
2489 1327 2606 1392 lat.,
2644 1342 2765 1398 pag.
2793 1325 2893 1389 3i;
2925 1321 3110 1389 Paul.,
3139 1321 3195 1374 in
3225 1318 3470 1373 Vacabul.
3504 1316 3574 1370 ad
3596 1314 3824 1384 Simpu-

2215 1421 2362 1485 lunt).
2393 1419 2502 1475 Nos
2529 1435 2658 1478 vero
2687 1418 2755 1473 de
2784 1418 2875 1473 illo
2902 1417 3103 1488 aliquid
3130 1431 3198 1470 ex
3222 1414 3342 1486 ipso
3363 1421 3583 1467 auctore
3605 1418 3826 1478 nostro,

2215 1532 2279 1573 ac
2299 1514 2558 1573 Cicerone
2588 1513 2990 1591 prmlibavitnus
3018 1511 3230 1583 (Supr.,
3263 1525 3311 1563 c.
3342 1508 3431 1571 15,
3460 1502 3648 1576 arl.2).

2291 1611 2558 1665 Praeterea
2603 1607 2836 1671 ethnici,
2865 1607 3006 1662 sicut
3032 1605 3105 1658 ait
3143 1601 3443 1665 Arnobius,
3493 1599 3546 1653 in
3589 1601 3830 1653 deorum

2219 1719 2439 1760 suorum
2477 1702 2738 1757 honorem
2783 1698 3091 1755 excitabant
3119 1695 3429 1751 venerabiles
3476 1708 3676 1746 muscas
3705 1707 3833 1743 car-

523 1814 666 1873 Alibi
686 1827 816 1868 vero
842 1809 932 1866 ubi
955 1807 1022 1863 de
1048 1805 1235 1861 uxoris
1264 1819 1396 1870 suac,
1425 1819 1522 1874 pro
1549 1817 1653 1872 qua
1683 1800 1822 1855 bene
1846 1804 2113 1868 precatur,
2147 1818 2194 1879 Β
2221 1799 2432 1852 bonibus
2458 1796 2722 1852 exstinctis
2761 1792 3004 1866 (Arnob.,
3047 1792 3136 1846 lib.
3167 1807 3264 1856 vu,
3311 1806 3431 1860 pag.
3460 1785 3617 1855 Q35).
3649 1785 3707 1840 In
3734 1800 3837 1839 co-

524 1911 692 1967 natali
717 1902 1040 1964 celebrando
1073 1919 1085 1954 ε

525 2062 530 2090 ς
616 2027 692 2076 Da
716 2021 1021 2090 mihithura,
1046 2030 1189 2090 puer,
1221 2019 1430 2090 pingues
1453 2012 1680 2088 facientia
1704 2010 1938 2064 flammas,

713 2084 953 2147 Quodque
977 2077 1235 2146 piofusuni
1254 2079 1428 2129 stridat
1451 2078 1502 2126 in
1521 2077 1638 2136 igne
1663 2083 1872 2121 merum.

528 2219 660 2277 Aliis
701 2217 860 2273 etiam
905 2213 960 2268 in
1007 2210 1157 2266 libris
1201 2209 1344 2262 hunc
1392 2218 1600 2259 morem
1643 2199 1862 2268 attigit,
1911 2195 1978 2250 de
2019 2207 2124 2262 quo

526 2314 686 2370 etiam
708 2307 1093 2369 Tertullianus,
1121 2311 1176 2358 et
1200 2302 1354 2373 plura
1383 2295 1690 2353 Brissonius
1713 2290 1921 2362 (0aid.,
1970 2285 2062 2340 lib.
2092 2300 2123 2336 v

529 2405 714 2469 Trist.,
739 2403 868 2472 eleg.
895 2401 950 2466 5,
976 2415 1094 2468 pag.
1128 2396 1226 2451 171
1257 2413 1270 2460 ;
1313 2402 1360 2447 et
1385 2391 1474 2447 lib.
1503 2405 1594 2444 χιιι
1621 2387 1919 2448 Metamor.,
1945 2382 2048 2453 fab.
2071 2379 2127 2444 4,

531 2519 652 2573 pag.
683 2498 814 2558 485;
844 2504 893 2550 et
929 2495 1018 2549 lib.
1047 2509 1084 2547 ιι
1124 2489 1300 2553 Fast.,
1333 2487 1362 2558 §
1394 2487 1481 2548 15;
1524 2481 1852 2545 Tertullian.,
1881 2477 2127 2546 Apalag.,

531 2569 648 2666 cap.
669 2591 763 2657 20;
785 2588 1015 2645 Brissan.
1039 2630 1054 2653 ,
1087 2584 1176 2639 lib.
1201 2599 1219 2636 ι
1249 2581 1311 2635 de
1336 2578 1597 2642 Farmul.,
1624 2592 1742 2646 pag.
1772 2572 1841 2628 '50
1861 2579 1909 2625 et
1939 2569 2127 2638 seqq.).

605 2686 769 2756 Atqui
799 2682 1069 2740 Arnobius
1092 2677 1256 2733 variis
1289 2675 1557 2730 rationum
1590 2667 1879 2724 momentis
1909 2664 2133 2719 demon-

537 2791 675 2839 strat
702 2779 840 2834 hanc
865 2776 978 2831 vini
1000 2816 1015 2841 ,
1058 2767 1510 2843 quemadmodum
1537 2763 1740 2828 thuris,
1784 2756 1981 2814 libandi
2010 2769 2134 2824 pra-

535 2892 659 2931 vam
690 2882 1108 2943 perversamque
1151 2860 1602 2922 consuetudinem
1629 2856 1696 2911 ab
1736 2853 1986 2910 omnibus
2013 2864 2136 2905 esse

537 2963 953 3038 repudiendam.
995 2963 1073 3015 Ac
1102 2959 1276 3029 primo
1321 2953 1539 3025 quidem
1564 2993 1580 3019 ,
1627 2948 1752 3019 quia
1799 2945 1947 3000 nulla
1977 2942 2137 3012 hujus

540 3035 680 3117 ritus
723 3072 883 3115 causa
917 3054 1090 3125 potuit
1115 3052 1183 3107 ab
1212 3049 1321 3105 ullo
1350 3060 1584 3116 unquam
1621 3039 1824 3096 afferri.
1849 3037 1966 3092 Non
1994 3035 2138 3091 enim

541 3153 642 3221 dii,
675 3162 731 3208 ut
767 3162 892 3222 pote
921 3145 1279 3207 immortales,
1310 3141 1399 3196 siti
1430 3135 1720 3208 aliquando
1750 3133 2014 3194 laborant,
2049 3137 2141 3183 aut

542 3251 729 3304 vinum
754 3247 834 3301 eis
857 3238 1274 3313 prOpinandum,
1303 3244 1362 3289 ut
1379 3233 1530 3290 cibos
1553 3229 1802 3301 digerant
1825 3222 2139 3280 conficiant-

545 3359 672 3414 que.
723 3339 925 3396 Eadem
980 3348 1202 3406 prorsus
1253 3330 1463 3385 ratione
1510 3323 1862 3386 Lactantius,
1918 3315 2142 3372 Arnobii

547 3435 724 3493 nostri
761 3430 1091 3500 discipulus,
1139 3427 1282 3480 hunc
1308 3421 1647 3478 ethnicorum
1686 3427 1931 3470 errorem
1963 3409 2144 3480 profli-

549 3537 679 3600 gat:
709 3546 727 3579 ι
757 3525 1011 3586 Mactant,
1044 3541 1063 3574 ι
1091 3517 1286 3586 inquit,
1316 3535 1334 3568 ι
1367 3513 1576 3583 opimas
1602 3526 1664 3565 ac.
1695 3509 1919 3578 pingues
1942 3503 2146 3558 hostias

554 3623 692 3687 deo,
719 3617 872 3689 quasi
902 3611 1197 3676 esurienti;
1228 3604 1558 3680 profundunt
1605 3602 1728 3655 vina
1774 3608 2025 3666 tanquam
2067 3595 2144 3649 si-

552 3686 784 3772 tientia)
817 3710 1100 3781 (Lactant.,
1131 3705 1218 3759 lib.
1245 3719 1320 3766 vr,
1361 3717 1479 3770 cap.
1500 3697 1556 3761 ‘2,
1598 3713 1719 3768 pag.
1762 3692 1867 3748 542
1906 3701 1951 3744 et
1997 3686 2147 3756 547.)

554 3812 735 3879 Atque
757 3804 881 3860 inde
906 3803 985 3859 sic
1020 3804 1427 3870 argumentatur
1460 3811 1476 3849 :
1513 3810 1531 3844 ι
1563 3790 1747 3859 Itaque
1773 3786 1878 3842 diis
1907 3800 2014 3839 non
2043 3797 2151 3838 cas—

555 3905 750 3960 lestern
795 3912 1048 3962 sensum,
1095 3891 1192 3949 sed
1239 3891 1532 3944 humanum
1579 3883 1754 3955 potius
1797 3879 2098 3935 attribuunt
2135 3893 2148 3928 :

555 3997 791 4067 ideoque
819 3991 925 4046 illis
954 3985 1280 4050 necessaria,
1313 3990 1368 4037 et
1406 3988 1557 4051 grata
1602 3975 1831 4032 credunt
1870 3987 1990 4028 esse
2034 3984 2154 4041 quae

559 4061 740 4154 nobis,
772 4085 970 4156 quibus
995 4089 1087 4135 aut
1114 4074 1474 4135 esurientibus
1503 4086 1640 4141 opus
1670 4075 1756 4124 est
1792 4065 1936 4132 cibo,
1966 4073 2056 4118 aut
2084 4061 2158 4117 si-

559 4153 821 4239 tientibus
844 4185 994 4248 potu,
1018 4183 1111 4228 aut
1134 4179 1284 4226 veste
1310 4164 1631 4238 algentibus,
1660 4168 1771 4222 aut,
1797 4172 1918 4212 cum
1946 4155 2039 4211 Sol
2066 4153 2160 4208 de-

563 4273 814 4334 cesserit,
837 4270 1061 4334 lumine,
1090 4272 1148 4320 ut
1173 4261 1357 4317 videre
1385 4255 1676 4330 possimus.
1708 4250 1882 4307 Nullis
1907 4248 2068 4319 igitur
2093 4261 2160 4300 ex

564 4371 730 4426 rebus
756 4377 863 4421 tam
895 4362 1108 4435 probari
1139 4367 1194 4415 et
1220 4355 1444 4425 intelligi
1489 4357 1665 4422 potest
1693 4347 1825 4401 deos
1851 4345 2006 4409 istos,
2037 4354 2160 4396 cum

567 4459 857 4534 aliquando
880 4458 1130 4519 vixerint,
1156 4459 1397 4506 mortuos
1425 4459 1568 4510 esse,
1597 4455 1761 4512 quam
1793 4452 1858 4493 ex
1890 4437 2007 4506 ipso
2032 4434 2159 4500 ritu,

571 4557 663 4629 qui
695 4563 779 4610 est
811 4560 954 4607 totus
983 4563 1014 4603 e
1044 4556 1208 4602 terra.
1241 4561 1259 4595 ›

642 4647 915 4706 Arnobius
944 4643 1124 4711 itaque
1155 4637 1402 4693 ethnicos
1430 4643 1538 4688 tam
1565 4631 1720 4694 scite,
1752 4640 1910 4697 quam
1939 4630 2166 4677 venuste

571 4746 867 4800 insectatus
895 4756 911 4790 :
940 4756 958 4788 ι
995 4737 1146 4797 Date,
1171 4746 1376 4802 quaeso,
1415 4748 1433 4780 ›
1461 4726 1558 4791 ait,
1589 4745 1608 4777 ι
1638 4718 2035 4778 immortalibus
2063 4714 2167 4769 diis

571 4840 782 4902 bibant,
812 4829 1067 4904 scyphos,
1096 4827 1263 4891 brias,
1294 4831 1524 4893 pateras,
1558 4816 1944 4889 sympuviaque
1970 4811 2168 4880 depro-

572 4935 705 4990 mite
751 4926 992 5005 (Arnab.,
1024 4923 1113 4977 lib.
1144 4936 1236 4985 vn,
1275 4935 1391 4988 pag.
1422 4913 1576 4985 255).
1615 4933 1632 4964 ι
1669 4911 1788 4964 Bria
1836 4919 2012 4960 autem
2053 4909 2172 4958 erat

574 5002 843 5096 quoddam
876 5030 1164 5080 mensum,
1197 5027 1292 5066 seu
1320 5010 1484 5073 vasis,
1523 5014 1578 5060 et
1620 5002 1796 5074 poculi
1843 5013 2034 5070 genus,
2078 5011 2172 5064 po-

575 5116 710 5171 tioni
733 5114 841 5168 viui
869 5105 1208 5166 continendae
1229 5112 1433 5168 aptum.
1472 5097 1598 5154 lude
1623 5097 1675 5151 in
1705 5093 1873 5148 veteri
1905 5087 2170 5160 glossario

572 5207 945 5273 latino-graeco
973 5199 1199 5267 legimus
1225 5194 1369 5260 Bria,
1389 5188 1520 5254 εἶδος
1549 5191 1766 5265 ἀγγείου,
1795 5199 2026 5238 niensura
2053 5196 2172 5250 que-

575 5302 728 5362 dam,
752 5295 972 5367 Legesis
997 5293 1207 5350 lexicou
1237 5286 1468 5343 Martinii
1492 5326 1506 5348 ,
1534 5293 1590 5338 et
1615 5278 1798 5349 Caugii
1824 5275 2168 5349 glossarium.

577 5389 923 5465 ngpuvium
954 5403 1046 5442 vas
1073 5398 1286 5456 quoque
1321 5390 1437 5436 erat
1468 5378 1725 5446 ligneum,
1759 5381 1816 5426 ut
1842 5369 1916 5424 ait
1945 5366 2170 5450 Nonius,

574 5491 660 5546 vel
709 5487 893 5554 fictile,
939 5493 996 5540 ut
1035 5482 1154 5537 aliis
1202 5479 1398 5550 placet,
1431 5471 1573 5544 quod
1619 5471 1696 5525 sic
1737 5465 2172 5538 cognominatum

570 5583 785 5647 volunt,
817 5579 1071 5650 quoniam
1120 5573 1175 5628 in
1219 5587 1284 5626 eo
1321 5566 1631 5624 sacerdotes
1680 5575 1870 5617 omnes
1914 5556 2171 5612 bibebant

576 5674 770 5746 (Nam,
797 5673 859 5727 de
883 5670 1148 5738 Propriet.
1192 5680 1370 5731 serm.,
1394 5679 1439 5716 c.
1469 5660 1557 5727 19,
1586 5653 1750 5730 §29).
1775 5653 1831 5708 In
1856 5651 2023 5708 sacris
2045 5662 2170 5703 vero

572 5739 712 5822 illud
739 5781 770 5819 a
796 5762 970 5818 Numa
1015 5755 1317 5816 adhibitum
1365 5771 1432 5812 ex
1471 5753 1554 5810 his
1591 5748 1856 5819 colligunt
1902 5739 2174 5800 Iuvenalis

577 5856 905 5918 carminibus
935 5871 950 5911 :

2229 1893 2350 1948 dice
2379 1890 2530 1961 regio
2557 1898 2611 1944 et
2638 1887 2873 1958 antiquis
2893 1885 3221 1940 editionibus
3250 1897 3346 1952 pro
3371 1896 3569 1936 muscas
3601 1877 3840 1934 habetur

2224 2001 2446 2050 muscas,
2499 1983 2672 2050 nullo,
2725 1991 2784 2035 ut
2835 1979 3070 2043 videtur,
3117 1994 3281 2034 sensu
3330 1996 3343 2031 :
3397 1977 3449 2031 in
3503 1973 3625 2029 aliis
3671 1972 3841 2028 editis

2223 2079 2440 2142 cnissas,
2467 2077 2590 2146 jure
2618 2073 2759 2128 haud
2790 2073 2957 2128 multo
2984 2072 3180 2142 potiori
3212 2089 3226 2124 :
3259 2069 3477 2138 quidam
3507 2067 3558 2121 in
3587 2065 3841 2136 margine

2226 2172 2550 2230 addiderunt
2577 2168 2818 2240 sui/itus,
2861 2166 2955 2222 sed
3007 2166 3178 2220 solius
3212 2163 3351 2218 haud
3386 2160 3550 2217 dubie
3597 2158 3844 2228 explica-

2227 2266 2391 2322 tionis
2415 2265 2605 2335 gratia.
2636 2261 2803 2331 Magis
2834 2260 3015 2330 itaque
3049 2256 3204 2312 nobis
3240 2253 3444 2310 arridet
3471 2267 3571 2308 vox
3613 2265 3839 2315 muscas,

2230 2369 2321 2415 aut
2363 2360 2628 2420 masc/tas,
2659 2371 2767 2424 quo
2793 2355 3013 2409 nomine
3054 2353 3346 2423 pretiosum
3388 2346 3604 2418 aliquod
3637 2344 3843 2401 odora-

2230 2467 2470 2511 mentum
2517 2449 2867 2522 significatur.
2900 2447 3033 2503 Nam
3086 2443 3216 2500 illud
3263 2459 3329 2498 ex
3381 2443 3561 2508 thure,
3608 2454 3673 2494 ac
3715 2437 3846 2493 vino

2233 2549 2458 2606 odorato
2488 2548 2788 2602 conlectum
2839 2544 2892 2597 in
2928 2541 3172 2596 flammas
3194 2546 3247 2594 et
3279 2536 3530 2591 incensos
3571 2532 3845 2588 carbones

2235 2643 2567 2714 injiciebant,
2601 2650 2656 2695 ut
2683 2655 2750 2696 ex
2777 2655 2843 2694 eo
2869 2636 3050 2693 suavis
3068 2633 3257 2706 procul
3285 2632 3450 2688 dubio
3477 2629 3614 2686 odor
3631 2629 3847 2684 excita-

2235 2749 2406 2797 retur.
2431 2738 2570 2793 Nihil
2606 2747 2787 2791 tamen
2811 2734 2878 2789 de
2904 2748 3031 2788 vera
3075 2729 3368 2786 Arnobiani
3405 2737 3582 2782 texuts
3610 2724 3849 2779 lectione

2236 2834 2356 2888 sine
2376 2829 2696 2885 auctoritate
2713 2823 3061 2882 correctioris
3080 2821 3307 2892 alicujus
3327 2816 3532 2874 codicis
3551 2816 3849 2872 adfirmare

2240 2925 2524 2982 audemus.

2311 3017 2578 3088 Quidquid
2605 3031 2768 3087 porro
2798 3016 2868 3071 de
2903 3012 2994 3068 illa
3026 3019 3254 3075 statuas,
3284 3009 3402 3076 ipse
3439 3016 3626 3064 auctor
3657 3014 3852 3063 noster

2241 3111 2490 3167 ethnicos
2518 3109 2668 3165 nullo
2711 3123 2932 3179 prorsus
2959 3103 3121 3160 modo
3165 3112 3351 3158 censet
3391 3099 3713 3165 audiendos,
3757 3099 3854 3168 qui

2165 3213 2211 3277 ρ
2244 3203 2568 3277 persuadere
2613 3202 2862 3258 omnibus
2893 3199 3246 3264 conabantur,
3274 3195 3456 3250 viuum
3485 3192 3618 3248 illud
3649 3192 3854 3246 odora-

2246 3309 2355 3354 tum
2389 3307 2533 3352 recte
2560 3297 2665 3352 diis
2705 3295 2860 3350 libari
2892 3292 3113 3348 hanoris
3137 3305 3304 3361 ergo,
3336 3299 3390 3343 et
3417 3297 3475 3342 ut
3506 3285 3722 3356 pr0pitii
3753 3282 3852 3339 fie-

2246 3403 2386 3448 rent.
2436 3392 2568 3459 Quis
2613 3390 2792 3456 enim,
2835 3389 2912 3442 ait
2949 3386 3079 3454 ille,
3119 3384 3224 3440 diis
3271 3383 3481 3448 honos,
3509 3395 3632 3435 cum
3682 3397 3702 3430 ε
3742 3377 3854 3432 viui

2247 3485 2428 3557 exigui
2469 3499 2624 3541 rores
2670 3497 2835 3552 super
2882 3479 3118 3535 vividam
3164 3475 3363 3548 jeceris
3409 3483 3573 3545 atque
3615 3472 3852 3527 instilla-

2250 3581 2394 3636 veris
2435 3579 2697 3649 prunam?
2736 3595 2755 3629 ι
2805 3574 2970 3647 (Ibid.
3009 3583 3058 3629 et
3085 3571 3252 3642 seqq.)
3281 3569 3421 3638 Quid
3464 3577 3629 3624 recta:
3658 3565 3855 3621 rationi

2251 3674 2420 3745 magis
2469 3671 2796 3744 oppositum,
2827 3686 2890 3725 ac
2928 3668 3074 3723 dictu
3127 3665 3298 3736 magis
3343 3661 3664 3729 absurdum,
3695 3673 3854 3730 quam

2253 3767 2385 3822 deos
2429 3765 2718 3831 honorari,
2769 3771 2863 3816 aut
2912 3758 3219 3816 hominibus
3266 3755 3450 3811 favere
3479 3753 3652 3809 effuso
3693 3752 3851 3818 vino,

2255 3860 2396 3930 quod
2421 3859 2678 3913 virtutum
2702 3871 2898 3911 nervos
2922 3847 3347 3921 debilitat,quod
3367 3847 3576 3919 pudori,
3595 3844 3856 3910 eaStitati,

2256 3961 2312 4007 et
2339 3950 2678 4006 verecundia:
2716 3949 2990 4003 inimicum
3021 3955 3137 4012 est,
3169 3941 3343 4014 quod,
3389 3940 3437 3996 si
3479 3938 3693 3995 avidius
3722 3936 3854 3991 hau-

2258 4045 2415 4108 seris,
2449 4045 2500 4099 in
2530 4044 2797 4100 insaniam
2826 4051 2880 4097 et
2905 4039 3141 4096 furorem
3171 4047 3221 4092 te
3253 4033 3647 4105 pru'cipitabit?

2340 4139 2446 4196 Sed
2483 4155 2548 4195 eo
2580 4153 2751 4208 usque
2780 4135 3028 4190 homines
3056 4131 3190 4186 falsa
3218 4127 3502 4198 religionis
3536 4124 3722 4196 Specie
3760 4123 3856 4180 de-

2261 4252 2448 4309 ceptos
2471 4250 2624 4289 error
2653 4237 2982 4302 pervaserat.
3007 4235 3065 4280 ut
3088 4222 3418 4280 solemnibus
3439 4219 3640 4286 verbis,
3665 4218 3859 4287 quibus

2263 4335 2444 4387 vinum
2467 4329 2571 4384 diis
2593 4325 2851 4390 libabant,
2877 4335 3126 4392 magnum
3155 4319 3414 4374 honorem
3435 4315 3544 4371 illis
3565 4329 3626 4370 se
3646 4312 3860 4370 deferre

2266 4427 2673 4497 profiterentur.
2707 4418 2839 4474 Nam
2870 4415 2999 4471 illud
3028 4414 3113 4468 his
3139 4412 3272 4483 ipsis
3301 4409 3715 4483 significabant,
3744 4421 3862 4477 qua:

2267 4517 2538 4574 Arnobius
2571 4513 2767 4571 ibidem
2801 4509 3018 4575 retulit,
3051 4507 3228 4564 verbis
3261 4523 3274 4560 :
3311 4523 3330 4557 ι
3369 4504 3574 4560 Mactus
3607 4503 3711 4558 hoc
3744 4501 3862 4556 vino

2188 4607 2242 4667 D
2270 4611 2462 4668 inferio
2482 4619 2600 4664 esto
2629 4626 2647 4659 ι
2673 4604 2858 4676 (lbid.,
2886 4621 2939 4675 ρ.
2957 4601 3106 4672 256).
3135 4600 3355 4657 Servius
3376 4607 3577 4662 autem,
3600 4607 3654 4652 et
3677 4604 3862 4666 postea

2271 4704 2510 4761 Isidorus
2537 4700 2895 4758 testificantur
2923 4699 3036 4751 haec
3066 4696 3118 4750 in
3146 4691 3562 4756 l’outilicalibus,
3593 4705 3690 4745 seu
3722 4689 3862 4744 Pon-

2272 4801 2474 4856 tificqu
2507 4797 2654 4852 libris
2694 4795 2772 4849 sic
2815 4791 3011 4860 scripta
3045 4792 3462 4858 praescriptaque
3501 4783 3714 4838 fuisse:
3752 4799 3771 4833 ε
3808 4779 3864 4835 In

2273 4891 2689 4965 pontificalibus,
2721 4906 2740 4940 ›
2774 4882 2965 4954 inquit,
2995 4900 3015 4934 ‹
3052 4881 3418 4936 sacrificantes
3440 4877 3697 4933 dicebant
3722 4876 3823 4931 deo
3849 4891 3863 4926 :

2271 4989 2442 5044 Macte
2473 4986 2575 5040 hoc
2602 4981 2794 5038 inferio
2823 4980 2945 5034 vino
2974 4987 3092 5034 esto
3122 4995 3140 5029 ι
3170 4973 3438 5048 (Sav.,in
3481 4972 3689 5043 Virgil.,
3743 4969 3780 5023 ι.
3817 4983 3869 5023 tx

2274 5079 2515 5144 Αἰηεὶάη
2570 5095 2624 5148 p.
2672 5074 2809 5139 564;
2862 5071 3020 5138 Isid.,
3066 5077 3102 5124 t.
3157 5085 3212 5135 x,
3249 5067 3563 5137 Etgmalog.,
3613 5064 3684 5118 ad
3731 5062 3863 5116 vcrb.

2276 5177 2530 5239 MACTUS;
2563 5171 2714 5232 Cato,
2743 5169 2806 5223 de
2844 5167 2918 5222 Re
2955 5168 3155 5231 rustic.,
3192 5181 3238 5218 c.
3273 5163 3377 5218 152
3419 5171 3466 5216 et
3515 5158 3660 5231 15's).
3713 5157 3863 5226 Quod

2274 5271 2493 5343 quidem
2524 5266 2665 5322 haud
2692 5264 2858 5320 semel
2888 5278 2917 5316 a
2942 5261 3168 5325 Catone,
3199 5269 3252 5313 et
3279 5259 3402 5314 aliis
3430 5255 3712 5312 memoriae
3744 5269 3866 5324 pro-

2274 5367 2445 5423 ditum
2474 5372 2577 5420 est.
2611 5359 2864 5414 Inferium
2890 5366 3072 5411 autem
3101 5353 3304 5418 viuum,
3333 5352 3411 5406 uti
3432 5368 3499 5407 ex
3529 5349 3714 5414 Festo,
3736 5348 3865 5403 Sca—

2275 5462 2464 5532 ligero,
2520 5467 2575 5512 et
2617 5453 2895 5510 Brissonio
2939 5450 3136 5510 disces,
3199 5446 3328 5501 illud
3377 5455 3492 5499 erat
3544 5442 3688 5514 quod
3737 5440 3870 5496 infra

2276 5564 2479 5625 paterae
2529 5550 2735 5604 labrum
2779 5543 3156 5599 ellundebatur
3187 5537 3415 5611 (Festus,
3443 5537 3512 5590 ad
3551 5535 3685 5590 verb.
3723 5549 3872 5589 INFE-

2281 5662 2441 5712 alunt;
2489 5643 2766 5711 Scaliger.,
2799 5636 3083 5708 canjectan.
3116 5635 3171 5688 in
3229 5632 3470 5697 Varron.,
3499 5647 3552 5700 p.
3589 5628 3692 5694 80;
3730 5625 3875 5681 Bris-

2284 5757 2421 5805 san.,
2452 5739 2489 5792 l.
2517 5753 2536 5792 1
2562 5732 2799 5790 Formul.
2833 5773 2848 5798 ,
2879 5749 2933 5803 p.
2965 5730 3036 5785 50
3071 5737 3120 5783 et
3159 5727 3275 5798 57).
3305 5725 3510 5781 Mactus
3537 5739 3701 5789 vero,
3737 5721 3875 5776 sicut

2288 5832 2399 5903 jam
2438 5829 2689 5897 diximus,
2723 5823 3060 5898 significabat
3096 5821 3267 5893 magis
3292 5829 3499 5878 auctus.
3539 5817 3749 5877 Horum
3782 5818 3875 5874 itas
