3986 6058
174 189 283 246 657

1368 203 1436 261 IN
1475 204 1827 266 ABNOBIUM
1849 253 1865 279 ,
1906 210 2060 268 CAP.
2093 212 2282 274 XXIV.

3359 230 3463 289 658

172 323 280 419 que
304 310 614 419 .verborum
659 328 855 419 sensus
900 326 1020 376 erat
1046 337 1061 374 :
1089 320 1169 377 Tu
1214 322 1441 395 Jupiter,
1490 336 1583 383 aut
1633 327 1769 386 alius
1796 332 1850 391 Α
1873 329 1926 384 in
1954 329 2177 400 Minue,
2209 352 2257 389 c.
2290 335 2379 403 19,
2409 346 2509 393 art.
2538 338 2575 393 2
2604 348 2654 394 et
2681 341 2756 414 5).
2793 343 3061 402 Arnobius
3087 347 3271 419 itaque
3297 347 3464 408 hosce

172 403 351 475 quivis
373 404 532 471 deus,
554 415 671 464 esto
694 409 864 482 magis
884 422 1073 471 auctus
1099 415 1201 472 hoc
1228 416 1424 474 inferio
1449 419 1599 486 vino,
1629 423 1775 493 quod

178 494 323 551 infra
382 497 587 554 labrum
647 510 847 571 paterae
898 506 1261 575 transfusum,
1308 510 1401 566 tibi
1448 511 1662 568 libatur.
1695 514 1776 571 Ex

174 588 438 648 Trebatio
491 604 668 649 autem
730 598 1000 655 Arnobius
1063 602 1447 660 animadvertit
1504 607 1775 678 adjectum

172 681 349 741 fuisse
397 685 497 741 hoc
545 689 771 745 verbum
824 692 1030 763 inferio,
1084 710 1152 750 ne
1192 697 1372 752 vinum
1416 700 1692 755 conditum
1720 703 1772 757 in

170 778 333 834 cellis
357 788 410 835 et
437 784 746 851 apothecis,
775 784 841 840 ex
870 788 1065 857 quibus
1108 789 1239 845 illud
1282 791 1528 848 haustum
1565 794 1772 864 fuerat,

172 885 387 927 sacrum
431 874 615 942 fieret,
644 887 698 933 et
725 878 908 935 usibus
938 881 1188 939 humanis
1226 885 1548 956 eriperetur.
1580 886 1767 960 Papae,

174 975 434 1038 quantum
461 966 568 1025 hoc
588 972 883 1028 verendum
908 975 1056 1029 erat!

245 1058 354 1116 Sed
392 1062 674 1119 audiamus
717 1065 1009 1123 Auctorem
1040 1079 1282 1126 nostrum
1337 1072 1462 1128 inde
1508 1073 1772 1132 adversus

181 1153 430 1211 ethnicos
479 1156 859 1228 disputantem.
917 1161 1073 1230 Quo,
1131 1163 1333 1235 inquit,
1387 1165 1593 1223 honore
1639 1169 1773 1225 deus

173 1251 361 1320 augeri
388 1261 583 1321 potest,
610 1268 733 1309 cum
756 1255 806 1309 ei
834 1255 918 1310 lex
944 1270 975 1311 a
1001 1256 1339 1314 sacriﬁcante
1368 1260 1679 1331 imponitur,
1703 1279 1773 1320 ne

170 1342 297 1414 plus
345 1352 512 1413 petat,
556 1360 715 1416 quam
763 1347 944 1402 vinum
992 1347 1124 1403 illud
1171 1348 1464 1405 inferium?
1503 1351 1771 1424 Numquid

170 1435 398 1491 nimium
429 1452 596 1492 vorax
618 1480 633 1503 ,
670 1438 887 1507 helluo,
917 1449 971 1496 et
998 1440 1220 1511 gulosus
1261 1451 1378 1498 erat
1420 1445 1648 1500 eximius
1679 1446 1772 1502 ille

168 1530 327 1598 deus,
363 1539 421 1585 ut
448 1533 548 1586 hac
577 1534 985 1604 praescriptione
1013 1534 1280 1604 cupiditas
1307 1536 1423 1607 ejus
1452 1538 1770 1594 arceretur?

168 1623 315 1680 Nihil
346 1627 543 1695 quippe
571 1626 686 1680 haec
714 1626 897 1693 verba,
931 1626 1134 1682 Muclus
1162 1628 1259 1682 hoc
1283 1629 1400 1683 vino
1427 1630 1611 1701 inferio
1640 1642 1766 1697 esto,

1880 424 2141 483 absurdos
2168 430 2506 488 ethnicorum
2551 433 2688 490 ritus
2716 435 2857 492 haud
2885 438 3168 495 invenuste
3192 441 3464 499 exsibilat.

1880 519 1961 575 Ab
1990 520 2177 577 iisdem
2226 524 2424 595 quippe
2451 527 2679 583 ethnicis
2718 530 2890 598 poscit
2920 539 3098 587 utrum
3134 532 3243 600 dii,
3271 536 3469 592 auditis

1879 614 1989 671 illis
2025 617 2317 686 crepitibus
2342 627 2397 673 et
2423 620 2707 689 sonitibus,
2742 622 3035 680 honoriﬁce
3072 641 3255 682 secum
3289 637 3465 685 actum

1877 707 2213 776 existiment,
2246 710 2336 766 vel
2365 711 2720 779 mulceantur,
2753 726 2912 785 atque
2937 716 3071 771 iram
3118 728 3227 773 tum
3273 734 3469 777 revera

1877 799 2168 871 deponant,
2219 803 2309 858 vel
2353 803 2493 859 sicut
2521 806 2773 875 pusiones
2824 807 2909 863 his
2956 818 3349 868 exterreantur.
3401 813 3467 869 Si

1878 893 1949 948 ita
1980 896 2238 962 sentiunt,
2265 896 2397 951 nihil
2427 907 2574 953 certe
2599 898 2801 970 ﬁngere
2829 910 3079 970 poterant
3110 904 3194 961 his
3225 905 3466 962 ridiculis

1876 986 2223 1056 opinionibus
2265 989 2436 1059 magis
2478 991 2846 1061 temerarium,
2879 1003 2934 1050 et
2961 994 3161 1050 divinae
3199 997 3468 1069 majestati

1875 1079 2172 1150 iujurium?

1949 1172 2084 1228 Tum
2132 1174 2328 1231 deinde
2371 1184 2561 1233 auctor
2603 1189 2791 1236 noster
2830 1181 2993 1237 simili
3034 1182 3194 1239 modo
3236 1188 3471 1258 exagitat

1875 1267 2166 1321 matutinas
2191 1268 2507 1325 eorumdem
2547 1273 2828 1341 gentilium
2867 1275 3225 1332 excitationes
3244 1319 3261 1343 ,
3292 1294 3357 1334 ac
3387 1280 3470 1334 vi-

1872 1361 2053 1430 gilias,
2095 1371 2155 1417 ut
2200 1378 2378 1430 mane,
2411 1366 2862 1435 quemadmodum
2891 1384 3136 1440 vespere,
3166 1370 3296 1427 deos
3343 1388 3471 1430 suos

1876 1453 2017 1509 irent
2044 1454 2335 1511 salutatum
2376 1457 2622 1526 (Arnob.,
2655 1458 2694 1513 ι.
2725 1475 2819 1527 vn,
2864 1478 2918 1532 p.
2946 1461 3097 1535 257).
3146 1463 3225 1519 De
3274 1465 3472 1522 usitato

1874 1556 2053 1605 autem
2082 1548 2176 1604 illo
2199 1548 2332 1606 deos
2354 1566 2513 1608 mane
2552 1554 2822 1608 salutandi
2852 1570 3004 1611 more
3044 1556 3187 1613 hunc
3210 1558 3472 1629 Apuleius

1875 1641 2111 1712 loquitur
2137 1644 2190 1698 in
2221 1644 2441 1700 modum
2475 1665 2489 1699 :
2529 1662 2550 1697 ‹
2586 1646 2797 1717 Templi
2844 1648 3137 1703 matutinas
3164 1651 3472 1721 apertiones

168 1716 316 1771 aliud
346 1716 740 1787 significabant,
771 1733 953 1789 quam,
989 1729 1108 1776 esto
1143 1732 1375 1789 mactus,
1413 1725 1515 1779 hoc
1539 1734 1643 1789 est,
1675 1724 1772 1780 ho-

1882 1736 2213 1807 opperiebar.
2263 1741 2341 1793 Ac
2380 1738 2507 1794 dum
2550 1740 2685 1795 velis
2726 1716 3080 1797 candentibus
3124 1716 3382 1811 reductis,
3417 1744 3473 1799 in

170 1823 304 1863 nore
330 1818 518 1864 auctus
542 1818 599 1865 et
622 1810 1006 1882 amplificatus,
1034 1826 1293 1885 quantum
1318 1816 1597 1872 dumtaxat
1624 1820 1766 1883 volo,

172 1919 273 1960 nec
312 1906 483 1976 magis
520 1920 679 1977 quam
716 1907 901 1976 jubeo.
936 1907 1054 1963 Non
1092 1911 1235 1965 enim
1277 1911 1509 1981 amplius
1537 1912 1771 1969 honora-

171 1999 343 2062 beris,
371 2014 531 2070 quam
570 2000 693 2054 volo
724 2001 841 2071 plus
886 2012 979 2056 aut
1020 2003 1197 2057 minus
1222 2005 1331 2059 vini
1364 2004 1417 2058 in
1450 2015 1648 2075 paterae
1692 2007 1770 2061 la-

169 2091 329 2147 brum
362 2090 587 2146 inferius
611 2091 834 2147 effundi.
867 2092 1036 2148 Deum
1074 2109 1223 2166 ergo,
1253 2096 1344 2167 qui
1375 2104 1586 2166 poterat
1613 2097 1769 2168 plura

170 2184 466 2254 postulare,
495 2197 557 2238 ea
584 2183 675 2240 lex
694 2193 749 2239 et
770 2185 1090 2257 proscriptio
1111 2202 1218 2242 non
1247 2187 1475 2257 honore,
1500 2188 1596 2244 sed
1620 2189 1768 2261 igno-

171 2279 339 2334 minia
368 2278 656 2337 afﬁciebat.

767 2415 1064 2458 ARTICULUS
1101 2417 1179 2458 Ill.

170 2515 327 2581 Quam
350 2518 491 2581 recte
513 2513 759 2581 Arnobius
779 2518 1005 2581 exagitet
1022 2527 1170 2581 atque
1211 2518 1374 2579 ejiciat
1413 2517 1536 2569 alios
1559 2519 1771 2572 insulsos

233 2578 542 2627 ethnicorum
560 2578 702 2637 ritus,
721 2579 899 2641 quibus
914 2579 1035 2629 deos
1052 2578 1167 2629 suos
1184 2578 1333 2629 sertis
1352 2587 1404 2630 et
1420 2582 1612 2632 coronis
1630 2596 1773 2632 exor-

232 2640 436 2707 nabant,
477 2640 749 2707 utebantur
780 2641 1051 2707 cymbalis,
1074 2645 1344 2706 tympanis,
1386 2644 1684 2707 symphoniis
1717 2652 1773 2696 et

232 2701 699 2768 scabillis,‘illosque
721 2701 872 2768 mane
887 2701 1191 2768 salutabant,
1211 2719 1276 2768 ac
1310 2701 1455 2768 quain
1491 2701 1691 2757 ridicula
1717 2714 1772 2758 et

232 2766 445 2832 absurda
468 2763 809 2832 fuerit'layatio
829 2765 1180 2832 Matrisdeum,
1202 2763 1339 2832 Jovis'
1362 2768 1577 2832 epulum.
1601 2769 1773 2820 vinde-

230 2828 331 2876 mia
353 2825 644 2890 lEscuIaMi,
667 2829 865 2880 Cereris
884 2838 937 2879 et
965 2829 1171 2878 aliorum
1203 2825 1521 2890 lectisternia,
1557 2832 1773 2883 Telluris

238 2897 391 2954 atque
413 2890 616 2940 aliorum
640 2891 815 2941 natalis
833 2892 958 2941 dies.

243 3017 382 3072 Alia.
410 3027 566 3073 erant
609 3018 952 3076 ethnicorum
982 3020 1035 3075 in
1064 3021 1237 3076 sacris
1276 3023 1391 3078 suis
1436 3023 1769 3094 cerimonias,

1874 1827 2148 1883 diversum
2170 1829 2288 1885 deae
2313 1832 2679 1888 venerabilem
2710 1842 3063 1903 conspectum
3092 1850 3467 1906 apprecamur,

1873 1932 1931 1977 et
1954 1921 2247 1992 dispositas
2273 1938 2397 1979 aras
2420 1925 2747 1982 circumiens
2787 1928 3065 1993 sacerdos,
3088 1944 3203 1984 rem
3232 1928 3470 1984 divinam

1872 2025 2149 2086 procurat,
2204 2016 2644 2088 supplicamentis
2699 2019 3034 2075 solemnibus
3088 2021 3158 2077 de
3204 2023 3473 2092 penetrali

1872 2109 2023 2166 fonte
2052 2110 2277 2180 petitum
2300 2112 2563 2181 spondeo,
2585 2111 2734 2168 libat.
2753 2113 2936 2170 Rebus
2956 2113 3066 2184 jam
3088 2115 3192 2171 rite
3219 2129 3474 2171 consum-

1872 2204 2055 2273 matis,
2082 2204 2349 2260 inchoatae
2369 2205 2504 2262 lucis
2528 2205 2964 2272 salutationibus,
2983 2206 3219 2278 religiosi
3243 2206 3471 2278 primam

1873 2300 2187 2365 nuntiantes
2203 2298 2389 2355 horam
2419 2309 2765 2370 perstrepunt
2787 2319 2808 2353 ι
2832 2300 3022 2374 (Apul.
3046 2343 3062 2368 ,
3091 2300 3127 2354 ι.
3158 2316 3196 2355 ιι
3226 2299 3469 2367 Metam,

1873 2411 1927 2462 ρ.
1957 2394 2108 2467 207).
2157 2394 2357 2450 Verum
2385 2394 2590 2449 Seneca
2633 2393 2927 2447 matutinas
2964 2392 3085 2449 illas
3124 2392 3475 2450 salutationes

1873 2487 2021 2544 hisce
2053 2487 2387 2556 totidemque
2412 2486 2591 2542 verbis
2634 2484 3049 2556 proscribendas
3075 2484 3472 2557 prohibendas-

1873 2596 1979 2651 que
2021 2594 2143 2636 esse
2181 2579 2423 2635 declarat
2454 2598 2467 2634 :
2503 2597 2523 2631 ‹
2558 2579 2875 2635 Accendere
2913 2580 3149 2650 aliquam
3197 2579 3476 2635 lucernam

1873 2675 2112 2732 sabbatis
2134 2676 2550 2746 prohibeamus;
2574 2675 2828 2746 quoniam
2851 2689 2953 2731 nec
2975 2674 3179 2729 lumine
3195 2673 3269 2729 dli
3290 2682 3471 2745 egent,

1874 2778 1928 2824 et
1949 2785 2016 2824 ne
2042 2769 2292 2825 homines
2319 2768 2537 2839 quidem
2564 2768 2904 2823 delectantur
2932 2765 3175 2838 fuligine.
3206 2765 3466 2821 Vetemus

1873 2863 2287 2919 salutationibus
2333 2862 2611 2917 matutinis
2655 2861 2834 2932 fungi,
2875 2870 2932 2917 et
2979 2860 3184 2916 foribus
3231 2859 3474 2916 assidere

1876 2957 2222 3028 templorum.
2272 2955 2516 3011 Humana
2570 2955 2792 3011 ambitio
2839 2955 2956 3010 istis
3003 2954 3195 3011 ofﬁciis
3242 2956 3471 3027 capitur.

1876 3051 2044 3105 Deum
2088 3050 2237 3116 colit,
2268 3050 2361 3116 qui
2412 3050 2561 3104 novit
2605 3069 2624 3101 ι
2664 3049 2897 3121 (Scaea,
2929 3050 3080 3119 epist.
3111 3048 3203 3116 95,
3232 3067 3287 3121 ρ.
3318 3046 3471 3121 191).

171 3112 420 3182 variique
440 3112 595 3179 ritus,
617 3113 830 3168 caeteris
853 3113 1110 3170 hactenus
1132 3115 1443 3171 memoratis
1469 3131 1573 3172 non
1598 3117 1773 3173 minus
1801 3128 1848 3191 ρ
1879 3144 2095 3201 Ethnici
2114 3112 2300 3199 ωηιξη,
2318 3158 2455 3198 vana
2476 3112 2856 3213 ευρεηίίιίοηε
2875 3112 3154 3209 amca“,
3170 3112 3279 3197 ήδη
3299 3112 3475 3197 εοιυίη

174 3209 420 3273 inutiles,
475 3208 857 3273 superstitiosi,
912 3217 967 3265 et
1012 3210 1229 3267 absurdi
1287 3211 1523 3284 (Arnob.,
1572 3213 1612 3267 ι.
1669 3229 1765 3281 vu,

173 3321 232 3372 ρ.
261 3304 419 3375 257).
465 3304 605 3359 Deos
630 3304 773 3359 enim
802 3319 949 3369 suos,
981 3305 1096 3360 sive
1140 3306 1351 3360 illorum
1384 3307 1555 3379 signa,
1586 3322 1648 3363 ac
1691 3309 1768 3364 si-

176 3396 417 3452 mulacra
446 3398 606 3451 sertis
633 3405 689 3451 et
716 3397 932 3451 coronis
958 3412 1225 3453 exornare
1250 3409 1667 3455 consueverant.
1700 3402 1771 3456 At

177 3490 325 3545 hunc
373 3490 647 3558 gentilium
694 3504 898 3545 morem
927 3505 1084 3561 quam
1118 3490 1313 3545 merito
1337 3492 1456 3562 jure
1500 3493 1771 3550 Arnobius

178 3584 596 3654 improbaverit,
641 3585 768 3640 alibi
811 3599 911 3640 nec
953 3585 1122 3640 semel
1167 3586 1504 3643 ostendimus
1550 3588 1709 3662 (tam.
1752 3607 1770 3646 ι

177 3680 456 3751 Αρραγαι..
488 3699 541 3752 p.
568 3679 693 3743 802,
720 3690 766 3734 et
799 3678 1012 3736 Dissert.
1039 3682 1101 3735 in
1117 3681 1338 3750 Minoa,
1361 3700 1408 3736 ε.
1442 3685 1532 3752 19,
1565 3694 1665 3739 art.
1685 3684 1768 3760 2).

250 3773 411 3829 Ridet
429 3773 605 3829 adhuc
632 3774 898 3828 Arnobius
924 3774 1145 3831 eosdem
1172 3776 1442 3842 ethnicos,
1467 3780 1556 3849 qui
1582 3779 1634 3833 in
1659 3780 1772 3835 suis

178 3867 477 3938 mySIeriis,
528 3864 702 3930 festis,
753 3874 912 3936 atque
966 3866 1396 3924 solemnitatibus
1450 3869 1777 3926 adhibebant

178 3958 448 4030 cymbala,
505 3967 778 4029 tympana,
829 3958 1199 4028 symphonias,
1256 3970 1312 4014 et
1366 3961 1604 4028 scabilla,
1655 3978 1775 4033 quze

178 4061 340 4109 erant
380 4052 689 4123 crepitaculi
719 4051 988 4122 quoddam
1033 4067 1222 4122 genus.
1255 4053 1391 4108 Tum
1423 4065 1601 4109 autem
1634 4071 1775 4125 prm-

180 4149 341 4219 cipue
370 4147 456 4202 his
495 4147 717 4202 musicis
743 4146 971 4216 aliisque
996 4147 1367 4203 instrumentis
1396 4148 1775 4217 abntehantur,

181 4256 307 4297 cum
339 4255 489 4294 sacra
513 4239 699 4294 Matris
725 4238 906 4306 deum,
935 4254 1030 4293 seu
1053 4239 1299 4310 Cybeles,
1323 4242 1578 4311 mysteria
1608 4240 1776 4296 festa-

182 4348 290 4404 que
321 4313 662 4405 peragentes,
701 4332 844 4386 illius
873 4332 1217 4387 simulacrum
1248 4348 1344 4402 per
1367 4333 1528 4389 urbes
1550 4334 1776 4390 circum-

182 4425 452 4480 ferebant.
489 4424 658 4492 Quam
705 4439 835 4479 vero
875 4424 991 4479 haec
1019 4424 1245 4480 ridicula
1272 4434 1485 4495 essent,
1522 4426 1605 4482 his
1649 4427 1780 4483 satis

185 4532 452 4587 agnosces
478 4516 650 4572 Ovidii
678 4518 1005 4574 carminibus
1034 4536 1049 4573 :

284 4630 432 4698 Ibunt
454 4633 760 4698 semimares.
787 4638 838 4681 et
861 4634 1019 4683 inania
1041 4638 1265 4698 tympana
1289 4635 1512 4694 tundent,

342 4692 557 4756 diraque
580 4696 781 4745 tinnitus
802 4707 903 4746 aere
926 4692 1123 4760 repulsa
1142 4692 1351 4760 dabunt.

932 4757 1121 4822 (Ovid.,
1146 4759 1226 4811 lib.
1254 4776 1302 4812 tv
1324 4761 1535 4824 Fastor.,
1560 4761 1587 4827 §
1615 4762 1689 4824 5.)

184 4869 369 4937 Atque
392 4880 461 4921 ex
490 4864 556 4920 iis
580 4865 779 4934 adhuc,
806 4881 929 4937 qum
958 4869 1116 4938 paulo
1141 4877 1265 4940 post
1290 4867 1486 4940 adjecit
1514 4885 1530 4924 :

840 4983 1098 5048 Priscique
1122 4986 1385 5035 imitamina
1409 4984 1520 5036 facti

348 5046 465 5099 Era
483 5048 594 5098 deae
615 5048 839 5111 comites,
864 5046 1109 5110 raucaque
1132 5056 1272 5111 terga
1297 5054 1514 5111 movent.

287 5110 510 5175 Cymbala
530 5109 814 5175 yro_galeis,
843 5123 930 5172 pro
952 5109 1103 5175 scutis
1126 5109 1347 5173 tympana
1373 5110 1582 5175 pulsant,

348 5173 492 5225 Tibia
513 5173 598 5222 dat
620 5171 875 5239 Phrygios,
900 5177 954 5221 ut
976 5171 1112 5222 dedit
1133 5171 1266 5238 ante,
1291 5171 1454 5225 sonos.
1509 5233 1645 5300 (Ibid
1669 5234 1691 5299 )

191 5348 457 5408 Similiter
483 5360 699 5418 quoque
723 5344 1008 5402 Lucretius
1035 5344 1264 5402 canebat
1293 5363 1307 5399 :

288 5465 535 5529 Tympana
559 5470 694 5513 tenta
718 5467 885 5513 tonant
910 5462 1099 5529 palmis,
1128 5469 1181 5511 et
1201 5460 1417 5524 cymbala
1451 5461 1632 5511 circum

289 5526 527 5583 concava,
553 5529 909 5587 raucisonoque
934 5526 1176 5574 minantur
1198 5537 1377 5587 cornua
1396 5532 1559 5573 cantu.

292 5590 359 5641 Et
379 5588 593 5654 Phrygio
615 5585 837 5654 stimulat
853 5599 1061 5654 numero
1087 5599 1203 5637 cava
1227 5585 1581 5654 tibiamentes.

729 5651 963 5714 (Lucret.,
990 5645 1076 5699 lib.
1108 5663 1159 5710 ιι,
1183 5661 1309 5699 vers.
1332 5647 1424 5700 618
1445 5654 1489 5699 et
1511 5647 1665 5716 seqq.)

197 5760 309 5816 Sed
339 5758 408 5815 de
434 5758 519 5815 bis
553 5760 662 5831 jam
702 5757 949 5830 qttzedam
980 5753 1106 5809 alibi
1136 5754 1507 5809 annotavimus
1549 5752 1789 5825 (Dissert.

1869 3252 2049 3303 mane,
2079 3251 2143 3291 ac
2169 3251 2418 3306 vespere,
2450 3236 2546 3292 sed
2574 3235 2801 3307 singulis
2834 3234 2941 3290 diei
2984 3235 3132 3290 horis
3162 3234 3293 3290 deos
3323 3247 3473 3297 suos,

1872 3331 1948 3385 uti
2001 3327 2367 3386 Tertulliauus
2426 3328 2786 3395 testificatur,
2854 3326 3093 3383 salutare
3147 3325 3400 3382 solebant
3457 3343 3473 3379 :

1880 3443 1899 3477 ι
1935 3422 2039 3493 Ωιι
2062 3426 2111 3478 in
2141 3423 2322 3490 idolis,
2355 3443 2373 3475 ›
2407 3422 2601 3493 inquit,
2630 3440 2649 3473 ι
2680 3420 2963 3478 comendis
2984 3430 3042 3478 et
3064 3423 3117 3477 in
3144 3420 3253 3478 aris
3277 3434 3476 3477 ornan-

1874 3516 1978 3585 dis,
2008 3528 2063 3573 et
2089 3516 2157 3572 ad
2182 3516 2419 3587 singulas
2454 3516 2615 3570 horas
2642 3513 2940 3569 salutandis
2973 3512 3286 3582 adulantur,
3312 3526 3475 3567 cura-

1874 3611 2074 3668 tionem
2095 3610 2274 3669 facere
2296 3612 2546 3668 dicuntur
2576 3629 2597 3663 ι
2630 3608 2899 3682 (Tertull.,
2919 3609 2956 3667 ι.
2976 3609 3040 3664 de
3065 3606 3269 3681 Jejun.,
3299 3625 3346 3664 c.
3382 3607 3472 3674 16,

1875 3724 1929 3777 p.
1962 3706 2111 3777 715).

1948 3798 2083 3866 Quid
2106 3798 2298 3854 mirum
2319 3814 2468 3870 ergo,
2495 3800 2543 3854 si
2566 3797 2838 3853 Arnobius
2862 3797 2978 3864 has,
3003 3796 3071 3852 de
3098 3796 3294 3867 quibus
3318 3795 3477 3867 plura

1877 3893 2207 3958 Brissonius,
2238 3893 2587 3948 salutationes
2609 3891 2843 3961 jocando
2871 3891 2951 3945 sic
2980 3889 3271 3960 explodat?
3307 3907 3326 3941 ι
3359 3887 3476 3944 Ob-

1878 3985 2215 4040 dormiscunt
2237 3986 2440 4056 superi,
2466 4000 2712 4041 remeare
2759 3992 2817 4039 ut
2855 3984 2923 4038 ad
2969 3982 3179 4053 vigilias
3202 3981 3476 4037 debeant?

1880 4080 2018 4146 Quid
2068 4078 2424 4134 dormitiones
2462 4078 2592 4145 illae,
2623 4077 2818 4148 quibus
2848 4086 2905 4131 ut
2932 4076 3070 4131 bene
3117 4074 3350 4139 valeant,
3380 4065 3477 4129 au-

1881 4172 2126 4243 spicabili
2152 4170 2474 4226 salutatione
2504 4169 2807 4225 mandatis?
2834 4168 3020 4225 Somni
3051 4167 3231 4239 quiete
3256 4166 3330 4221 dii
3359 4167 3473 4222 sol-

1881 4272 2098 4329 vuntur,
2134 4263 2491 4334 occuparique
2519 4261 2621 4317 hoc
2650 4268 2707 4316 ut
2735 4261 2973 4331 possint,
3001 4259 3152 4315 leues
3190 4256 3476 4313 audiendas

1882 4365 2009 4413 sunt
2028 4358 2217 4411 naeniae
2245 4374 2264 4408 ι
2293 4354 2535 4429 (Arnob.,
2561 4355 2657 4409 loc.
2688 4353 2774 4407 cit.
2795 4371 2810 4420 ;
2832 4352 3137 4419 Brisson.,l.
3172 4349 3472 4418 tFomtul.,

1882 4468 1939 4519 p.
1969 4450 2039 4506 ’58
2066 4460 2115 4505 et
2145 4449 2332 4523 seqq.).
2363 4448 2502 4517 Quid
2544 4459 2722 4505 autem
2769 4447 2873 4503 hoc
2900 4447 3089 4502 ultimo
3112 4446 3335 4501 nomine
3372 4445 3477 4500 sibi

1808 4533 1861 4594 D
1885 4544 1976 4601 ille
2001 4544 2146 4613 velit,
2178 4545 2224 4601 si
2251 4560 2428 4616 roges,
2457 4544 2902 4616 respondebimus
2947 4542 3130 4614 plures
3177 4540 3318 4596 illius
3354 4552 3476 4595 esse

1886 4640 2237 4712 significatus.
2280 4639 2482 4696 Nmnite
2527 4640 2670 4695 enim
2722 4639 2897 4709 primo
2925 4643 3208 4691 sumuntur
3245 4648 3344 4704 pro
3389 4632 3475 4685 in-

1887 4737 2085 4792 testino
2114 4744 2205 4790 aut
2246 4735 2424 4789 edulio
2471 4735 2526 4789 in
2573 4731 2959 4789 minutissimas
3011 4737 3190 4800 partes
3232 4723 3472 4789 conciso,

1887 4830 1953 4886 de
1998 4846 2107 4901 quo
2135 4844 2235 4885 nos
2281 4842 2463 4897 supra.
2494 4825 2766 4891 Secundo,
2800 4838 2896 4894 pro
2925 4837 2987 4878 re
3016 4820 3222 4876 frivola.
3265 4814 3471 4884 Tertio,

1884 4940 1985 4997 pro
2012 4924 2251 4995 quolibet
2276 4932 2438 4977 cantu
2463 4920 2658 4975 inutili.
2688 4918 2840 4975 Unde
2874 4913 3158 4971 Horatius:

1978 5039 2170 5108 Boscia,
2193 5040 2271 5090 dic
2292 5041 2459 5101 sodes,
2485 5037 2661 5088 melior
2682 5036 3160 5108 le.x,_anpueror‘gm

1976 5094 2168 5167 Naeuia,
2192 5117 2301 5168 quae
2326 5094 2702 5168 recteregnum
2720 5094 3009 5168 facientibus
3031 5094 3191 5168 offert;

2227 5166 2442 5231 (Horat.,
2465 5162 2498 5216 ι.
2520 5156 2574 5225 ιζ
2580 5176 2655 5227 ep.
2685 5164 2732 5224 1,
2756 5162 2821 5212 ad
2840 5163 3063 5220 Maxera,
3088 5171 3133 5209 υ.
3156 5156 3414 5220 62etseq.)

1887 5272 2093 5342 Quarto
2120 5284 2219 5341 pro
2261 5270 2527 5325 cantilena
2573 5270 2625 5322 in
2666 5276 3001 5321 mortuorum
3033 5261 3271 5326 laudem,
3303 5267 3395 5316 aut
3418 5267 3477 5315 ut

1889 5381 2177 5438 puerorum
2225 5379 2446 5419 somnus
2493 5360 2777 5417 alliciatur.
2824 5360 2894 5413 At
2922 5372 3025 5411 vox
3067 5356 3239 5411 naenia
3265 5353 3479 5410 videtur

1892 5463 1991 5517 hac
2010 5468 2221 5533 quarta,
2253 5460 2341 5513 vel
2368 5457 2529 5513 tertia
2552 5453 2939 5525 significatione
2962 5452 3028 5509 ab
3055 5450 3293 5508 Arnobio
3323 5465 3480 5506 usur-

1891 5557 2026 5630 pari.
2061 5554 2199 5624 Quid
2230 5568 2389 5623 porro
2417 5549 2723 5614 absurdius,
2754 5549 2829 5603 ait
2868 5548 2978 5615 ille,
3011 5561 3168 5618 quam
3210 5544 3481 5600 dormien-

1895 5664 1976 5707 tes
2000 5651 2131 5707 deos
2154 5650 2383 5718 ﬁngere,
2413 5659 2476 5699 ac
2504 5652 2625 5715 post
2648 5658 2897 5698 somnum
2921 5637 3240 5712 vigilantes?

1969 5743 2053 5801 Ad
2091 5740 2228 5799 alios
2254 5757 2360 5799 non
2400 5737 2578 5794 minus
2617 5735 3018 5806 superstitiosos
3044 5730 3326 5803 gentilium
3356 5728 3490 5784 ritus
