3986 6058
168 212 273 274 661

1343 216 1412 273 ΙΝ
1466 214 1851 286 ARNOBIUM,
1895 216 2048 277 CAP.
2096 217 2267 279 XXV.

3369 218 3475 274 662

165 343 294 407 pato
325 350 338 388 :
369 352 389 388 ι
413 332 828 393 Lectisternium
854 380 869 405 ,
908 356 928 393 ι
962 337 1037 397 ait
1066 336 1156 395 ille
1178 334 1348 408 {iper
1367 335 1608 395 triduum
1621 336 1771 395 babi-
1797 340 1854 404 Α
1875 338 2079 395 clinare
2101 380 2117 406 ,
2172 353 2269 396 seu
2296 341 2665 412 grammeticie
2710 340 2857 413 leges
2878 383 2893 409 ,
2924 346 3016 395 aut
3046 338 3372 396 rhetoricam
3413 348 3471 395 et

167 438 305 495 tum,
335 427 657 486 decemviris
706 444 986 487 sacrorum
1015 430 1332 491 curantibus
1357 448 1369 486 :
1391 444 1486 484 sex
1513 429 1763 500 pulvina.

164 523 247 580 ria
273 523 328 578 in
356 532 645 594 conspectu
673 520 824 579 fuere
851 564 866 591 ,
904 522 1024 580 Jovi
1065 533 1120 580 et
1155 522 1349 580 Junoni
1382 538 1545 578 unum
1571 565 1586 588 ,
1630 522 1766 585 alte—

166 630 295 675 rum
348 614 594 686 Neptuno
624 631 687 671 ac
716 614 991 682 Minervae,
1020 616 1238 675 tertium
1267 615 1421 671 Marti
1453 625 1508 670 et
1532 614 1763 680 Veneri,

164 717 422 778 quartum
468 707 703 777 Apollini
755 724 819 764 ac
866 709 1049 764 Dianae
1079 751 1095 779 ,
1128 709 1371 779 quintum
1416 708 1659 765 Vulcano
1701 722 1766 764 ae

164 801 390 869 Vestae,
442 813 655 861 sextum
699 802 965 861 Mercurio
1021 819 1086 859 ac
1130 802 1316 861 Cereri
1352 824 1373 859 ι
1410 802 1626 873 (Idem,
1674 803 1762 858 tib.

163 910 304 958 xxii,
331 891 360 967 ς
390 893 502 965 10).
535 894 700 952 Vides
741 905 893 953 certe
939 896 994 953 in
1037 896 1122 951 his
1157 896 1506 952 lectisterniis
1534 895 1666 953 deos
1710 895 1764 951 in

164 984 324 1042 lectis
355 995 410 1045 et
441 987 808 1057 pulvinaribus
854 988 1167 1057 collocatos,
1206 999 1262 1045 et
1288 989 1427 1058 illis,
1464 999 1521 1044 ut
1560 988 1762 1045 malum

163 1078 383 1149 aliquod
412 1088 744 1146 averterent,
778 1082 1160 1152 supplicatum.
1195 1082 1467 1137 Arnobius
1497 1096 1629 1137 vero
1652 1077 1762 1137 Cev

164 1172 306 1228 reris
355 1181 558 1228 tantum
615 1174 883 1242 meminit,
930 1174 1027 1231 sed
1069 1175 1304 1245 exempli
1343 1189 1525 1230 causa.
1577 1173 1763 1244 Neque

164 1267 312 1320 enim
368 1268 417 1323 ei
455 1267 556 1322 soli
598 1267 990 1327 lcetisternium
1030 1267 1229 1324 factum
1260 1267 1426 1325 fuisse
1471 1267 1760 1340 signiﬁcat.

166 1358 526 1417 Ethnicorum
582 1376 713 1417 vero
758 1363 1021 1419 insaniam
1061 1363 1182 1433 jure
1225 1363 1421 1421 merito
1450 1361 1762 1433 redarguit,

164 1464 227 1508 ut
250 1462 373 1526 pote
394 1455 485 1525 qui
513 1453 647 1510 deos
673 1469 799 1509 suos
822 1470 909 1521 eo,
943 1471 1052 1527 quo
1075 1455 1336 1522 diximus,
1358 1455 1519 1513 modo
1549 1456 1605 1510 in
1627 1456 1766 1511 mol-

164 1546 311 1602 libus
335 1546 489 1603 lectis
545 1558 600 1607 et
651 1548 1022 1621 pulvinaribus
1058 1548 1234 1621 palam
1259 1562 1324 1603 ac
1350 1548 1561 1619 publice
1583 1548 1767 1605 stratis

164 1640 370 1696 cubare
399 1640 780 1709 opinabantur.

1867 431 2203 488 dialecticam
2231 434 2475 505 apprime
2507 436 2791 491 noverant?
2814 434 3005 509 (Ibid.,
3030 451 3152 505 pag.
3173 433 3244 490 55
3261 442 3310 487 et
3333 431 3465 504 seq.)

1869 525 1978 581 Sed
2030 540 2152 595 qua:
2196 525 2327 582 inde
2375 528 2476 582 nisi
2527 528 2709 598 pueris
2738 542 2873 581 vana
2934 526 3174 581 scientiae
3195 524 3468 595 jactatio?

1866 616 2009 673 Num
2036 618 2160 689 quia
2187 619 2380 674 animae
2403 635 2590 675 eorum
2623 621 2709 676 vel
2735 621 2801 675 ab
2842 621 2953 690 ipsa
2991 634 3085 674 sua
3112 619 3322 690 origine
3347 618 3468 675 aliis

1867 709 2198 780 quibuslibet
2215 712 2458 766 scientiis
2479 722 2535 767 et
2557 712 2819 767 doctrinis
2845 712 3062 766 imbutas
3091 710 3341 766 luerunt?
3359 709 3468 767 Sed

1867 800 2013 858 hunc
2029 817 2270 857 errorem
2287 804 2418 858 satis
2448 805 2514 859 ab
2535 803 2654 875 ipso
2684 803 2923 859 Arnobio
2945 801 3275 858 confutatum
3303 801 3472 857 fuisse

1868 896 2196 952 ostendimus
2227 898 2436 969 (Supr.,
2465 916 2582 969 cap.
2608 899 2665 963 9,
2690 907 2792 951 art.
2819 896 2895 968 l).
2922 897 3060 952 Num
3074 898 3198 967 quia
3215 897 3468 953 scientias

1867 998 1924 1045 et
1947 1000 2090 1045 artes
2130 989 2313 1044 labore
2342 1001 2396 1044 et
2420 991 2808 1046 exercitatione
2843 990 3331 1060 comparaverunt?
3364 988 3469 1045 Ve-

1867 1097 1987 1137 rum
2016 1096 2176 1152 quam
2204 1082 2393 1152 exigua
2421 1085 2491 1138 sit
2514 1084 2601 1137 illa
2633 1084 2911 1138 hominum
2939 1083 3184 1147 scientia,
3207 1081 3333 1138 inde
3347 1082 3460 1138 col-

1867 1172 2019 1244 ligas.
2052 1173 2194 1242 quod
2218 1183 2337 1242 post
2363 1183 2440 1228 tot
2459 1174 2669 1245 elapsas
2696 1175 2766 1229 ab
2786 1173 2970 1229 mundi
2990 1174 3213 1230 exordio
3230 1184 3420 1230 aetates
3448 1215 3463 1238 ,

1867 1278 1975 1319 non
2005 1264 2172 1319 multa
2213 1280 2367 1326 sane.
2405 1266 2499 1322 sed
2546 1281 2812 1336 perpauca
2836 1266 3127 1321 admodum
3174 1274 3325 1321 certo
3370 1281 3463 1321 co-

1867 1371 2148 1431 gnoscant.
2187 1359 2378 1416 Nonne
2417 1362 2562 1417 enim
2607 1363 2892 1418 «Socrates
2916 1380 2964 1429 ,ι
3007 1362 3462 1434 quemadmodum

1868 1455 2107 1526 loquitur
2153 1465 2345 1511 auctor
2393 1467 2577 1512 noster
2606 1498 2623 1523 ,
2662 1476 2682 1511 ι
2715 1456 3178 1526 comprehendere
3201 1457 3385 1528 nequit
3413 1458 3467 1512 in

1867 1547 2130 1605 Phaedone
2156 1548 2281 1620 (ms.
2322 1564 2436 1620 reg.
2466 1547 2665 1621 Fedro)
2689 1549 2849 1604 homo
2888 1550 3013 1619 quid
3053 1551 3153 1617 sit,
3186 1561 3277 1604 aut
3327 1548 3469 1606 unde

1868 1642 1960 1710 sit,
1986 1658 2209 1713 anceps,
2231 1644 2437 1709 varius,
2470 1643 2704 1709 mobilis,
2734 1644 2932 1713 pellas,
2964 1642 3263 1712 multiplex,
3288 1643 3470 1698 multi-

239 1732 486 1803 Denique
514 1733 605 1789 ille
642 1733 805 1788 simili
837 1732 999 1804 plane
1027 1732 1190 1789 modo
1216 1732 1352 1789 alios
1375 1732 1627 1789 exsibilat
1670 1749 1766 1789 ex-
1793 1742 1842 1802 Β
1871 1735 2080 1804 formis,
2105 1738 2158 1791 in
2199 1752 2334 1808 quos
2372 1754 2499 1792 usus
2542 1739 2781 1808 prolatus
2820 1739 2923 1801 sit,
2951 1737 3106 1806 cujus
3135 1736 3472 1805 excogitatus

166 1826 446 1899 ploditque
490 1826 658 1882 festos
699 1825 847 1895 dies,
879 1842 1015 1901 quos
1043 1836 1261 1899 propter
1286 1826 1513 1884 deorum
1543 1841 1765 1889 suorum

164 1923 375 1979 natales
394 1923 667 1979 celebrare
695 1923 1035 1980 ethnicorum
1068 1937 1184 1978 mos
1204 1932 1340 1981 erat.
1372 1922 1546 1979 Unico
1568 1932 1753 1983 autem

164 2016 399 2072 Telluris
428 2016 694 2088 exemplo,
723 2026 953 2072 caeteros
977 2030 1167 2071 omnes
1189 2016 1525 2072 damnandos
1545 2028 1667 2071 esse
1694 2015 1765 2077 ita

165 2106 450 2165 ostendit:
511 2125 530 2159 ε
557 2107 790 2163 Telluris
838 2107 1030 2163 natalis
1071 2114 1172 2163 est.
1211 2107 1290 2161 Dii
1330 2108 1474 2163 enim
1500 2122 1567 2165 ex
1596 2106 1766 2165 uteris

164 2201 454 2272 prodeunt,
484 2210 542 2256 et
577 2200 778 2259 habent
804 2201 920 2257 dies
938 2201 1111 2266 la‘tos,
1139 2200 1336 2272 quibus
1371 2200 1450 2257 eis
1470 2204 1765 2271 ascriptum

166 2301 249 2349 est
278 2308 463 2351 auram
491 2308 754 2365 usurpare
797 2293 1012 2349 vitalem
1055 2312 1074 2346 ι
1114 2293 1354 2367 (Arnab.,
1386 2293 1474 2348 lib.
1509 2308 1612 2359 vn,
1640 2309 1763 2364 pag.

164 2386 321 2460 258).
344 2386 414 2444 At
440 2402 545 2443 non
576 2386 732 2443 unius
762 2395 965 2441 tantum
998 2385 1232 2445 Telluris
1260 2386 1454 2442 natalis
1479 2384 1628 2450 dies,
1669 2383 1764 2443 sed

166 2480 436 2535 variorum
466 2494 679 2550 quoque
701 2478 947 2549 deorum,
973 2480 1045 2534 uti
1076 2477 1352 2543 Mercurii,
1379 2477 1634 2533 Minerva:
1658 2518 1673 2539 ,
1705 2485 1761 2531 et

167 2570 316 2628 Jovis
360 2570 681 2645 Ammonis,
723 2573 777 2628 in
827 2573 998 2629 veteri
1031 2580 1287 2628 amantur
1313 2571 1672 2637 Kalendario,
1710 2570 1761 2627 in

168 2664 314 2738 quod
370 2665 642 2723 Lambecii
683 2675 837 2723 notas
888 2666 1070 2736 legere
1098 2666 1324 2739 poteris.
1354 2663 1509 2722 Unde
1535 2663 1763 2720 Lactan-

169 2759 276 2815 tius
306 2776 319 2814 :
359 2777 379 2811 ι
407 2758 678 2817 Ludorum
706 2801 720 2825 ,
758 2777 777 2812 ι
810 2759 981 2829 inquit
1007 2800 1022 2825 ,
1073 2776 1092 2813 ι
1120 2757 1513 2814 celebrationes
1540 2757 1765 2813 deorum

170 2853 306 2912 festa
351 2864 510 2920 sunt;
552 2853 817 2926 siquidem
859 2854 928 2910 ob
954 2853 1162 2911 natales
1186 2868 1374 2909 eorum
1422 2852 1506 2907 vel
1539 2851 1768 2922 templo—

169 2962 288 3003 rum
319 2962 581 3003 novorum
636 2946 1002 3003 dedicationes
1040 2955 1167 3003 sunt
1217 2945 1494 3005 constituti
1539 2963 1559 2998 ι
1609 2944 1766 3015 (Lao—

171 3050 325 3110 tant.,
346 3041 435 3097 lib.
458 3057 533 3109 v1,
562 3057 676 3113 cap.
708 3041 796 3105 19,
825 3057 945 3112 pag.
975 3038 1128 3113 621).

1871 1829 2108 1900 ingenio,
2135 1830 2259 1900 quid
2280 1830 2333 1884 in
2358 1829 2556 1885 mundo
2580 1830 2757 1896 faciat,
2788 1845 2886 1886 cur
2914 1828 3183 1883 malorum
3212 1837 3358 1887 tanta
3374 1842 3467 1883 ex-

1870 1927 2111 1996 periatur
2152 1923 2439 1981 examina?
2469 1943 2488 1979 ι
2521 1922 2719 1997 (Ibid.,
2753 1941 2805 1994 p.
2835 1922 2969 1993 46.)
3021 1921 3221 1978 Verum
3266 1936 3364 1977 cur
3397 1922 3472 1978 ibi

1868 2034 1968 2090 pro
2007 2018 2261 2085 Phazdro,
2293 2020 2345 2073 in
2398 2019 2556 2074 editis
2599 2019 2833 2091 positum
2873 2018 2942 2074 sit
2986 2016 3288 2084 Phaedone,
3320 2016 3467 2071 nulla

1868 2127 2046 2182 neque
2084 2114 2134 2166 in
2166 2112 2520 2179 editionibns,
2557 2126 2730 2181 neque
2763 2111 2814 2165 in
2861 2109 3300 2164 adnotationibus
3325 2109 3467 2165 ratio

1869 2205 2113 2277 aﬂ‘ertur.
2144 2204 2200 2259 In
2228 2205 2464 2260 Platonis
2504 2216 2683 2260 tamen
2713 2202 2943 2260 thdro
2976 2203 3226 2261 Socrates
3254 2201 3471 2258 induci-

1844 2294 1955 2355 'tur
1976 2298 2156 2371 (Plato
2181 2300 2235 2352 in
2265 2298 2505 2365 Pharin,
2530 2308 2652 2353 tom.
2679 2314 2758 2364 ιιι,
2786 2317 2839 2368 p.
2869 2297 3026 2368 230),
3058 2312 3118 2352 se
3145 2297 3318 2367 ipsum
3340 2310 3469 2351 con-

1869 2391 2177 2457 siderando,
2208 2393 2477 2462 inquirere
2494 2402 2673 2447 utrum
2697 2394 2768 2447 sit
2797 2392 2994 2458 bellua,
3020 2390 3281 2462 Typhone
3297 2389 3466 2460 magis

1871 2485 2151 2557 multiplex
2171 2528 2186 2553 ,
2212 2486 2464 2553 demens,
2485 2495 2552 2541 .et
2589 2484 2785 2541 furiosa
2812 2501 2827 2551 ;
2856 2486 2941 2543 vel
2968 2484 3236 2556 quoddam
3265 2482 3466 2539 animal

1870 2579 2202 2637 mansuetius
2231 2588 2392 2650 atque
2419 2579 2737 2648 simplicius,
2761 2577 2957 2633 divina:
2983 2576 3284 2646 cujusdam,
3316 2590 3372 2632 et
3397 2574 3466 2631 ab

1870 2670 2017 2729 omni
2035 2669 2172 2726 fastu
2193 2680 2248 2727 et
2274 2671 2562 2728 insolentia
2589 2671 2781 2729 alienae
2803 2670 2966 2726 sortis
2989 2685 3053 2727 ac
3079 2678 3287 2725 natura:
3304 2668 3470 2738 parti-

1869 2779 2017 2834 ceps.
2046 2760 2234 2819 Utrum
2267 2778 2397 2819 vero
2421 2773 2609 2820 auctor
2637 2773 2820 2819 noster
2848 2762 2990 2817 hunc
3018 2761 3260 2817 Platonis
3286 2759 3465 2815 locum

1869 2865 2304 2933 παραφραστικῶς·
2324 2858 2653 2928 exposuerit,
2703 2857 2787 2914 vel
2836 2857 2999 2913 alium
3018 2854 3304 2921 citaverit,
3361 2866 3465 2907 ex-

1868 2950 2064 3023 pende,
2097 2966 2302 3022 quaeso,
2331 2961 2383 3006 et
2413 2952 2720 3022 pronuntia.

1942 3043 2080 3111 Quid
2109 3059 2254 3109 vero,
2288 3047 2428 3111 quod
2458 3045 2619 3101 homo
2640 3060 2747 3102 non
2772 3046 2948 3101 solum
2970 3043 3086 3105 haec
3113 3045 3346 3117 ignorat,
3369 3042 3466 3099 sed

240 3135 406 3195 Reate
460 3150 589 3208 ergo
632 3134 904 3193 Arnobius
934 3133 1354 3191 insulsissimum
1408 3132 1560 3193 illum
1587 3133 1762 3203 genti~
1794 3140 1838 3204 (ς
1869 3138 2063 3208 quibus
2086 3138 2248 3193 etiam
2281 3137 2486 3207 modis,
2528 3138 2695 3195 verba
2743 3149 2869 3193 sunt
2891 3138 3136 3205 Arnobii,
3175 3156 3195 3191 ι
3226 3137 3357 3193 [iant
3379 3138 3464 3191 in.

171 3230 301 3285 lium
346 3246 553 3287 morem
608 3246 714 3285 non
762 3230 879 3286 sine
930 3230 1122 3286 merita
1170 3229 1421 3287 irrisione
1454 3230 1764 3286 insectatur.

170 3322 302 3379 Nam
331 3325 419 3397 qui
451 3322 579 3379 deos
600 3323 907 3396 aliquando,
932 3323 1109 3381 aiebat
1131 3323 1241 3390 ille,
1258 3337 1364 3383 non
1385 3323 1655 3379 exstitisse
1677 3364 1692 3387 ,
1714 3333 1770 3381 et

173 3432 241 3474 ex
282 3417 400 3472 aliis
435 3428 583 3472 ortos
615 3416 885 3483 dicebant,
918 3417 974 3473 hi
1000 3416 1251 3485 eosdem,
1286 3428 1343 3472 ut
1362 3417 1489 3473 alibi
1518 3432 1640 3473 cum
1671 3432 1769 3474 eo-

173 3511 297 3569 dem
342 3520 565 3568 auctore
604 3522 792 3568 nostro
839 3513 1195 3569 invictissime
1231 3513 1722 3571 demonstravimus
1750 3554 1765 3579 ,

173 3626 280 3666 non
306 3624 484 3676 veros,
506 3609 601 3665 sed
627 3608 813 3674 falsos,
845 3610 1349 3679 commcntitiOSque
1371 3609 1504 3669 deos
1521 3590 1642 3664 esse
1665 3624 1765 3667 ne-

174 3702 410 3758 cessario
430 3700 849 3757 conﬁtebantur.
883 3701 1014 3769 Quis
1045 3702 1207 3772 igitur
1230 3701 1294 3757 iis
1331 3700 1581 3759 omnibus
1607 3744 1620 3765 ,
1648 3716 1769 3772 quae

174 3795 436 3851 hactenus
468 3795 734 3866 disputata
762 3805 907 3862 sunt,
934 3797 1035 3852 rite
1057 3796 1311 3867 expensis
1331 3837 1344 3857 ,
1366 3797 1508 3853 ultro
1539 3812 1645 3857 non
1688 3795 1768 3852 fa—

175 3888 372 3945 tebitur
394 3888 726 3944 solemnibus
752 3889 1031 3959 gentilium
1059 3889 1234 3954 festis,
1283 3892 1455 3949 sacris
1481 3898 1536 3945 et
1563 3897 1767 3960 myste-

174 3983 270 4041 riis
297 3983 535 4038 luuditus
564 3982 737 4039 everti
769 3983 981 4039 illorum
1007 3984 1247 4041 omnium
1279 4022 1295 4047 ,
1344 3984 1397 4037 in
1418 3997 1644 4052 quorum
1670 3984 1769 4037 IIO-

173 4093 363 4135 norem
394 4078 689 4149 agebantur
710 4118 725 4146 ,
753 4077 1052 4149 jactitatam
1079 4079 1148 4135 ab
1170 4077 1359 4137 iisdem
1375 4077 1664 4148 gentilibus
1690 4077 1770 4135 di-

174 4171 451 4229 vinitatem
469 4172 493 4226 ?

755 4264 979 4322 CAPUT
1008 4263 1176 4320 XXV.

339 4381 509 4448 Quam
536 4381 720 4454 exigua
749 4392 795 4436 et
823 4379 970 4435 exilis
995 4381 1062 4435 sit
1091 4378 1351 4434 hominum
1377 4378 1600 4432 scientia.

712 4510 1001 4551 ARTICULUS
1030 4507 1236 4549 PBNUS.

174 4612 331 4675 Quam
351 4624 504 4677 pauca
520 4610 671 4662 homo
689 4611 833 4677 sciat,
850 4613 1004 4677 eique
1022 4624 1132 4659 esse
1152 4611 1508 4677 incompertum
1529 4609 1645 4677 quid
1666 4611 1774 4677 ipse

238 4680 322 4734 sit,
342 4671 582 4740 quomodo
602 4682 654 4740 et
674 4674 867 4737 quando
882 4671 1230 4740 sintinsomuia
1251 4686 1264 4731 ;
1284 4671 1524 4740 quomodo
1537 4671 1773 4740 tiatvisio,

239 4748 293 4791 et
316 4734 460 4801 sapor
486 4734 813 4802 percipiatur;
838 4750 924 4787 cur
952 4735 1034 4802 pili
1057 4742 1333 4802 canescant.
1358 4740 1409 4802 et
1431 4734 1595 4802 oleum
1621 4736 1775 4802 liquo-

238 4798 383 4853 ribus
401 4798 496 4849 non
518 4798 808 4852 misceatur:
835 4812 921 4848 cur
944 4799 1135 4847 animus
1175 4799 1221 4846 in
1259 4798 1407 4858 aegris
1444 4799 1508 4845 sit
1542 4810 1698 4859 aeger,
1724 4800 1776 4847 iu

238 4865 351 4916 aliis
372 4864 594 4923 stolidus,
623 4870 702 4912 aut
728 4863 945 4925 delirus;
972 4862 1156 4925 etquis
1178 4861 1389 4925 partium
1422 4862 1575 4909 nostri
1599 4872 1775 4922 corpo-

240 4930 311 4983 ris
332 4928 471 4986 situs,
497 4937 552 4976 ac
569 4938 796 4991 quorsum
827 4924 933 4974 haec
956 4923 1205 4979 Arnobius
1224 4924 1422 4973 dixerit.

250 5032 329 5089 Ea
357 5041 471 5087 erat
495 5030 834 5086 ethnicorum
859 5029 1058 5083 insulsa
1082 5028 1237 5103 plane
1258 5025 1460 5097 opinio,
1484 5042 1584 5097 qua
1607 5026 1777 5083 chris-

180 5126 360 5183 tianos
399 5138 587 5181 omnes
631 5123 876 5179 inductos
902 5121 1121 5179 eninino
1149 5162 1165 5184 ,
1199 5119 1395 5179 idiotas
1420 5162 1435 5186 ,
1467 5130 1520 5173 et
1549 5119 1778 5175 illitera-

178 5226 291 5287 tos,
342 5224 401 5272 ut
452 5216 682 5272 vidimus
704 5213 946 5286 (Dissert.
974 5213 1028 5267 in
1053 5211 1273 5278 Minuc.,
1305 5228 1420 5281 cap.
1448 5212 1501 5278 ὅ,
1534 5222 1634 5266 art.
1666 5212 1732 5283 1)
1762 5254 1778 5278 ,

176 5327 244 5370 se
294 5325 422 5368 vero
474 5309 622 5367 omni
684 5310 1029 5365 scientiarum
1082 5322 1282 5377 genere
1333 5306 1780 5365 instructissimos

180 5420 312 5464 esse
356 5416 463 5459 tam
511 5402 649 5458 falso
677 5445 693 5470 ,
737 5417 895 5473 quam
923 5401 1180 5456 audacter
1206 5400 1571 5456 venditabant.
1604 5399 1782 5456 Variis

183 5501 374 5571 itaque
425 5499 694 5554 rationum
735 5495 1089 5552 firmamentis
1117 5510 1307 5549 vanam
1355 5493 1500 5548 illam
1543 5502 1781 5549 ostenta—

185 5596 396 5648 tionem
425 5591 693 5648 Arnobius
725 5598 910 5645 noster
940 5588 1176 5643 retundit
1194 5586 1546 5661 (Arnob.,tib.
1576 5604 1635 5654 li,
1662 5605 1780 5660 pag.

185 5688 287 5762 45)
314 5730 329 5754 ,
359 5700 421 5742 ac
450 5687 693 5756 proterit.
723 5684 876 5741 Unde
924 5682 1067 5738 enim
1095 5725 1109 5749 ,
1144 5682 1315 5752 inquit
1340 5724 1355 5749 ,
1389 5680 1478 5737 illa
1505 5682 1782 5752 gloratio?

190 5781 335 5837 Num
361 5779 483 5850 quia
504 5780 665 5835 verba
692 5786 749 5833 et
793 5775 1009 5835 nomina
1035 5789 1129 5845 per
1144 5787 1303 5830 casus
1332 5789 1395 5830 ac
1415 5783 1655 5844 tempora
1683 5773 1781 5829 de-

1870 3228 2113 3295 somnia;
2152 3248 2172 3282 ›
2237 3229 2403 3284 immo
2455 3230 2718 3300 rambigit
2767 3231 2821 3285 in
2863 3229 3115 3285 Tltewteto
3158 3230 3285 3302 (ms.
3336 3229 3462 3286 cod.

1871 3321 2146 3379 Tliewtone
2167 3365 2182 3392 ,
2210 3323 2365 3380 vides
2391 3339 2551 3394 quam
2573 3321 2848 3393 corrupte)
2878 3323 3030 3378 Plato
3059 3314 3336 3393 vigilemus
3366 3323 3463 3377 ali-

1870 3417 2108 3488 quando,
2139 3418 2401 3488 anipsum
2424 3417 2670 3488 vigilare,
2702 3415 2847 3487 quod
2880 3416 3077 3471 dicitur
3107 3456 3122 3481 ,
3172 3415 3366 3469 summi
3394 3415 3465 3470 sit

1873 3510 2119 3582 perpetui
2151 3512 2346 3581 portio,
2371 3510 2573 3581 etquid
2606 3526 2765 3581 agere
2788 3509 3068 3567 videamur
3091 3551 3104 3573 ,
3138 3508 3464 3564 insomnium

1871 3619 1994 3661 cum
2024 3604 2207 3660 videre
2237 3618 2339 3659 nos
2366 3604 2616 3661 dicimus.
2649 3623 2668 3655 ι
2701 3601 2942 3675 (Arnob.,
2973 3600 3063 3663 tib.
3094 3617 3153 3669 tt,
3182 3619 3236 3671 p.
3260 3598 3375 3672 46).
3400 3600 3467 3657 Ει

1872 3718 1933 3758 re
1956 3702 2172 3774 quidem
2198 3721 2323 3763 vera
2350 3706 2439 3763 ille
2485 3703 2925 3776 philosophorum
2970 3702 3292 3773 coryphaius
3320 3703 3371 3756 in
3400 3700 3469 3759 liv

1874 3797 1973 3853 bro
2021 3800 2185 3859 citato
2229 3802 2448 3872 scripsit
2495 3803 2875 3872 perobscuram
2907 3815 3029 3856 esse
3064 3799 3419 3869 quaestionem
3447 3838 3462 3862 ,

1874 3904 2052 3949 utrum
2085 3897 2353 3966 vigilando
2382 3898 2736 3963 dormiamus,
2779 3907 2871 3950 aut
2916 3894 3202 3965 cogitando
3230 3896 3467 3949 somnie—

1874 4001 2013 4040 mus.
2039 3985 2193 4063 Ὀρᾷς
2215 3983 2302 4044 οὖν
2323 3987 2478 4048 ὅτιτὸ
2506 4010 2561 4061 γε
2590 3990 2978 4064 ἀμφισϐητῆσαι
3015 3990 3072 4041 οὐ
3105 3988 3354 4059 χαλεπὸν,
3387 3986 3470 4040 ὅτε

1875 4084 1958 4135 καὶ
2001 4080 2218 4153 πότερόν
2245 4083 2384 4138 ἕστιν
2423 4081 2566 4156 ὕπαρ
2599 4081 2630 4140 ἦ
2668 4077 2788 4159 ὄναρ
2829 4080 3240 4153 ἀμφισϐητεῖται’
3274 4081 3363 4132 καὶ
3406 4076 3467 4137 δή

1832 4208 1841 4221 ο
1872 4171 1992 4229 ἴσου
2019 4169 2162 4235 ὄντος
2195 4181 2287 4232 τοῦ
2318 4175 2510 4254 χρόνον
2542 4170 2597 4229 ὃν
2626 4171 2947 4247 καθεύδομεν,
2992 4168 3032 4246 ᾧ
3068 4172 3416 4251 ἐγρηγόραμεν
3447 4212 3463 4237 ,

1876 4268 1924 4319 ἐν
1969 4267 2193 4343 ἐκατέρῳ
2232 4265 2551 4341 διαμάχεται
2595 4270 2733 4340 ἡμῶν
2760 4269 2791 4326 ἡ
2819 4266 3006 4340 ψυχή,
3036 4269 3103 4323 τὰ
3137 4269 3218 4322 ἀεὶ
3233 4266 3470 4339 παρόντα

1876 4359 2106 4434 δόγματα
2128 4363 2321 4426 παντὸς
2344 4363 2532 4435 μῶλον
2557 4358 2681 4418 εἶναι
2710 4362 2880 4425 ἀληθῆ·
2924 4362 3050 4424 ὧςτε
3072 4356 3187 4418 ἴσον
3214 4364 3302 4435 μὲν
3335 4362 3472 4437 χρό-

1874 4476 1957 4509 νον
1996 4453 2117 4510 τάδε
2175 4457 2330 4528 φαμέν
2376 4452 2500 4511 ὄντα
2537 4452 2679 4522 εἶναι,
2709 4454 2823 4511 ἴσον
2868 4453 2922 4511 δὲ
2960 4457 3134 4510 ἐκεῖνος’
3167 4459 3251 4509 καὶ
3288 4455 3474 4527 ὁμοίως

1801 4541 1855 4607 Ῑ)
1880 4548 1951 4621 ἐφ’
1974 4547 2227 4625 ἑκατέροις
2275 4546 2705 4624 διῖσχυριζόμεθα
2740 4545 2917 4620 (Plato
2943 4548 2995 4600 in
3023 4545 3240 4610 ΤΙιειειη
3276 4555 3399 4599 tam.
3430 4561 3468 4611 l,

1880 4659 1933 4710 p.
1953 4640 2097 4710 168).
2130 4639 2278 4694 Vides
2293 4657 2414 4710 ergo
2434 4657 2586 4710 quam
2608 4657 2708 4695 non
2731 4639 2947 4711 difﬁcile
2959 4641 3024 4694 sit
3048 4638 3142 4691 hac
3160 4638 3221 4690 de
3237 4654 3292 4691 re
3311 4634 3472 4689 ambi-

1879 4750 2014 4806 gere,
2043 4735 2246 4801 quando
2269 4735 2471 4804 quidem
2496 4732 2629 4788 illud
2653 4733 2925 4803 ambigitur
2946 4742 3118 4786 utrum
3139 4747 3219 4783 res
3247 4745 3364 4783 vera
3383 4730 3470 4796 sit,

1879 4845 1947 4882 an
1983 4827 2292 4882 insomnium.
2314 4843 2334 4892 ;
2359 4838 2539 4881 etcum
2565 4827 2760 4897 wquals
2782 4827 2847 4880 sit
2884 4836 3082 4895 tempus
3102 4866 3116 4884 ,
3149 4840 3249 4890 quo
3280 4822 3475 4877 dormi-

1882 4937 2014 4983 mus,
2036 4921 2082 4975 ei
2100 4936 2200 4991 quo
2214 4920 2501 4991 vigilamus,
2518 4921 2572 4974 in
2588 4931 2800 4987 utroque
2825 4920 3024 4973 animus
3041 4928 3210 4970 noster
3224 4917 3470 4985 decertat,

1884 5024 2156 5081 praesentes
2181 5014 2457 5069 sententias
2498 5013 2707 5068 omnino
2733 5029 2880 5069 veras
2918 5026 3027 5065 esse
3054 5024 3071 5062 :
3101 5025 3265 5077 quare
3298 5008 3482 5079 aquati

1884 5121 2104 5181 tempore
2125 5113 2232 5165 Itwc
2251 5125 2358 5163 esse
2372 5108 2767 5179 afﬁrmabimus,
2799 5104 2982 5175 azquali
3007 5117 3123 5156 vero
3148 5102 3263 5171 illa,
3283 5112 3329 5157 et
3357 5119 3475 5173 pero

1880 5216 2023 5271 atque
2050 5200 2113 5255 de
2132 5203 2356 5267 utrisque
2384 5217 2491 5254 rem
2519 5202 2903 5255 constituemus.

1954 5294 2136 5365 Neque
2158 5295 2325 5365 magis
2349 5304 2535 5350 notum
2558 5303 2660 5361 est,
2686 5294 2759 5348 ait
2782 5290 3074 5357 Arnobius,
3107 5300 3285 5348 utrum
3317 5311 3336 5345 ι
3365 5293 3474 5351 Ra-

1885 5385 2095 5441 diorum
2146 5397 2201 5442 et
2243 5387 2462 5443 luminis
2494 5388 2793 5443 intentione
2822 5383 3099 5440 videamus
3123 5427 3139 5454 ,
3179 5400 3246 5440 an
3294 5401 3477 5441 rerum

1886 5477 2148 5549 imagines
2201 5481 2492 5548 advolent,
2549 5489 2604 5535 et
2642 5479 2842 5533 nostris
2881 5478 2936 5532 in
2981 5477 3196 5548 pupillis
3237 5477 3413 5535 sidant
3451 5500 3472 5534 ι

1888 5571 2127 5645 (Arnob.,
2151 5572 2325 5644 ibid.).
2357 5572 2651 5628 Variabant
2671 5571 2949 5627 enimvero
2969 5585 3033 5626 ea
3055 5569 3124 5625 de
3152 5584 3212 5624 re
3242 5568 3481 5639 philoso-

1887 5669 2114 5740 phorum
2136 5667 2441 5735 sententiae,
2464 5681 2599 5740 quas
2620 5666 2687 5723 A.
2715 5663 2922 5721 Gellius
2942 5665 3223 5735 perspicue
3251 5663 3336 5718 his
3360 5676 3481 5719 ver-

1889 5768 1974 5824 bis
2002 5765 2235 5835 explicat
2264 5780 2283 5822 :
2314 5783 2333 5818 ι
2369 5764 2538 5820 Stoici
2553 5777 2743 5819 causas
2766 5760 2980 5819 videndi
3011 5760 3109 5814 bas
3128 5773 3247 5814 esse
3265 5756 3495 5825 dicunt,
