3986 6058
474 246 578 302 063

1733 250 2190 308 DISSERTATIO
2226 251 2499 313 PREVIA

3684 260 3791 320 661

467 359 746 415 radiorum
774 375 841 414 ex
878 358 1048 413 oculis
1089 359 1141 413 in
1173 370 1257 420 ea,
1291 374 1413 430 quas
1439 360 1609 417 videri
1631 373 1882 433 queunt,
1913 365 2079 420 emis-
2106 370 2159 427 Α
2182 365 2328 439 (tam.
2359 383 2377 422 ι
2414 369 2687 441 Apparat.,
2730 370 2821 425 lib.
2854 386 2930 439 ιιι,
2959 372 3162 427 dissert.
3193 373 3250 443 2,
3293 378 3411 444 cap.
3456 374 3550 438 1‘2,
3585 385 3686 432 art.
3729 379 3792 446 l,

478 454 711 519 sionem,
734 453 981 523 aerisque
1004 451 1165 506 simul
1195 452 1573 509 intentionem.
1608 456 1871 526 Epicurus
1897 466 2080 513 autem

479 548 708 604 afﬂuere
759 562 976 617 semper
1014 562 1080 603 ex
1131 548 1382 603 omnibus
1430 551 1748 620 corporibus
1797 553 2082 608 simulacra

488 642 734 714 quaedam
787 658 1073 711 corporum
1125 643 1394 713 ipsorum,
1437 661 1606 717 eaque
1628 664 1685 702 se
1717 648 1769 702 in
1788 649 1974 704 oculos
2005 648 2085 704 in-

483 735 650 800 ferre,
681 743 842 804 atque
888 736 957 789 ita
1019 734 1135 790 fieri
1162 752 1379 791 sensum
1426 748 1593 806 putat.
1632 739 1784 795 Plato
1817 741 2088 796 existimat

482 845 654 901 genus
700 813 966 899 quoddam
1000 830 1136 899 ignis
1158 831 1396 902 lucisque
1417 833 1485 887 de
1517 834 1686 887 oculis
1709 833 1893 897 exire;
1928 833 2089 903 idque

485 925 836 995 conjunctum
858 924 1335 994 continuatumque
1366 943 1486 983 cum
1518 928 1636 982 luce
1662 925 1824 994 Solis,
1854 929 1942 983 vel
1965 944 2088 983 cum

484 1017 708 1072 alterius
749 1017 884 1086 ignis
922 1017 1125 1072 lumine
1154 1033 1250 1072 sua
1294 1020 1346 1074 vi
1386 1030 1441 1075 et
1494 1028 1715 1074 externa
1752 1018 1935 1073 nixum
1974 1020 2092 1076 effi-

487 1125 631 1176 cere,
661 1119 720 1166 ut
758 1126 1111 1182 qurecumque
1131 1112 1415 1169 offenderit
1439 1114 1895 1185 illustraveritque
1918 1155 1934 1180 ,
1968 1131 2091 1172 cer-

489 1220 680 1260 namus
720 1227 739 1259 ι
773 1205 956 1279 (Gell.,
986 1207 1075 1261 lib.
1106 1223 1139 1261 v
1174 1206 1329 1263 Nort.
1355 1209 1488 1272 Att,
1519 1224 1638 1276 cap.
1674 1208 1785 1281 16).
1814 1208 1923 1264 Has
1960 1225 2098 1281 quo-

489 1314 594 1369 que
636 1308 691 1354 et
732 1302 864 1355 alias
895 1299 1338 1369 philosonhornm
1371 1300 1436 1355 de
1466 1300 1679 1355 videndi
1706 1317 1863 1357 causa
1887 1303 2095 1372 opinio-

491 1407 588 1446 nes
622 1392 936 1448 Plutarchus
971 1402 1217 1449 recenset
1261 1392 1582 1463 (Plutarclt..
1611 1394 1699 1449 lib.
1729 1410 1783 1449 IV
1813 1394 1877 1449 de
1901 1393 2094 1451 Placit.

496 1483 815 1555 pltilosOpIz.,
861 1501 976 1555 cap.
1033 1486 1130 1552 15,
1183 1504 1237 1555 p.
1287 1484 1440 1557 901).
1489 1486 1739 1542 Laertius
1784 1502 1913 1543 vero
1952 1488 2098 1544 Stoi-

496 1591 682 1631 corum
704 1593 768 1632 ac
800 1577 1118 1648 Pythagora:
1138 1577 1358 1649 (l.aert.,
1385 1579 1449 1633 de
1477 1577 1580 1634 Vit.
1613 1589 1660 1634 et
1686 1581 1858 1650 dogm.
1884 1581 2097 1651 philos,

497 1668 583 1722 lib.
614 1685 709 1734 vn,
759 1669 787 1742 §
833 1669 959 1734 157,
987 1680 1031 1723 et
1063 1660 1150 1724 lib.
1183 1687 1293 1736 vm,
1327 1670 1355 1742 ᾗ
1385 1671 1479 1745 29)
1505 1714 1521 1740 ,
1575 1680 1630 1728 et
1675 1672 2102 1746 LucretiusEpi-

500 1776 785 1818 cureornm
816 1762 897 1817 his
923 1764 1168 1819 versibus
1195 1767 1382 1820 retulit
1413 1784 1428 1821 :

592 1899 718 1971 piso
740 1902 889 1971 igitur
909 1915 1078 1971 rerum
1103 1903 1602 1971 eﬂigiestenuesque
1626 1907 1808 1971 ﬁguras

596 1962 783 2012 Mittier
808 1964 871 2011 ab
895 1965 1049 2014 rebus
1071 1979 1260 2015 summo
1279 1966 1345 2015 de
1368 1962 1554 2018 cortice
1580 1962 1750 2020 earnm
1773 1985 1785 2020 :

598 2026 891 2092 Quteqnasi
905 2032 1187 2092 membrana
1215 2028 1294 2078 vel
1317 2037 1490 2080 cortex
1519 2033 1850 2083 nominitanda
1875 2039 1971 2092 est,

596 2087 737 2160 Quod
760 2087 979 2150 speciem
1002 2103 1059 2138 ac
1081 2089 1281 2140 formam
1307 2093 1519 2142 similem
1543 2101 1676 2157 gerit
1699 2096 1808 2194 eius
1835 2087 2015 2162 imago,

599 2149 962 2194 Cuiuscumque.
984 2151 1154 2194 delum
1182 2168 1387 2194 onrnnm
1411 2156 1515 2194 fuga
1544 2159 1708 2194 vacari

599 2149 962 2219 Qujttscumque
984 2151 1155 2219 deluet
1182 2168 1387 2219 corpore
1411 2156 1517 2206 fusa
1543 2149 1741 2219 vagari?

600 2211 655 2264 1d
681 2213 798 2264 licet
821 2211 935 2265 hinc
955 2218 1182 2278 quemvis
1206 2211 1376 2269 hebeti
1402 2211 1705 2281 cognoscEre
1729 2223 1899 2275 corde.

1075 2302 1310 2366 (Lucret,
1332 2302 1416 2356 lib.
1442 2316 1511 2367 tv,
1528 2316 1653 2357 vers.
1677 2307 1741 2358 46
1762 2314 1810 2358 ct
1830 2307 1988 2373 seqq.)

518 2427 690 2496 Quam
742 2430 957 2499 quidem
1014 2432 1228 2502 Epicuri
1279 2434 1603 2489 sententiam
1663 2435 1832 2490 fusius
1887 2436 2119 2507 probare

524 2524 838 2581 connititur.
872 2524 976 2580 Sed
1005 2541 1123 2580 eam
1153 2527 1453 2583 Macrobius
1482 2529 1702 2597 refellit,
1743 2539 1798 2586 et
1837 2531 2117 2587 Platonem

525 2619 768 2688 sequitur
808 2618 1100 2692 (Macrob,
1134 2622 1223 2675 lib.
1256 2637 1328 2676 vn
1361 2622 1656 2689 Saturnal.,
1696 2640 1811 2694 cap.
1845 2624 1911 2680 M
1928 2624 1972 2696 ).
2015 2623 2122 2681 Ve—

522 2726 644 2767 rum
689 2713 759 2766 de
807 2712 953 2768 hisce
997 2712 1228 2768 diversis
1279 2714 1725 2784 philosophorum
1778 2715 2124 2787 opinionibus

519 2818 640 2859 cum
675 2804 982 2860 Lactantius
1021 2806 1192 2860 fusius
1220 2805 1481 2876 disputet,
1512 2806 1631 2862 illas
1677 2807 1730 2862 in
1771 2809 2125 2881 subsequenti

519 2896 905 2953 dissertatione
941 2899 1248 2954 accuratius
1288 2900 1635 2955 examinandi
1677 2901 1829 2957 locus
1869 2914 2127 2973 opportu-

523 2993 645 3048 nior
684 2993 900 3049 dabitur
944 2993 1187 3067 (Dissert.
1230 2996 1283 3048 in
1331 2994 1594 3063 Lactant.,
1627 3012 1743 3067 cap.
1788 2996 1880 3059 40.
1908 3008 2012 3053 art.
2043 2997 2125 3069 2).

599 3088 864 3145 Incertum
906 3089 1083 3144 adhuc
1126 3098 1313 3145 auctor
1354 3099 1538 3146 noster
1582 3106 1705 3147 esse
1745 3101 2121 3148 contestatur:

2188 479 2242 533 p.
2274 460 2426 529 788).
2451 462 2561 517 Cur
2579 473 2757 521 autem
2784 465 2962 521 oleum
3000 466 3121 522 aliis
3166 466 3466 539 liquoribus
3514 484 3793 538 nunquam

2189 553 2508 623 misceatur,
2543 558 2803 613 rationem
2833 558 3150 614 Plutarchus
3179 559 3376 627 reddit,
3404 560 3527 632 quia
3560 562 3798 618 maxime

2190 647 2469 704 humidum
2521 659 2623 714 est,
2676 667 2777 707 nec
2827 652 2961 707 ullas
3007 654 3437 723 siccas-partes,
3496 669 3600 710 nec
3654 654 3797 710 ullos

2192 739 2421 810 proinde
2462 741 2622 798 habet
2663 752 2894 810 meatus,
2938 755 3031 800 aut
3070 744 3177 799 ulla
3220 748 3414 816 spatia,
3456 746 3650 817 quibus
3689 745 3799 801 alia

2193 833 2394 904 liquida
2437 850 2665 906 corpora
2705 837 2970 894 admittat.
3012 838 3157 896 Alibi
3194 848 3374 895 tamen
3420 843 3655 896 monitos
3696 854 3801 895 nos

2194 939 2317 981 esse
2345 927 2516 983 voluit
2560 928 2612 984 id
2653 931 2721 983 ab
2748 930 2867 985 aliis
2891 931 3034 986 illius
3064 931 3316 988 densitati
3340 934 3560 1001 ascribi,
3583 935 3805 992 tametsi

2196 1017 2281 1074 his
2306 1020 2626 1079 Aristoteles
2656 1023 2959 1095 refragetur
2983 1024 3308 1098 (Plutarch.,
3333 1028 3421 1082 lib.
3446 1045 3501 1084 vt
3527 1028 3802 1103 Sympos.,

2196 1124 2378 1185 quiest.
2414 1115 2500 1181 10,
2531 1134 2584 1185 p.
2614 1116 2756 1183 b96;
2785 1119 2874 1173 lib.
2906 1135 3000 1185 vn,
3036 1130 3217 1191 quam.
3251 1122 3306 1186 ‘5,
3330 1139 3382 1195 ρ.
3426 1121 3575 1196 70:2).

2271 1208 2400 1263 Post
2447 1210 2560 1265 haec
2600 1227 2731 1267 vero
2770 1213 3041 1271 Arnobius
3069 1214 3275 1270 addidit
3299 1230 3414 1280 eos,
3443 1218 3532 1288 qui
3561 1216 3807 1274 animum

2202 1304 2497 1360 humanum
2556 1306 2916 1363 immortalem
2970 1317 3026 1364 et
3078 1309 3249 1365 Deum
3303 1324 3424 1366 esse
3475 1310 3803 1380 docuerunt,

2203 1414 2461 1456 enarrare
2491 1400 2644 1456 nobis
2675 1417 2781 1457 non
2812 1417 2990 1472 posse,
3018 1418 3116 1459 cur
3151 1403 3243 1459 ille
3271 1405 3324 1460 in
3350 1405 3509 1475 aegris
3537 1420 3680 1477 :rger
3710 1407 3808 1476 sit,

2204 1493 2259 1547 in
2288 1493 2582 1549 infantibus
2606 1494 2856 1561 stolidus,
2887 1510 2950 1551 ac
2978 1496 3030 1551 in
3054 1495 3223 1552 delira
3254 1498 3498 1567 corporis
3526 1507 3813 1554 senectute

2205 1594 2260 1641 et
2281 1587 2395 1657 ipse
2423 1587 2618 1642 deliret
2639 1586 2881 1659 (Arnob,
2907 1588 2997 1644 lib.
3025 1604 3121 1655 vn,
3148 1607 3265 1663 pag.
3296 1588 3411 1662 47).
3437 1589 3607 1647 Nemo
3626 1601 3813 1648 autem

2207 1678 2458 1735 dubitare
2486 1689 2662 1749 potest
2685 1680 2825 1736 hanc
2847 1681 3238 1753 ignorationem
3267 1693 3440 1737 ortam
3470 1698 3594 1739 esse
3623 1700 3688 1740 ex
3715 1699 3818 1738 va-

2139 1763 2190 1823 B
2217 1772 2311 1827 riis
2350 1772 2692 1841 opinionibus
2722 1772 2790 1828 de
2819 1774 3016 1829 animae
3047 1783 3258 1839 natura,
3289 1783 3346 1830 et
3386 1775 3813 1843 immortalitate,

2213 1879 2346 1937 quas
2381 1875 2667 1921 recensent
2704 1864 2915 1933 Cicero,
2947 1866 3285 1936 Plutarchus,
3330 1867 3726 1935 Theodoretus,
3755 1879 3820 1926 et

2214 1957 2307 2012 alii
2355 1955 2573 2032 (Cicer.,
2620 1958 2707 2013 lib.
2757 1975 2773 2013 ι
2819 1960 3032 2015 Tuscul.
3078 1973 3283 2033 quamn,
3328 1980 3381 2033 p.
3428 1961 3531 2018 125
3564 1973 3609 2017 et
3639 1979 3819 2036 seqq.;

2216 2049 2517 2118 Plutarch.,
2541 2053 2632 2107 lib.
2659 2068 2710 2106 tv
2730 2052 2794 2106 de
2817 2050 3007 2110 Plocit.
3038 2054 3362 2127 ρΙιὶιοεορΙι.ν
3384 2071 3499 2127 cap.
3520 2055 3558 2110 2
3583 2066 3628 2109 et
3651 2073 3820 2127 seqq.,

2217 2161 2270 2215 p.
2311 2142 2418 2201 898
2458 2155 2505 2200 el
2547 2162 2722 2216 seqq.;
2766 2143 3051 2215 Theodon,
3094 2163 3246 2201 serm.
3272 2148 3336 2215 5,
3371 2148 3434 2202 de
3476 2148 3605 2203 Nat.
3648 2148 3822 2216 Itum,

2218 2255 2272 2309 p.
2300 2238 2403 2294 546
2429 2247 2475 2293 et
2496 2237 2684 2311 seqq.).
2715 2238 2885 2294 Tanta
2916 2248 3116 2306 autem,
3148 2249 3207 2294 ut
3231 2240 3307 2295 ait
3327 2239 3572 2296 Justinus
3592 2251 3824 2316 martyr,

2219 2338 2305 2387 est
2339 2345 2530 2387 eorum
2579 2330 2869 2400 dissensio,
2916 2341 2977 2387 ut
3014 2334 3067 2388 in
3114 2331 3218 2387 hoc
3262 2347 3371 2387 uno
3410 2333 3720 2390 consentire
3748 2336 3832 2388 vi-

2220 2424 2471 2488 deantur,
2502 2425 2644 2496 quod
2671 2440 2731 2480 se
2752 2425 2900 2495 ipsos
2925 2426 3220 2497 decipiant,
3251 2427 3561 2498 errorisque
3585 2428 3827 2482 vicissim

2222 2527 2450 2588 arguant
2475 2532 2538 2573 ac
2565 2518 2913 2574 convincant.
2951 2517 3061 2575 Sed
3098 2519 3168 2575 de
3208 2518 3291 2573 his
3328 2532 3430 2574 nos
3464 2533 3650 2590 supra,
3679 2529 3737 2576 et
3774 2521 3830 2576 in

2224 2610 2575 2682 subsequenti
2600 2610 2980 2668 dissertatione
3008 2610 3250 2682 σπεεξη..
3276 2612 3477 2668 cohort.
3520 2615 3589 2667 ad
3630 2612 3828 2680 (ima,

2228 2722 2282 2776 ρ.
2309 2704 2340 2759 7
2363 2715 2411 2760 et
2437 2704 2501 2771 8;
2533 2722 2677 2777 supr.
2706 2748 2720 2771 ,
2747 2723 2863 2777 cap.
2893 2707 2946 2772 7,
2979 2715 3079 2760 art.
3113 2706 3189 2776 i).
3224 2705 3394 2760 Porro
3412 2715 3593 2761 autem
3615 2704 3831 2771 Cicero,

2228 2799 2387 2855 sicuti
2426 2814 2615 2856 auctor
2659 2810 2846 2856 noster
2883 2801 2978 2867 ait,
3024 2808 3133 2854 tam
3173 2801 3419 2873 exiguam
3449 2815 3572 2858 esse
3600 2801 3836 2857 hominis

2230 2893 2531 2959 scientiam,
2575 2890 2868 2966 Omniaque
2905 2896 3043 2951 adeo
3084 2895 3282 2951 crassis
3322 2896 3587 2952 occultata
3629 2908 3685 2952 et
3723 2898 3835 2952 cir-

2231 2985 2477 3041 cumfusa
2498 2986 2733 3042 tenebris
2755 2987 2985 3053 fatetur;
3013 2999 3074 3041 ut
3097 3003 3215 3056 qua:
3236 2987 3347 3043 sint
3366 3003 3590 3058 corpora
3619 2996 3835 3055 nostra,

2234 3082 2325 3153 qui
2353 3082 2491 3137 situs
2517 3082 2767 3151 partium,
2796 3096 2863 3137 ac
2891 3097 3053 3153 quam
3085 3083 3191 3136 vim
3225 3098 3559 3154 unaquaeque
3582 3096 3709 3154 pars
3741 3082 3841 3137 ha-

529 3201 551 3236 s
580 3180 772 3239 Utrum
795 3197 955 3252 sapor
974 3181 1030 3238 in
1053 3183 1214 3239 rebus
1242 3184 1329 3250 sit,
1355 3198 1421 3238 an
1448 3184 1606 3252 palati
1631 3185 2063 3254 contagionibus,
2097 3204 2117 3238 ι

2241 3184 2369 3237 seat,
2400 3174 2705 3245 ignoremus
2734 3173 2920 3244 (Cicer.
2944 3216 2959 3237 ,
2988 3173 3075 3229 lib.
3107 3190 3160 3231 tv
3187 3174 3350 3230 Acad.
3381 3186 3560 3247 quiest.
3588 3219 3603 3241 ,
3636 3194 3690 3246 p.
3718 3175 3837 3247 52).

526 3292 620 3333 seu
658 3278 817 3348 palati
863 3287 1115 3332 contactu
1147 3296 1167 3330 ι
1199 3278 1290 3332 fiat
1321 3297 1340 3330 ι
1375 3278 1616 3345 (Arnob,
1647 3280 1739 3337 lib.
1770 3296 1830 3347 tt,
1864 3298 1984 3353 pag.
2013 3278 2132 3353 46).

530 3372 600 3429 At
634 3372 746 3426 hare
785 3373 1022 3427 secunda
1059 3372 1242 3443 opinio
1279 3373 1665 3444 Epicureorum
1697 3375 1815 3442 fuit,
1844 3390 1911 3430 ex
1941 3377 2135 3430 atomis

532 3465 741 3520 scilicet
763 3465 1026 3534 lzevigatis
1046 3474 1102 3519 et
1123 3467 1369 3520 rotundis
1395 3468 1651 3536 palatum,
1675 3467 1801 3522 dum
1832 3477 2133 3537 transeunt,

530 3560 781 3631 jncnnde‘
809 3559 1173 3616 afticientibns
1193 3602 1210 3629 ,
1239 3575 1488 3631 saporem
1530 3570 1739 3632 gratum
1780 3576 1844 3617 ac
1877 3576 2097 3618 suavem
2117 3606 2133 3631 ,

535 3663 697 3723 atque
717 3668 780 3708 ex
806 3652 1036 3708 hamatis
1062 3663 1117 3708 et
1144 3654 1375 3719 asperis,
1404 3669 1525 3724 quae
1552 3655 1785 3724 linguam
1814 3669 1877 3711 ac
1899 3655 2135 3725 palatum

537 3745 762 3810 hcdunt,
790 3747 1067 3802 insuavem
1092 3756 1147 3801 et
1169 3747 1518 3818 tnjncundum
1549 3761 1796 3818 saporem
1827 3749 1980 3805 oriri.
2007 3749 2138 3819 Qum

539 3838 755 3910 quidem
806 3840 1103 3911 discipulus
1151 3840 1369 3911 Epicuri
1422 3840 1705 3898 Lucretius
1757 3842 1841 3897 his
1896 3842 2139 3899 versibus

539 3935 813 4005 expressit
836 3952 850 3989 :

632 4050 753 4115 Haec
775 4053 855 4102 ubi
882 4052 1020 4102 laevia
1045 4058 1159 4104 sunt
1179 4056 1418 4104 manantis
1441 4066 1641 4115 corpora
1664 4055 1797 4104 succi
1815 4089 1831 4114 ,

636 4112 863 4179 Suaviter
873 4117 1151 4179 attingunt,
1176 4125 1229 4166 et
1251 4118 1473 4167 suaviter
1495 4112 1661 4179 omnia
1682 4112 1906 4167 tractant.

637 4175 848 4242 Ijltttnida
873 4175 1055 4242 linguai
1080 4179 1489 4230 circumsudantia
1514 4178 1716 4242 templa.

638 4238 705 4288 At
725 4248 892 4289 contra
919 4238 1139 4303 pnngunt
1161 4254 1379 4298 sensum,
1405 4238 1722 4304 lacerantque
1744 4246 1931 4302 coorta,

640 4304 832 4369 Quanto
853 4317 1065 4369 quaeque
1086 4305 1244 4367 magis
1266 4311 1380 4353 sunt
1401 4304 1672 4369 asperitate
1686 4304 1908 4369 repleta.

639 4362 834 4428 Deinde
860 4362 1083 4427 voluptas
1107 4362 1192 4416 est
1210 4379 1239 4415 e
1258 4380 1403 4415 succo
1428 4362 1476 4416 in
1501 4366 1597 4416 fine
1624 4362 1788 4428 palati.

642 4423 761 4492 Qum
783 4440 904 4492 vero
926 4423 1157 4477 deorsum
1186 4442 1273 4491 per
1296 4429 1463 4479 fauces
1484 4423 1821 4492 praecipitavit,

642 4486 786 4538 Nulla
810 4489 1030 4553 voluptas
1053 4497 1147 4553 est.

1069 4550 1305 4617 (Lucret.,
1332 4551 1415 4605 lib.
1438 4568 1503 4616 tv,
1528 4566 1653 4605 vers.
1678 4551 1771 4604 626
1794 4557 1839 4604 et
1860 4554 2018 4619 seqq.)

547 4648 757 4716 Similia
800 4658 927 4715 alibi
972 4658 1182 4715 dixerat
1225 4659 1365 4732 (libr.
1407 4675 1467 4727 ιι,
1515 4676 1645 4715 vers.
1691 4659 1815 4726 398,
1867 4667 1912 4714 et
1952 4659 2140 4732 seqq.).

548 4754 789 4810 Alcmaao
815 4762 1019 4821 autem,
1049 4755 1123 4808 uti
1151 4762 1334 4809 narrat
1354 4752 1697 4822 Plutarchus,
1722 4758 1940 4824 putabat
1970 4752 2146 4809 humi-

551 4847 719 4904 ditate
762 4848 955 4919 lingua:
995 4857 1050 4903 et
1095 4858 1281 4919 tepore
1328 4847 1561 4904 discerni
1602 4862 1843 4919 sapores.
1876 4849 2142 4918 Diogenes

553 4958 685 4998 vero
717 4944 958 5007 raritate,
997 4951 1052 4998 et
1081 4942 1306 4998 mollitie
1343 4942 1559 5013 linguis,
1592 4956 1655 4996 ac
1683 4957 1969 4997 nervorum
2012 4955 2142 4997 con-

554 5046 699 5091 tactu
726 5037 948 5093 diffundi
977 5051 1199 5106 sapores
1219 5079 1234 5104 ,
1265 5045 1517 5107 tanquam
1559 5052 1588 5089 a
1614 5036 1837 5106 spongia
1865 5044 2144 5091 attractus.

556 5129 662 5186 Sed
689 5129 756 5184 de
785 5133 885 5185 hac
911 5131 1208 5200 quaestione
1233 5144 1262 5181 a
1291 5128 1446 5183 nobis
1478 5129 1529 5183 in
1559 5128 1906 5198 subsequenti
1943 5128 2145 5184 disser-

555 5224 758 5277 tatione
783 5237 903 5276 cum
933 5222 1208 5278 Lactantio
1237 5221 1500 5293 agendum
1525 5220 1848 5293 (Platore/n,
1871 5220 1958 5274 lib.
1991 5236 2043 5275 ιν
2086 5222 2149 5276 de

554 5314 750 5372 Plocit.
811 5316 1126 5390 philosoph.,
1186 5333 1301 5388 cap.
1359 5315 1456 5382 l8;
1512 5314 1729 5371 Dissert.
1778 5317 1833 5370 in
1887 5314 2142 5385 Lactanl.,

556 5424 675 5480 cap.
710 5406 803 5471 40,
832 5419 930 5462 art.
964 5408 1042 5482 ὅ).

628 5501 747 5558 Non
785 5503 955 5573 magis
992 5513 1169 5560 autem
1214 5504 1310 5561 ulli
1350 5503 1687 5577 exploratum
1717 5516 1840 5558 esse
1865 5502 1941 5558 ait
1967 5503 2146 5558 Arno-

555 5600 699 5664 bius,
731 5615 835 5671 qua
865 5599 933 5655 de
961 5613 1122 5654 causa
1151 5601 1242 5670 pili
1271 5600 1524 5671 paulatim
1550 5606 1858 5666 canescant,
1889 5605 1944 5653 et
1967 5597 2148 5653 oleum

556 5690 719 5746 nullis
756 5690 876 5747 aliis
917 5689 1210 5762 liquoribus
1254 5693 1559 5748 misceatur.
1609 5691 1685 5748 De
1730 5690 1944 5747 canitiei
1985 5703 2149 5746 causa

548 5781 682 5855 quid
721 5782 1029 5855 philosophi
1069 5783 1287 5856 quidam
1328 5786 1623 5855 senserint,
1650 5784 1781 5841 alibi
1809 5782 2149 5841 ostendimus

2308 3269 2378 3322 At
2397 3282 2673 3334 quorsum,
2699 3267 2927 3338 inquies,
2957 3276 3165 3339 spectat
3193 3277 3301 3322 tota
3330 3267 3448 3324 hzec
3479 3267 3716 3323 Arnobii
3738 3283 3841 3322 no-

2237 3362 2337 3418 stri
2358 3362 2425 3417 de
2452 3361 2731 3417 hominum
2758 3362 3082 3433 ignorantia,
3106 3361 3446 3431 disputatio?
3473 3359 3545 3418 Ut
3576 3361 3832 3417 nimirum

2239 3455 2490 3512 omnibus
2506 3454 2844 3510 demonstret
2863 3453 3281 3510 christianorum
3308 3454 3488 3519 fidem,
3509 3467 3565 3510 et
3587 3456 3692 3522 his,
3709 3472 3833 3528 qua:

2238 3546 2486 3604 Christus
2513 3546 2790 3615 docuerat,
2828 3545 3087 3602 credendi
3137 3544 3450 3603 facilitatem
3496 3547 3565 3603 ab
3593 3548 3827 3604 ethnicis

2240 3640 2512 3697 immerito
2540 3654 2762 3711 prorsus
2806 3638 3041 3695 irrideri.
3075 3640 3153 3695 Ex
3181 3642 3442 3696 hactenus
3466 3641 3611 3696 enim
3650 3641 3838 3712 dispu-

2238 3736 2366 3791 tatis
2393 3744 2542 3791 recte
2576 3732 2853 3789 concludit
2880 3748 2981 3789 nos
3024 3732 3156 3787 nihil
3181 3734 3314 3788 certi
3358 3733 3580 3788 omnino
3607 3742 3666 3789 et
3690 3748 3839 3789 com.

2243 3828 2384 3901 perti
2411 3829 2633 3896 habere,
2667 3828 2768 3884 nisi
2801 3827 2945 3899 quod
2983 3827 3052 3884 ab
3100 3827 3292 3885 eodem
3324 3827 3541 3905 Christo
3569 3828 3665 3884 Dei
3704 3827 3834 3895 filio,

2242 3931 2299 3978 et
2329 3923 2440 3977 Deo
2469 3922 2587 3992 ipso
2614 3920 2773 3976 nobis
2795 3920 3049 3976 traditum
3078 3931 3181 3977 est.

2316 4012 2503 4085 Neque
2534 4026 2713 4070 tamen
2745 4016 2798 4068 in
2830 4015 3069 4068 animum
3116 4014 3340 4071 inducas
3394 4014 3693 4071 Arnobium
3738 4032 3837 4073 ne-

2245 4122 2403 4179 gasse
2426 4107 2706 4162 scientiam
2731 4106 2800 4161 ab
2822 4098 3131 4162 hominibus
3147 4107 3350 4174 labore,
3371 4117 3426 4163 et
3451 4108 3840 4164 exercitatione

2246 4202 2548 4274 camparari
2576 4220 2592 4270 ;
2619 4200 2715 4257 sed
2744 4216 2865 4257 eam
2918 4201 3057 4256 adeo
3087 4202 3281 4257 exilem
3311 4216 3455 4265 esse,
3484 4217 3547 4257 ac
3574 4213 3793 4259 tenuem
3823 4221 3837 4267 ;

2246 4295 2479 4353 utnulla
2519 4296 2754 4352 ethnicis
2791 4294 2916 4350 inde
2960 4294 3225 4365 gloriandi
3282 4295 3453 4365 possit
3487 4308 3611 4351 esse
3653 4310 3837 4350 causa.

2245 4388 2386 4446 Nihil
2416 4403 2648 4460 namque
2681 4397 2788 4442 tam
2825 4394 3031 4443 certum
3068 4386 3517 4458 perapicunmque
3555 4396 3661 4453 est,
3694 4387 3840 4458 quod

2248 4481 2326 4536 illi
2343 4480 2705 4537 contentionis
2732 4479 2933 4546 studio,
2950 4478 3265 4535 acdissidiis
3288 4479 3401 4534 suis
3414 4479 3637 4534 dubium
3666 4483 3842 4534 incer-

2172 4567 2472 4646 Dtumque
2526 4588 2632 4629 non
2682 4572 2931 4631 fecerint.
2961 4571 3114 4642 Quod
3162 4570 3381 4646 quidem
3433 4571 3611 4628 adhuc
3645 4571 3842 4628 exami-

2250 4668 2486 4725 nandum
2508 4677 2613 4725 est.

2895 4794 3190 4837 ARTICULUS
3226 4780 3304 4838 n.‘

2250 4901 2405 4963 Quam
2428 4906 2569 4951 recte
2593 4899 2839 4963 Arnobius
2862 4897 3146 4963 probaverit
3172 4898 3409 4963 exiguam
3429 4908 3562 4963 esse
3595 4896 3843 4963 hominum

2311 4966 2565 5015 scientiam
2608 4976 2691 5025 ex,
2714 4959 3122 5025 philosophorum
3156 4959 3568 5025 dissentionihus,
3610 4966 3663 5025 et
3702 4962 3847 5025 variis

2312 5025 2623 5086 opinionibus
2656 5021 2917 5084 Thaletis,
2950 5021 3211 5086 ljeracliti,
3253 5021 3542 5086 Pythagora:
3563 5056 3578 5081 ,
3620 5023 3845 5086 Archyta:

2361 5089 2571 5138 areutini
2590 5123 2604 5143 .
2626 5087 2848 5149 Epicuri,
2876 5093 2929 5135 et
2952 5084 3219 5149 Depmcriti
3240 5084 3313 5149 σε
3329 5085 3687 5149 ιιιὶιιιίεᾲιριοιιιιι
3713 5084 3846 5147 prin-

2314 5153 2473 5216 cipiis,
2500 5145 2719 5216 Platonis
2738 5149 2802 5216 de
2822 5150 2998 5216 anima,
3020 5146 3242 5216 Pana-tit,
3264 5145 3546 5216 Chrysippi,
3559 5154 3614 5196 et
3634 5145 3847 5216 Zenonis

2314 5207 2379 5264 de
2405 5207 2568 5263 mundi
2595 5212 2850 5270 incendio;
2876 5208 3157 5267 Carneadis,
3178 5207 3411 5258 Arcesilae
3434 5207 3487 5260 ei
3521 5209 3847 5260 Academico-

2315 5291 2442 5340 rum,
2468 5277 2553 5340 qui
2579 5275 2699 5325 nihil
2723 5275 3009 5340 sciriposse
3033 5271 3366 5340 afﬁrmabant;
3390 5282 3447 5319 ac
3468 5274 3582 5340 quia
3619 5270 3740 5321 nihil
3761 5273 3844 5322 ad-

2314 5339 2411 5389 huc
2430 5333 2750 5402 compertum
2788 5333 3015 5393 habetur,
3050 5333 3390 5402 unde_veritas
3424 5333 3631 5402 oriatur,
3655 5344 3742 5384 aut
3759 5348 3846 5402 cur

2311 5402 2490 5453 salsum
2512 5395 2577 5451 sit
2599 5414 2764 5460 mare,
2790 5412 2847 5448 ac
2868 5404 3031 5447 utrum
3054 5397 3131 5447 hie
3166 5395 3377 5459 aliaeque
3398 5396 3588 5448 similes
3616 5398 3846 5461 quaestio-

2315 5478 2407 5514 nes
2427 5462 2766 5527 relinquendas
2788 5464 2903 5512 sint.

2321 5596 2494 5663 Quam
2542 5610 2732 5666 parum
2778 5604 2950 5661 certa,
2974 5600 3256 5659 constans,
3290 5590 3606 5661 stabilisque
3650 5591 3723 5647 sit
3748 5590 3847 5647 ho-

2249 5691 2456 5747 minum
2506 5687 2751 5755 scientia,
2784 5687 2891 5744 alio
2919 5685 3195 5743 Arnobius
3214 5694 3558 5757 argumento,
3587 5700 3654 5741 ex
3686 5684 3846 5740 variis

2248 5780 2695 5857 philosophorum
2746 5795 2863 5855 una.
2916 5777 3214 5848 eademque
3271 5777 3340 5833 de
3388 5790 3451 5833 re
3498 5774 3845 5846 opinionibus
