3986 6058
285 237 386 294 665

1520 233 1587 290 IN
1629 233 2005 303 ARNOBIUM,
2045 235 2199 293 CAP.
2240 234 2408 292 XXV.

3463 218 3570 279 666

281 366 335 411 ct
360 354 645 412 discordiis
671 355 839 426 petito
860 353 1192 410 demonstrat
1222 352 1460 428 (Arnob.,
1493 354 1531 408 ι.
1559 369 1616 419 ιι,
1643 372 1696 424 ρ.
1729 353 1844 421 48).
1878 354 1932 416 Α
1957 354 2196 426 ptibilem
2242 360 2612 411 asseruerunt.
2647 350 2822 415 Hunc,
2870 348 2915 406 si
2965 348 3151 415 lubet,
3202 347 3357 419 plura
3382 344 3561 403 disse-

286 448 423 505 Dum
456 449 594 505 cnim
626 446 808 503 hostili
865 447 1160 518 pervicacia
1215 450 1356 502 inter
1402 462 1463 503 se
1493 447 1874 517 digladiantur,

295 542 427 597 dum
472 542 606 596 alter
627 540 850 596 alterius
887 540 1104 595 decreta
1145 554 1209 596 ac
1251 539 1445 610 placita
1498 537 1802 601 labefactat.
1824 546 1881 593 et

300 634 560 698 destruit,
591 630 675 687 his
710 631 1136 688 dissensionibus
1162 639 1352 686 cuncta
1380 629 1626 686 fecerunt
1651 631 1876 696 incerta,

299 738 355 785 et
384 726 508 782 nihil
542 741 601 782 se
627 736 775 782 certo
808 727 949 780 scire
976 724 1215 794 patuisse
1240 726 1397 796 plane
1421 731 1872 780 commonstrant.

305 823 600 879 Enimvero
631 821 917 892 unicuique
951 831 1262 892 argumenta
1286 835 1397 875 non
1436 818 1654 885 desunt,
1684 816 1884 888 quibus

293 917 618 971 sententiam
651 930 801 970 suam
828 923 1035 969 asserat
1083 929 1145 969 ac
1194 922 1407 969 tueatur
1436 911 1623 985 (lbid.,
1651 927 1706 981 p.
1735 909 1807 964 82
1833 917 1882 963 et

296 1010 487 1080 καφ).
520 1009 593 1063 Ea
624 1017 802 1063 autem
834 1007 956 1079 quia
990 1005 1364 1078 probabilitate
1394 1020 1489 1060 sua
1540 1019 1644 1059 non
1672 1008 1880 1062 carent.

297 1100 424 1155 inde
450 1099 702 1165 efficitur,
734 1110 791 1153 ut
822 1114 1008 1154 verum
1034 1115 1061 1151 a
1095 1098 1231 1154 falso
1255 1097 1491 1154 discerni
1522 1103 1773 1167 nequeat,
1800 1102 1886 1149 at-

294 1210 401 1267 que
427 1194 630 1249 idcirco
662 1194 767 1251 illis
794 1192 1043 1266 ambigua
1065 1204 1120 1249 et
1145 1195 1374 1249 obscura
1404 1193 1514 1247 sint
1539 1191 1737 1246 omnia.

372 1290 611 1343 Primum
645 1289 824 1361 itaque
872 1298 1062 1343 auctor
1106 1296 1288 1344 noster
1315 1288 1386 1344 ob
1429 1274 1667 1341 omnium
1700 1284 1887 1340 oculos

294 1382 446 1455 ponit
471 1382 713 1438 diversas
738 1382 1182 1454 philosophorum
1206 1381 1275 1437 de
1304 1381 1489 1451 primis
1532 1394 1713 1435 rerum
1741 1378 1887 1449 prin-

294 1477 451 1546 cipiis
472 1476 772 1550 .opiniones
818 1475 1007 1550 (lbid.,
1059 1495 1114 1547 p.
1143 1476 1259 1548 48).
1283 1474 1330 1529 Λ
1357 1472 1583 1529 Thalete
1631 1482 1687 1529 et
1716 1472 1889 1527 Hera-

294 1570 428 1625 clito
459 1569 686 1635 orditur,
730 1569 818 1639 qui
852 1570 1077 1639 primam
1109 1583 1289 1624 rerum
1335 1567 1600 1637 originem
1625 1566 1802 1636 ignem
1835 1571 1890 1620 et

294 1677 514 1734 aquam,
546 1661 1001 1733 quemadmodum
1031 1662 1365 1734 Pythagoras
1393 1675 1670 1725 numeros,
1696 1657 1889 1713 consti-

1981 462 2189 506 rentem
2243 448 2489 515 consule,
2539 456 2595 503 et
2651 446 2933 517 ipsiusmet
2974 441 3214 499 Platonis
3265 440 3455 502 libros.
3481 438 3572 499 ubi

1982 544 2121 600 hanc
2148 543 2471 599 sententiam
2499 555 2837 613 propugnare
2858 549 3088 595 conatus
3104 547 3187 593 est
3205 534 3571 612 (Plat..Tim.,

1985 649 2024 693 t.
2058 654 2096 707 l,
2128 656 2181 708 ρ.
2211 638 2279 694 59
2306 654 2319 700 ;
2344 648 2388 691 et
2411 636 2653 704 Phwdr.,
2682 653 2735 706 ρ.
2773 634 2904 701 2M,
2932 649 2993 687 ac
3024 642 3149 689 tam.
3179 646 3261 699 ιιι,
3287 628 3572 697 Phaedram,

1984 753 2035 805 p.
2068 734 2138 790 99
2166 744 2213 788 et
2245 730 2393 804 too).

2055 827 2194 896 Quid
2225 826 2423 897 plura?
2451 824 2779 890 Carneades,
2809 834 2864 879 et
2905 821 3199 887 Arcesilas,
3230 833 3326 877 seu
3352 818 3540 876 Arcesi
3568 846 3575 859 τ

1987 922 2125 988 laus,
2168 931 2223 977 et
2252 920 2554 976 Academia:
2595 917 2846 974 secundae
2877 932 2938 972 ac
2971 917 3143 972 tertia!
3194 915 3451 980 cultores,
3479 927 3577 968 att-

1987 1014 2174 1070 dacter
2198 1012 2541 1069 affirmabant
2568 1014 2751 1068 omnia
2784 1010 2982 1066 involvi
3007 1007 3359 1065 obscuritatis
3390 1008 3571 1061 maxi-

1989 1123 2089 1163 mae
2115 1107 2336 1163 latebris
2360 1150 2375 1174 ,
2406 1117 2461 1163 et
2489 1106 2622 1161 nihil
2646 1121 2806 1179 posse
2834 1102 3244 1174 comprehendi.
3273 1099 3577 1172 Utrumque

1988 1217 2151 1274 porro
2191 1201 2525 1257 Carneadem
2577 1210 2630 1256 et
2670 1199 2971 1256 Arcesilam
3002 1196 3203 1254 scholae
3254 1194 3579 1250 academica:

1988 1306 2309 1365 sectatores,
2359 1306 2415 1352 et
2460 1296 2619 1367 hujus
2667 1293 2940 1366 opinionis
2992 1292 3311 1350 defensores
3356 1289 3579 1346 fuissea

1989 1390 2144 1445 nobis
2186 1390 2240 1445 in
2286 1389 2554 1460 superiori
2600 1389 2902 1459 Apparatus
2946 1386 3117 1442 n0stri
3164 1394 3311 1439 tomo
3352 1382 3580 1439 demon-

1990 1492 2217 1539 stratum
2247 1493 2331 1539 est
2353 1483 2402 1557 (1
2412 1483 2544 1547 bid.,
2565 1501 2618 1555 p.
2637 1480 2772 1538 1151
2802 1491 2846 1535 et
2868 1479 3054 1554 seqq.).
3085 1478 3246 1534 Plura
3265 1477 3335 1533 de
3351 1485 3579 1547 utroque

1991 1579 2045 1634 in
2076 1581 2191 1634 suis
2220 1578 2651 1635 academicarum
2675 1576 3036 1647 quiestionum
3068 1572 3220 1630 libris
3248 1569 3460 1638 Cicero,
3487 1568 3581 1625 ubi

1991 1672 2188 1727 scribit
2215 1671 2545 1726 Carneadem
2573 1678 2804 1740 quatuor
2820 1666 3196 1736 composuisse
3216 1663 3285 1719 de
3310 1661 3583 1718 sustinen-

296 1762 542 1816 tucbant.
570 1760 677 1817 Sed
708 1760 776 1816 de
806 1761 889 1815 his
914 1759 1025 1831 iam
1053 1759 1451 1830 disputavimus
1472 1763 1533 1831 (ι.
1562 1774 1579 1813 ι
1610 1757 1888 1828 Αρραναι..
1920 1755 1969 1816 Β
1995 1764 2079 1820 dis
2119 1764 2527 1820 assensionibus
2573 1762 2811 1826 liberos,
2866 1758 3107 1829 nihilque
3160 1754 3333 1811 fuisse
3359 1752 3501 1826 quod
3531 1751 3583 1808 ei

293 1872 350 1924 ρ.
370 1854 475 1909 454
498 1864 541 1907 et
555 1870 714 1925 seqq.,
734 1870 796 1908 ac
810 1852 1026 1909 Dissert.
1042 1870 1240 1922 supera.
1262 1852 1315 1906 in
1329 1868 1374 1906 c.
1396 1851 1450 1915 4,
1466 1862 1566 1907 art.
1586 1850 1666 1922 1).
1689 1849 1888 1907 Ultimo

290 1957 473 2001 autem
499 1947 621 2003 huic
653 1945 971 2017 philOSOpho
988 1946 1261 2001 Arnobius
1280 1944 1597 2015 Archytam,
1617 1942 1760 1998 haud
1783 1942 1885 1997 du-

290 2040 381 2096 bie
409 2039 780 2103 Tarentinum.
815 2049 962 2096 recte
988 2037 1293 2110 conjunxit.
1320 2037 1453 2093 Nam
1480 2049 1539 2092 ut
1569 2053 1636 2092 ex
1667 2036 1888 2093 Laertio

293 2131 557 2188 discimus
581 2150 594 2186 :
620 2132 1009 2205 Pythagoricus
1038 2140 1094 2186 et
1116 2129 1232 2201 ipse
1264 2128 1400 2185 fuit:
1429 2130 1771 2205 Πυθαγὸρικος
1802 2132 1889 2185 καί

294 2226 477 2288 ἁντός.
508 2225 687 2280 Alium
718 2234 910 2281 testem
952 2224 997 2278 si
1048 2223 1313 2294 postules,
1358 2221 1514 2278 adest
1551 2222 1765 2287 Cicero,
1798 2221 1892 2291 qui

291 2317 416 2373 haec
442 2317 513 2373 de
545 2316 637 2373 illo
666 2326 929 2373 memorat
955 2334 969 2371 :
1004 2335 1022 2370 ι
1062 2316 1344 2373 Platonem
1379 2315 1580 2382 ferunt,
1606 2327 1666 2370 ut
1695 2315 1892 2388 Pytha-

292 2429 491 2485 goreos
517 2423 893 2487 cognosceret,
922 2413 977 2469 in
1024 2410 1231 2469 Italiam
1254 2413 1490 2476 venisse,
1514 2419 1570 2466 et
1596 2411 1648 2465 in
1677 2424 1740 2464 ea
1767 2424 1894 2465 cum

292 2510 432 2566 alios
472 2512 697 2574 multos,
737 2521 848 2566 tum
904 2511 1238 2581 Archytam,
1288 2506 1660 2577 Timaeumque
1691 2519 1892 2575 cogno-

292 2606 463 2671 viSSe,
491 2613 544 2659 et
571 2604 824 2660 didicisse
853 2605 1188 2676 Pythagorea
1220 2603 1399 2656 omnia
1432 2618 1450 2651 ι
1484 2598 1727 2672 (Arnob.,
1761 2597 1798 2652 ι.
1831 2614 1888 2668 ιι,

297 2718 355 2770 p.
401 2699 514 2764 48;
556 2698 760 2763 Laert.,
791 2700 829 2754 ι.
862 2715 916 2755 ιιι
942 2699 1006 2753 de
1045 2695 1148 2751 Vit.
1179 2704 1226 2750 et
1257 2692 1432 2765 dagm.
1474 2693 1689 2760 philoa,
1724 2690 1846 2765 §79
1877 2708 1893 2758 ;

297 2795 493 2864 (ἤθει,
526 2794 744 2852 Tuscul.
778 2812 817 2861 ι,
846 2814 899 2867 ρ.
931 2792 1081 2868 121).

372 2889 510 2944 Tum
530 2889 728 2945 deinde
761 2888 1031 2945 Arnobius
1056 2887 1133 2943 ait
1155 2887 1471 2958 Epicurum,
1499 2882 1895 2950 Democritum,

302 2991 361 3040 et
401 2982 792 3050 Metrodorum,
824 2996 1056 3053 quorum
1100 2981 1426 3037 sententiam
1451 3020 1466 3044 ,
1519 2978 1684 3033 tacito
1707 2990 1898 3032 eorum

302 3077 551 3144 nomine,
575 3077 725 3149 prius
752 3075 1036 3141 retulerat,
1068 3073 1305 3130 sensisse
1335 3072 1561 3142 primam
1591 3083 1773 3124 rerum
1794 3066 1901 3123 ori-

1996 1860 2317 1931 probaretur
2364 1855 2580 1930 (Cicer.,
2630 1856 2670 1910 ι.
2717 1871 2767 1908 tv
2796 1852 3038 1907 Academ.
3071 1859 3277 1921 quem,
3335 1866 3390 1917 p.
3429 1844 3500 1901 29
3537 1852 3585 1898 et

1994 1952 2109 2027 57).
2142 1951 2414 2007 Arcesilas
2443 1964 2594 2016 vero,
2626 1948 2703 2002 uti
2750 1947 2841 2001 ille
2886 1945 3062 2000 adhuc
3102 1951 3325 1997 narrat:
3362 1958 3381 1994 ι
3415 1939 3587 2009 Nega-

1995 2045 2087 2101 bat
2107 2060 2227 2101 esse
2256 2044 2545 2115 quidquam
2576 2041 2723 2113 quod
2770 2039 2897 2095 sciri
2930 2046 3132 2107 posset.
3172 2051 3242 2092 ne
3289 2032 3424 2089 illud
3460 2031 3583 2104 qui-

1994 2138 2118 2195 dem
2172 2138 2370 2208 ipsum,
2397 2136 2541 2208 quod
2572 2135 2826 2191 Socrates
2853 2133 2953 2190 sibi
2983 2130 3311 2202 reliquisset.
3343 2127 3432 2184 Sic
3470 2141 3588 2182 om-

1997 2245 2084 2300 nia
2131 2243 2301 2299 latere
2343 2239 2609 2296 censebant
2638 2237 2716 2311 (id
2744 2248 2829 2294 est
2857 2236 3186 2303 academici,
3232 2234 3367 2290 alias
3407 2243 3587 2290 tamen

1997 2337 2247 2404 censebat,
2280 2344 2408 2407 puta
2431 2332 2727 2401 Arcesilas)
2744 2332 2797 2387 in
2825 2330 3063 2393 occulto,
3081 2344 3257 2400 neque
3280 2344 3404 2386 esse
3429 2326 3591 2399 quid-

1997 2448 2183 2505 quam,
2200 2430 2345 2501 quod
2368 2430 2519 2486 cerni
2541 2437 2636 2483 aut
2661 2426 2887 2496 intelligi
2917 2424 3125 2496 possit:
3158 2422 3352 2494 quibus
3377 2421 3447 2478 de
3464 2435 3592 2477 cau-

1999 2526 2075 2582 sis
2103 2524 2239 2580 nihil
2268 2534 2521 2593 oportere
2573 2535 2750 2592 neque
2781 2517 3025 2591 profiteri
3045 2558 3059 2580 .
3113 2531 3292 2588 neque
3318 2515 3592 2571 affirmare

2000 2633 2327 2692 quemquam
2351 2659 2366 2685 ,
2398 2632 2574 2687 neque
2600 2614 2904 2672 assertione
2947 2612 3200 2684 probare,
3230 2609 3594 2681 cohibereque

2003 2727 2239 2783 semper,
2274 2718 2330 2766 et
2383 2710 2452 2766 ab
2503 2709 2651 2765 omni
2705 2707 2858 2778 lapsu
2896 2704 3178 2761 continere
3208 2703 3593 2770 temeritatem,

2003 2822 2126 2879 quae
2156 2816 2267 2861 tum
2297 2813 2444 2862 esset
2471 2804 2718 2875 insignis,
2752 2818 2873 2857 cum
2904 2811 2999 2856 aut
3028 2799 3158 2855 falsa
3189 2808 3280 2854 aut
3324 2798 3597 2870 incognita

2005 2916 2094 2958 res
2121 2900 2544 2972 approbaretur;
2577 2913 2754 2969 neque
2775 2895 2878 2952 hoc
2902 2895 3193 2966 quidquam
3216 2907 3338 2949 esse
3364 2892 3596 2964 turpius,

2007 3013 2165 3065 quam
2197 2996 2494 3067 cognitioni
2539 3003 2594 3051 et
2620 2994 2955 3067 perceptioni
3010 2989 3364 3048 assertionem
3406 3001 3601 3059 appro-

2008 3091 2281 3146 bationem
2313 3103 2666 3160 praecurrere.
2701 3107 2719 3140 ι
2773 3087 2944 3143 Porro
2999 3096 3181 3140 autem
3219 3079 3518 3138 Caruendis
3546 3088 3602 3135 et

303 3172 486 3243 ginem
516 3187 639 3228 ⁸⁵⁸⁸
688 3180 921 3235 “om”.
953 3184 1049 3225 se“
1099 3167 1375 3223 ίηάίνῖάυθ
1426 3179 1677 3236 “morat
1707 3162 1903 3234 quibus
1931 3152 1976 3217 Ο
2009 3183 2268 3239 Arcesilae
2304 3152 2467 3237 vitam
2518 3180 2807 3251 descripsit
2842 3180 3093 3236 Laertius
3117 3176 3342 3251 (Laert.,
3383 3177 3422 3230 ι.
3454 3188 3508 3229 tv
3539 3172 3602 3227 de

305 3266 627 3324 fabricatum
683 3266 850 3321 fuisse
898 3261 1154 3319 mundum
1196 3262 1601 3317 somniaverant
1640 3257 1898 3331 (Arnob.,

308 3363 345 3418 ι.
380 3379 454 3429 tt,
486 3380 540 3433 ρ.
573 3362 645 3417 48
666 3402 680 3425 ,
712 3371 758 3416 et
789 3361 828 3416 ι.
874 3376 910 3427 ι,
946 3376 999 3429 p.
1028 3356 1141 3429 18).
1174 3358 1243 3413 At
1266 3356 1336 3412 de
1367 3355 1450 3410 his
1478 3367 1693 3425 quoque
1732 3351 1904 3406 disse.

307 3461 552 3522 ruimus;
584 3456 725 3510 sicut
748 3463 804 3510 et
830 3453 900 3509 de
938 3451 1262 3515 Aristotele,
1292 3464 1449 3521 quem
1494 3456 1683 3503 auctor
1720 3452 1907 3501 noster

307 3553 447 3608 dixit
477 3548 863 3621 principatibus
887 3546 1067 3603 causis
1091 3545 1336 3616 quintum
1365 3542 1639 3598 addidisse
1666 3540 1906 3596 elemen-

311 3654 424 3701 tum
458 3644 520 3716 (ι.
549 3659 567 3699 ι
595 3643 871 3714 Apparat.,
903 3657 957 3711 p.
986 3639 1114 3703 455,
1146 3637 1256 3692 456
1279 3645 1325 3691 et
1351 3633 1503 3704 πο).

390 3739 495 3796 Alii
525 3752 656 3795 vero
676 3736 1007 3810 philosophi,
1038 3734 1232 3804 inquit,
1265 3730 1468 3803 opinati
1488 3736 1617 3784 sunt
1641 3727 1907 3783 mundum

315 3849 494 3904 neque
554 3840 761 3897 natum,
792 3845 969 3901 neque
1022 3827 1341 3898 periturum,
1384 3834 1545 3896 atque
1598 3823 1734 3878 adeo
1784 3836 1907 3878 esse

315 3937 582 3985 aeternum
615 3943 629 3979 :
666 3922 759 3980 alii
804 3939 836 3979 e
878 3919 1150 3978 contrario
1197 3920 1459 3991 genitum,
1490 3918 1546 3972 et
1571 3915 1909 3985 periturum;

315 4014 411 4069 alii
435 4029 504 4068 ex
525 4020 777 4083 quatuor,
805 4009 895 4063 alii
927 4023 991 4063 ex
1029 4004 1371 4077 paucioribus
1396 4004 1593 4057 factum
1624 4000 1912 4056 elementis

315 4106 560 4183 (Arnob.,
605 4105 641 4159 ι.
670 4120 730 4169 ιι,
761 4122 816 4173 p.
836 4100 954 4172 82).
978 4099 1088 4155 Nos
1115 4107 1293 4153 autem
1323 4096 1390 4151 de
1418 4094 1501 4149 his
1528 4094 1761 4149 diversis
1786 4092 1910 4163 phi-

317 4201 672 4271 losophorum
696 4195 933 4266 placitis,
961 4202 1123 4263 atque
1146 4203 1332 4245 eorum
1377 4186 1623 4258 patronis
1644 4193 1701 4240 et
1727 4194 1915 4239 aucto-

318 4294 491 4359 ribus,
535 4306 657 4346 cum
686 4288 824 4345 locis
852 4285 1202 4349 citatis,‘tum
1256 4281 1380 4336 alibi
1425 4279 1633 4352 egimus
1679 4277 1741 4351 (t.
1770 4276 1915 4348 ιΑρ-

320 4395 515 4460 parat.,
541 4384 642 4439 lac.
673 4382 784 4449 cit.,
814 4397 868 4451 ρ.
901 4378 1092 4449 1117).

396 4477 479 4533 Ad
534 4476 654 4532 haec
698 4483 878 4530 autem
930 4468 1234 4532 Panaetius,
1281 4465 1638 4540 Chrysippus,
1671 4473 1726 4522 et
1768 4464 1916 4521 Zeno

323 4570 587 4628 mundum
619 4565 907 4639 aliquando
951 4578 1222 4628 arsurum,
1270 4561 1346 4616 ait
1372 4559 1679 4628 Arnobius,
1702 4574 1918 4616 asseve—
1942 4550 1999 4612 D

325 4674 539 4725 rarunt.
572 4663 877 4719 Stoicorum
929 4668 1107 4714 autem
1155 4664 1380 4721 sectam,
1411 4654 1565 4723 cujus
1610 4663 1799 4709 auctor
1823 4652 1922 4708 fuit

329 4762 505 4827 Zeno,
547 4758 623 4813 illi
651 4754 1033 4826 sequebantur.
1063 4749 1216 4820 Quod
1238 4749 1456 4820 quidem
1480 4756 1536 4803 et
1560 4747 1920 4814 ostendimus,

326 4863 386 4912 et
425 4863 687 4910 assertam
734 4849 803 4903 ab
831 4847 912 4903 eis
955 4845 1119 4900 fuisse
1161 4843 1228 4897 dc
1274 4840 1459 4897 mundi
1502 4838 1923 4910 conflagratione

328 4950 645 5022 opinionem
689 4945 799 5017 jam
847 4938 1324 4996 animadvertimus
1374 4935 1538 5005 (tom.
1584 4950 1600 4988 ι
1642 4933 1923 5005 Apparat.,

329 5046 581 5119 p.1t23,
613 5042 755 5099 ms
784 5049 839 5095 et
868 5035 1051 5109 1117).

404 5143 675 5197 Przcterea
750 5137 901 5191 Plato
930 5177 945 5199 ,
991 5132 1131 5187 sicut
1184 5138 1373 5186 auctor
1427 5136 1613 5184 noster
1664 5125 1922 5197 loquitur,

338 5257 358 5289 ι
391 5236 626 5291 animam
657 5229 868 5296 dividit,
903 5237 958 5282 et
987 5224 1352 5296 incorporales
1381 5220 1659 5277 constituit
1689 5219 1919 5275 formas:

331 5328 578 5402 (Arnob.,
628 5327 667 5381 ι.
720 5341 779 5391 ιι,
834 5342 888 5393 p.
934 5318 1049 5391 48).
1080 5318 1233 5380 Nam,
1259 5327 1316 5371 ut
1367 5315 1502 5371 scite
1547 5312 1931 5369 animadvertit

336 5422 715 5483 Theodorelus
747 5439 761 5474 :
789 5420 991 5475 Πλάτων
1035 5419 1116 5470 καὶ
1162 5412 1471 5486 Πυθαγόρας,
1502 5413 1560 5465 τὸ
1602 5414 1691 5483 μὲν
1740 5409 1929 5482 λογικὸν

337 5523 497 5580 αὐτῆς
526 5514 777 5592 ἄφθαρτον
819 5509 963 5574 εἶναι,
1003 5511 1211 5585 φθαρτόν
1240 5506 1295 5563 δὲ
1319 5508 1378 5561 τὸ
1408 5503 1585 5579 ἄλογον
1625 5502 1929 5574 (ΤΙιεοάον.,

340 5627 497 5666 serm.
538 5609 593 5674 5,
617 5607 681 5662 de
726 5604 853 5661 Nat.
903 5605 1069 5668 ltom.,
1098 5612 1220 5655 tom.
1252 5616 1329 5667 tv,
1355 5616 1478 5671 pag.
1511 5599 1668 5668 546).
1694 5597 1851 5652 Plato
1877 5604 1938 5650 et

343 5705 678 5778 Pythagoras
721 5699 1044 5759 rationalem
1097 5694 1314 5767 quidem
1363 5693 1558 5751 animae
1609 5701 1819 5764 partem
1851 5692 1937 5746 in-

345 5797 755 5870 corruptibilem
785 5808 928 5863 esse,
959 5804 1080 5863 quae
1110 5796 1290 5850 autem
1318 5787 1528 5846 ratione
1552 5794 1722 5854 caret,
1748 5799 1936 5842 corru-

2016 3275 2121 3332 νὴ.
2141 3286 2190 3332 et
2212 3276 2387 3347 dogm.
2410 3276 2698 3347 philosop.,
2728 3274 2757 3346 §
2784 3273 2857 3329 28
2883 3282 2928 3328 et
2948 3288 3109 3343 δέρᾳ..
3128 3280 3174 3326 et
3198 3269 3226 3341 δ
3249 3269 3319 3325 62
3344 3277 3391 3324 et
3415 3267 3600 3339 δείνῳ).

2083 3371 2329 3443 Denique
2380 3384 2488 3425 non
2535 3369 2712 3440 major
2740 3378 2857 3423 erat
2885 3367 3227 3423 ethnicorum
3260 3363 3329 3419 de
3354 3361 3606 3432 ipsismet

2007 3463 2115 3520 diis
2142 3464 2259 3518 suis
2290 3476 2609 3517 consensus.
2643 3460 2820 3531 Aliqui
2862 3459 3030 3523 enim,
3083 3456 3256 3527 inquit
3311 3453 3602 3521 Arnobius,

2009 3572 2105 3614 eos
2130 3557 2395 3612 exsistere
2427 3554 2716 3625 negabant,
2751 3553 2840 3609 alii
2885 3550 3207 3607 dubitabant
3229 3589 3245 3615 ,
3276 3548 3364 3603 alii
3397 3561 3607 3602 assere-

2012 3649 2166 3716 bant,
2195 3648 2286 3703 alii
2317 3647 2554 3703 humana
2584 3646 2653 3701 ab
2703 3645 2769 3701 iis
2822 3643 3183 3700 administrari
3215 3641 3488 3704 dicebant,
3517 3638 3608 3692 alii

2012 3744 2409 3801 iniiciabantur.
2452 3745 2519 3797 At
2549 3742 2617 3798 de
2658 3741 2823 3795 variis
2855 3738 3005 3795 hisce
3031 3736 3398 3809 Opinionibus,
3427 3742 3482 3789 et
3510 3746 3605 3787 su-

2013 3855 2108 3910 pra
2134 3881 2148 3906 ,
2203 3845 2364 3908 atque
2408 3836 2569 3892 etiam
2621 3836 2673 3890 in
2705 3835 2882 3906 primo
2908 3832 3080 3889 nostri
3129 3831 3435 3902 Apparatus
3461 3836 3610 3883 tomo

2013 3936 2369 3992 disseruimus
2421 3933 2661 4004 (Arnob.,
2693 3932 2732 3987 ι.
2767 3947 2826 3997 ιι,
2853 3949 2907 4001 p.
2941 3929 3046 3993 82;
3070 3945 3243 3999 supra,
3270 3943 3316 3981 c.
3336 3925 3392 3992 9,
3421 3934 3521 3978 art.
3553 3924 3608 3989 1;

2015 4040 2138 4086 tom.
2167 4048 2182 4086 ι
2204 4032 2473 4100 Αρρηναιη
2501 4028 2536 4081 ι.
2563 4042 2645 4093 ιιι,
2668 4025 2871 4079 dissert.
2896 4024 2950 4091 1,
2968 4039 3014 4076 c.
3034 4020 3071 4075 2
3097 4030 3143 4075 et
3164 4035 3325 4089 seqq.,
3354 4034 3406 4088 ῃ.
3430 4014 3531 4070 781
3557 4024 3615 4071 et

2016 4124 2206 4198 eeqq.).

2090 4222 2286 4278 Multas
2313 4219 2450 4274 alias
2475 4214 2805 4288 qumstiones
2830 4217 3116 4267 enumerat
3149 4204 3437 4268 Arnobius,
3459 4200 3613 4259 verbi

2017 4318 2209 4389 gratia,
2241 4314 2384 4371 unde
2410 4320 2608 4367 ventus
2651 4307 2878 4371 oriatur,
2903 4313 2957 4360 et
2986 4317 3082 4358 cur
3113 4300 3316 4357 salsum
3344 4297 3416 4353 sit
3442 4310 3613 4361 mare,

2019 4429 2141 4486 quae
2170 4412 2238 4466 ab
2264 4406 2578 4464 hominibus
2620 4401 2757 4459 solvi
2790 4396 3163 4467 explicarique
3191 4397 3487 4463 nequeunt.
3522 4389 3618 4443 At-

2020 4524 2125 4581 que
2167 4522 2233 4562 ex
2262 4504 2347 4560 his
2376 4513 2431 4559 et
2469 4495 2986 4560 czcterisnmnibus,
3019 4507 3141 4564 qua:
3166 4488 3368 4546 ethnici
3401 4487 3615 4557 ignora-

2024 4578 2176 4669 bant,
2199 4597 2474 4657 concludit
2496 4595 2651 4650 abiis
2673 4590 3011 4662 iniquissime
3031 4582 3412 4642 verecundiam
3433 4578 3617 4635 vexari

2025 4699 2472 4761 christiauorum,
2503 4694 2591 4764 qui
2638 4706 2702 4747 ea
2747 4682 2963 4759 quoque
2991 4702 3049 4741 se
3079 4684 3313 4747 nescire,
3341 4694 3443 4735 nec
3469 4678 3620 4732 iuve-

2027 4797 2229 4867 stigare
2258 4792 2403 4847 velle
2432 4789 2576 4844 ultro
2628 4783 2935 4853 fatebantur
2963 4779 3204 4851 (Arnob.,
3231 4776 3269 4829 Ι.
3296 4788 3361 4867 νιι,
3393 4789 3447 4840 p.
3477 4769 3620 4867 διδ-ξι

2028 4861 2217 4962 seq-(1.).
2241 4884 2491 4940 Christus
2518 4879 2662 4935 enim
2688 4890 2850 4931 verus
2879 4872 2976 4928 Dei
3005 4870 3150 4925 [ilius
3173 4866 3333 4939 jussit
3361 4865 3523 4918 hasce
3548 4861 3619 4916 li-

2028 4955 2273 5053 tigiosas,
2324 4985 2485 5046 atque
2538 4973 2898 5026 infructuosas
2928 4962 3255 5035 qumstiones
3297 4965 3353 5012 et
3381 4955 3623 5026 disputa-

2032 5050 2210 5129 tiones
2242 5086 2270 5125 a
2297 5064 2576 5137 discipulis
2625 5062 2738 5117 suis
2786 5056 3020 5126 relinqui
3057 5061 3155 5121 ;ut
3178 5050 3244 5106 ad
3274 5064 3459 5105 rerum
3501 5062 3620 5102 om-

2032 5168 2180 5223 nium
2202 5164 2506 5224 Dominum,
2532 5167 2642 5213 tota
2664 5163 2866 5218 mente,
2892 5147 3067 5221 quoad
3096 5147 3213 5201 ﬁeri
3242 5154 3436 5215 potest,
3464 5141 3625 5196 attol-

2037 5262 2239 5319 lantur,
2273 5258 2431 5327 eique
2486 5252 2818 5308 adhaereant.
2850 5245 2947 5299 Ille
2976 5241 3253 5297 enimvero
3281 5239 3397 5308 ipse
3422 5244 3527 5303 est,
3555 5234 3626 5290 de

2038 5369 2146 5427 quo
2170 5353 2351 5409 nullus
2395 5350 2495 5406 nisi
2523 5360 2734 5410 amens,
2767 5351 2859 5396 aut
2887 5339 3045 5411 plane
3069 5334 3314 5408 stupidus
3341 5332 3502 5388 homo
3526 5330 3626 5385 du-

2036 5423 2210 5505 bitare
2236 5453 2419 5517 queat.
2462 5442 2532 5497 At
2571 5439 2722 5493 illum
2754 5434 2930 5489 solum
2975 5432 3115 5487 scire
3162 5427 3382 5493 sufficit,
3413 5434 3470 5481 et
3507 5423 3626 5496 eius

2037 5540 2276 5614 cognitio
2306 5534 2531 5594 scientia
2562 5543 2644 5587 cst
2672 5528 2924 5584 maxima.
