3986 6058
406 233 513 292 667

856 335 860 339 “
970 354 1199 415 CAPUT
1238 355 1430 415 xxvr.

406 468 486 527 De
513 468 697 547 quibus
724 470 844 527 viris
896 471 1204 538 illustribus,
1236 474 1453 542 vatibus,
1484 474 1838 549 scriptoribus,
1871 492 1997 547 quos

479 565 735 621 Arnobius
759 566 951 634 citavit,
972 583 1033 622 ac
1064 570 1127 622 de
1154 567 1315 624 verbis
1342 568 1589 640 barbaris,
1618 570 1876 639 obsoletis,
1908 570 1999 626 ob-

481 658 665 721 scuris,
696 658 874 729 quibus
900 675 1025 715 usus
1045 667 1137 715 est.

921 793 1214 835 Αιιτιευιιιε
1250 794 1461 835 PRIMUS.

402 892 794 960 De_Pythagorq,
822 897 917 960 qui
931 897 979 948 in
1006 894 1115 960 fano
1160 903 1501 960 concrematas
1523 896 1643 957 fuit,
1668 896 1732 960 de
1764 895 1997 956 Socratis,

464 955 730 1022 Trebonii,
759 955 935 1022 Reguli
963 965 1014 1009 et
1038 958 1216 1022 Aquilii
1243 961 1429 1011 crudeli
1454 974 1605 1020 nece;
1630 955 1687 1009 ac
1707 959 1770 1007 de
1794 955 1998 1022 quibus?

462 1020 772 1085 dammagis,
797 1020 1056 1072 Zoroastre
1080 1019 1172 1084 per
1196 1025 1391 1085 igneam
1418 1019 1793 1085 sonam'excito,
1812 1019 1880 1085 de
1897 1019 1997 1085 ᾼιι-

465 1084 632 1154 menio
655 1081 893 1154 lustr-iani
918 1081 1097 1154 nepote
1120 1125 1133 1141 ,
1151 1081 1408 1154 Pamphilo
1432 1085 1573 1154 Cyri,
1597 1082 1873 1148 Apollonio,
1897 1082 1998 1135 Da-

465 1145 674 1209 migero,
699 1145 842 1208 Velo,
867 1144 1057 1197 Julia'no
1081 1154 1131 1198 et
1151 1144 1357 1198 Bebtilo.

482 1297 672 1354 Plures
720 1298 991 1356 Arnobius
1022 1300 1135 1356 suis
1176 1301 1229 1355 in
1261 1300 1413 1356 libris
1443 1300 1627 1357 citavit
1669 1309 1724 1358 et
1752 1300 1909 1357 lactis
1938 1309 1994 1357 et

424 1391 641 1459 scriptis
670 1391 906 1447 illustres
934 1392 1103 1456 viros,
1135 1406 1362 1464 quorum
1393 1394 1662 1466 exemplo,
1698 1394 1779 1450 vel
1810 1404 1999 1451 aucto-

417 1483 581 1547 ritate
608 1484 928 1541 documenta
976 1502 1071 1542 sua
1110 1494 1292 1543 tuetur
1316 1501 1379 1542 ac
1404 1487 1709 1545 conﬁrmat.
1739 1488 1845 1544 Sed
1875 1489 1999 1560 quia

415 1579 599 1634 multis
627 1578 789 1635 hosce
820 1581 987 1637 libros
1014 1582 1313 1651 legentibus
1335 1582 1547 1652 quidam
1567 1581 1780 1652 penitus
1808 1582 1997 1653 ignoti,

409 1679 467 1727 et
511 1670 605 1726 alii
654 1687 760 1727 non
797 1672 926 1727 satis
977 1673 1176 1743 cogniti
1220 1687 1341 1729 esse
1369 1682 1614 1744 possunt,
1645 1674 1714 1729 de
1738 1674 1821 1729 bis
1846 1690 1999 1730 seor-

1650 238 2100 301 DISSERTA'I‘IO
2148 241 2311 301 PRE
2321 243 2432 301 VIA

2019 365 2072 426 Α
2165 359 2413 416 Socrates
2439 374 2672 432 quoque,
2703 360 2779 416 ait
2808 330 3099 426 Arnobius,
3136 379 3155 414 ι
3191 359 3426 417 civitatis
3455 374 3567 415 suae
3589 360 3673 430 ju-

3581 241 3687 299 668

2097 453 2243 509 dicio
2262 453 2568 521 damnatus,
2601 453 2816 525 capitali
2844 453 3069 509 allectus
3097 462 3183 509 est
3202 469 3361 525 poena
3391 469 3411 506 ι
3439 452 3685 524 (Arnob.,

2099 549 2138 603 l.
2188 563 2226 613 ι,
2276 565 2330 620 p.
2361 548 2475 619 25).
2508 550 2577 604 At
2622 563 2744 604 eum
2773 565 2803 603 a
2833 546 3038 604 civibus
3088 547 3201 603 suis
3256 545 3677 603 Atheniensibus

2098 651 2272 698 morte
2297 641 2737 709 condemnatum,
2770 642 2999 696 cicutam
3044 639 3266 703 bibisse,
3298 639 3367 695 ab
3408 638 3691 708 scriptori-

2097 734 2199 790 bus
2233 733 2469 801 Laertio,
2496 733 2743 800 Platone,
2775 733 3004 802 aliisque
3044 729 3454 803 quamplurimis
3485 744 3693 785 memo-

2096 826 2193 881 riae
2245 825 2513 896 proditum
2564 835 2686 891 est;
2716 840 2924 895 nosque
2950 825 3018 880 de
3071 823 3216 879 illius
3258 838 3392 879 nece
3438 822 3688 894 quaedam

2098 918 2226 974 alibi
2281 918 2758 974 animadvertimus
2804 918 3024 991 (Laert.,
3075 918 3115 971 ι.
3166 932 3204 972 ιι
3257 917 3311 971 in
3359 914 3465 977 Vit.
3508 915 3690 982 Socr.,

2101 1010 2258 1085 §42;
2289 1010 2456 1078 Plat.,
2486 1011 2541 1065 in
2572 1010 2786 1076 Phaed.,
2817 1021 2854 1064 t.
2892 1027 2932 1075 ι,
2958 1028 3012 1081 p.
3044 1009 3149 1065 117
3175 1026 3190 1076 ;
3222 1009 3442 1080 Apolog.
3482 1007 3688 1064 Socrnt.

2102 1115 2150 1160 et
2179 1105 2304 1160 alibi
2330 1123 2345 1172 ;
2375 1104 2592 1160 Dissert.
2623 1105 2677 1160 in
2702 1105 2921 1168 Minuc.,
2943 1120 2991 1158 c.
3017 1102 3072 1170 6,
3103 1111 3202 1158 art.
3232 1100 3313 1175 2).
3347 1101 3507 1157 Plura
3531 1101 3694 1172 igitur

2098 1212 2394 1270 congerere
2425 1198 2615 1253 inutile
2642 1210 3179 1267 superacaneumque
3209 1194 3368 1250 foret.

2171 1292 2523 1363 Prosequitur
2569 1290 2860 1356 Arnobius,
2892 1304 2955 1343 ac
3003 1287 3333 1343 Trebonium
3366 1286 3530 1341 simili
3560 1300 3691 1358 sup-

2100 1386 2384 1457 pliciorum
2434 1401 2632 1457 genere
2677 1386 3062 1453 interemptum
3120 1380 3337 1436 asserit.
3378 1378 3696 1434 Consularis

2098 1479 2193 1535 ille
2222 1480 2304 1534 vir
2330 1478 2454 1544 fuit,
2490 1487 2545 1534 et
2566 1478 2825 1549 optimus,
2859 1477 3033 1547 inquit
3057 1473 3273 1541 Cicero,
3301 1474 3455 1539 civis,
3483 1488 3547 1528 ac
3576 1488 3696 1530 mo-

2100 1572 2475 1628 deratissimus
2521 1570 2687 1626 homo
2713 1612 2730 1637 ,
2790 1584 2950 1641 quem
2983 1567 3218 1639 perﬁdus
3247 1566 3521 1622 Dolabella
3554 1567 3694 1623 ﬁcte

2099 1664 2477 1735 simulatasque
2523 1662 2775 1719 amicitiae
2824 1660 3068 1717 insidiis:
3101 1677 3120 1711 ι
3144 1657 3491 1716 Consularem
3519 1658 3694 1713 homi-

407 1766 536 1835 sim,
568 1766 778 1838 hocque
800 1767 852 1821 in
875 1767 996 1824 loco
1022 1767 1286 1837 agendum
1318 1767 1606 1835 duximus;
1639 1783 1708 1824 ne
1731 1769 1994 1825 orationis
2024 1754 2071 1820 Β
2098 1771 2247 1823 nem,
2290 1775 2311 1809 ι
2346 1757 2457 1826 ipsa
2486 1764 2610 1810 31""
2635 1755 2883 1825 θὶυδάθω
2912 1752 3190 1809 Ciceronis
3217 1751 3403 1818 νθνδδο
3445 1770 3466 1805 ⁹
3494 1765 3696 1807 οοθθυσ

409 1868 610 1914 nostra;
643 1860 791 1915 tilum
819 1861 870 1916 in
899 1860 1269 1931 superioribus
1310 1859 1772 1931 diSputationibus
1798 1864 1997 1935 saepius

402 1950 904 2021 interrumperetur.
933 1952 1015 2006 Ab
1057 1953 1121 2007 iis
1176 1962 1354 2007 autem
1389 1953 1732 2022 incipiemus,
1764 1968 1995 2025 quorum

415 2040 573 2103 factis
600 2050 658 2100 et
677 2045 938 2116 exemplis
966 2055 1156 2100 auctor
1172 2054 1358 2100 noster
1380 2046 1630 2103 ethnicos
1649 2047 1908 2113 confutet,
1933 2061 1997 2104 ac

409 2137 659 2194 revincit.

473 2232 687 2289 Primus
716 2248 784 2289 ex
809 2232 892 2288 bis
905 2248 1027 2289 sese
1049 2232 1204 2288 nobis
1227 2232 1385 2289 oﬁ'ert
1402 2233 1737 2307 Pythagoras
1757 2234 1993 2303 Samius,

314 2346 315 2349 η
407 2326 496 2397 qui
525 2344 545 2383 ι
577 2327 912 2397 suspicione,
945 2327 1138 2397 inquit,
1164 2326 1554 2385 dominationis
1595 2328 1816 2399 injusta,
1843 2330 1995 2386 vivus

403 2429 786 2476 concrematas
815 2422 867 2474 in
900 2418 1027 2476 l‘ano
1055 2430 1138 2476 est
1176 2441 1195 2475 ι
1228 2420 1471 2494 (Arnob.,
1500 2423 1539 2476 l.
1572 2438 1632 2489 ιι,
1665 2440 1720 2493 ρ.
1743 2421 1858 2494 25).
1892 2420 1996 2477 Va-

406 2513 503 2570 ria:
532 2521 713 2569 autem
743 2512 966 2570 fuerunt
1008 2513 1076 2569 de
1106 2514 1424 2586 Pythagorae
1462 2524 1638 2570 morte
1686 2515 1990 2584 opiniones,

400 2619 537 2676 quas
581 2604 849 2671 Laertius,
884 2605 1131 2673 'l‘zetzes,
1165 2606 1383 2672 Suidas,
1436 2606 1638 2676 aliique
1693 2605 1997 2663 retulerunt

402 2697 626 2772 μασι,
653 2699 691 2755 l.
737 2714 831 2755 vut
858 2742 874 2768 ,
906 2702 960 2756 in
1014 2698 1116 2754 Vit.
1148 2699 1401 2772 Pythoq.,
1434 2699 1462 2773 ε
1493 2700 1563 2757 59
1592 2717 1607 2765 ;
1658 2698 1852 2766 Tum,
1881 2699 1994 2754 clri-

400 2793 528 2850 liad.
570 2809 645 2861 ιι,
697 2811 751 2865 p.
784 2794 892 2852 443
917 2812 931 2859 ;
956 2794 1136 2862 Suid.,
1166 2797 1235 2849 ad
1262 2795 1400 2851 vcrb.
1448 2793 1777 2872 Πυθαγόρας).
1811 2794 1991 2850 Prima

402 2895 508 2950 est,
559 2885 707 2940 illum
759 2887 815 2942 in
863 2885 1025 2942 domo
1053 2885 1267 2943 Milonis
1313 2886 1646 2942 Crotoniatas
1669 2900 1791 2941 cum
1821 2892 1989 2953 esset,

409 2981 691 3051 cujusdam
720 2997 790 3038 ex
820 2981 949 3049 illis,
981 2997 1119 3053 quos
1164 2982 1292 3038 illuc
1317 2982 1602 3038 admittere
1633 2981 1824 3048 noluit,
1856 2980 1994 3039 mvi-

400 3071 511 3140 dia,
540 3072 623 3129 vel
671 3073 1108 3131 Crotoniatarum
1162 3075 1472 3144 suspicione
1520 3084 1779 3145 metuque
1804 3085 1992 3147 tyran-

2098 1851 2196 1906 lari
2229 1850 2457 1921 imperio
2487 1848 2819 1921 provinciam
2850 1846 3031 1903 Asiam
3060 1846 3416 1910 obtinentem,
3448 1844 3694 1901 Samaria

2098 1943 2270 1999 exsuli
2303 1941 2557 2006 tradidit;
2593 1939 2902 1996 interﬁcere
2928 1937 3111 1993 statim
3158 1946 3374 2007 captum
3402 1935 3593 2002 noluit,
3622 1949 3694 1991 ne

2100 2035 2284 2103 nimis,
2314 2034 2498 2101 credo,
2544 2035 2598 2088 in
2628 2032 2869 2087 victoriis
2926 2029 3168 2086 liberalis
3218 2028 3509 2084 videretur.
3556 2026 3692 2083 Cum

2097 2129 2384 2185 verborum
2434 2122 2780 2183 coittumeliis
2825 2126 3089 2194 optimum
3136 2123 3308 2179 virum
3360 2121 3567 2176 incesto
3596 2134 3693 2177 ore

2098 2224 2416 2289 lacerasset,
2448 2231 2561 2279 tum
2591 2219 2910 2276 verberibus
2937 2233 3002 2273 ac
3026 2217 3308 2272 tormentis
3333 2216 3688 2286 quaestionem

2099 2315 2288 2373 habuit
2315 2314 2558 2386 pecuniae
2582 2313 2835 2384 publicae,
2858 2310 3019 2382 idque
3041 2325 3137 2380 per
3156 2309 3398 2374 biduum,
3424 2317 3543 2380 post
3568 2322 3692 2363 cer-

2095 2409 2304 2466 vicibus
2330 2417 2493 2478 caput
2535 2406 2787 2474 abscidit,
2822 2405 2983 2477 idque
3024 2402 3190 2459 ﬁxum
3218 2404 3420 2474 gestari
3445 2402 3607 2473 jussit
3632 2403 3690 2458 in

2099 2504 2231 2574 pilo,
2261 2501 2526 2573 reliquum
2568 2514 2768 2570 corpus
2800 2508 3049 2564 tractum,
3079 2508 3241 2568 atque
3269 2497 3559 2552 laceratum
3588 2497 3689 2551 ab-

2092 2597 2224 2668 jecit
2250 2596 2304 2651 in
2336 2610 2485 2651 mare
2509 2614 2528 2647 ι
2551 2593 2710 2667 (Cia,
2734 2592 2938 2663 Philip.
2962 2608 3016 2659 ιι,
3047 2610 3096 2663 ρ.
3128 2592 3252 2657 6H,
3283 2592 3378 2646 lin.
3402 2591 3515 2662 50).
3548 2590 3689 2646 Tum

2096 2688 2296 2745 deinde
2347 2688 2491 2743 hunc
2536 2687 2862 2743 Trebonium
2909 2701 3033 2741 eum
3084 2684 3308 2757 Regulo,
3338 2685 3691 2756 quemadmo—

2098 2781 2224 2837 dum
2264 2790 2455 2836 auctor
2497 2784 2720 2846 noster,
2774 2780 2853 2835 sic
2899 2779 3180 2850 conjuugit
3207 2821 3224 2845 ,
3255 2788 3309 2834 et
3357 2779 3688 2848 componit:

2102 2893 2123 2929 ι
2157 2875 2440 2931 Cruciatus
2466 2883 2549 2928 est
2578 2888 2607 2927 a
2637 2872 2913 2928 Dolabella
2965 2870 3289 2935 Trebonius,
3317 2879 3375 2926 et
3415 2870 3624 2942 quidem
3653 2886 3691 2927 a

2096 2968 2619 3039 Cartltnginensibus
2670 2963 2927 3037 Regulus.
2960 2964 3019 3020 ln
3047 2980 3153 3035 qua
3182 2980 3244 3020 re
3270 2980 3395 3020 cum
3421 2963 3688 3019 crudelis.

2097 3065 2219 3120 simi
2250 3063 2401 3120 Poeni
2425 3061 2650 3133 judicati
2678 3062 2787 3117 sint
2830 3063 2884 3119 in
2912 3060 3088 3125 hoste,
3121 3061 3250 3122 quid
3303 3060 3356 3114 in
3383 3059 3500 3121 cive
3527 3058 3691 3115 Dola-

400 3163 564 3233 nidis,
597 3166 784 3224 eadem
811 3166 973 3225 domo
1013 3170 1257 3233 incensa.
1280 3167 1513 3229 ﬂammis
1559 3168 1727 3225 fuisse
1755 3167 1990 3225 suﬁ'oea-
2022 3149 2068 3213 Ο
2098 3154 2238 3210 hem
2260 3153 2583 3225 iudicandus
2600 3153 2717 3207 83‘?
2742 3170 2762 3205 ³
2789 3150 3050 3225 (“Modi-
3075 3152 3314 3219 “5.15m
3341 3153 3439 3217 ίός
3462 3152 3685 3220 Ανποιοι

400 3265 534 3315 tum.
568 3259 671 3316 Alii
704 3276 836 3317 vero
866 3261 1086 3318 tradunt
1116 3262 1289 3329 illum,
1333 3262 1461 3319 inde
1488 3271 1760 3332 ereptum,
1790 3263 1843 3318 in
1863 3278 1993 3333 agro

400 3350 543 3407 labis
573 3353 732 3423 pleno
778 3355 1024 3425 jugulum
1076 3356 1524 3426 persequentibus
1549 3356 1786 3413 dedisse.
1822 3357 1994 3412 Dicae-

413 3444 613 3503 archus
642 3462 772 3503 vero
797 3451 1048 3517 opinatus
1094 3458 1180 3504 est
1228 3450 1404 3519 ipsum
1457 3450 1514 3506 in
1542 3449 1813 3507 Musarum
1838 3451 1994 3507 delu.

402 3535 522 3602 bro,
558 3539 702 3608 quod
733 3539 1028 3611 Metapmiti
1057 3550 1163 3607 est,
1214 3558 1312 3613 per
1355 3542 1711 3613 quadraginta
1761 3544 1876 3601 dies
1900 3544 1997 3600 ab-

401 3629 730 3698 sconditum,
761 3631 904 3689 fame
929 3641 985 3689 et
1025 3634 1207 3691 inedia
1234 3634 1410 3705 egisse
1439 3634 1692 3690 animam.
1725 3635 1873 3695 Alias
1901 3635 1995 3691 ad-

404 3719 508 3775 huc
532 3720 780 3777 Laertius
809 3723 1152 3793 de.ejusdem
1185 3725 1505 3799 Pythagorae
1525 3728 1748 3785 interitu
1771 3737 1994 3785 senten-

380 3805 502 3862 ,tias
535 3806 835 3865 Heraclidis
863 3820 919 3866 et
940 3810 1216 3884 Hermippi
1240 3825 1453 3871 enarrat
1486 3812 1706 3884 (Laert.,
1736 3815 1833 3868 loc.
1855 3815 1991 3887 cit.).

403 3901 472 3957 Αι
502 3900 719 3958 brevius
749 3903 1067 3961 Plutarchus
1088 3924 1101 3960 :
1120 3910 1186 3965 Τὸ
1205 3911 1296 3983 μὲν
1317 3911 1383 3965 τὰ
1402 3915 1617 3966 τοιαῦτα
1637 3914 2000 3984 συμπτώματα

401 4004 502 4053 τῶν
515 3998 679 4053 καλῶν
692 4003 777 4056 καὶ
795 4002 991 4076 ἀγαθῶν
1011 4001 1220 4080 ἀνδρῶν,
1240 4000 1341 4063 οἷον
1370 4006 1401 4063 ἡ
1425 4006 1724 4080 Σωκράτους
1738 4005 1995 4073 καταδίκη,

402 4095 487 4147 καὶ
513 4092 539 4148 ὁ
569 4095 859 4174 Πυθαγόρου
889 4101 1075 4161 ζῶντος
1118 4100 1421 4175 ἐμπρησμὸς
1461 4101 1564 4155 ὑπὸ
1589 4107 1688 4155 τῶν
1716 4102 1999 4161 Κυλωνείων

399 4181 722 4254 (Plutarch.,
751 4188 813 4243 de
860 4188 1083 4244 Stoicor.
1112 4202 1446 4262 repugnant.,
1477 4201 1598 4247 tom.
1633 4208 1690 4261 ιι,
1721 4211 1773 4265 p.
1809 4192 1996 4264 1051).

399 4273 522 4333 lant
583 4277 940 4348 hujuscemodi
1003 4282 1367 4352 prtrclurorum
1431 4284 1656 4339 uirorum
1721 4285 1999 4340 calamita-

403 4377 506 4434 tes,
547 4370 714 4441 qualis
755 4373 854 4443 [nil
904 4374 1258 4428 condemnatio
1304 4374 1571 4441 Socratis,
1609 4376 1747 4445 quod
1797 4374 1999 4448 Pytha-

2097 3248 2134 3304 ι.
2168 3264 2205 3313 ι,
2238 3266 2291 3319 ρ.
2314 3245 2434 3318 85.)
2456 3246 2685 3302 Exstant.
2709 3245 3003 3302 etiamnum
3045 3246 3186 3300 inter
3205 3245 3483 3300 Ciceronis
3511 3242 3691 3314 Opera

2094 3351 2296 3397 mutua:
2324 3339 2568 3411 epistolae
2599 3338 2852 3394 Trebonii
2883 3338 2951 3393 ad
2974 3336 3293 3393 Ciceronem
3320 3347 3377 3392 et
3404 3335 3689 3393 Ciceronis

2095 3434 2163 3489 ad
2194 3433 2555 3498 Trebonium,
2610 3442 2772 3503 atque
2824 3431 2896 3487 ibi
2940 3431 3102 3488 etiam
3134 3429 3395 3487 Lentulus
3446 3429 3571 3485 data
3619 3428 3691 3485 ad

2097 3526 2349 3583 eumdem
2390 3525 2706 3581 Ciceronem
2753 3523 3003 3594 epistola,
3038 3540 3059 3579 ι
3089 3522 3342 3578 Trebonii
3379 3521 3694 3593 indignisle

2099 3635 2240 3675 mam
2272 3618 2508 3674 caedem»
2536 3618 2774 3689 appellat
2800 3614 3011 3686 (Ciam.
3042 3616 3084 3671 l.
3112 3631 3206 3681 xu,
3236 3631 3321 3685 ep.
3354 3616 3444 3682 15,
3464 3611 3692 3686 p.149).

2100 3714 2178 3771 De
2215 3714 2406 3786 Reguli
2447 3724 2651 3779 autem,
2679 3727 2839 3782 quem
2871 3721 2929 3766 ut
2959 3711 3201 3782 proxime
3225 3708 3430 3766 dictum
3458 3717 3559 3773 est,
3590 3722 3690 3769 an-

2099 3816 2217 3862 ctor
2243 3816 2428 3863 noster
2446 3805 2757 3862 Tbrebonio
2776 3803 3074 3873 coniungit,
3088 3800 3298 3858 crudeli
3331 3801 3492 3859 etiam
3524 3800 3692 3868 caede,

2102 3916 2202 3957 nos
2236 3903 2289 3956 in
2343 3900 2613 3972 superiori
2653 3899 3033 3956 dissertatione
3084 3898 3292 3967 egimus
3342 3894 3585 3966 (Dissert.
3638 3894 3695 3950 in

2103 3994 2303 4051 Minue.
2340 3994 2544 4060 Oetam,
2576 4009 2624 4047 ε.
2653 3994 2708 4057 6,
2739 4002 2839 4046 art.
2869 3994 2924 4057 5,
2950 4001 2997 4047 et
3016 4006 3067 4046 c.
3099 3989 3187 4056 19,
3216 4000 3318 4045 art.
3346 3987 3428 4060 4).

2174 4089 2409 4156 Quartus
2439 4087 2506 4142 ab
2532 4086 2776 4142 Aruobio
2798 4091 3128 4140 memoratur
3148 4082 3396 4154 Aquilius
3422 4082 3512 4153 qui
3533 4081 3699 4138 diris-

2103 4184 2257 4238 simis
2304 4180 2636 4237 cruciatibus
2665 4193 2695 4232 a
2737 4178 3046 4234 Mithridate
3089 4175 3301 4233 occisus
3329 4184 3412 4230 est
3441 4193 3455 4231 :
3500 4173 3597 4231 sed
3626 4174 3698 4231 de

2105 4293 2171 4334 eo
2194 4292 2408 4349 quoque
2437 4277 2490 4331 in
2513 4272 3007 4345 eadem-superiori
3038 4270 3422 4327 dissertatione
3450 4268 3697 4340 disputa-

2105 4371 2280 4426 vimus
2306 4369 2493 4441 (lbid.,
2534 4386 2582 4423 c.
2617 4370 2672 4434 6,
2704 4378 2803 4422 art.
2833 4368 2906 4433 ὃς
2935 4363 3158 4432 Meum,
3185 4368 3299 4419 crit.
3328 4362 3545 4428 Arnob,
3587 4364 3624 4418 Ι.
3655 4378 3695 4430 l,

403 4479 545 4537 goria
600 4464 710 4518 vivo
759 4482 792 4518 a
839 4463 1075 4538 Cyloneis
1134 4478 1207 4523 est
1262 4467 1467 4525 illatum
1529 4470 1839 4531 incendium.
1894 4470 2001 4535 Sed
2104 4482 2153 4521 ο.
2186 4465 2277 4531 10,
2301 4481 2353 4536 ρ.
2384 4463 2497 4534 19).
2526 4465 2596 4518 At
2616 4462 2742 4519 inde
2766 4463 2935 4532 liquet
2955 4476 3148 4515 vanam
3168 4473 3292 4515 esse
3317 4458 3539 4513 Meursii
3565 4472 3701 4513 con-

399 4565 579 4615 utrum
612 4556 701 4615 hic
748 4558 800 4613 in
829 4559 993 4616 domo
1019 4560 1217 4633 aliqua,
1253 4562 1339 4618 vel
1380 4563 1432 4619 in
1462 4563 1586 4623 iano
1617 4574 1997 4623 concrematas
2023 4542 2078 4605 Ῑ)
2103 4560 2395 4629 jecturam,
2420 4556 2511 4627 qui
2551 4558 2605 4611 in
2646 4556 2891 4611 auctoris
2932 4555 3105 4610 nostri
3133 4561 3280 4608 textu
3303 4567 3405 4623 pro
3434 4550 3699 4622 Aquilius,

400 4648 584 4716 fuerit,
623 4653 837 4723 penitus
885 4662 1044 4711 tacet.
1082 4654 1274 4710 Verum
1318 4655 1385 4711 de
1427 4656 1567 4715 illius
1594 4666 1768 4717 morte
1799 4659 1998 4734 aliquid
2105 4652 2389 4723 legendum
2440 4652 2743 4722 suspicatur
2772 4649 2986 4712 Acilius,
3018 4661 3251 4717 eumque
3282 4660 3404 4701 esse
3432 4646 3567 4710 vult,
3600 4645 3698 4715 qui

400 4743 529 4799 alibi
554 4744 963 4803 observavimus
1005 4745 1067 4821 (ι.
1114 4765 1129 4805 ι
1172 4748 1449 4823 ApparaL,
1474 4751 1712 4821 12.1125,
1740 4763 1787 4807 et
1816 4754 2001 4828 seqq.).

400 4833 502 4891 Adi
548 4835 754 4905 adhuc,
804 4838 851 4897 si
891 4838 1106 4911 placet,
1151 4840 1416 4897 Malcltum
1466 4841 1995 4919 Jamblicum,Tze-

400 4935 539 4985 tzem
582 4939 637 4984 et
679 4930 817 4987 alios
866 4931 921 4986 in
970 4932 1286 5006 Pythagora:
1330 4936 1514 5001 vitam,
1547 4945 1708 5010 atque
1745 4937 1996 5010 Menagii,

400 5032 457 5077 et
496 5020 725 5078 aliorum
778 5025 829 5079 in
869 5025 1092 5081 citatum
1133 5026 1333 5083 Lacrtii
1384 5029 1563 5085 locum
1618 5032 1998 5088 aunotationes

405 5111 700 5183 (Jamblic.,
721 5116 759 5170 l.
790 5133 807 5172 ι
839 5117 903 5172 de
940 5116 1043 5171 Vit.
1100 5117 1351 5190 Pytltag.,
1374 5137 1421 5174 c.
1454 5121 1565 5185 35;
1600 5120 1797 5187 Tacta,
1834 5121 1996 5191 Hist.,

401 5208 619 5263 ohiliad.
651 5224 738 5274 ιι,
769 5224 818 5264 υ.
853 5211 921 5267 b9
944 5221 991 5266 et
1020 5215 1208 5284 seqq.).
1244 5213 1483 5284 Denique
1528 5215 1672 5285 quod
1720 5217 2001 5288 subjunxit

410 5301 683 5357 Arnobius
736 5312 922 5359 uoster
964 5305 1323 5377 Pythagoram
1374 5306 1553 5361 vivum
1610 5308 1992 5377 combustum,

410 5412 429 5447 ι
462 5391 771 5461 suspicione
822 5394 1206 5452 dominationis
1258 5398 1477 5470 injusta,
1513 5417 1532 5455 ι
1563 5398 1663 5455 hoc
1692 5401 2005 5461 conﬁrmari

406 5493 584 5556 potest
607 5483 926 5541 Tertulliani
954 5491 1392 5564 testimonio,qui
1418 5491 1559 5548 haud
1585 5492 1895 5549 dubitanter
1915 5510 2002 5551 as-

402 5589 625 5634 severat
654 5580 966 5637 aﬁ‘ectatam
998 5583 1066 5638 ab
1099 5600 1166 5640 eo
1196 5586 1362 5642 fuisse
1387 5587 1726 5659 tyrannidem
1754 5588 2003 5663 (Arnob.,

403 5675 442 5730 ι.
470 5690 505 5743 ι,
539 5692 591 5746 p.
624 5673 729 5739 25;
764 5675 1096 5741 Tertullian..
1120 5677 1340 5752 Apolog.
1362 5725 1377 5749 ,
1406 5698 1452 5736 ο.
1494 5681 1610 5754 16).
1644 5682 1751 5740 Sed
1789 5682 1857 5739 de
1903 5683 2006 5739 hac

406 5781 469 5823 re
499 5784 531 5822 ιι
554 5781 617 5824 os
656 5781 756 5823 suo
806 5769 926 5826 loco
956 5769 1174 5825 uberius
1204 5770 1610 5842 disputabimus.

2099 4746 2240 4801 sicut
2283 4744 2481 4800 cecinit
2528 4741 2838 4806 iuvenalis,
2870 4739 2938 4794 ab
2989 4738 3085 4794 illo
3132 4740 3361 4805 citatus,
3395 4752 3426 4792 a
3471 4736 3696 4792 Nerone

2103 4852 2246 4891 saeva
2276 4844 2449 4892 morte
2476 4850 2508 4891 e
2537 4833 2716 4890 medio
2744 4832 2988 4888 sublatus
3011 4839 3114 4886 est.
3151 4829 3232 4885 Ex
3279 4830 3350 4885 ibi
3400 4829 3599 4900 quippe
3626 4828 3699 4886 de

2103 4931 2316 5000 Aquilio
2340 4929 2501 4984 dictis
2515 4926 2794 4983 evidenter
2812 4924 3103 4997 colligitur,
3135 4922 3271 4979 nihil
3301 4923 3355 4978 in
3380 4920 3699 4983 Arnobiauo

2106 5033 2255 5081 textu
2295 5019 2636 5077 mutandum.

2174 5116 2279 5174 Ubi
2312 5130 2446 5171 vero
2475 5124 2664 5171 auctor
2694 5122 2879 5170 noster
2905 5112 3214 5168 christiana:
3243 5109 3525 5180 religionis
3553 5108 3697 5165 veri-

2101 5218 2269 5265 tatem
2318 5206 2638 5271 innumeris,
2678 5215 2841 5275 atque
2891 5204 2997 5260 huc
3031 5218 3201 5273 usque
3243 5201 3498 5258 inauditis
3545 5200 3703 5257 Citri-

2104 5303 2172 5358 sti
2206 5301 2484 5358 miraculis
2509 5300 2871 5366 demonstrat,
2897 5298 2973 5354 ibi
3000 5297 3206 5354 nullum
3235 5296 3390 5367 plane
3429 5294 3498 5351 ab
3524 5294 3704 5353 ethni-

2103 5408 2289 5452 corum
2336 5394 2507 5466 magis
2540 5402 2633 5450 aut
2678 5408 2775 5463 per
2823 5405 2902 5457 se,
2935 5399 3028 5445 aut
3054 5405 3152 5460 per
3183 5389 3317 5445 alios
3342 5389 3593 5445 similiter
3620 5387 3703 5445 la-

2105 5502 2250 5543 etum
2302 5496 2451 5542 recte
2498 5486 2796 5542 contendit.
2830 5483 2984 5553 Quod
3015 5484 3234 5554 quidem
3268 5483 3481 5541 illorum
3512 5482 3706 5554 probat

2107 5579 2384 5649 exemplo.
2415 5579 2505 5650 qui
2536 5581 2748 5634 caeteris
2768 5586 2884 5633 arte
2922 5577 3129 5648 magica
3157 5575 3535 5632 antecelluisse
3562 5574 3705 5634 fere-

2109 5673 2322 5731 bantur.
2351 5670 2461 5727 Eos
2481 5679 2659 5727 autem
2689 5669 2803 5727 suis
2825 5670 3133 5727 nominibus
3152 5668 3232 5724 sic
3252 5667 3491 5739 appellat
3514 5684 3527 5721 :
3558 5669 3706 5740 «Age

2110 5783 2276 5841 nunc,
2308 5769 2517 5837 veniat,
2549 5781 2761 5838 quaeso,
2788 5782 2886 5837 per
2918 5767 3133 5838 igneam
3179 5779 3369 5822 sonam
3399 5778 3590 5837 magus
3614 5764 3704 5821 in-
