3986 6058
294 191 403 253 669

1482 196 1549 253 IN
1584 195 1964 266 ABMI,
2007 194 2159 255 CAP.
2204 194 2397 257 XXVI.

3475 190 3579 249 G70

303 314 500 371 teriore
520 314 588 372 ab
606 315 741 373 orbe
766 317 1101 385 Zoroastres,
1120 312 1416 385 ﬂet-rumpo
1444 322 1503 368 ut
1528 312 1886 369 assentiamur
1912 317 1966 387 Α
1993 331 2013 366 ι
2046 313 2157 384 jam
2183 311 2457 369 vocabulis
2484 320 2626 379 utar,
2648 310 2850 383 mribus
2866 310 3078 371 auctrix
3448 310 3583 366 ista-

300 410 532 475 auctori,
568 408 928 469 Bactrianus:
962 419 1017 467 et
1041 408 1134 467 ille
1157 407 1461 475 conveniat,
1496 410 1650 479 cujus
1678 408 1890 465 Ctesias

292 513 392 555 res
430 508 611 570 gestas
660 501 1006 557 historiarum
1028 498 1343 571 esponitin
1376 500 1569 569 primo,
1602 498 1889 559 Armenius

222 656 249 673 ο
313 593 581 650 Zostriani
599 610 790 665 nepos,
818 603 874 651 et
895 593 1174 649 familiaris
1203 593 1518 662 Pamphilus
1540 592 1692 666 Cyri.
1722 594 1888 664 Apol-

303 687 516 750 ionius,
567 686 873 757 Damigero,
926 696 980 742 et
1029 686 1328 751 Dardanus,
1356 685 1520 741 Velus
1566 685 1810 740 Julianus
1837 694 1892 740 et

301 777 557 834 Boebulus
590 797 610 830 ι
642 779 880 850 (Arnob,
909 780 947 832 l.
972 795 1017 843 ηι,
1052 797 1105 848 p.
1130 780 1248 850 51).
1279 778 1388 835 Sed
1414 778 1627 848 plurimi
1657 793 1891 849 conque-

297 882 495 927 runtur
536 870 682 928 finde
731 881 1043 943 corruptum
1092 887 1215 927 esse
1264 870 1413 925 hunc
1465 872 1661 927 locum.
1711 871 1891 925 Primo

290 965 446 1021 enim
489 965 754 1021 Heraldus
784 966 1079 1020 arbitratur
1118 965 1235 1019 haec
1283 963 1467 1027 verba,
1496 979 1647 1032 super
1688 964 1892 1034 igneam

297 1074 483 1113 zonam
530 1058 999 1130 interpretamenti
1046 1058 1159 1112 vice
1201 1056 1407 1127 adjecta
1455 1071 1595 1117 esse,
1628 1066 1793 1126 atque
1820 1055 1890 1110 ibi

298 1151 587 1217 Azonacis,
620 1153 709 1222 qui
739 1160 879 1206 teste
905 1151 1081 1206 Plinio
1106 1166 1318 1222 magus,
1347 1161 1402 1205 et
1420 1148 1724 1205 Zoroastris
1747 1164 1891 1219 prte-

296 1253 489 1314 ceptor
516 1243 616 1299 fuit
641 1285 656 1310 ,
685 1245 1015 1299 mentionem
1047 1243 1163 1298 ﬁeri
1195 1241 1393 1313 (Plin.,
1416 1242 1457 1296 t.
1487 1257 1596 1296 xxx
1624 1239 1763 1295 Hist.
1791 1257 1890 1294 na-

300 1350 430 1405 tur.,
461 1354 511 1394 c.
544 1342 573 1395 1
599 1381 612 1405 ,
648 1355 702 1411 p.
733 1338 884 1409 725).
934 1338 1278 1409 Quapropter
1324 1339 1405 1393 sic
1440 1344 1628 1392 censet
1682 1343 1890 1390 textum

294 1446 423 1488 esse
465 1430 903 1488 restituendum:
948 1450 973 1483 ι
1004 1431 1199 1487 Veniat
1224 1431 1349 1501 quis
1379 1431 1660 1485 Azmtaces
1703 1443 1892 1499 magus

300 1526 562 1582 interiore
588 1526 657 1580 ab
683 1526 839 1593 orbe,
873 1525 1170 1596 licrmippo
1194 1534 1253 1579 ut
1278 1524 1638 1580 assentiamur
1661 1522 1888 1578 auctori.

292 1618 616 1674 Bactrianus
637 1627 692 1674 et
714 1618 808 1674 ille
835 1617 1180 1683 conveniam
1215 1617 1267 1671 id
1296 1626 1401 1682 est,
1430 1614 1768 1681 Zoroastres,
1801 1613 1890 1684 qui

1993 423 2112 462 rum
2136 407 2308 478 magis
2331 413 2505 470 sonat,
2528 404 2817 467 Hostanes.
2842 412 2904 460 et
2929 403 3176 475 Typhon,
3195 413 3254 461 et
3281 401 3576 469 Dardanus,

1992 509 2047 556 et
2078 500 2415 569 Damigeron,
2460 509 2515 555 et
2540 498 2809 566 Nectabis,
2854 508 2913 554 et
2944 498 3204 555 Berenice
3240 516 3260 551 ι
3288 496 3578 573 (Tertull.,

1994 590 2082 645 lib.
2113 591 2177 646 de
2205 590 2401 654 Anim,
2431 608 2547 661 cap.
2572 590 2689 662 57‘).

2065 683 2198 741 Tres
2218 682 2395 752 itaque
2420 683 2490 739 ab
2525 683 2614 738 illo
2655 694 2711 738 et
2738 684 2964 753 Apuleio
2991 691 3383 748 memorantur.
3425 682 3583 740 sicuti

1992 784 2048 831 et
2067 776 2134 841 ab
2154 784 2381 831 auctore
2406 786 2595 839 nostro
2616 777 2875 832 nimirum
2910 777 3247 846 Apollonius,
3278 776 3580 848 Damigero,

1992 878 2047 924 et
2076 867 2355 933 Dardanus
2374 868 2395 941 (
2417 868 2635 935 Arnob,
2675 867 2765 923 lib.
2797 885 2836 933 ι,
2866 885 2988 940 pag.
3018 869 3083 931 51
3111 867 3153 940 ).
3182 868 3373 927 Plures
3396 880 3582 925 autem

1990 978 2192 1021 nomen
2230 962 2500 1035 Apollonii
2524 978 2651 1019 cum
2696 962 2873 1023 sortiti
2914 963 3115 1019 iuerint
3140 1005 3154 1030 ,
3196 962 3454 1034 numquid
3494 961 3582 1018 hic

1990 1056 2099 1113 dici
2124 1064 2306 1127 potest
2337 1055 2656 1124 Apollonius
2695 1055 2999 1127 Tyanteus;
3022 1056 3113 1126 qui
3134 1065 3273 1112 teste
3300 1054 3483 1121 Suida,
3514 1055 3585 1113 ab

1993 1148 2281 1221 Egyptiis,
2309 1147 2646 1221 Babyloniis,
2677 1158 2836 1218 atque
2865 1148 3153 1212 Arabibus,
3181 1163 3320 1220 quos
3351 1148 3582 1215 adierat,

1994 1240 2227 1299 inﬁnitas
2248 1241 2548 1315 praestigias
2574 1241 2833 1312 collegit?
2862 1240 3051 1297 Nonne
3077 1242 3130 1296 id
3154 1243 3373 1312 scriptis
3397 1258 3424 1294 a
3458 1241 3585 1296 Phi.

1993 1332 2215 1395 lostrato
2240 1333 2308 1390 de
2330 1334 2492 1407 huius
2518 1335 2795 1406 Apollonii
2818 1335 2922 1388 vita
2948 1334 3103 1391 libris
3125 1333 3434 1393 conﬁrmari
3458 1350 3586 1404 pos-

1992 1438 2096 1492 set,
2145 1427 2247 1483 nisi
2288 1427 2409 1485 illos
2446 1427 2639 1484 fabulis
2664 1428 2898 1485 anilibus
2936 1439 3148 1485 scatere
3176 1428 3373 1485 eruditi
3405 1427 3585 1497 plures

1993 1518 2092 1575 viri
2120 1519 2440 1577 censerent?
2465 1519 2665 1576 Eorum
2689 1520 2852 1591 igitur
2876 1519 3249 1576 auctoritatem
3300 1536 3406 1574 non
3431 1532 3587 1589 urge-

1992 1613 2191 1671 bitnus.
2210 1615 2284 1677 At
2304 1624 2453 1669 certe
2474 1630 2656 1683 nemo,
2685 1616 2759 1673 uti
2782 1614 3087 1683 opinamur,
3107 1613 3587 1684 negabiteumdem

292 1710 467 1783 patria
498 1712 819 1767 Bactrianus
847 1721 984 1766 erat.
1018 1710 1222 1766 Verum
1251 1710 1335 1764 liae
1354 1724 1521 1763 merae
1566 1708 1889 1778 conjectum
1919 1719 1968 1781 Β
1996 1708 2337 1780 Apollonium
2386 1723 2598 1780 magum
2643 1708 2711 1765 ab
2753 1709 3002 1779 Apuleio,
3055 1717 3217 1779 atque
3267 1708 3336 1765 ab
3370 1718 3589 1775 auctore

292 1814 443 1871 sunt,
487 1820 611 1877 qua:
636 1820 741 1860 nec
789 1804 1164 1875 manuscripti.
1195 1818 1297 1859 nec
1336 1803 1498 1858 ullius
1534 1802 1662 1857 editi
1687 1801 1889 1857 codicis

290 1897 615 1953 auctoritate
651 1897 1019 1953 stabiliuntur.
1077 1896 1302 1952 lluetius
1330 1904 1535 1963 tamen,
1587 1895 1890 1951 Abrincen-

290 1991 436 2046 sium
474 1989 609 2045 olim
650 1990 964 2061 episcOpus,
1002 1990 1218 2045 videtur
1258 1988 1491 2044 Heraldo
1518 2004 1673 2043 suum
1705 1989 1892 2043 tulisse

292 2084 638 2154 suﬂ‘ragiutn,
683 2097 784 2138 nec
811 2082 955 2138 aliud
1008 2092 1159 2153 putat
1181 2083 1248 2138 ab
1291 2082 1531 2136 Arnobio
1577 2080 1888 2151 significari,

292 2176 399 2231 nisi
429 2191 443 2228 :
473 2192 495 2227 ι
526 2174 611 2230 Ex
629 2174 909 2245 Ethiopia
938 2176 1199 2230 interiore
1225 2189 1320 2244 per
1340 2175 1549 2245 igneam
1579 2188 1769 2228 zonam
1793 2185 1892 2227 ve-

293 2270 444 2326 nisse
492 2269 840 2326 Zoroastrem
869 2290 890 2322 1
929 2268 1139 2342 (ἥκει,
1170 2267 1469 2323 Demonstr.
1516 2267 1739 2338 Eormg.,
1766 2282 1890 2337 pro-

293 2367 451 2438 posit.
491 2364 550 2430 4,
580 2382 628 2419 c.
657 2365 719 2427 5,
759 2381 813 2435 p.
850 2364 945 2433 89,
973 2366 1054 2434 ιι).
1114 2363 1343 2419 Putabat
1380 2363 1529 2419 enim
1572 2364 1656 2417 vir
1682 2361 1775 2416 ille
1804 2361 1895 2418 do-

296 2469 440 2524 ctus,
470 2458 612 2512 sicut
652 2466 707 2512 et
760 2458 850 2512 alii
895 2458 1099 2527 plures,
1133 2456 1279 2512 hunc
1334 2456 1404 2511 ab
1431 2456 1669 2512 Arnobio
1720 2457 1892 2526 patria

294 2549 736 2620 dicizﬁtbiopem
752 2548 997 2621 (Arnob.,
1032 2550 1072 2607 l.
1094 2564 1133 2615 ι,
1166 2566 1221 2620 p.
1253 2548 1320 2613 5;
1352 2566 1499 2619 ιαμ,
1532 2548 1653 2615 ο.4,
1685 2556 1786 2602 art.
1809 2548 1889 2620 4).

295 2642 495 2711 Quidni
523 2657 656 2697 vero
678 2642 970 2703 credamus
994 2656 1120 2696 eum
1144 2641 1214 2696 ab
1246 2640 1488 2696 Arnobio
1507 2638 1613 2695 dici
1648 2640 1893 2696 Bactria-

296 2750 453 2800 num,
494 2749 655 2805 quem
684 2749 846 2805 supra
875 2734 1191 2801 Bactrianis,
1226 2733 1300 2787 ttti
1332 2732 1759 2797 observavimus,
1793 2734 1894 2788 im-

297 2840 540 2894 perasse,
569 2836 625 2883 et
648 2826 916 2882 adversus
966 2825 1161 2883 Ninum
1216 2826 1444 2896 magicis
1498 2826 1706 2881 artibus
1733 2824 1893 2881 dimi-

296 2934 452 2975 casse
493 2918 704 2981 dixerat
728 2920 752 2974 l
779 2919 890 2977 Nec
930 2920 1099 2978 refert
1134 2919 1278 2990 quod
1320 2932 1521 2979 nomen
1562 2919 1891 2985 Bactrianus,

296 3015 491 3070 ultimo
547 3025 601 3070 et
652 3016 931 3071 remotiori
982 3017 1122 3081 loco,
1158 3016 1209 3070 in
1264 3017 1499 3071 auctoris
1544 3017 1711 3070 nostri
1745 3026 1893 3073 textu

1994 1812 2179 1859 nostro
2203 1800 2478 1871 appellari.

2063 1898 2145 1957 Ad
2186 1896 2308 1953 hinc
2363 1911 2512 1962 vero,
2573 1915 2592 1949 ι
2622 1897 2954 1963 Dardanum,
2986 1916 3008 1957 ›
3042 1899 3214 1967 tuqutt
3236 1896 3464 1963 Plinius,
3500 1912 3521 1948 ι
3557 1908 3591 1961 e

1994 1992 2544 2051 Pbaniceillustravit
2569 1992 2928 2059 Democritus,
2970 1989 3334 2053 voluminibus
3358 1987 3590 2047 Dardani

1993 2086 2046 2141 in
2094 2085 2441 2156 scpulchrurn
2486 2085 2608 2155 ejus
2648 2086 2830 2155 petitis
2872 2082 3069 2160 (Plin.,
3141 2083 3231 2139 lib.
3282 2097 3392 2139 xxx
3442 2080 3583 2141 Hist.

1993 2188 2191 2249 ωηιξη,
2218 2196 2336 2250 cap.
2367 2179 2421 2243 1.
2454 2194 2574 2250 pag.
2605 2178 2707 2233 727
2729 2176 2772 2250 ).
2805 2177 2990 2249 Magia
3012 2182 3194 2235 autem
3228 2173 3423 2231 deditis
3448 2173 3590 2235 hunc

1995 2279 2064 2330 ab
2120 2275 2347 2344 Apuleio
2389 2284 2442 2329 et
2484 2272 2820 2330 Tertulliano
2865 2279 3277 2339 annumeratum
3328 2267 3584 2325 vidimus.

1994 2366 2129 2429 Eam
2156 2381 2289 2422 sane
2314 2366 2385 2423 ob
2408 2380 2626 2421 causam
2649 2366 2872 2436 magicae
2898 2374 3044 2420 artes
3066 2378 3102 2418 a
3130 2359 3424 2419 Columella
3455 2359 3588 2417 Der.

1994 2458 2167 2523 danitu
2196 2458 2282 2531 bis
2307 2458 2646 2529 appellantur
2677 2458 2920 2519 versibus
2950 2474 2963 2509 :

2089 2573 2153 2637 _At
2174 2574 2218 2637 si
2238 2571 2368 2623 nulla
2388 2571 2520 2622 valet
2538 2573 2783 2627 medicina
2802 2571 3058 2637 repellere
3081 2575 3293 2634 pestem,

1995 2684 1999 2688 _
2088 2634 2345 2689 Dardania:
2369 2637 2565 2689 veniant
2586 2643 2738 2691 artes.

2305 2716 2581 2782 (ColumeL,
2604 2717 2687 2772 lib.
2715 2734 2746 2771 χ
2767 2718 2830 2771 de
2855 2718 2997 2771 Cultu
3016 2718 3215 2779 Itortor.,
3240 2729 3367 2768 vers.
3391 2712 3524 2779 250.)

1996 2828 2126 2897 Quis
2144 2828 2321 2898 itaque
2344 2827 2637 2889 Arnobium
2669 2826 2736 2881 de
2765 2827 2865 2883 hoc
2892 2824 3138 2881 Dardano
3164 2822 3311 2893 loqui
3344 2818 3589 2883 abnuet?

1995 2920 2122 2975 Post
2150 2919 2479 2976 Clementem
2505 2934 2632 2975 vero
2664 2916 3083 2974 Alexandrinum
3115 2915 3204 2975 ille
3234 2914 3360 2973 alibi
3385 2912 3584 2971 Darda-

1996 3028 2123 3069 num
2164 3013 2475 3087 compellat,
2520 3011 2613 3083 qui
2656 3010 2927 3084 Phrygiae,
2978 3010 3092 3067 sive
3141 3008 3363 3065 deorum
3402 3005 3587 3063 Matris

295 3108 528 3176 positum
557 3107 645 3161 sit.
692 3107 986 3162 Peculiaris
1031 3106 1297 3178 siquidem
1333 3107 1477 3162 illius
1521 3117 1605 3161 est
1634 3107 1888 3179 loquendi
1914 3112 1961 3181 ε
1994 3109 2245 3179 mysteria
2276 3107 2591 3177 patefecisse
2621 3106 2955 3167 credebatur.
2985 3103 3090 3163 Sed
3118 3103 3184 3159 de
3212 3101 3301 3157 illo
3333 3102 3384 3157 in
3415 3116 3579 3170 supe-

292 3198 510 3264 modus,
540 3214 647 3270 quo
681 3199 994 3271 hyperbatis
1027 3201 1225 3269 passim
1260 3199 1457 3268 ubique
1488 3199 1673 3253 utitur.

364 3291 679 3346 Zoroastres
719 3306 849 3346 vero
887 3307 991 3347 non
1039 3292 1215 3346 solum
1257 3307 1444 3361 magus
1469 3291 1601 3359 fuit,
1632 3291 1724 3346 sed
1748 3290 1827 3347 illi
1858 3306 1890 3346 a

290 3385 635 3456 quibusdam,
671 3388 745 3441 uti
774 3386 901 3442 alibi
925 3385 1180 3450 vidimus,
1212 3387 1399 3457 magiae
1438 3386 1598 3442 etiam
1641 3386 1890 3441 tribuitur

292 3480 553 3535 inventio.
574 3479 709 3536 Cum
729 3492 908 3537 autem
939 3482 1208 3536 Arnobius
1229 3480 1378 3535 illum
1396 3481 1463 3535 ab
1486 3481 1741 3537 interiore
1760 3481 1889 3536 orbe

292 3587 383 3643 per
407 3572 607 3642 igneam
630 3589 820 3633 zonam
858 3572 1108 3631 ethnicos
1134 3571 1415 3629 irridendo
1453 3580 1645 3628 evocat
1681 3574 1841 3640 (tom.
1871 3588 1888 3627 ι

291 3666 571 3736 Apparat.,
604 3682 723 3738 pag.
755 3666 860 3721 515
886 3676 933 3720 et
963 3665 1068 3721 550
1091 3664 1109 3735 )
1131 3709 1146 3732 ,
1178 3681 1355 3725 nonne
1379 3666 1447 3721 ad
1474 3664 1611 3721 illud
1646 3665 1889 3721 alludere

290 3758 524 3825 videtur,
548 3759 692 3827 quod
717 3758 907 3817 Suidas
933 3768 1123 3815 narrat
1144 3758 1164 3831 (
1184 3758 1338 3817 Suid.
1364 3800 1381 3825 ,
1415 3759 1484 3815 ad
1524 3761 1659 3814 vero.
1693 3761 1888 3835 Ζωροά-

291 3851 517 3928 στρης),
548 3850 894 3909 Zoroastrem
948 3851 1197 3923 precibus
1239 3852 1455 3922 petiisse
1504 3861 1562 3907 ut
1603 3852 1724 3921 igne
1753 3866 1886 3906 con-

287 3953 536 4016 sumptus
591 3946 782 4003 abiret.
841 3950 1046 4001 Auctor
1089 3961 1221 4003 vero
1271 3946 1715 4017 Recognitionum
1760 3947 1886 4007 Cle-

286 4038 487 4093 mentis
518 4038 735 4095 nomine
762 4039 1141 4109 inscriptarum
1165 4039 1232 4095 de
1260 4040 1547 4097 Zoroastre
1576 4041 1718 4098 hunc
1748 4043 1885 4098 scri-

286 4133 368 4191 bit
404 4135 459 4189 in
507 4133 772 4189 modum:
822 4152 842 4191 ί
878 4133 1088 4197 Smpius
1135 4136 1232 4191 ista
1268 4153 1287 4187 ι
1320 4176 1334 4199 ,
1383 4135 1437 4189 id
1489 4142 1592 4202 cSt,
1624 4135 1887 4191 scintillas

286 4224 548 4299 quasdam
571 4241 642 4281 ex
660 4226 854 4292 stellis,
883 4244 902 4277 ι
930 4226 1225 4296 producere
1242 4228 1581 4296 moliebatur,
1608 4243 1886 4298 usquequo

284 4320 356 4376 ab
402 4319 521 4392 ipso
561 4320 829 4385 daamone,
867 4336 1027 4390 quem
1074 4321 1435 4390 importunius
1476 4319 1880 4392 frequentabat,

283 4426 581 4469 succensus
624 4421 952 4467 cremaretur
991 4430 1010 4464 ι
1042 4410 1331 4482 (Recogm‘l.
1360 4411 1467 4481 (lib.
1494 4427 1548 4467 tv
1571 4453 1586 4478 ,
1620 4427 1736 4480 cap.
1766 4412 1879 4477 27).

1994 3202 2135 3257 riore
2173 3203 2474 3272 Apparatus
2518 3200 2685 3259 nostri
2732 3208 2878 3257 torno
2905 3197 3295 3267 disputavimus
3321 3193 3588 3269 (Clemens

1994 3293 2298 3355 Alexandr.,
2343 3292 2602 3351 Admonit.
2652 3290 2719 3344 ad
2754 3300 2889 3363 gent.
2913 3331 2928 3355 ,
2965 3306 3085 3361 pag.
3119 3287 3228 3357 95;
3273 3296 3395 3345 lout.
3426 3301 3443 3340 t
3475 3285 3586 3354 Ap-

1994 3395 2187 3457 parat.,
2219 3403 2338 3458 pag.
2374 3384 2479 3442 758
2500 3387 2537 3459 ).

2062 3478 2247 3552 Neque
2291 3480 2449 3535 etiam
2499 3481 2702 3551 integra
2754 3487 2808 3539 et
2852 3478 3159 3547 incorrupta
3190 3474 3439 3537 videntur
3470 3472 3586 3537 haec

1992 3573 2372 3644 subsequentia
2426 3572 2649 3631 Arnobii
2688 3573 2847 3631 verba
2883 3590 2896 3627 :
2952 3590 2971 3622 ε
3000 3569 3289 3627 Armenius
3317 3567 3585 3629 Zosuiani

1992 3680 2160 3735 nepos
2186 3675 2239 3719 et
2275 3666 2551 3723 familiaris
2586 3664 2898 3735 Pamphilus
2925 3662 3069 3735 Cyri.
3103 3683 3121 3719 ο
3164 3662 3294 3731 Quis
3319 3661 3461 3716 enim
3496 3659 3587 3721 ille

1995 3774 2117 3815 esse
2158 3769 2335 3833 potest
2362 3760 2650 3825 Armenius
2697 3757 3001 3829 Pamphilus
3049 3757 3202 3830 Cyri,
3251 3757 3390 3813 haud
3424 3756 3586 3815 dubie

1995 3851 2158 3919 illius,
2187 3860 2241 3906 et
2267 3851 2529 3909 Zostriani
2559 3869 2714 3923 nepos
2737 3854 2762 3905 ?
2788 3853 2942 3911 Dictu
2970 3851 3145 3907 adhuc
3167 3849 3440 3905 difficilius
3466 3849 3586 3919 quis

1990 3946 2082 4001 ille
2103 3946 2260 3999 fuerit
2280 3945 2611 4000 Zostrianus.
2630 3945 2877 4012 Quidam,
2902 3961 3029 3999 vero
3046 3946 3385 4014 suspicantur
3405 3943 3585 4013 legen-

1991 4039 2116 4095 dum
2143 4053 2247 4095 non
2272 4039 2485 4109 quidem
2504 4038 2784 4105 Zostriani,
2807 4038 2898 4094 sed
2921 4038 3149 4102 Ostanis,
3176 4038 3291 4091 sive
3312 4034 3582 4103 Hostanis,

1993 4132 2063 4191 de
2108 4146 2215 4202 quo
2261 4131 2421 4201 paulo
2464 4142 2591 4187 ante
2636 4131 2783 4189 citati
2811 4129 3066 4200 Apuleius
3106 4138 3162 4182 et
3193 4128 3577 4197 Tertullianus,

1992 4241 2198 4298 nosque
2220 4225 2340 4281 alibi
2364 4225 2570 4296 egimus
2593 4224 2728 4298 (eod.
2770 4235 2891 4281 tom.
2925 4240 2943 4279 ι
2975 4223 3250 4295 Apparat.,
3279 4238 3397 4292 pag.
3425 4217 3579 4292 550).

1992 4325 2058 4379 At
2084 4324 2127 4376 si
2165 4321 2453 4379 obscurutn
2484 4329 2568 4376 est
2593 4319 2852 4377 Zostriani
2895 4334 3091 4381 nomen
3114 4362 3128 4385 ,
3179 4316 3424 4393 plurimis
3452 4328 3583 4373 sane

1989 4414 2202 4486 cognita
2232 4424 2314 4470 est
2346 4413 2523 4471 fabula
2553 4413 2675 4470 Heri
2706 4414 2965 4477 Armenii,
3000 4427 3179 4483 quem,
3206 4411 3345 4471 sicut
3371 4409 3435 4465 ab
3459 4407 3581 4464 Ori-

286 4505 531 4563 Tametsi
563 4504 707 4562 enim
748 4505 893 4577 Opus
922 4504 1066 4561 istud
1097 4504 1291 4561 fabulis
1320 4502 1581 4561 refertum
1624 4506 1724 4572 sit,
1765 4505 1881 4561 haec
1908 4513 1965 4585 υ
1988 4524 2141 4579 gone,
2172 4506 2373 4580 Cyr-illo
2398 4507 2769 4564 Alexandrino
2804 4515 2964 4575 atque
2990 4523 3019 4559 ει
3048 4504 3201 4560 nobis
3236 4503 3579 4561 observatum

285 4608 466 4657 tamen
510 4599 633 4655 ideo
679 4597 930 4654 videntur
977 4598 1046 4654 ab
1076 4598 1220 4654 illius
1260 4609 1478 4655 austere
1512 4599 1726 4666 tradita,
1758 4602 1880 4669 quia

287 4694 533 4766 plerique
576 4692 963 4749 existimabant
994 4692 1340 4757 Zoroastrem
1371 4694 1491 4764 igne
1540 4691 1705 4748 fuisse
1752 4708 1882 4748 con-

287 4799 580 4860 sumptum.
603 4787 747 4856 Quid
772 4802 901 4859 ergo
938 4797 1114 4853 vetat,
1165 4787 1450 4858 quominus
1481 4786 1752 4843 Arnobius
1779 4788 1882 4847 hoc

288 4881 521 4939 ethnicis
546 4896 632 4937 ea.
670 4882 745 4935 uti
775 4880 1032 4948 diximus,
1064 4881 1174 4937 acri
1204 4881 1375 4936 ironia
1403 4881 1702 4949 obiecerit?

360 4976 627 5032 Caeterum
660 4975 919 5044 Apuleius
938 4986 993 5031 et
1017 4975 1377 5033 Tertullianus
1401 4974 1559 5045 hujus
1579 4975 1882 5033 Zoroastris

287 5072 463 5143 magi,
502 5079 557 5126 et
616 5070 847 5127 aliorum
899 5070 1127 5141 ibidem,
1176 5066 1526 5131 ab/Arnobio
1574 5070 1877 5138 citatorum,

285 5164 618 5219 mentionem
642 5161 885 5219 iecerunt
908 5179 920 5228 ;
943 5173 997 5218 et
1023 5163 1280 5233 Apuleius
1305 5161 1518 5233 quidem
1545 5161 1630 5216 his
1657 5163 1878 5221 verbis:

293 5275 312 5310 ι
345 5255 406 5313 Si
444 5255 739 5327 quamlibet
774 5255 1044 5312 modicum
1095 5254 1520 5312 emolumentum
1571 5256 1884 5326 probaveri-

286 5351 393 5415 tis;
425 5363 528 5420 ego
586 5349 678 5405 ille
737 5349 839 5406 sim
901 5348 1283 5417 Carimondas,
1326 5350 1408 5407 vel
1458 5349 1764 5415 Hismoses,
1799 5349 1879 5405 vel

285 5446 589 5509 Iohannes,
636 5444 720 5500 vel
766 5444 1116 5516 Apollonius,
1161 5444 1248 5500 vel
1291 5444 1405 5514 ipse
1446 5444 1742 5511 Dardanus,
1797 5443 1881 5499 vel

288 5537 619 5609 quicumque
666 5538 803 5593 alius
852 5545 973 5607 post
1019 5535 1403 5605 Zoroastrem,
1453 5537 1539 5593 vel
1591 5537 1878 5592 Hostanetn

291 5630 439 5685 inter
493 5643 677 5703 magos
721 5628 1021 5689 eelebmtus
1064 5636 1148 5693 est
1198 5648 1217 5683 ι
1272 5629 1290 5700 (
1332 5631 1513 5700 Αῃυι.,
1550 5630 1770 5703 Apolog.
1803 5645 1875 5697 ll,

277 5737 415 5796 pag.
448 5721 551 5779 375
576 5721 619 5791 ).
664 5720 1031 5783 Tertullianus
1054 5735 1185 5778 vero
1218 5739 1232 5776 :
1273 5739 1293 5774 ι
1330 5721 1399 5779 Ut
1428 5722 1589 5795 ipsis,
1628 5740 1648 5776 ι
1683 5722 1882 5797 inquit,

1989 4601 2107 4667 fuit,
2157 4600 2439 4656 undecima
2482 4606 2603 4669 post
2632 4600 2833 4657 obitum
2860 4598 2948 4654 die
2982 4597 3243 4652 revixisse
3290 4594 3583 4653 narrabant

1989 4694 2249 4770 (0rigen.,
2277 4694 2364 4751 lib.
2398 4709 2436 4751 tt
2474 4703 2639 4749 contr.
2670 4690 2827 4757 Cels,
2861 4709 2912 4760 ρ.
2941 4692 3043 4759 70;
3075 4689 3236 4762 Cyril.
3266 4688 3441 4753 Alex.,
3486 4686 3576 4751 lib,

1987 4802 2056 4840 vn
2101 4784 2453 4850 cont.Julia.,
2504 4802 2558 4853 ρ.
2603 4783 2739 4848 250;
2772 4792 2894 4839 ιοηι.
2942 4786 3274 4852 tApparat.,
3320 4799 3373 4855 p.
3429 4779 3574 4848 116).

1990 4878 2063 4934 De
2083 4878 2173 4933 illo
2188 4886 2367 4935 autem
2390 4877 2505 4932 haec
2525 4887 2644 4935 sunt
2668 4874 2889 4933 totidem
2916 4872 3207 4931 Clementis
3227 4871 3578 4929 Alexandrini

1986 4975 2168 5042 verba,
2203 4973 2268 5028 ab
2301 4972 2532 5029 Eusebio
2556 4980 2801 5027 accurate
2829 4970 3094 5040 descripta
3128 4984 3143 5019 :
3176 4967 3346 5032 Plato,
3379 4967 3577 5039 inquit,

1984 5066 2131 5141 Ἠρὸς
2158 5073 2251 5125 τοῦ
2274 5066 2553 5143 Ἀρμενίαν,
2586 5069 2646 5123 τὸ
2683 5068 2825 5143 γένος
2869 5064 3161 5138 Παμφύλου,
3212 5064 3478 5136 μέμνηται,
3522 5060 3579 5125 ὅς

1985 5162 2097 5223 ἔστι
2121 5164 2462 5239 Ζωροάστρης
2495 5160 2749 5231 (Clemens
2775 5157 3077 5222 Alexandr.,
3109 5156 3198 5212 lib.
3233 5172 3262 5210 v
3297 5156 3574 5223 Stromat.,

1985 5275 2040 5328 ρ.
2074 5255 2215 5323 599;
2252 5255 2465 5322 Euseb.,
2508 5255 2597 5309 lib.
2653 5270 2748 5311 xm
2794 5252 3051 5321 Ρηεραν..
3081 5267 3129 5304 c.
3161 5251 3229 5309 15
3252 5292 3268 5318 ,
3315 5269 3367 5322 p.
3401 5249 3529 5318 675)
3557 5264 3573 5315 ;

1988 5348 2221 5405 Memlmt
2252 5347 2377 5403 Heri
2398 5349 2625 5404 Armenii
2655 5348 2771 5417 ﬁlii,
2804 5360 2988 5418 genere
3017 5342 3303 5415 Pamphili,
3333 5343 3420 5416 qui
3463 5344 3578 5408 qui-

1988 5441 2102 5495 dem
2146 5451 2219 5495 est
2260 5442 2580 5495 Zoroastres.
2617 5441 2671 5497 Si
2700 5455 2830 5510 ergo
2856 5438 3126 5495 Arnobius
3152 5452 3304 5493 more
3333 5451 3430 5491 suo
3456 5435 3578 5491 (lle-

1988 5533 2185 5589 tnentis
2214 5534 2634 5588 Alexandrinum
2686 5533 2755 5587 ibi
2806 5542 3021 5587 secutus
3047 5539 3150 5596 est,
3179 5538 3271 5582 aut
3303 5528 3578 5582 memorize

1987 5628 2138 5698 lapsu
2173 5628 2285 5682 huic
2320 5628 2532 5683 nomina
2564 5628 2815 5691 turbavit,
2856 5638 2947 5681 aut
2974 5626 3040 5681 ab
3068 5622 3318 5693 imperito
3360 5621 3579 5675 librario

1988 5722 2281 5794 depravata
2314 5731 2457 5781 sunt.
2509 5722 2703 5779 Verum
2748 5735 2867 5775 cum
2897 5720 2987 5775 ille
3018 5724 3211 5774 testem
3257 5727 3419 5774 suum
3459 5709 3585 5766 th«
