3986 6058
389 177 486 234 671

393 395 537 466 ptius
568 407 675 448 non
701 401 920 458 exstat,,
950 391 1265 446 nominatim
1294 391 1559 456 citaverit,
1605 403 1724 460 qua!
1755 387 1983 459 genuina

391 488 500 543 sint
528 487 643 556 ejus
669 486 850 548 verba,
885 485 1004 556 quis
1033 499 1279 540 asserere
1308 484 1542 540 audeat?

463 580 574 636 Nec
599 579 774 633 minus
802 578 1100 634 adulterata
1129 594 1251 634 esse
1293 589 1535 644 censent,
1583 594 1702 649 quas
1748 579 1801 632 in
1845 577 1986 632 illius

393 681 542 729 textu
569 681 872 743 sequuntur
899 672 1116 727 nomina
1139 715 1154 739 ,
1194 671 1347 728 Velus
1376 673 1623 728 Julianus
1657 683 1704 727 et
1722 671 1984 726 Babulus.

391 766 619 835 Quidam
679 765 838 835 igitur
891 766 1297 822 rescribendum
1351 775 1674 831 autumant,
1733 764 1890 819 Nilus
1943 773 1990 818 et

404 860 700 942 l’ulcanus;
741 862 1176 933 quandoquidem
1203 862 1445 918 Laertius
1474 863 1607 918 dixit
1643 881 1657 918 :
1694 881 1714 914 ι
1753 860 1992 932 )Egyptii

391 955 692 1011 Vulcanum
720 956 823 1012 Nili
861 957 1025 1012 lilium
1050 958 1216 1014 fuisse
1244 958 1481 1022 tradunt,
1513 958 1601 1028 qui
1637 955 1992 1025 philosophiae

390 1049 661 1117 aperuerit
707 1058 971 1119 praecepta
1009 1069 1028 1103 ι
1063 1051 1263 1122 (Laert.
1305 1051 1550 1112 Promm.,
1583 1049 1612 1121 §
1648 1047 1721 1121 l).
1772 1048 1877 1104 Sed
1921 1048 1993 1102 ibi

392 1141 752 1213 philosophia;
781 1145 1000 1201 nomine
1026 1147 1255 1216 magiam
1284 1144 1688 1216 intelligendam
1719 1143 1851 1198 nulli
1879 1159 1997 1198 um-

391 1248 551 1304 quam
582 1235 960 1304 probaverunt.
1008 1237 1110 1292 Alii
1156 1239 1333 1308 itaque
1365 1253 1462 1306 pro
1517 1236 1667 1291 Vetus
1698 1235 1993 1292 emendan-

397 1328 523 1384 dum
547 1339 735 1401 putant
757 1329 936 1386 Belus.
956 1331 1067 1386 Nec
1081 1330 1202 1400 jure
1225 1332 1439 1402 quidem
1465 1346 1682 1402 prorsus
1701 1331 1994 1386 immerito.

393 1424 590 1480 Primte
639 1426 838 1480 etenim
894 1426 1173 1494 utriusque
1227 1427 1461 1481 numinis
1511 1425 1708 1480 littera:
1753 1424 1793 1478 Β
1845 1431 1898 1478 et
1954 1424 1997 1477 V

393 1519 694 1585 szepissime
720 1536 750 1575 a
780 1521 1014 1577 librariis
1056 1530 1478 1577 cummutantur.
1533 1519 1696 1574 Belus
1739 1532 1890 1582 vero,
1943 1527 2000 1570 ut

394 1624 575 1667 narrat
632 1613 900 1670 Diodorus
956 1614 1193 1681 Siculus,
1250 1614 1566 1680 Flamioes,
1621 1611 1997 1685 {Egyptiorum

405 1721 578 1770 more,
610 1708 838 1777 publicis
860 1709 1118 1763 oneribus
1147 1717 1201 1764 et
1230 1708 1490 1778 impensis
1517 1717 1803 1776 exemptos
1847 1707 2001 1761 insti-
2030 1715 2076 1776 Β
2197 1707 2512 1822 ’άζέἑίῧ

405 1803 492 1822 .--2.
526 1800 745 1822 In2_JA,_
807 1802 904 1822 ne“
934 1803 947 1822 ι
1021 1803 1078 1822 ιιι
1131 1819 1148 1822 _
1193 1801 1404 1822 nfll'_.l,
1487 1819 1511 1822 .-
1572 1802 1656 1822 ιηλ
1717 1801 1774 1822 II!
1801 1810 1971 1822 --ΛΑ-η
2184 1793 2196 1811 ⁹
2480 1790 2489 1806 ⁸

395 1803 495 1854 tuit
524 1800 765 1872 (Diodor.
802 1802 991 1869 Sicul.,
1015 1803 1148 1858 lib.t
1185 1801 1452 1869 Biblioth.,
1481 1819 1533 1873 p.
1569 1802 1680 1871 l7).
1717 1801 1775 1855 lli
1799 1810 1996 1866 autem,

395 1908 533 1965 quos
565 1894 841 1966 Babylonii
872 1903 1066 1950 vocant
1111 1892 1416 1962 Chaldaeos,
1474 1895 1719 1949 solebant
1751 1893 1804 1949 in
1836 1893 2003 1966 {Egy-

395 1996 512 2058 pto,
547 1986 1000 2054 quemadmodum
1050 1986 1362 2043 sacerdmes
1396 1987 1601 2060 physici
1633 1998 1683 2042 et
1719 1988 1998 2056 astrologi,

396 2079 581 2134 stellas
612 2078 925 2134 observare.
954 2065 1124 2148 Quam
1157 2080 1510 2150 proculdubio
1557 2081 1626 2136 ob
1655 2095 1869 2134 causam
1904 2080 2004 2135 Be-

405 2176 492 2231 lus
511 2190 540 2231 a
567 2173 742 2230 Plinio
771 2186 828 2230 et
850 2174 1038 2229 Solino
1065 2175 1315 2231 sideralis
1341 2176 1581 2231 scientiae
1606 2175 1802 2230 dicitur
1819 2177 2006 2230 inven-

399 2279 507 2336 tor,
540 2279 700 2341 atque
726 2271 794 2325 ab
837 2269 1167 2341 Hieronymo
1195 2271 1360 2337 idem,
1391 2274 1480 2342 qui
1525 2271 1593 2325 ab
1622 2271 1862 2326 l-lebrreis
1887 2270 2004 2335 Bel,

399 2377 432 2418 a
479 2361 718 2418 Sidoniis
761 2370 816 2417 et
864 2361 1206 2419 Phrenicibus
1237 2363 1384 2429 Baal,
1415 2364 1735 2435 appellatur,
1786 2373 1946 2432 atque
1976 2379 2006 2418 a

400 2454 543 2512 Nino
587 2455 732 2512 illius
777 2457 890 2511 tilio
934 2458 986 2513 in
1033 2459 1258 2514 deorum
1308 2459 1556 2515 ordinem
1602 2458 1806 2513 relatus
1834 2456 2002 2531 (Plin.

402 2550 494 2606 lib.
539 2565 590 2604 νι
639 2549 830 2605 Natur.
882 2551 1026 2617 Irish,
1077 2569 1123 2608 c.
1174 2552 1277 2614 27.
1309 2572 1363 2624 p.
1407 2553 1546 2617 ’Μὴ
1582 2553 1773 2618 Solin.,
1818 2570 1865 2606 c.
1915 2553 2005 2620 56,

404 2661 460 2714 ρ.
488 2642 594 2710 87;
630 2641 1024 2716 Hieronym.,in
1049 2644 1257 2714 Oscam,
1288 2663 1335 2704 c.
1355 2646 1412 2711 2,
1445 2664 1495 2702 υ.
1521 2647 1611 2713 16,
1639 2665 1691 2717 ρ.
1723 2647 2004 2712 1251,ηου.

404 2736 507 2796 edit
531 2736 572 2810 ).

477 2829 704 2888 Fatetur
717 2840 895 2888 autem
912 2831 1179 2889 Heraldus
1202 2848 1262 2889 se
1279 2833 1349 2890 de
1371 2833 1587 2888 .Iuliano
1605 2833 1738 2887 nihil
1761 2832 2011 2887 habuisse

405 2924 692 2996 comperti.
719 2925 860 2980 Nihil
886 2927 1048 2982 etiam
1079 2927 1147 2982 de
1176 2942 1243 2983 eo
1268 2927 1320 2980 in
1349 2926 1574 2982 aliorum
1603 2925 1670 2981 ad
1701 2926 1919 2981 Arnobii
1950 2926 2011 2978 li-

405 3017 538 3074 bros
557 3017 1027 3074 observationibus
1040 3019 1295 3074 occurrit.
1321 3018 1400 3074 Ex
1424 3018 1667 3088 pluribus
1686 3028 1888 3081 tamen,
1910 3019 2013 3073 hoc

1632 170 2010 232 DlSSER'l‘AT

2126 169 2396 229 PREVIA
3573 169 3679 226 672

388 300 548 366 siam,
572 297 985 370 atque‘primum
1007 297 1348 353 historiarum
1371 295 1488 365 ejus
1514 295 1729 357 librum,
1753 293 1841 363 qui
1870 308 1983 348 am-
2009 298 2060 358 Α

2686 307 2975 350 ARTICULUS
3012 309 3070 349 ll.

2086 406 2332 470 Des-ariis
2352 409 2554 467 vatibus,
2581 411 2686 459 sive
2709 409 2987 460 hominibus
3005 409 3233 470 nimirum
3257 405 3677 470 Sibylla,Bacide,

2148 468 2360 529 Heleno,
2386 471 2584 530 Martio;
2620 474 2724 522 sive
2747 473 2842 523 diis
2864 471 2988 521 Jove
3013 469 3260 520 Dodonaeo
3279 509 3291 528 ,
3318 467 3547 532 Apolline
3572 468 3680 519 Cla-

2151 533 2458 598 rio._Pyt_bio,
2483 534 2749 598 Didymao,
2777 535 3016 597 Philesio,
3039 546 3244 597 quorum
3266 531 3571 584 mentionem
3589 531 3682 584 Ar-

2151 594 2322 644 nobius
2344 596 2477 647 fecit.

2163 726 2505 795 Quadruplici
2529 735 2707 781 vatum
2728 726 2978 795 exemplo
2990 725 3261 782 Arnobius
3275 726 3562 782 conﬁrmat
3581 725 3685 781 hu-

2094 833 2306 872 manam
2336 815 2535 872 Christi
2563 827 2834 879 naturam,
2855 816 3036 872 divina
3063 826 3242 871 tamen
3266 816 3474 887 integra
3499 831 3684 885 perse-

2095 917 2339 972 verante,
2372 922 2637 964 mortuam
2670 925 2856 965 revera
2887 909 3056 964 fuisse
3085 908 3329 977 (ιιι-ποίῃ,
3353 909 3392 963 ι.
3424 925 3461 975 ι,
3485 927 3538 976 p.
3570 909 3686 979 '58).

2095 1002 2228 1058 Nam
2258 1002 2347 1072 qui
2371 1012 2524 1057 vates
2553 1002 2674 1057 illos
2697 1002 2972 1062 amabant.
2995 1017 3057 1058 ac
3078 1017 3174 1072 per
3192 1016 3286 1056 eos
3309 1002 3686 1070 loquebantur,

2097 1111 2218 1150 cum
2245 1097 2377 1164 ipsis
2403 1096 2783 1163 morientibus,
2807 1097 2911 1150 vita
2941 1095 3045 1151 dici
3079 1111 3183 1150 non
3214 1103 3440 1165 possunt
3469 1096 3688 1166 privati.

2172 1189 2350 1244 Prima
2383 1201 2562 1245 autem
2596 1206 2661 1244 ex
2692 1189 2776 1244 his
2801 1190 3013 1245 vatibus
3039 1189 3108 1244 ab
3131 1197 3354 1245 auctore
3384 1198 3570 1244 nostro
3595 1205 3695 1256 ap-

2101 1281 2242 1337 latur
2269 1283 2494 1353 Sibylla,
2527 1283 2596 1338 de
2630 1299 2736 1352 qua
2777 1298 2882 1338 non
2916 1283 3082 1338 semel
3135 1282 3535 1354 disputavimus
3578 1284 3640 1358 (t.
3675 1301 3694 1340 ι

2101 1375 2376 1451 Apparat.,
2404 1377 2442 1430 ι.
2467 1393 2548 1442 ιιι,
2579 1376 2782 1431 dissert.
2805 1376 2862 1442 2,
2886 1376 3003 1439 αἳ,
3023 1375 3164 1446 p.20
3195 1394 3208 1442 ;
3239 1387 3340 1430 art.
3365 1377 3420 1438 2.
3445 1376 3699 1449 p.ll76).

2103 1469 2388 1526 Secundus
2416 1478 2757 1539 nuncupatur
2781 1468 2954 1523 Bacis.
2989 1471 3059 1523 At
3087 1467 3157 1523 de
3179 1469 3272 1522 illo
3293 1485 3321 1521 a
3351 1470 3508 1522 nobis
3533 1469 3700 1524 etiam

2103 1562 2229 1617 alibi
2253 1571 2430 1616 aetum
2463 1572 2565 1617 est.
2601 1562 2826 1616 Dionem
2859 1571 3039 1616 tamen
3063 1561 3510 1634 Chrysostomum
3555 1578 3692 1632 prte-

2105 1665 2277 1724 terea,
2301 1658 2344 1712 si
2367 1668 2521 1712 vacat
2545 1666 2599 1714 et
2618 1657 2788 1723 lubet,
2812 1657 3102 1714 consulere
3121 1657 3323 1727 poteris
3350 1655 3701 1729 (Dion,0rat.

2179 1845 2430 1901 Bacidem
2483 1846 2686 1916 excipit
2734 1845 2962 1901 Helenus
3023 1845 3162 1900 haud
3203 1844 3366 1901 dubie
3416 1845 3616 1901 Priami
3646 1854 3708 1902 et

2107 1939 2345 1994 Hecuba:
2376 1940 2542 2004 ﬁlius,
2570 1941 2661 2010 qui
2692 1955 2721 1993 a
2750 1941 3015 1996 Cicerone
3043 1940 3094 1994 iu
3124 1939 3355 1993 aliorum
3393 1949 3574 1994 vatum
3605 1957 3713 1993 nu-

2107 2047 2315 2086 merum
2343 2033 2540 2085 merito
2566 2043 2887 2103 aggregatur
2910 2032 3067 2103 (Cia,
3096 2031 3134 2085 l.
3158 2048 3195 2087 ιι
3221 2031 3285 2086 de
3309 2030 3504 2087 Natur.
3529 2032 3673 2086 deor.
3690 2075 3708 2098 ,

2109 2143 2163 2196 p.
2184 2124 2293 2179 214
2313 2166 2328 2189 ,
2373 2126 2465 2179 lin.
2495 2125 2610 2195 Ill).
2635 2126 2732 2182 lllc
2761 2126 2906 2180 enim
2938 2141 3066 2180 vero
3097 2140 3218 2180 cum
3250 2124 3459 2196 Pyrrho
3487 2123 3713 2180 naufra-

2109 2219 2256 2287 gium
2285 2219 2648 2286 praedixisset,
2690 2219 2930 2292 Pyrrhus
2957 2220 3006 2274 ei
3035 2217 3454 2276 Andromachen
3482 2234 3714 2274 uxorem

2109 2313 2162 2367 in
2185 2315 2688 2380 matrimonium,ac
2707 2317 2854 2384 regni
2879 2323 3085 2385 partem
3108 2315 3401 2370 concessit.
3427 2313 3714 2372 UndeVir-

2109 2409 2271 2479 gilius
2316 2410 2455 2475 ham,
2483 2425 2652 2480 qucea
2687 2409 2948 2464 Pausania
2980 2408 3402 2477 comprobantur
3423 2407 3712 2477 (Pansam,

2111 2504 2151 2559 ι.
2184 2520 2222 2568 ι,
2268 2521 2320 2572 p.
2348 2503 2437 2569 10,
2485 2513 2532 2558 ει
2563 2504 2602 2558 ι.
2646 2520 2701 2570 ιι,
2759 2521 2811 2572 p.
2864 2503 2977 2574 66),
3011 2502 3279 2558 cecinisse
3325 2503 3563 2574 legitur:

2205 2617 2299 2668 Hic
2320 2618 2622 2669 incredibilis
2642 2632 2808 2668 rerum
2834 2618 2956 2667 fama
2975 2625 3180 2681 occupat
3201 2629 3366 2676 aures,

2205 2682 2481 2730 Priamiden
2504 2681 2748 2730 Helenum
2771 2681 2940 2731 Graias
2962 2693 3172 2741 regnare
3196 2694 3285 2742 per
3307 2681 3477 2738 urbes,

2207 2744 2443 2805 Conjugio
2468 2743 2674 2793 lEacida:
2705 2743 2873 2806 Pyrrhi
2895 2781 2906 2803 ,
2931 2746 3242 2805 sceptrisque
3268 2745 3501 2806 potitum,

2206 2806 2270 2856 Et
2293 2808 2448 2869 patrio
2472 2806 2843 2856 Andromachen
2866 2809 3048 2856 iterum
3072 2809 3279 2856 cessisse
3299 2808 3488 2855 marito.

2443 2890 2672 2958 (Virgil.,
2700 2890 2780 2942 lib.
2807 2906 2856 2941 ιιι
2883 2890 3099 2953 diuelli,
3124 2903 3250 2941 vers.
3276 2889 3367 2941 294
3388 2896 3434 2942 et
3457 2888 3615 2956 seqq.)

2115 3024 2228 3093 Qua
2254 3035 2432 3080 autem
2464 3024 2794 3080 vaticinandi
2823 3025 3048 3080 scientia
3091 3023 3344 3095 polleret,
3377 3023 3519 3080 idem
3544 3030 3706 3094 poeta

409 3127 605 3167 nomen
635 3112 1072 3184 prmferentibus,
1106 3113 1214 3168 duo
1243 3113 1542 3184 praesertim
1598 3128 1627 3167 a
1685 3112 1847 3166 Suida
1902 3127 2016 3168 me-
2043 3118 2089 3182 C
2120 3119 2205 3174 his
2234 3120 2485 3175 versibus
2507 3130 2693 3189 postea
2722 3121 2995 3190 explicat:

411 3215 708 3269 morantur,
737 3221 968 3276 quorum
1018 3222 1158 3261 unus
1199 3204 1506 3270 Chaldaeus,
1553 3215 1606 3260 et
1635 3204 2010 3275 philosophus,

410 3299 501 3370 qui
525 3299 691 3354 libros
711 3308 940 3370 quatuor
968 3300 1036 3354 de
1058 3300 1396 3354 daemonibus
1416 3299 1678 3355 ediderat.
1706 3300 1858 3356 Alter
1887 3312 2017 3352 vero

413 3393 579 3464 hujus
607 3394 747 3449 filius
797 3395 1012 3465 scripsit
1061 3394 1305 3449 versibus
1357 3393 1656 3461 theurgica,
1705 3392 2016 3457 initiatoria,

415 3487 660 3551 oracula,
691 3495 744 3542 et
785 3487 886 3541 alia
919 3502 1275 3556 quiecumque
1319 3485 1480 3553 hujus
1511 3485 1752 3540 scientia:
1800 3500 2016 3539 arcana.

417 3578 523 3636 Sed
552 3580 668 3634 haec
693 3578 759 3633 ad
789 3578 1016 3633 deorum
1043 3578 1248 3632 cultum
1279 3578 1469 3647 magis,
1503 3591 1663 3647 quam
1695 3576 1758 3630 ad
1790 3578 2017 3646 magiam

419 3683 694 3744 spectasse
742 3673 987 3741 quamvis
1033 3672 1310 3726 nonnullis
1342 3671 1510 3725 videri
1563 3671 1792 3740 possint,
1827 3669 1869 3723 si
1902 3670 2021 3739 quis

419 3776 599 3823 tamen
629 3767 922 3821 Arnobium
946 3767 1014 3821 de
1041 3767 1151 3830 illo,
1183 3774 1274 3820 aut
1300 3766 1421 3834 ejus
1452 3773 1600 3832 patre
1625 3764 1859 3819 locutum
1901 3778 2023 3818 esse

421 3860 750 3932 probaverit,
804 3859 928 3916 huic
977 3873 1084 3914 non
1135 3860 1364 3914 multum
1413 3857 1656 3929 profecto
1703 3857 2023 3928 repugnabi-

422 3968 564 4008 mus.

497 4050 572 4106 De
598 4049 807 4104 Bazbulo
838 4047 1070 4119 denique
1099 4046 1230 4102 nihil
1264 4047 1422 4117 plane
1451 4046 1518 4100 ab
1555 4046 1666 4102 ullo
1705 4053 2021 4099 annotatur.

425 4144 562 4213 Quid
595 4153 773 4200 autem
803 4143 846 4197 si
883 4159 978 4212 pro
1005 4142 1265 4210 Bwbulus,
1301 4142 1353 4195 in
1381 4140 1602 4196 Arnohii
1640 4149 1784 4195 textu
1814 4138 2028 4193 Babilus

425 4238 671 4310 legatur?
701 4237 898 4293 Narrat
926 4237 1071 4291 enim
1103 4235 1398 4292 Suetonius
1427 4234 1652 4291 Claudio
1690 4233 1900 4289 Nerone
1929 4235 2030 4287 im-

428 4339 673 4403 perante,
700 4345 822 4385 cum
853 4329 1008 4384 stella
1037 4329 1227 4383 crinita
1257 4344 1356 4400 per
1383 4328 1667 4383 continuas
1695 4338 1877 4381 noctes
1899 4326 2029 4380 oriri

429 4425 720 4490 coepisset:
757 4439 776 4472 ι
813 4421 1015 4475 Anxius
1040 4419 1181 4474 Nero
1207 4435 1268 4475 ea
1314 4419 1382 4474 de
1427 4435 1508 4484 re,
1549 4439 1566 4471 ι
1600 4420 1791 4488 inquit,
1823 4437 1841 4469 ‹
1877 4428 1933 4472 ut
1963 4435 2028 4473 ex

2213 3235 2514 3298 Trojugena,
2537 3241 2784 3299 interpres
2805 3237 2987 3297 divum,
3009 3238 3091 3296 qui
3114 3238 3310 3286 numina
3334 3234 3528 3292 Phazbi,

2215 3299 2304 3363 Qui
2335 3300 2565 3363 tripodas,
2579 3298 2728 3363 Clarii
2756 3300 2933 3358 lauros,
2957 3301 3040 3363 qui
3065 3300 3227 3348 sidera
3265 3302 3436 3358 sentis,

2215 3362 2278 3412 Et
2301 3362 2550 3412 volucrum
2577 3361 2784 3422 linguas,
2813 3371 2866 3413 et
2891 3361 3108 3424 [repetis
3128 3363 3287 3410 omina
3314 3373 3506 3424 penne.

2893 3445 3072 3508 (Ibid.,
3093 3460 3220 3498 vers.
3245 3447 3338 3497 359
3362 3451 3408 3497 et
3429 3444 3584 3512 seqq.)

2124 3553 2347 3624 Legesis
2375 3554 2475 3609 hos
2505 3555 2557 3608 in
2580 3570 2775 3610 versus
2800 3555 2976 3609 Servii
3001 3554 3404 3609 annotatioues.

2196 3647 2429 3713 Quartus
2477 3647 2690 3702 tandem
2739 3658 2793 3703 et
2841 3648 3064 3703 ultimus
3116 3647 3336 3702 Martius
3378 3647 3447 3702 ab
3497 3657 3722 3704 auctore

2127 3749 2314 3794 nostro
2345 3753 2583 3805 vocatur,
2607 3755 2764 3810 quem
2796 3740 2996 3806 Livius,
3019 3749 3075 3796 et
3101 3741 3418 3798 Amimunus
3454 3742 3723 3801 Marcelli-

2128 3835 2270 3890 linus
2295 3845 2470 3890 vatem
2494 3836 2754 3890 illustrem
2787 3837 3059 3906 appellant
3083 3835 3246 3906 (Liv.,
3268 3837 3358 3892 lib.
3378 3853 3508 3900 xxv,
3541 3855 3592 3892 c.
3618 3841 3718 3904 12;

2129 3932 2387 3984 Ammian.
2421 3930 2696 3996 Marcell.,
2747 3932 2980 3999 lib.x1v,
3031 3951 3082 4002 ρ.
3129 3932 3205 4007 5).
3237 3933 3382 3989 Duos
3425 3944 3607 3990 autem
3656 3937 3724 3991 il-

2138 4023 2243 4077 lius
2274 4039 2464 4078 versus
2505 4023 2689 4079 Livius
2715 4024 2961 4093 exhibet,
2995 4041 3222 4096 quorum
3254 4029 3459 4099 priore,
3509 4031 3722 4100 inquit,

2129 4114 2469 4170 Cannensem
2523 4117 2730 4171 cladem
2788 4118 3109 4186 praedixerat
3167 4139 3180 4175 :
3240 4123 3544 4190 posteriore
3587 4138 3724 4178 vero

2133 4207 2436 4270 Romanos,
2478 4209 2928 4280 quemadmodum
2958 4211 3117 4265 etiam
3147 4211 3444 4267 Macrobius
3469 4214 3728 4268 testifica-

2133 4310 2240 4365 tur,
2269 4302 2334 4355 ad
2367 4301 2522 4356 ludos
2545 4302 2779 4372 Apollini
2810 4302 3083 4358 vovendos
3115 4303 3496 4374 faciendosque
3519 4306 3728 4362 induxit

2135 4394 2428 4467 (Macrob.,
2463 4395 2551 4449 lib.
2598 4412 2614 4449 ι
2645 4396 2941 4458 Saturnal.,
2971 4414 3018 4453 ε.
3047 4397 3136 4464 17,
3167 4416 3218 4467 ῃ.
3249 4397 3360 4453 254
3383 4408 3431 4452 et
3454 4399 3651 4472 seqq.).

430 4511 619 4568 Babilo
633 4511 907 4582 astrologo
929 4511 1112 4566 didicit
1129 4511 1307 4566 solere
1329 4526 1483 4581 reges
1507 4509 1626 4564 talia
1650 4520 1859 4563 ostenta
1881 4509 2010 4564 caedi

2209 4489 2264 4542 In
2296 4497 2474 4542 vatmn
2503 4503 2665 4558 porro
2690 4491 3018 4544 mentionem
3065 4489 3493 4560 quandoquidem
3541 4491 3728 4547 incidi-

430 4607 607 4676 aliqua
645 4607 838 4662 illustri
882 4607 1122 4676 expiare,
1156 4615 1315 4675 atque
1342 4622 1371 4660 a
1409 4615 1580 4660 semet
1610 4605 1662 4659 in
1701 4605 1874 4674 capita
1906 4619 2028 4672 pro-

431 4715 615 4756 cerum
638 4699 936 4769 depellere,
963 4699 1300 4754 nobilissimo
1329 4699 1524 4769 cuique
1548 4696 1766 4753 exitium
1794 4697 2030 4751 destina-

433 4794 507 4848 vit
537 4813 556 4846 ι
590 4793 856 4862 (Sueton.,
886 4793 975 4848 lib.
1004 4808 1062 4848 v1
1091 4795 1144 4846 in
1179 4791 1280 4848 Vit.
1319 4791 1542 4857 Narem,
1573 4808 1688 4859 cap.
1723 4789 1840 4862 55.)

507 4885 896 4941 Verumtamen
927 4893 1102 4939 utrum
1134 4882 1240 4948 hic,
1271 4894 1324 4939 et
1359 4883 1451 4938 alii
1491 4899 1518 4936 a
1564 4882 1718 4936 nobis
1757 4881 2034 4947 recensiti,

435 4982 470 5036 ii
507 4996 696 5035 revera
723 4981 860 5050 magi
892 4980 1112 5046 fuerint,
1145 4979 1233 5049 qui
1262 4979 1327 5032 ab
1355 4978 1593 5033 Arnobio
1618 4977 2030 5042 compellantur,

434 5073 522 5130 vel
555 5082 729 5128 utrum
759 5073 980 5144 aliquid,
1015 5081 1069 5127 et
1103 5070 1371 5142 quomodo
1399 5073 1450 5124 iu
1493 5071 1635 5125 illius
1663 5080 1805 5124 textu
1846 5083 2030 5123 emen—

435 5165 668 5221 dandum
706 5165 791 5227 sit,
833 5182 932 5220 nos
972 5181 1101 5220 sane
1133 5163 1288 5231 nihil,
1334 5164 1433 5219 nisi
1473 5163 1693 5218 alterius
1724 5163 2032 5232 integrioris

434 5259 635 5316 codicis
661 5273 764 5326 0pc
793 5258 981 5328 adjuti,
1015 5269 1165 5314 certo
1200 5267 1439 5314 statuere
1469 5256 1746 5312 audemus.
1779 5256 2029 5324 Quapro-

437 5363 556 5424 pter
603 5353 870 5408 malumus
915 5353 1146 5408 aliorum
1181 5369 1243 5410 ea
1291 5351 1359 5410 de
1397 5368 1456 5409 re
1492 5359 1824 5423 exspectare,
1869 5365 2030 5422 quam

437 5455 681 5503 nostrum
712 5447 852 5504 ferre
873 5445 1154 5514 judicium.

2133 4596 2284 4645 mus,
2327 4596 2435 4636 non
2478 4581 2663 4636 inutile
2712 4581 2925 4648 forsan,
2984 4599 3082 4638 nec
3140 4599 3166 4636 a
3218 4585 3494 4653 proposito
3541 4596 3729 4642 nostro

2133 4692 2355 4748 prorsus
2381 4678 2613 4732 alienum
2642 4677 2762 4739 erit,
2794 4676 2994 4741 aliquid
3023 4677 3089 4732 de
3133 4677 3195 4730 iis
3225 4677 3430 4741 dicere,
3461 4693 3582 4749 qua:
3631 4683 3732 4735 Ar-

2135 4771 2326 4825 nobius
2351 4770 2419 4825 de
2449 4771 2643 4824 divinis
2675 4769 3015 4839 quibusdam,
3057 4769 3213 4824 sicuti
3259 4771 3488 4841 gentiles
3537 4773 3730 4841 opina-

2134 4866 2354 4928 bantur,
2411 4863 2643 4929 vatibus,
2703 4879 2796 4915 seu
2855 4863 3126 4929 fatidicis,
3183 4875 3236 4920 et
3281 4865 3464 4920 divina
3505 4867 3728 4922 oracula

2137 4961 2490 5017 fundentihus
2515 4961 2658 5014 hunc
2678 4963 2730 5014 in
2751 4960 2968 5014 modum
2990 4968 3207 5014 enarrat
3227 4978 3241 5014 :
3261 4979 3278 5011 ι
3303 4960 3726 5029 Trophonius...

2133 5055 2453 5116 Dodonaeus,
2487 5063 2577 5106 aut.
2597 5052 2898 5123 Jupiter...;
2931 5052 3112 5107 Delius
3141 5051 3354 5120 Apollo,
3379 5052 3461 5106 vel
3491 5052 3726 5118 Clarius,

2134 5150 2441 5221 Didymaeus
2465 5191 2480 5213 ,
2515 5146 2804 5212 Philesius,
2850 5145 3072 5217 Pythius
3097 5187 3112 5212 ,
3152 5155 3206 5200 et
3243 5149 3288 5198 is
3317 5144 3598 5199 habendus
3648 5145 3730 5200 di-

2133 5244 2290 5297 vinus
2315 5241 2556 5312 (Arnob.,
2591 5240 2678 5294 lib.
2712 5257 2724 5293 ι
2753 5283 2768 5306 ,
2815 5258 2865 5307 p.
2895 5239 3008 5310 Μ).
3037 5238 3110 5293 Ita
3140 5253 3270 5292 sane
3304 5239 3358 5292 in
3405 5239 3727 5308 quibusdam

2136 5337 2327 5394 horum
2376 5335 2635 5390 librorum
2680 5331 3026 5388 editiOuibus.
3073 5330 3178 5385 Sed
3227 5331 3278 5384 in
3337 5331 3730 5400 antiquioribus

2132 5447 2235 5502 pro
2286 5428 2616 5498 Traphonius
2661 5425 2888 5493 legimus
2937 5424 3191 5495 profanis,
3237 5433 3289 5476 et
3341 5422 3626 5491 profanus;
3675 5422 3728 5477 in

2136 5524 2284 5594 regio
2306 5522 2491 5578 codice
2515 5518 2882 5588 manuscripto
2904 5517 3075 5587 prima
3101 5532 3258 5570 manu
3287 5517 3577 5588 profanius.
3595 5515 3727 5570 Tam

2138 5616 2279 5674 foede
2325 5626 2501 5672 autem
2551 5613 2906 5669 adulteratum
2962 5618 3048 5667 est
3101 5610 3205 5665 hoc
3254 5625 3474 5674 nomen,
3528 5618 3587 5663 ut
3637 5609 3726 5663 vix

2141 5715 2342 5784 absque
2368 5712 2474 5768 alio
2501 5709 2727 5766 meliore
2763 5706 2952 5764 codice
2981 5705 3230 5763 resarciri
3262 5718 3422 5775 posse
3462 5703 3723 5760 rideatur.
