3986 6058
334 223 435 280 675

1494 227 1560 285 IN
1609 221 1984 294 ARNOBIUM,
2032 225 2190 285 CAP.
2222 223 2416 283 XXVI.

3517 228 3622 286 67L

399 339 471 392 At
520 337 567 393 si
615 335 682 393 de
723 338 1038 410 Trophonio
1104 340 1340 397 locutum
1391 341 1558 399 fuisse
1620 344 1918 398 Arnobiuin
1953 352 1999 407 Α
2033 342 2137 396 alia
2169 342 2431 409 delubra,
2459 358 2578 410 qua:
2609 342 2765 413 hujus
2788 342 3053 412 Apollinis
3078 344 3356 400 oraculum
3389 354 3443 402 et
3471 361 3624 404 sacra

328 440 480 485 recte
503 430 781 500 probetur,
807 432 860 487 id
888 435 1194 489 conﬁrmari
1225 437 1420 504 poterit
1442 437 1751 491 testimonio
1772 447 1923 492 vete-

328 541 452 581 rum
495 525 862 597 Scriptorum,
912 529 1004 599 qui
1056 531 1333 584 memoria:
1383 530 1733 600 prodiderunt
1781 531 1927 587 illius

330 620 547 675 oracula
574 661 591 685 ,
645 635 713 676 ex
759 621 992 691 quodam
1044 621 1298 677 Labadiai
1342 637 1504 693 specu
1545 624 1673 678 olim
1721 624 1927 679 reddita

331 711 518 768 fuisse.
548 712 744 769 Narrat
788 730 918 770 vero
948 715 1244 771 Pausanias
1273 717 1465 786 quibus
1511 717 1705 772 ritibus
1734 719 1803 785 ii,
1836 718 1926 788 qui

330 807 705 879 Trephoniuin
736 808 1115 877 consulebant,
1170 811 1222 864 in
1255 810 1394 866 hanc
1433 826 1655 880 specum
1702 812 1926 868 descen-

328 901 546 971 derent,
578 914 741 974 atque
769 914 928 960 antea
959 903 1225 960 deberent
1254 905 1480 975 expiari.
1513 906 1587 961 De
1618 907 1719 960 hoc
1746 915 1925 962 autem

331 997 554 1053 oraculo
581 1007 780 1068 praeter
801 997 1147 1063 Strabonem,
1179 997 1520 1067 Ciceronem,
1544 999 1774 1065 Livium,
1803 999 1924 1054 Ori-

330 1108 524 1162 geriem
545 1133 561 1158 ,
591 1093 806 1148 Suidam
830 1136 844 1158 ,
897 1093 1157 1165 legendus
1188 1103 1267 1149 est
1299 1093 1590 1158 Erasmus,
1623 1095 1711 1164 qui
1751 1094 1927 1148 varias

331 1178 527 1241 deillo
554 1186 841 1255 Opiniones
869 1185 1074 1242 retulit.
1115 1185 1186 1241 At
1223 1186 1292 1242 de
1322 1186 1414 1240 illo
1443 1187 1605 1241 etiam
1638 1185 1925 1240 Tertullia-

331 1293 435 1334 nus
463 1278 604 1349 egit,
639 1287 696 1333 ut
722 1293 822 1334 suo
853 1279 972 1334 loco
999 1279 1318 1334 videbimus.
1354 1278 1373 1351 (
1402 1278 1633 1332 Panum.
1658 1320 1672 1343 ,
1713 1280 1800 1332 lib.
1837 1294 1889 1334 ix
1910 1320 1924 1343 ,

333 1389 461 1443 pag.
493 1372 621 1438 515,
651 1382 700 1426 et
728 1387 864 1444 seq.;
895 1371 1078 1439 Suid.,
1120 1373 1188 1426 ad
1216 1372 1353 1427 verb.
1383 1376 1696 1449 Τροφώνιος-ς
1725 1371 1924 1436 Strab.,

335 1465 452 1530 lib.,
483 1481 534 1520 ix
567 1465 783 1537 Geagr.,
810 1483 930 1538 pag.
960 1466 1087 1534 414,
1116 1466 1254 1533 421,
1285 1477 1330 1520 et
1359 1466 1446 1520 lib.
1489 1482 1613 1529 XVI,
1647 1484 1765 1538 pag.
1799 1466 1926 1531 762;

336 1557 499 1614 Cicer.
528 1601 543 1627 ,
577 1559 666 1615 lib.
717 1577 736 1615 ι
774 1559 984 1616 Ταεσιά.
1007 1603 1024 1629 ,
1057 1578 1178 1631 pag.
1210 1561 1339 1627 154,
1373 1572 1420 1614 et
1456 1561 1543 1616 lib.
1580 1577 1634 1615 iii
1687 1563 1750 1616 de
1800 1561 1924 1614 Nat.

336 1653 479 1707 deor.
503 1694 518 1718 ,
548 1671 668 1724 pag.
697 1654 844 1720 247;
877 1653 1024 1722 Liv.,
1057 1655 1145 1709 lib.
1192 1670 1322 1719 XLV,
1369 1672 1486 1724 cap.
1519 1655 1621 1720 27;
1672 1654 1881 1727 Origen.
1909 1697 1925 1722 ,

2030 434 2331 488 continent.
2385 434 2658 489 Giralduin
2714 435 2913 502 etiam,
2961 438 3007 492 si
3057 438 3270 492 animus
3312 448 3424 505 est,
3479 440 3626 496 adire

2029 527 2168 580 haud
2196 527 2491 582 difﬁciliter
2543 527 2742 596 poteris
2773 527 2972 598 (Strab.
3002 569 3016 592 ,
3047 529 3135 583 lib.
3183 545 3298 593 xw,
3334 547 3453 602 pag.
3485 531 3622 597 634;

2031 618 2240 676 Girald.
2267 663 2280 684 ,
2315 621 2588 692 Syntagm.
2620 623 2649 674 7
2684 621 2746 676 de
2764 624 2863 676 diis
2882 632 3014 694 gent.
3039 667 3054 690 ,
3098 641 3218 696 pag.
3261 623 3414 696 225).
3460 625 3622 680 Deni-

2033 729 2138 784 que
2164 715 2231 769 de
2260 715 2426 769 variis
2458 715 2796 785 Apollinibus
2821 719 2935 772 haec
2963 718 3165 773 Statius
3194 719 3390 774 cecinit
3423 735 3438 775 :

2122 824 2364 888 Quidquid
2389 839 2462 886 es,
2487 835 2704 876 :eternus
2727 827 2914 879 Pbmbo
2933 829 3088 889 dolor,
3112 838 3164 880 et
3188 844 3312 879 nova
3337 830 3504 882 clades

2124 889 2332 955 Semper
2353 891 2468 955 eris,
2493 892 2737 955 mutisque
2761 891 2843 940 diu
2867 892 3123 954 plorabere
3151 892 3372 955 Delphis.

2264 950 2518 1018 Tenedon,
2547 948 2879 1018 Cyrrhaiiique
2901 956 3024 1012 dies,
3047 948 3287 1018 partuque
3303 955 3498 1018 ligatam

2124 1010 2305 1078 Qeloii,
2331 1021 2383 1078 et
2409 1010 2809 1078 intorisi'claudet'
2838 1010 3110 1078 penetralia
3131 1010 3376 1067 Brancbi':

2121 1071 2161 1144 1)’
2169 1074 2430 1144 ecClarias
2454 1077 2541 1144 hac
2565 1075 2675 1144 luce
2701 1071 2849 1144 fores,
2869 1078 3116 1144 Didyiiia‘a
3137 1095 3217 1141 (ue
3241 1081 3499 1144 quisquam

2122 1133 2328 1197 Limina,
2357 1150 2450 1186 nec
2474 1138 2668 1202 Lyciam
2700 1133 2910 1203 supplex
2937 1133 3184 1192 cbnsultor
3205 1133 3377 1192 ad'ibis.‘

2406 1223 2578 1286 (Slat.,
2600 1221 2686 1274 lib.
2711 1239 2791 1274 viii
2813 1223 3069 1288 Thebaid.,
3094 1224 3232 1291 longe
3249 1232 3351 1291 post
3373 1224 3505 1290 init.)

2631 1366 2919 1407 ARTICULUS
2943 1368 3022 1408 111.

2032 1456 2110 1510 De
2135 1461 2282 1510 variis
2312 1465 2714 1533 scriptoribusab
2749 1466 2966 1533 Arnobio
2989 1468 3165 1533 citatis,
3191 1483 3398 1533 quorum
3435 1473 3628 1524 nomina

2408 1527 2583 1576 ordine
2606 1527 2915 1591 alphabetico
2935 1527 3249 1582 exhibentur.

2105 1651 2297 1708 Plures
2324 1654 2596 1710 Arnobius
2645 1657 2755 1713 suis
2785 1658 2836 1712 in
2883 1659 3035 1716 libris
3062 1661 3247 1717 citavit
3298 1664 3588 1734 scriptores
3608 1706 3625 1734 ,

333 1746 424 1800 lib.
457 1761 516 1802 ιιι
557 1757 724 1800 contr.
755 1747 888 1802 Cels.
911 1788 924 1813 ,
960 1765 1078 1818 pag.
1114 1748 1208 1802 151
1239 1763 1254 1813 ;
1288 1747 1520 1815 Eram,
1553 1749 1722 1819 Adag.
1768 1747 1928 1814 Chil.,
1963 1741 2010 1801 B
2037 1743 2271 1800 buorum
2315 1748 2625 1804 tesﬁnionio
2671 1761 2724 1805 et
2753 1753 3040 1808 autoritate
3095 1766 3188 1810 aut
3233 1756 3482 1827 dogmata
3532 1773 3628 1814 sua

333 1851 468 1895 cent.
513 1841 566 1908 7,
607 1842 774 1913 Δάας.
822 1841 930 1908 77;
987 1840 1184 1896 Dissert
1231 1843 1286 1897 in
1327 1842 1656 1907 Tertullian.,
1694 1858 1815 1914 cap.
1861 1842 1926 1912 7,

333 1945 436 1989 art.
462 1937 520 1991 5.
546 1932 568 2008 )

406 2028 542 2084 Τιιιιι
581 2028 777 2086 deinde
801 2030 1067 2086 Arnobius
1094 2030 1331 2101 appellat
1370 2030 1561 2086 Jovem
1592 2030 1925 2085 Dodonainm

335 2121 561 2194 ejusque
587 2124 834 2187 oracula,
870 2124 939 2178 de
984 2123 1180 2194 quibus
1211 2133 1406 2193 praeter
1431 2125 1566 2180 alios
1598 2126 1929 2180 mentionem

333 2217 584 2273 fecerunt
612 2218 927 2286 Pausanias,
967 2219 1060 2274 lib.
1092 2235 1128 2282 ι,
1158 2235 1276 2290 pag.
1305 2219 1403 2283 15‘;
1435 2217 1658 2285 Cicero,
1693 2219 1788 2274 lib.
1819 2235 1834 2273 i
1869 2218 1935 2274 de

335 2309 684 2377 Divinatione,
703 2326 822 2382 pag.
851 2310 993 2376 268,
1027 2311 1252 2376 Plinius,
1287 2311 1380 2366 lib.
1405 2327 1456 2366 iv
1484 2311 1619 2365 Hist.
1652 2309 1807 2378 Nat.,
1829 2310 1931 2364 ini-

336 2406 434 2472 tio,
469 2421 568 2477 pag
591 2406 696 2462 404
721 2422 736 2471 ;
762 2407 981 2462 Solinus
1009 2407 1298 2478 Polyliist.,
1325 2423 1447 2477 cap.
1472 2407 1525 2461 7.
1561 2409 1630 2462 At
1674 2407 1822 2476 plura
1863 2406 1932 2462 de

335 2499 429 2554 illo
455 2499 679 2556 Servius
717 2501 770 2555 in
797 2500 909 2556 suis
948 2501 1016 2556 ad
1050 2501 1250 2572 Virgilii
1280 2503 1518 2558 Carmina
1566 2501 1929 2557 annotationi-

333 2591 470 2657 bus,
505 2593 592 2648 ubi
623 2593 881 2648 observat
920 2593 1122 2649 lebetes
1153 2595 1203 2649 in
1237 2595 1438 2664 templo
1479 2594 1733 2648 Dodonaei
1761 2593 1928 2661 Jovis,

336 2684 391 2739 in
421 2683 616 2740 ﬁnibus
644 2685 973 2753 lEtolorum,
1009 2688 1086 2742 illi
1111 2697 1166 2742 et
1187 2687 1388 2744 Veneri
1410 2704 1437 2740 a
1470 2686 1742 2744 veteribus
1767 2687 1932 2741 luisse

338 2788 684 2835 consecratos
731 2779 752 2850 (
792 2779 978 2852 Virgil.
1002 2821 1018 2846 ,
1051 2781 1141 2835 lib.
1194 2796 1250 2836 iii
1291 2780 1501 2836 Aineid.
1527 2822 1543 2848 ,
1584 2796 1714 2834 vers.
1755 2779 1861 2834 146
1885 2777 1927 2848 ).

337 2868 470 2926 lude
483 2873 646 2926 etiam
673 2887 749 2928 as
774 2873 1129 2938 Dodonaeum,
1156 2873 1225 2929 de
1245 2889 1352 2944 quo
1379 2889 1408 2928 a
1431 2874 1587 2929 nobis
1605 2873 1731 2928 alibi
1753 2886 1930 2928 actum

334 2974 419 3017 est
449 2964 466 3032 (
497 2963 646 3019 Tom.
675 2981 693 3019 ι
724 2967 978 3034 Αρραηιι.
1005 3007 1021 3032 ,
1051 2969 1139 3022 lib.
1173 2983 1270 3035 ιιι,
1315 2968 1517 3021 dissert.
1563 2968 1629 3033 1,
1678 2983 1795 3036 cap.
1830 2966 1928 3032 10;

335 3067 437 3110 art.
469 3057 490 3111 1
517 3097 533 3123 ,
577 3075 696 3130 pag.
727 3058 832 3114 770
858 3069 906 3113 et
931 3076 1036 3130 seq.
1063 3058 1106 3133 ).
1135 3060 1586 3132 quemadmodum
1631 3060 1698 3115 de
1727 3059 1931 3130 Apolli-

2034 1838 2242 1893 stabilit
2287 1850 2340 1895 et
2385 1842 2705 1910 conﬁrmat,
2754 1855 2847 1900 aut
2892 1848 3174 1916 gentilium
3225 1865 3441 1905 errores
3496 1867 3627 1906 con-

2034 1927 2172 1984 futat
2199 1941 2251 1986 et
2283 1931 2535 1989 destruit.
2567 1935 2677 1990 Eos
2716 1948 2896 1992 autem
2947 1939 3172 2005 ordine,
3229 1951 3286 1996 ut
3331 1941 3511 2009 aiunt,
3543 1944 3628 1999 al-

2037 2022 2320 2092 pbabetico
2348 2029 2560 2083 caeteris
2591 2029 2838 2085 omnibus
2871 2031 3110 2088 laciliore
3137 2043 3191 2089 et
3220 2035 3460 2092 clariore
3485 2039 3630 2093 nun’c

2035 2117 2456 2188 appellabimus,
2505 2130 2559 2175 et
2609 2122 2735 2192 quid
2789 2123 2857 2178 de
2886 2124 2988 2180 illis
3028 2125 3096 2182 ab
3139 2126 3259 2182 aliis
3310 2130 3628 2186 auctoribus

2034 2212 2282 2265 traditum
2311 2213 2409 2279 sit,
2442 2214 2696 2282 breviter,
2731 2231 2793 2272 ac
2818 2233 2916 2288 pro
2947 2217 3083 2274 virili
3115 2229 3266 2290 parte
3307 2231 3492 2277 nostra
3519 2237 3613 2278 ex-

2034 2315 2237 2372 ponere
2263 2305 2602 2362 conabimur.

2105 2397 2280 2453 lElius
2308 2399 2490 2470 itaque
2517 2401 2831 2473 simpliciter
2871 2403 2940 2460 ab
2992 2405 3233 2463 Arnobio
3285 2416 3472 2465 nostro
3515 2409 3628 2465 lau-

2032 2489 2210 2559 datur,
2269 2493 2570 2565 diciturque
2642 2500 2694 2553 iii
2754 2498 2952 2567 aliam,
3026 2517 3185 2572 quam
3270 2501 3396 2559 Piso
3440 2511 3495 2558 et
3561 2509 3629 2560 de

2034 2583 2410 2642 Novensilibus
2463 2587 2566 2643 diis
2614 2601 2670 2646 et
2722 2591 2789 2647 de
2853 2592 3017 2647 Musis
3072 2594 3235 2649 ivisse
3278 2596 3621 2652 sententiam.

2035 2675 2139 2731 Sed
2171 2676 2274 2731 duo
2305 2679 2356 2732 in
2405 2678 2590 2749 primis
2628 2681 2844 2738 fuerunt
2874 2683 3003 2738 :Elii
3058 2685 3276 2740 nomine
3304 2688 3617 2758 nuncupati.

2033 2767 2242 2824 Primus
2271 2771 2414 2826 enim
2447 2773 2588 2828 enim
2618 2785 2701 2830 est
2741 2775 2804 2831 C.
2835 2774 3012 2831 lEliiis
3038 2774 3207 2842 Stilo,
3260 2793 3422 2848 quem
3453 2778 3624 2835 Varro

2032 2875 2064 2914 a
2088 2860 2280 2918 Pisoiie
2305 2863 2373 2918 de
2400 2865 2514 2920 lacu
2547 2865 2732 2922 Curtio
2757 2867 3080 2924 dissensisse
3131 2869 3213 2924 his
3242 2869 3420 2926 verbis
3478 2871 3628 2925 testi-

2032 2951 2260 3008 ﬁcatur:
2299 2974 2316 3007 ι
2355 2955 2414 3011 In
2441 2957 2561 3013 foro
2608 2959 2782 3014 lacum
2832 2960 3075 3015 Curtium
3121 2977 3152 3016 a
3201 2961 3386 3018 Curtio
3427 2963 3628 3018 dictum

2032 3059 2266 3103 constat.
2295 3050 2368 3104 De
2393 3065 2459 3105 eo
2487 3053 2684 3123 triceps
2711 3054 2952 3109 historia.
2979 3054 3114 3110 Nam
3145 3066 3199 3110 et
3227 3055 3494 3112 Procilius
3521 3073 3627 3112 non

335 3151 494 3206 nibus
520 3151 722 3220 Clario,
757 3153 972 3226 Pythio,
998 3164 1053 3208 et
1082 3154 1376 3225 Didymaio,
1425 3155 1494 3209 ab
1526 3155 1764 3208 Arnobio
1793 3153 1927 3208 cita-
1958 3134 2004 3197 C
2037 3140 2176 3196 idem
2230 3143 2467 3211 PNdidil
2519 3146 2662 3216 quod
2714 3147 2870 3213 P350;
2928 3165 3028 3204 nec
3074 3150 3216 3220 QUOd
3267 3153 3310 3205 is
3357 3150 3421 3207 Co
3455 3151 3628 3208 Elius

337 3243 426 3297 tis.
458 3243 557 3310 Qui
592 3259 717 3300 vero
759 3244 914 3314 plura
960 3246 1028 3300 de
1073 3245 1329 3316 Apolline
1371 3247 1552 3302 Clario
1583 3248 1850 3314 voluerit,
1884 3246 1931 3302 is

335 3336 495 3392 adeat
513 3336 720 3392 Plinum
747 3337 844 3393 lib.
863 3353 901 3392 ιι
922 3335 1109 3392 Natur.
1129 3339 1344 3406 liistor.,
1363 3355 1484 3410 cap.
1507 3339 1631 3401 105,
1651 3355 1769 3409 pag.
1786 3338 1924 3404 25.1;

333 3430 654 3486 Strabonem
680 3472 698 3498 ,
731 3431 824 3487 lib.
864 3447 954 3486 xiv
994 3431 1300 3504 Geograpli.
1324 3475 1339 3501 ,
1372 3449 1491 3504 pag.
1545 3433 1669 3497 642,
1713 3443 1761 3488 et
1793 3435 1927 3487 Cur-

334 3526 538 3582 neliuni
561 3526 826 3589 Tacitum,
851 3525 944 3582 lib.
965 3526 1242 3594 iiAiiiial.,
1266 3537 1385 3595 post
1411 3525 1578 3594 med.,
1594 3526 1683 3580 tibi
1705 3525 1772 3580 de
1796 3523 1930 3580 Ger-

335 3619 555 3674 manico
582 3619 822 3675 disserit.
854 3619 928 3674 De
958 3619 1234 3691 Didymaio
1261 3629 1465 3687 autem,
1495 3620 1747 3674 eumdem
1777 3620 1930 3675 Stra-

336 3713 554 3781 bonem,
573 3715 666 3770 lib.
685 3715 871 3779 citato,
892 3729 1012 3785 pag.
1033 3713 1158 3779 634;
1175 3714 1516 3781 Pausaniam,
1536 3715 1628 3770 lib.
1645 3731 1682 3781 i,
1698 3730 1817 3786 pag.
1837 3715 1924 3780 15;

335 3805 551 3871 Melain,
577 3808 668 3863 lib.
695 3825 734 3875 i,
757 3809 848 3863 ubi
870 3806 940 3863 de
958 3807 1136 3872 lonia;
1163 3810 1466 3878 Apuleium,
1500 3809 1601 3864 sub
1645 3809 1734 3863 ﬁn.
1761 3809 1853 3862 lib.
1877 3823 1929 3862 iv

334 3899 719 3972 Metamorpb.,
745 3916 861 3973 pag.
896 3901 985 3967 70;
1016 3901 1268 3968 Plinium,
1301 3903 1395 3958 lib.
1430 3919 1480 3957 γι
1505 3902 1747 3957 Natural.
1774 3902 1924 3968 bist.,

335 4008 456 4064 cap.
513 3994 606 4058 16,
656 4009 778 4064 pag.
829 3993 952 4060 678;
1008 3993 1401 4060 Sozomenuin,
1471 3995 1564 4048 lib.
1620 4011 1657 4062 i,
1693 4010 1812 4064 cap.
1871 3993 1920 4060 7,

336 4101 460 4158 pag.
491 4086 618 4143 409.
660 4087 736 4142 De
778 4085 990 4158 Pythio,
1040 4085 1314 4156 Ovidium,
1344 4086 1438 4142 lib.
1473 4102 1490 4140 ι
1539 4085 1925 4156 Metamorpli.,

337 4179 482 4234 circa
516 4180 681 4245 med.;
711 4179 1003 4234 Diodorum
1057 4178 1324 4242 Siculum,
1376 4179 1472 4235 lib.
1511 4195 1604 4233 xvi
1642 4178 1924 4247 Biblioili.,

336 4287 463 4343 pag.
485 4272 609 4333 525,
629 4281 683 4326 et
704 4285 844 4340 seq.;
864 4271 1211 4336 Herodotum,
1239 4271 1332 4326 lib.
1355 4288 1394 4337 i,
1416 4269 1444 4343 ᾗ
1464 4271 1554 4336 65;
1582 4271 1922 4338 Pausaniam,

337 4365 434 4421 lib.
465 4381 522 4428 ι,
555 4380 674 4435 pag.
697 4363 820 4429 520,
846 4374 901 4419 et
927 4380 1104 4435 seqq.;
1129 4363 1499 4428 Plutarchum,
1519 4364 1614 4418 lib.
1636 4366 1703 4420 de
1720 4365 1928 4437 Pythiae

337 4457 592 4522 oraculis,
610 4471 728 4527 pag.
743 4456 870 4522 594,
885 4465 940 4512 et
954 4471 1096 4528 seq.;
1115 4457 1462 4524 Macrobium,
1482 4458 1572 4512 lib.
1595 4458 1922 4526 iS:iturnal.,

2031 3235 2167 3290 Stilo
2205 3247 2422 3292 secutus
2457 3257 2476 3290 ι
2531 3238 2712 3311 (Varr.
2738 3282 2754 3308 ,
2795 3242 2834 3296 l.
2880 3257 2934 3296 iv
2978 3242 3040 3296 de
3065 3241 3217 3315 Ling.
3251 3242 3368 3309 lat.,
3425 3261 3476 3314 p.
3509 3242 3624 3314 56).

2031 3325 2173 3382 Alibi
2205 3344 2330 3384 vero
2360 3330 2554 3386 asserit
2579 3347 2702 3388 eum
2735 3334 2788 3388 in
2828 3333 3011 3390 latinis
3040 3335 3233 3392 litteris
3263 3337 3430 3393 fuisse
3459 3353 3620 3392 exer-

2034 3422 2290 3490 citatum,
2325 3423 2558 3495 citatque
2585 3427 2727 3484 illius
2774 3429 3272 3499 interpretationem
3321 3433 3623 3488 carminum

2037 3517 2336 3585 Saliorum,
2371 3530 2424 3574 et
2463 3521 2605 3575 aliud
2637 3522 2755 3592 ejus
2785 3526 3264 3593 commentarium,
3293 3527 3388 3582 sed
3422 3527 3628 3583 utrobi-

2030 3626 2136 3682 que
2159 3612 2223 3668 C.
2247 3613 2422 3668 Allius
2441 3625 2662 3671 vocatur
2693 3617 2864 3686 (Idem
2885 3661 2900 3686 ,
2932 3620 2969 3674 l.
3001 3636 3089 3686 vi,
3123 3637 3174 3690 p.
3202 3621 3300 3684 70,
3334 3620 3446 3694 76).

2107 3705 2308 3777 Duplex
2359 3723 2489 3763 vero
2515 3708 2645 3764 Elii
2676 3709 2843 3767 fuisse
2871 3726 3172 3783 cognomen
3207 3713 3457 3785 perhibet
3481 3715 3619 3772 Sue-

2032 3799 2243 3863 tonius,
2293 3799 2380 3868 qiii
2425 3799 2540 3855 haec
2583 3801 2649 3856 de
2687 3803 2779 3858 illo
2818 3807 3094 3861 memoria:
3137 3807 3416 3876 prodidit:
3451 3828 3470 3862 ι
3511 3809 3627 3865 Lu--

2031 3890 2142 3944 cius
2193 3889 2368 3945 {Elius
2409 3894 2730 3964 cognomine
2774 3895 2974 3964 duplici
3004 3897 3120 3951 fuit.
3177 3899 3310 3953 Nam
3369 3910 3424 3956 et
3475 3901 3627 3957 Prte-

2030 3981 2253 4046 coiiius,
2309 3984 2453 4053 quod
2505 3994 2656 4054 pater
2685 3986 2803 4056 ejus
2845 3989 3173 4057 praeconium
3216 3990 3417 4046 fecerat
3459 4007 3624 4050 voca-

2031 4067 2227 4142 batur;
2285 4088 2338 4132 et
2367 4078 2503 4133 Stilo
2525 4120 2538 4144 ,
2569 4079 2712 4149 quod
2752 4080 3024 4135 orationes
3067 4082 3402 4138 nobilissimo
3431 4085 3628 4158 cuique

2031 4167 2270 4224 scribere
2319 4169 2527 4225 solebat
2585 4188 2598 4224 :
2657 4181 2835 4227 tantus
2907 4175 3221 4244 optimatum
3282 4175 3491 4247 fautor,
3567 4188 3626 4235 ut

2031 4260 2284 4326 Quintum
2333 4263 2602 4318 Metellum
2654 4263 2994 4321 Numidicum
3043 4268 3096 4321 in
3141 4269 3357 4324 exilium
3399 4271 3624 4328 comita-

2031 4361 2115 4407 tus
2143 4354 2231 4408 sit.
2273 4374 2291 4407 ι
2325 4353 2566 4428 (Suelon.
2589 4398 2605 4424 ,
2629 4355 2692 4410 de
2713 4355 2968 4413 Illustrib.
3003 4359 3288 4415 Grammar.
3311 4404 3327 4429 ,
3370 4380 3485 4430 cap.
3542 4366 3625 4437 5.)

2033 4446 2108 4503 De
2132 4448 2430 4505 Prmconini
2456 4467 2670 4522 quoque
2696 4454 3016 4524 cngnomine
3040 4458 3118 4511 sic
3139 4455 3356 4526 scripsit
3380 4459 3582 4514 Plinius
3607 4477 3621 4514 :

337 4564 458 4620 cap.
478 4549 541 4603 17
561 4565 576 4612 ;
597 4559 754 4618 atque
769 4548 1076 4620 Origenem,
1101 4549 1253 4604 inhit.
1286 4551 1670 4606 [inmersum
1687 4552 1924 4607 Celsum,
1957 4529 2012 4589 D
2044 4563 2063 4596 i
2089 4542 2262 4616 Vulgo
2287 4561 2519 4616 purpura
2538 4546 2729 4602 latiore
2755 4549 2946 4602 tunicce
2971 4564 3097 4604 usos
3117 4550 3427 4606 invenimus
3461 4552 3622 4607 etiam

411 4641 494 4696 Ab
523 4651 742 4696 auctore
770 4653 952 4696 nostro
979 4641 1156 4696 adhuc
1185 4642 1484 4712 appellatur
1530 4644 1788 4699 Pliilesius
1811 4686 1826 4710 ,
1858 4645 1927 4701 de

339 4751 446 4804 quo
491 4734 789 4790 Macrobius
819 4733 931 4789 liazc
969 4734 1159 4790 litteris
1185 4736 1455 4789 mandavit
1487 4752 1500 4788 :
1538 4755 1555 4788 i
1584 4735 1822 4794 Ἀπόλλων
1852 4750 1926 4793 ψι-

340 4829 517 4893 laeto;
540 4871 554 4896 ς
609 4831 753 4901 Quod
787 4829 965 4883 lumen
993 4829 1109 4898 ejus
1150 4833 1402 4884 exoriens
1438 4830 1669 4884 amabile
1705 4831 1922 4886 amicis.

340 4925 474 4980 sima
502 4923 851 4978 veneratione
877 4921 1153 4976 oculorum
1197 4923 1600 4977 caiisalutamus
1637 4942 1654 4974 i
1685 4922 1876 4996 (Macr.
1903 4966 1918 4990 ,

338 5016 429 5074 lib.
456 5033 469 5071 I
501 5016 773 5073 Satumal.
797 5056 812 5081 ,
853 5033 967 5084 cap.
1005 5016 1070 5070 17
1099 5057 1112 5079 ,
1146 5033 1266 5086 pag.
1308 5016 1458 5088 259).
1489 5017 1694 5073 Plinius
1741 5034 1872 5074 vero
1908 5037 1921 5074 :

346 5129 367 5164 ι
405 5110 686 5166 Canachus
732 5110 1037 5181 Apollinem
1085 5110 1283 5165 nudum
1315 5111 1474 5175 fet-it,
1521 5111 1613 5182 qui
1661 5110 1924 5166 Philesius

339 5205 769 5275 cognominatur,
824 5205 875 5258 in
929 5204 1237 5276 Didymaao,
1293 5204 1596 5276 [Eginetica
1623 5207 1746 5260 acris
1787 5215 1923 5260 tem-

338 5307 588 5369 peratura
653 5314 671 5349 ι
733 5296 952 5368 (Ριὶηο,
1009 5298 1098 5353 lib.
1157 5313 1211 5352 iii
1281 5297 1418 5353 Hist.
1475 5309 1624 5367 nat.,
1683 5316 1798 5368 cap.
1853 5301 1920 5364 5,

342 5409 462 5464 pag.
487 5391 572 5457 12,
600 5391 675 5462 ις).
697 5391 955 5446 Eumdem
976 5393 1325 5463 proculdubio
1350 5394 1636 5448 Pausanias
1665 5401 1929 5449 memorat

255 5481 258 5490 ’
341 5502 549 5542 miieuiii
579 5487 631 5541 in
659 5486 974 5542 Branchidis
1005 5487 1332 5556 Apollinem,
1361 5503 1391 5541 a
1417 5486 1600 5542 Xerxe
1625 5486 1765 5542 Darii
1796 5488 1923 5554 lilio,

346 5588 402 5638 et
427 5579 708 5637 Persarum
754 5597 883 5652 rege
924 5580 1182 5644 ablatum,
1217 5597 1376 5652 quem
1405 5581 1620 5638 Milesiis
1669 5580 1928 5637 Seleucus

345 5683 472 5748 post
494 5690 666 5732 annos
693 5677 888 5733 multos
909 5675 1116 5732 remisit
1133 5675 1411 5747 (Pansam,
1437 5675 1528 5730 lib.
1549 5693 1639 5731 viii
1658 5719 1671 5742 ,
1699 5695 1752 5746 p.
1774 5675 1924 5746 275).

342 5769 542 5835 Strabo
569 5777 750 5829 autem
771 5768 1090 5845 addiditjibi
1135 5783 1254 5825 esse
1300 5767 1477 5827 lucuin
1527 5767 1930 5840 protiosum,et

2036 4656 2338 4711 praeconiis,
2369 4643 2505 4697 sicut
2533 4652 2736 4712 patrem
2788 4643 2848 4698 L.
2875 4643 3004 4697 [Elii
3035 4644 3252 4699 Stilonis
3297 4645 3622 4713 Praeconini,

2030 4735 2100 4791 ob
2143 4735 2194 4790 id
2242 4736 2598 4803 corinominati
2650 4757 2668 4788 ι
2705 4736 2874 4804 (Plin.
2898 4779 2913 4804 ,
2946 4737 2983 4794 ι.
3021 4735 3414 4793 xxxniNatur.
3452 4737 3620 4809 Hist.,

2030 4845 2076 4881 c.
2129 4829 2187 4894 1,
2236 4847 2289 4898 p.
2339 4830 2514 4893 16;et
2562 4831 2598 4884 ι.
2645 4845 2755 4896 vn,
2799 4847 2844 4885 c.
2891 4831 2943 4897 1,
2995 4847 3048 4902 p.
3093 4829 3244 4902 558).
3298 4829 3452 4887 Unde
3500 4848 3624 4902 pos-

2033 4931 2118 4977 tea
2165 4923 2280 4978 solo
2310 4923 2532 4978 Stilonis
2558 4924 2854 4980 Pricconini
2908 4926 3124 4980 nomine
3165 4925 3427 4981 laudatur.
3473 4926 3624 4984 Hunc

2031 5019 2100 5068 A.
2130 5014 2330 5071 Gellius
2358 5015 2419 5070 L.
2452 5015 2780 5079 A11limn,aut
2798 5017 2998 5074 lElium
3029 5018 3364 5088 simpliciter,
3398 5021 3493 5076 sed
3529 5021 3624 5078 do-

2030 5117 2173 5164 ctuiii
2195 5151 2211 5176 ,
2236 5120 2290 5164 et
2309 5110 2437 5166 alibi
2457 5111 2905 5176 eruditissimum,
2933 5127 2995 5166 ac
3024 5110 3282 5167 Varronis
3308 5115 3619 5184 magistrum

2031 5205 2283 5274 appellat.
2337 5205 2506 5260 Simili
2569 5221 2784 5277 quoque
2860 5205 3020 5260 modo
3060 5204 3235 5262 lElius
3305 5205 3474 5274 Stilo,
3530 5218 3623 5266 aut

2031 5297 2208 5352 Elius
2251 5308 2456 5354 tantum
2488 5299 2809 5371 quandoque
2829 5314 2858 5353 a
2881 5298 3042 5354 Festo
3067 5311 3411 5371 nuncupatur
3435 5299 3617 5372 (Gell.,

2032 5388 2071 5442 ι.
2102 5405 2137 5443 ιι
2182 5387 2343 5444 Nact.
2393 5401 2520 5458 alt.,
2575 5408 2622 5444 c.
2672 5390 2776 5454 21,
2826 5407 2878 5460 p.
2938 5389 3082 5454 158,
3125 5400 3172 5445 et
3226 5391 3262 5446 l.
3320 5407 3412 5457 ιιι,
3457 5409 3505 5448 c.
3554 5395 3619 5459 5,

2033 5499 2087 5552 p.
2139 5482 2282 5550 218,
2329 5494 2377 5537 et
2401 5485 2437 5537 l.
2471 5500 2523 5550 v,
2551 5499 2598 5537 c.
2628 5483 2732 5548 20,
2766 5500 2819 5552 ρ.
2863 5483 2984 5551 557,
3010 5494 3056 5538 et
3083 5485 3271 5551 l.xv1,
3301 5501 3350 5540 c.
3373 5487 3430 5552 8;
3453 5485 3618 5550 Fesl.,

2033 5577 2096 5630 de
2119 5578 2318 5632 verbor.
2347 5576 2589 5650 δίψῃ).
2624 5577 2815 5635 Nonne
2854 5595 3018 5651 porro
3047 5588 3103 5636 et
3130 5579 3222 5636 ille
3261 5580 3376 5651 ipse
3405 5591 3490 5637 est
3509 5623 3523 5648 ,
3553 5579 3624 5635 de

2033 5687 2139 5744 quo
2183 5673 2373 5729 Cicero
2417 5673 2672 5744 scripsit:
2709 5674 3083 5746 Pliilosophica
3127 5674 3416 5748 dogmata,
3453 5693 3472 5726 ι
3505 5680 3628 5744 post

2036 5767 2097 5826 L.
2135 5767 2264 5830 Elii
2307 5769 2475 5830 nostri
2519 5784 2804 5841 occasum,
2843 5788 2909 5830 ne
2949 5787 2979 5828 a
3012 5768 3217 5828 Latinis
3258 5769 3474 5842 quidem
3517 5767 3635 5843 peti
