3986 6058
263 110 362 173 677

1457 115 1523 180 ΙΝ
1553 115 1930 192 ΔΗΝΟΒΙΗΜ,
1976 118 2131 178 CAP.
2163 115 2352 182 XXVI.
2375 121 2417 192 ’ἒ

3374 127 3407 184 l'
3443 121 3548 189 678

266 250 286 284 ι
318 232 642 304 Lyricopum
671 233 925 292 Horatius
964 236 1080 294 fere
1122 237 1270 295 solus
1310 239 1415 310 legi
1446 238 1660 312 dignus.
1712 240 1844 297 Nam
1874 243 1929 304 Α
1958 239 2130 307 Rhet.,
2168 241 2196 313 ς
2229 245 2284 308 5,
2316 257 2368 313 p.
2398 241 2552 314 841).
2587 235 2658 298 Et
2681 241 2799 299 haec
2829 242 3050 316 quidem
3075 243 3353 302 Ciceronis
3386 250 3548 306 verba

259 325 489 395 insurgit
540 326 827 398 aliquando
848 368 865 396 ,
896 339 951 385 et
983 331 1174 399 plenus
1199 331 1556 402 jucunditatis
1580 343 1636 390 et
1663 335 1853 405 gratia:

258 418 506 487 etjvariis
533 421 710 476 verbis
745 430 803 477 et
851 420 1162 479 felicissime
1211 425 1407 480 audax.
1455 426 1512 482 Si
1556 443 1717 497 quem
1758 427 1854 482 ad-

252 512 426 584 jiccre
473 514 644 582 velis,
710 516 756 572 is
805 517 1010 574 Barsine
1054 519 1252 575 Bassus
1292 521 1435 589 erit,
1473 537 1634 592 quem
1680 535 1854 594 nuper

259 606 509 662 vidimus.
543 627 563 662 ι

334 701 463 768 Quis
491 711 674 759 autem
702 717 769 758 ex
793 702 874 759 his
897 703 1143 772 duobus,
1176 714 1268 762 aut
1292 722 1358 763 ex
1405 708 1527 764 aliis
1552 749 1566 775 ,
1595 709 1639 763 si
1669 709 1758 780 qui
1785 707 1856 764 ab

258 794 343 850 his
365 795 566 850 diversi
612 796 845 863 fuerim,
876 799 946 854 ab
984 801 1226 857 Arnobio
1277 804 1492 871 citetur,
1538 803 1682 860 dictu
1709 804 1854 860 haud

256 887 436 944 facile.
473 890 529 946 Si
561 901 738 947 tamen
774 891 930 946 illum
971 892 1037 949 de
1064 894 1239 951 Caesio
1269 895 1437 950 Basso
1483 898 1629 968 loqui
1659 897 1854 968 proba-

256 983 402 1036 veris
424 1023 438 1048 ,
491 999 598 1037 non
643 985 1058 1054 refragabimur.
1090 986 1303 1043 Videsis
1349 989 1596 1044 Vossium
1621 989 1692 1046 de
1724 1007 1854 1063 poe-

258 1077 327 1131 tis
352 1076 533 1132 latinis
562 1075 742 1150 (Voss.
764 1121 779 1146 ,
817 1078 967 1134 Poet.
1000 1081 1120 1149 lat.,
1159 1099 1215 1152 p.
1250 1085 1316 1137 17
1340 1094 1389 1138 et
1410 1083 1529 1157 44).

327 1167 500 1225 Cincii
543 1171 612 1226 ab
655 1174 976 1230 auctoritate
1001 1174 1158 1244 plura
1188 1177 1460 1234 Arnobius
1500 1180 1715 1249 repetit.
1751 1180 1856 1236 Ve-

256 1262 577 1318 tustissimis
601 1273 780 1320 autem
824 1265 1097 1324 historicis
1126 1283 1156 1323 a
1206 1269 1464 1340 Dionysio
1511 1272 1855 1329 Halicarnas-

255 1369 352 1411 seo
374 1357 457 1410 his
486 1357 667 1412 verbis
692 1371 1080 1416 annumeratur
1113 1379 1126 1416 :
1163 1379 1182 1414 ι
1231 1361 1344 1419 Nec
1372 1365 1646 1422 absimiles
1684 1367 1856 1422 histoo

255 1451 367 1506 rias
400 1450 684 1507 ediderunt
711 1463 973 1525 quotquot
998 1455 1228 1512 Romani
1263 1457 1514 1515 homines
1552 1461 1700 1516 urbis
1740 1473 1855 1518 suo:

258 1559 350 1598 res
378 1553 554 1614 gestas
573 1560 755 1614 graeco
777 1557 1031 1604 sermdne
1064 1554 1433 1620 scripserunt,
1476 1567 1706 1622 quorum
1754 1569 1852 1608 ve-

1957 334 2010 388 in
2037 335 2178 389 illius
2219 335 2518 407 Philippica
2560 337 2794 392 secunda
2823 337 3000 394 adhuc
3044 351 3336 396 occurrunt
3383 339 3536 413 (Cia,

1958 425 2194 498 Philipp.
2218 441 2288 494 ιι,
2325 445 2379 499 p.
2417 429 2567 500 495).
2620 430 2782 500 Αιαυί
2813 431 2935 486 huic
2975 433 3222 502 rhetori,
3256 437 3330 489 uti
3359 438 3509 490 vides
3532 479 3547 504 ,

1959 534 2063 576 non
2090 521 2250 576 modo
2273 531 2627 578 memoratum
2660 525 2730 579 ah
2759 527 2998 582 Arnobio
3029 539 3223 584 nomen
3255 545 3318 586 ac
3349 546 3551 601 Cogno-

1957 627 2080 668 men
2111 617 2404 684 competit,
2432 615 2529 671 sed
2557 616 2688 671 illud
2717 617 2878 672 etiam
2905 660 2920 684 ,
2954 621 3096 691 quod
3141 637 3318 692 graece
3361 622 3552 681 doctus

1958 705 2188 760 dicatur.
2238 705 2431 762 Utrum
2469 722 2604 764 vero
2634 709 2676 763 is
2722 711 2836 780 ipse
2865 711 2965 778 sit,
3011 714 3098 784 qui
3127 714 3298 770 libros
3341 715 3408 770 de
3450 716 3554 772 diis

1954 813 2131 870 graece
2156 802 2390 860 edidisse
2421 807 2733 875 perhibetur
2757 851 2771 876 ,
2795 810 3040 879 expende
3061 854 3076 879 ,
3106 829 3318 884 quasso,
3351 823 3406 870 et
3427 830 3554 887 pro-

1958 895 2166 949 nuntia.

2027 982 2300 1042 Corniﬁeii
2354 989 2681 1060 singularem
2733 993 2800 1048 de
2850 992 3231 1053 Novensilibus
3277 999 3382 1054 diis
3428 1015 3552 1056 sen-

1959 1079 2180 1133 tentiam
2231 1081 2416 1136 retulit
2454 1083 2726 1140 Arnobius
2774 1085 3017 1155 (Arnob.,
3048 1087 3137 1144 lib.
3183 1106 3276 1158 tn,
3312 1109 3364 1162 p.
3397 1091 3548 1167 122).

1959 1173 2235 1229 Testatum
2293 1189 2470 1231 autem
2519 1180 2673 1234 nobis
2734 1179 3035 1238 Macrobius
3081 1183 3204 1240 fecit
3255 1185 3439 1255 plures
3485 1189 3553 1246 ab

1958 1264 2054 1318 illo
2107 1266 2283 1321 editos
2329 1268 2492 1324 fuisse
2534 1270 2855 1342 Etymorum
2900 1275 3101 1340 libros,
3150 1277 3302 1346 cujus
3333 1279 3553 1334 tertium

1958 1358 2106 1412 hisce
2147 1360 2479 1430 totidemque
2519 1363 2702 1418 citavit
2733 1366 2914 1421 verbis
2947 1385 2960 1421 :
2996 1385 3015 1419 ι
3050 1366 3375 1427 Cornilieius
3419 1371 3552 1445 Ety-

1957 1468 2167 1508 morum
2232 1456 2326 1510 lib.
2383 1473 2436 1510 ιιι
2484 1459 2711 1528 Cicera,
2767 1475 2786 1512 ι
2823 1463 3031 1532 inquit,
3083 1481 3103 1517 ι
3156 1481 3261 1520 non
3316 1465 3550 1536 Janum,

1955 1544 2050 1600 sed
2081 1545 2290 1602 Fanum
2341 1550 2558 1603 nomina
2603 1552 2671 1606 ab
2718 1554 2897 1608 eundo
2936 1574 2956 1607 ι
2991 1551 3276 1626 (Macrob.,
3306 1559 3393 1612 lib.
3440 1560 3548 1616 Sa-

260 1636 537 1691 tustissimi
559 1635 626 1704 ρ.
653 1637 853 1694 Fabius
879 1647 934 1696 et
978 1641 1040 1707 L,
1083 1640 1302 1697 Cincius
1325 1686 1340 1710 ,
1383 1648 1597 1707 Λεύκιος
1626 1650 1844 1721 Κίγκιος,

1955 1641 2176 1708 turnal.,
2209 1658 2257 1696 c.
2293 1644 2352 1707 6,
2386 1660 2439 1712 p.
2464 1643 2620 1716 212).
2656 1645 2796 1702 Alibi
2829 1663 2959 1703 vero
3015 1651 3278 1719 quosdam
3305 1649 3371 1707 de
3416 1653 3554 1709 Cen-

256 1724 428 1785 ambo"
447 1731 685 1800 aequales
709 1733 868 1788 bellis
911 1734 1147 1790 Punicis.
1171 1735 1373 1790 Horum
1401 1748 1626 1809 uterque
1645 1755 1706 1794 ea
1737 1740 1854 1810 qui-

255 1823 357 1879 bus
388 1825 502 1893 ipse
531 1825 807 1892 interfuit,
839 1835 897 1881 ut
919 1828 1089 1896 probe
1132 1828 1236 1884 sibi
1283 1831 1496 1901 cognita
1518 1874 1534 1898 ,
1566 1832 1854 1903 diligenter

255 1919 534 1972 mandavit
565 1919 779 1974 litteris.
829 1920 960 1988 Quae
985 1936 1117 1977 vero
1146 1921 1275 1978 olim
1308 1934 1428 1992 post
1461 1923 1666 1981 Urbem
1715 1942 1851 1982 con-

253 2008 420 2064 ditam
444 2009 699 2081 deinceps
719 2022 1008 2068 consecuta
1047 2023 1202 2080 sunt,
1237 2024 1522 2072 contentus
1569 2015 1666 2073 fuit
1695 2035 1850 2074 sum-

257 2105 443 2158 matim
474 2119 794 2174 percurrere
843 2125 862 2159 ι
899 2105 1116 2177 (Arnob.
1136 2153 1152 2175 ,
1182 2109 1274 2163 lib.
1311 2127 1369 2166 ιιι
1395 2150 1412 2176 ,
1438 2127 1492 2182 p.
1526 2111 1663 2179 122;
1690 2113 1848 2169 Dion.

260 2194 461 2261 Halic.,
499 2196 589 2251 lib.
619 2213 672 2264 ι,
713 2216 767 2268 p.
798 2199 832 2254 6
861 2211 909 2254 et
937 2199 1048 2272 16).
1082 2204 1166 2257 Ab
1206 2219 1273 2259 eo
1306 2218 1492 2274 postea
1527 2207 1612 2261 vir
1649 2219 1852 2263 senato-

256 2290 320 2342 rii
357 2290 554 2344 ordinis
595 2334 609 2356 ,
643 2300 696 2345 et
741 2306 771 2346 a
800 2291 958 2349 Livio
985 2296 1243 2349 maximus
1275 2307 1464 2353 auctor
1513 2301 1849 2370 appellatur,

258 2381 361 2436 nisi
389 2382 443 2435 in
477 2382 579 2438 hoc
609 2383 747 2438 Livii
777 2385 896 2440 loco
915 2429 928 2449 ,
982 2403 1078 2457 pro
1107 2391 1360 2445 maximus
1380 2433 1394 2458 ,
1443 2401 1498 2446 tit
1541 2394 1594 2448 in
1626 2395 1851 2464 quibus-

259 2474 384 2529 dam
412 2476 576 2532 editis
605 2479 825 2533 maxime
855 2493 1084 2536 censeas
1108 2483 1392 2553 legendum
1421 2485 1552 2558 (Liv.
1574 2526 1589 2554 ,
1622 2487 1708 2541 lib.
1735 2503 1847 2558 xxx,

258 2587 309 2629 ε,
342 2570 456 2642 58).
487 2571 637 2627 Illius
670 2589 832 2643 porro
863 2575 1056 2630 librum
1102 2577 1170 2632 de
1196 2578 1376 2633 Fastis
1417 2581 1602 2636 citavit
1642 2583 1850 2639 Maeroa

257 2663 380 2718 bius
410 2683 422 2719 :
455 2664 662 2722 Cellius
710 2683 845 2723 vero
872 2671 1019 2724 varia
1065 2670 1190 2726 libri
1237 2673 1358 2742 ejus
1398 2673 1466 2728 de
1520 2688 1578 2729 re
1631 2677 1851 2733 militari

257 2757 559 2830 fragmenta
594 2763 956 2833 transcripsit.
992 2763 1150 2818 Plura
1176 2765 1246 2820 de
1279 2780 1349 2821 eo
1379 2766 1601 2824 Vossius
1625 2814 1638 2836 ,
1689 2783 1852 2840 quem

259 2853 304 2908 si
352 2852 534 2919 lubet,
583 2854 736 2912 adire
783 2857 984 2925 poteris
1024 2857 1316 2927 (Macrob,
1357 2861 1447 2916 lib.
1494 2860 1846 2930 tSaturnal.,~

1955 1734 2123 1788 tauris
2149 1751 2337 1791 versus
2368 1737 2437 1792 ab
2474 1737 2571 1792 illo
2611 1741 2663 1793 in
2695 1739 2894 1796 Glauco
2935 1743 3250 1801 decantatus
3298 1750 3550 1804 transcri-

1957 1829 2062 1897 psit
2091 1828 2255 1898 (Ibid.
2280 1873 2296 1898 ,
2329 1829 2416 1885 lib.
2459 1847 2512 1886 Vl
2534 1873 2548 1898 ,
2578 1850 2624 1886 c.
2649 1835 2701 1900 4,
2739 1853 2792 1905 p,
2817 1834 2965 1907 18b).
2992 1840 3059 1890 At
3086 1854 3264 1895 nonne
3286 1839 3412 1896 hinc
3441 1843 3554 1897 col-

1956 1921 2046 1992 ligi
2079 1932 2258 1994 potest
2290 1926 2466 1995 ipsum
2506 1942 2628 1982 esse
2659 1929 2727 1983 de
2751 1944 2857 1998 quo
2887 1929 3154 1986 Eusebius
3187 1934 3238 1988 in
3285 1936 3554 1993 Chronico

1955 2016 2032 2070 sic
2061 2016 2298 2087 loquitur
2331 2037 2343 2072 :
2385 2039 2404 2072 ‹
2440 2018 2758 2076 Cornificius
2785 2032 2941 2092 poeta
2974 2039 3003 2079 a
3036 2025 3298 2082 militibus
3329 2028 3555 2086 destitu-

1955 2116 2041 2162 tus
2060 2109 2262 2164 interiit
2281 2153 2295 2176 ,
2325 2128 2460 2180 quos
2488 2128 2632 2183 szepe
2663 2113 2928 2186 fugientes
2948 2120 3189 2188 galeatos
3223 2120 3436 2191 lepores
3459 2138 3553 2193 ap-

1954 2205 2209 2274 pellebat.
2262 2206 2430 2276 Hujus
2476 2223 2632 2263 soror
2687 2207 3011 2279 Cornificia,
3044 2212 3198 2282 cujus
3237 2219 3554 2271 exstantiu-

1954 2297 2122 2368 signia
2140 2299 2524 2368 epigrammata
2552 2319 2571 2352 ι
2605 2300 2844 2371 (Euseb..
2879 2302 3070 2359 Chron.
3105 2306 3174 2360 ad
3201 2325 3324 2363 ann.
3359 2310 3550 2382 1576).

1954 2387 2070 2441 Non
2101 2388 2313 2444 dubitat
2341 2389 2562 2447 Vossius
2594 2395 2721 2463 quin
2759 2395 2802 2448 is
2842 2394 2985 2450 idem
3017 2397 3121 2465 sit,
3153 2408 3315 2470 atque
3346 2400 3553 2472 Virgilii

1954 2482 2308 2548 obtrectator,
2368 2483 2434 2538 de
2485 2499 2592 2554 quo
2650 2485 2853 2541 invita
2903 2488 3020 2558 ejus
3082 2491 3224 2560 apud
3286 2493 3551 2549 Donatum

1955 2572 2132 2644 (Voss.
2152 2613 2167 2639 ,
2197 2578 2261 2628 de
2291 2573 2436 2630 Poet.
2481 2577 2571 2631 lat.
2596 2621 2609 2642 ,
2644 2596 2696 2649 p.
2723 2577 2838 2650 2'2).
2891 2580 2998 2636 Sed
3047 2582 3239 2640 dubius
3283 2584 3454 2641 haeret
3483 2599 3551 2643 an

1957 2665 2044 2720 ille
2083 2665 2279 2733 fuerit,
2325 2669 2390 2722 ad
2436 2685 2594 2740 quem
2649 2672 2825 2728 adhuc
2881 2673 3132 2745 leguntur
3195 2677 3388 2734 Catulli
3437 2681 3552 2750 epi-

1955 2774 2196 2830 gramma
2221 2763 2435 2830 (Catull.
2461 2765 2711 2834 epigram.
2741 2765 2862 2838 56),
2887 2782 2949 2821 ac
2972 2769 3249 2824 Ciceronis
3269 2771 3547 2842 epistolae;

1957 2865 2135 2908 utrum
2163 2857 2324 2910 etiam
2357 2856 2424 2912 ab
2473 2873 2540 2913 eo
2588 2861 2824 2928 profecta
2858 2863 2966 2918 sint
3005 2864 3299 2921 Rhetorica
3332 2867 3400 2923 ad
3445 2869 3552 2924 Hc-

255 2961 303 3000 ε.
345 2946 444 3010 12;
501 2945 637 3002 Gell.
661 2988 676 3013 ,
723 2948 814 3004 lib.
846 2964 938 3004 nt
987 2949 1144 3005 Noct.
1180 2951 1286 3009 Att.
1310 2995 1326 3021 ,
1374 2967 1421 3010 ο.
1450 2956 1509 3022 4;
1561 2957 1732 3024 l’oss.,
1787 2958 1854 3013 de
1897 3021 1917 3024 ᾗ
1954 2951 2238 3017 renniunt,
2267 2967 2386 3021 qua:
2420 2952 2552 3008 falso
2581 2952 2864 3009 Ciceronis
2891 2959 3111 3014 nomine
3161 2959 3547 3018 inscribuntur.

258 3038 400 3094 Hist.
436 3057 613 3113 gnata,
645 3043 739 3098 lib.
770 3060 860 3108 ιν,
896 3061 943 3100 ε.
985 3045 1093 3115 is,
1137 3057 1186 3102 cl
1215 3048 1279 3102 de
1318 3048 1462 3106 Hm.
1509 3051 1638 3121 (at,
1686 3021 1773 3109 ut.
1815 3071 1832 3111 ι

1954 3038 2122 3097 Nobis
2155 3056 2317 3110 porro
2343 3041 2484 3097 haud
2517 3059 2661 3116 aegre
2690 3048 3108 3115 persuadebitur
3139 3052 3282 3108 hunc
3329 3054 3552 3110 Cornifi-

254 3151 300 3189 c.
333 3134 414 3209 ι).

327 3229 550 3288 Clodius
590 3234 924 3302 praenomine
968 3234 1158 3291 Sextus
1182 3277 1196 3303 ,
1236 3237 1303 3291 ab
1331 3237 1605 3307 Arnoblo,
1658 3241 1710 3295 in
1758 3258 1849 3297 eoa

253 3341 394 3389 rum,
428 3342 545 3397 quae
590 3327 658 3383 de
685 3327 872 3383 Fauno
901 3330 1149 3398 dicebat,
1193 3331 1347 3387 testis
1394 3333 1536 3388 hunc
1555 3335 1748 3391 citatur
1793 3337 1850 3392 in

254 3417 472 3472 modum
499 3439 513 3474 :
536 3418 726 3475 Sextus
753 3420 963 3476 Gladius
991 3423 1185 3477 indicat
1210 3425 1263 3478 in
1290 3433 1432 3480 sexto
1454 3426 1517 3481 de
1537 3427 1636 3482 dlis
1656 3440 1844 3500 grwco‘.

252 3510 362 3567 Sed
391 3513 649 3582 suspicati
676 3523 806 3570 sunt
844 3515 1010 3586 aliqui
1066 3527 1381 3587 corruptum
1409 3535 1530 3576 esse
1571 3521 1673 3577 hoc
1724 3522 1845 3578 ulti-

250 3621 396 3658 mum
427 3606 686 3672 verbum,
737 3622 802 3662 ac
849 3610 1246 3665 restituendum
1292 3611 1611 3673 Graecarum.
1653 3616 1758 3672 Sed
1791 3615 1846 3671 hi

250 3713 362 3753 non
398 3698 641 3768 legerant
680 3700 830 3756 illum
861 3702 1127 3759 Lactantii
1160 3705 1342 3760 locum
1363 3749 1376 3772 ,
1408 3707 1497 3762 ubi
1540 3707 1844 3764 Arnobium

249 3801 492 3848 nostrum
524 3804 911 3864 prmeeptorem
953 3812 1108 3852 suum
1137 3829 1152 3863 ,
1183 3800 1263 3854 sic
1283 3802 1527 3870 sequitur
1552 3821 1564 3857 :
1599 3821 1617 3854 ι
1647 3802 1845 3860 Sextus

245 3885 466 3942 Clodius
498 3887 549 3941 in
580 3904 646 3943 eo
676 3889 812 3944 libro
832 3907 992 3960 quem
1019 3907 1195 3963 grzecc
1221 3896 1458 3966 scripsit,
1481 3897 1646 3953 refert
1673 3898 1843 3954 Fauni

246 3979 384 4036 hanc
408 3996 636 4036 uxorem
669 3981 836 4038 fuisse
873 4003 892 4037 ι
923 3983 1166 4057 (Ανηοὺη
1189 3988 1279 4042 lib.
1309 3998 1340 4041 ν
1361 4033 1375 4057 ,
1409 4003 1459 4060 p.
1494 3991 1627 4058 168;
1665 3992 1840 4059 Lach,

244 4075 334 4128 lib.
386 4092 436 4141 ιι,
482 4093 528 4129 c.
574 4076 681 4141 2'2,
728 4093 780 4147 ρ.
828 4080 979 4147 127).
1029 4081 1161 4136 Nam
1195 4084 1318 4139 inde
1369 4085 1526 4142 facile
1570 4088 1844 4160 colligitur

243 4168 296 4221 in
332 4167 553 4222 Arnobii
609 4179 760 4224 textu
811 4173 1074 4242 scriptum
1125 4187 1230 4231 non
1287 4177 1454 4233 fuisse
1501 4179 1838 4248 Graecorum,

241 4262 337 4316 sed
373 4263 551 4330 potius
579 4279 742 4333 graece
765 4266 976 4337 scripto,
1001 4269 1084 4322 vel
1115 4271 1242 4338 quid
1277 4272 1474 4327 simile.

313 4355 395 4412 Ad
448 4355 733 4424 Clodium,
791 4361 932 4429 quod
995 4370 1237 4430 spectat,
1292 4365 1510 4434 quidam
1555 4373 1839 4422 autumant

239 4462 365 4502 eum
397 4461 518 4502 esse
561 4448 715 4518 cujus
747 4449 918 4518 liber,
960 4451 1133 4507 Index
1174 4461 1458 4524 teinporum
1503 4457 1796 4527 inscriptus
1818 4503 1833 4526 ,

239 4555 271 4593 a
338 4539 627 4596 Plutarcho
678 4542 926 4598 laudatur
992 4543 1315 4616 (Plutarch.,
1376 4551 1430 4603 in
1493 4548 1611 4604 Vita
1667 4551 1830 4608 Nam.

238 4630 456 4702 Pomp.,
493 4651 544 4697 ρ.
575 4632 694 4706 52).
725 4635 834 4691 Sed
861 4646 1149 4709 utrumque
1176 4639 1264 4694 hic
1296 4637 1455 4695 Sexto
1495 4640 1657 4696 fuerit
1696 4653 1836 4714 pra:-

236 4741 461 4791 nomen,
496 4744 657 4783 nemo
684 4729 949 4799 probavit.
981 4733 1131 4788 Alius
1157 4744 1337 4789 autem
1361 4777 1373 4798 ,
1424 4736 1508 4790 cui
1542 4747 1832 4808 utrumque

237 4835 546 4890 praenomen
570 4863 584 4888 ,
640 4832 696 4878 et
740 4839 938 4879 nomen
970 4829 1258 4895 convenit,
1293 4845 1322 4883 a
1355 4829 1619 4886 Suetonio
1666 4832 1830 4887 claris

235 4913 547 4971 rhetoribus
572 4916 880 4987 adiungitur
908 4929 920 4973 ε
961 4937 979 4972 ι
1015 4922 1246 4988 Sextus,
1280 4943 1300 4977 ι
1333 4924 1536 4994 inquit,
1568 4924 1830 4980 tClodius

234 5021 266 5060 e
297 5005 476 5061 Sicilia
501 5050 517 5075 ,
548 5009 730 5064 latina;
754 5010 916 5066 simul
946 5022 999 5067 et
1025 5029 1218 5084 grta-em
1245 5017 1573 5088 eloquentiae
1617 5019 1825 5088 profes-

234 5112 330 5152 sor
361 5100 501 5156 male
527 5101 774 5157 oculatus
797 5145 810 5168 ,
858 5114 1008 5160 et....
1035 5107 1274 5163 Antonio
1294 5120 1508 5180 gratus,
1555 5125 1662 5182 quo
1703 5123 1829 5167 mox

231 5193 493 5256 consule,
521 5194 710 5264 ingens
735 5195 898 5251 etiam
944 5199 1277 5270 congiarium
1322 5201 1565 5273 accepit,
1602 5206 1726 5260 ιιῑεὶ
1775 5205 1828 5259 in

231 5287 549 5359 Philippicis
597 5291 790 5347 Cicero
837 5293 1066 5364 objicit:
1099 5295 1337 5353 Adhibes
1363 5297 1473 5368 joci
1501 5313 1661 5355 causa
1713 5311 1828 5355 ms-

228 5383 458 5453 gistrum
491 5383 750 5456 suffragio
779 5394 872 5441 tuo
893 5398 947 5442 et
977 5401 1356 5460 compotornm
1385 5402 1598 5448 tuorum
1643 5395 1827 5450 rheto-

230 5490 447 5532 rem....
492 5477 601 5533 duo
641 5479 810 5536 millia
859 5481 1106 5552 iugerum
1138 5486 1314 5554 campi
1362 5485 1615 5542 Leontini
1665 5487 1832 5545 Sexto

229 5568 422 5624 Clodio
469 5571 672 5628 rhetori
718 5575 1036 5646 assignasti,
1089 5577 1383 5646 etquidem
1437 5582 1728 5647 immunis;
1768 5591 1828 5636 ut

231 5675 380 5722 tanta
407 5667 654 5725 mercede
672 5667 807 5725 nihil
829 5685 1019 5742 sapere
1033 5669 1271 5727 disceres
1296 5691 1314 5726 ι
1341 5672 1542 5743 (Such,
1573 5675 1638 5731 do
1677 5675 1824 5733 Glar.

1954 3135 2119 3200 cium,
2148 3135 2215 3190 de
2245 3151 2352 3206 quo
2377 3138 2654 3194 Arnobius
2687 3141 2942 3211 loquitur,
2995 3144 3172 3214 ipsum
3202 3161 3348 3216 esse,
3396 3149 3550 3218 cujus

1954 3227 2122 3284 libros
2151 3229 2467 3300 Etymorum
2499 3234 2661 3303 paulo
2691 3244 2848 3291 antea
2891 3237 3317 3298 observabamus
3352 3258 3383 3299 a
3427 3251 3548 3299 Ma-

1952 3322 2138 3378 crobio
2160 3324 2336 3378 citari.

2022 3439 2210 3495 Crates
2232 3441 2405 3498 adhuc
2424 3444 2493 3500 ab
2513 3455 2733 3504 auctore
2761 3459 2949 3506 nostro
2979 3452 3248 3520 laudatus,
3276 3454 3420 3513 haud
3448 3458 3548 3514 du-

1952 3532 2039 3588 die
2079 3537 2462 3605 grammaticus
2490 3541 2584 3596 ille
2610 3540 2707 3596 fuit
2735 3586 2748 3608 ,
2794 3545 2861 3600 de
2887 3562 2994 3616 quo
3025 3547 3152 3604 alibi
3181 3548 3540 3608 disseruimus

1953 3625 2197 3698 (Arnob.,
2228 3629 2316 3683 lib.
2350 3646 2428 3698 tn,
2468 3649 2587 3704 pag.
2617 3634 2710 3690 121
2739 3645 2897 3702 ;tom.
2935 3654 2951 3692 ι
2981 3638 3265 3712 Apparat.,
3287 3659 3408 3716 pag.
3442 3645 3546 3700 147

1950 3729 1995 3773 et
2025 3719 2162 3776 4259
2188 3721 2226 3791 ).
2469 3743 2472 3745 Α

2021 3809 2250 3867 Cronius
2289 3814 2341 3869 in
2379 3816 2566 3873 ultima
2610 3819 2872 3876 librorum
2911 3825 3140 3881 Arnobii
3181 3827 3420 3885 editione
3449 3846 3546 3886 no-

1949 3903 2204 3970 minatur,
2231 3905 2316 3959 uhi
2350 3909 2463 3964 hare
2487 3910 2577 3964 ille
2606 3910 2741 3966 dixit
2775 3927 2788 3966 :
2827 3933 2846 3966 ι
2878 3914 2987 3971 Vos
3017 3918 3250 3986 Platoni,
3282 3937 3380 3976 vos
3404 3922 3544 3978 Cro-

1948 3993 2058 4062 nio,
2083 4010 2178 4049 vos
2210 3996 2476 4054 Numenio
2505 4003 2727 4057 creditis
2757 4023 2774 4056 ι
2802 4004 3044 4075 (Ανηοὺη
3068 4008 3164 4064 lib.
3194 4027 3251 4077 lt,
3279 4029 3400 4085 pag.
3423 4013 3536 4086 49).

1946 4088 2051 4142 Sed
2094 4090 2143 4142 in
2177 4093 2544 4161 manuscripto
2583 4095 2731 4166 regio
2759 4097 2946 4154 codice
2989 4115 3088 4171 pro
3118 4102 3306 4159 Granio
3350 4105 3546 4178 legitur

1946 4183 2208 4239 Crotonio.
2243 4185 2293 4239 Is
2324 4197 2500 4241 autem
2531 4189 2650 4257 quis
2677 4188 2870 4258 fuerit,
2911 4208 3036 4250 cum
3069 4195 3383 4268 ignoretur,
3418 4217 3540 4257 cor-

1948 4285 2164 4345 ruptum
2195 4293 2388 4333 nomen
2427 4293 2546 4334 esse
2576 4285 2916 4351 putaverunt.
2951 4285 3019 4341 At
3047 4291 3321 4359 quomodo
3352 4309 3539 4349 cmen-

1946 4365 2063 4424 dari
2090 4369 2322 4438 debeat,
2368 4387 2466 4442 pro
2496 4387 2593 4428 suo
2627 4379 2999 4449 unusquisque
3028 4381 3246 4453 ingenio
3285 4386 3539 4458 conjec-it.

1948 4464 2213 4519 Canterus
2261 4465 2457 4536 quippe
2497 4468 2750 4538 opinatur
2778 4470 3065 4541 legendum
3116 4473 3361 4532 Protonio
3391 4522 3405 4546 ,
3439 4495 3538 4536 seu

1942 4555 2225 4612 Prol/tonio
2250 4600 2260 4619 ,
2304 4559 2384 4613 vel
2414 4560 2594 4630 potius
2621 4559 2924 4619 Prothomio
2949 4609 2962 4628 ,
3007 4567 3076 4622 de
3100 4583 3206 4637 quo
3232 4570 3494 4641 Apuleius
3525 4592 3540 4630 :

1947 4670 1964 4702 ι
1995 4651 2090 4707 Sat
2115 4669 2141 4707 ε
2169 4653 2434 4718 Protomo,
2467 4673 2485 4706 ι
2521 4651 2722 4726 inquit,
2760 4677 2778 4711 ι
2806 4660 2974 4730 gloria
3008 4670 3111 4727 est,
3143 4665 3234 4734 qui
3270 4665 3392 4720 talis
3416 4667 3534 4735 fuit,

1942 4755 2000 4800 ut
2028 4747 2142 4816 ejus
2182 4758 2430 4817 nepotem
2463 4765 2568 4804 non
2594 4752 2837 4820 puderet.
2871 4773 2889 4806 ι
2927 4755 3133 4826 (Apul.
3163 4799 3177 4824 ,
3209 4757 3299 4813 lib.
3326 4760 3390 4814 de
3421 4761 3534 4818 Deo

1941 4839 2147 4894 Socral.
2178 4882 2192 4907 ,
2225 4840 2339 4895 sub.
2391 4839 2512 4914 ﬁn.)
2545 4843 2745 4900 Verum
2788 4836 2919 4916 quid
2950 4849 3015 4903 ad
3047 4848 3273 4906 Aruobii
3319 4853 3536 4910 institu-

1938 4941 2049 4986 tum
2080 4932 2195 4988 hzcc
2224 4932 2436 5004 Apuleii
2474 4935 2636 4992 verba
2668 4938 3003 5006 conducant,
3049 4941 3207 4999 nobis
3243 4955 3392 5003 certe
3429 4960 3537 5004 non

1937 5023 2126 5094 liquet.
2175 5024 2540 5093 Quamobrem
2600 5029 2784 5098 plures
2822 5030 2913 5085 alii
2961 5033 3306 5090 scribendum
3350 5047 3540 5108 putant

1941 5115 2155 5170 Plotina
2183 5156 2197 5180 ,
2231 5127 2391 5188 atque
2422 5118 2473 5172 in
2506 5121 2828 5189 suspicionis
2871 5122 3030 5193 hujus
3069 5126 3537 5188 centirmationem

1937 5208 2164 5277 proferri
2205 5219 2428 5280 possunt
2465 5210 2579 5266 haec
2609 5212 2936 5270 Theodoreti
2974 5216 3140 5273 verba
3171 5235 3185 5275 :
3219 5224 3405 5280 Λύτίκα
3429 5228 3536 5282 τοί-

1929 5323 2019 5356 νυν
2047 5308 2136 5361 τὴν
2181 5305 2433 5366 Πλάτωνος
2475 5303 2692 5362 διάνοιαν
2727 5311 3145 5375 ἀναπτύσσοντες
3169 5356 3183 5380 ,
3231 5320 3312 5371 καὶ
3338 5317 3364 5372 ὁ
3394 5320 3535 5374 Illor-

1931 5402 2085 5460 τῖνος,
2115 5399 2193 5448 καὶ
2223 5396 2248 5450 ὁ
2276 5403 2554 5468 Νουμήνιος
2595 5399 2613 5467 (
2643 5397 2920 5469 ΤΙιεοάον.,
2955 5421 3106 5459 serm.
3135 5406 3200 5473 2,
3232 5409 3294 5463 de
3335 5411 3535 5478 princi-

1935 5487 2020 5556 pio
2047 5525 2062 5553 ,
2112 5497 2235 5540 tom.
2267 5503 2350 5555 tv,
2398 5506 2520 5559 pag.
2554 5490 2658 5547 500
2683 5489 2727 5564 ).
2773 5493 2959 5566 Itaque
3000 5496 3243 5555 Plotinus
3266 5511 3313 5556 et
3337 5499 3536 5560 Nume-

1933 5581 2048 5634 nius
2068 5619 2083 5644 ,
2129 5579 2365 5638 Platonis
2392 5593 2607 5639 mentem
2633 5588 2966 5658 explicantes.
3001 5594 3190 5650 Nonne
3225 5597 3369 5653 enim
3395 5641 3410 5665 ,
3443 5601 3531 5654 in-

1931 5676 2152 5746 quiunt,
2191 5683 2302 5733 tres
2331 5676 2384 5733 hi
2413 5689 2537 5734 sunt
2565 5681 2901 5741 recentiores
2928 5685 3261 5758 philosOphi,
3303 5705 3536 5760 quorum
