3986 6058
439 153 544 210 679

1754 158 2208 221 DISSERTATIO
2243 161 2549 220 PRIEVIAJ

3623 168 3726 227 680

441 267 773 325 mentionem
799 268 1071 326 Arnobius
1097 269 1263 327 fecit?
1283 269 1390 327 Sed
1413 271 1481 327 de
1500 273 1828 342 quibuslibet
1853 275 2029 344 philo-
2058 287 2111 347 Α
2209 279 2484 349 Epictetus
2510 280 2865 352 philosophus
2895 289 3197 354 praeceptor
3226 283 3325 340 luit
3353 285 3603 353 Arriani,
3634 293 3728 360 qui

443 360 632 431 sophis
658 377 782 416 eum
810 375 973 432 agere
997 362 1173 432 quivis
1196 361 1341 418 hunc
1365 363 1541 419 locum
1577 378 1781 423 attente
1804 367 2030 439 legerit,

443 471 553 511 non
599 453 935 509 diffitehitur.
977 453 1168 510 Nonne
1213 455 1374 511 etiam
1425 459 1694 526 imperito,
1740 471 1799 514 ut
1837 464 2034 532 saepius

447 546 701 614 diximus,
745 545 967 602 librario
1003 546 1209 603 facilius
1243 547 1344 603 fuit
1383 565 1479 620 pro
1520 549 1708 606 Cronio
1733 595 1748 620 ,
1799 555 2036 611 scribere

449 639 719 706 Crotonio,
761 656 920 710 quam
976 639 1237 697 Plotina?
1275 646 1345 698 At
1387 653 1535 700 certe
1574 646 1616 700 si
1656 648 1799 716 prior
1839 649 2034 716 lectio,

447 733 704 800 Cronius,
753 736 974 790 omnino
1022 751 1129 791 non
1179 737 1500 808 displiceat,
1560 741 1758 809 poterit
1814 742 2034 798 Eusebii

445 828 763 884 auctoritate
789 829 1039 885 stabiliri.
1089 829 1165 885 De
1191 830 1426 902 Origene
1450 833 1650 886 etenim
1683 834 1760 888 sic
1802 835 1991 890 scribit
2021 853 2034 888 :

453 939 471 973 α
509 920 756 976 Numenii
785 937 1020 993 quoque,
1044 931 1099 978 et
1120 923 1328 987 Cronii,
1359 929 1662 998 Νουμηνίον,
1689 929 1768 980 καὶ
1787 930 1995 1002 Κρονίου
2019 966 2036 994 ,

444 1013 839 1084 Ap0110phanis
865 1057 880 1083 ,
907 1023 962 1070 et
998 1015 1261 1087 Longini,
1306 1017 1567 1072 Moderati
1604 1018 1766 1072 etiam
1798 1031 1850 1073 et
1883 1019 2039 1072 Nico-

448 1106 625 1162 machi
645 1149 660 1172 ,
689 1116 745 1163 et
772 1109 999 1164 aliorum
1027 1150 1043 1177 ,
1073 1109 1165 1179 qui
1185 1109 1325 1164 inter
1353 1109 1741 1180 Pythagoricos
1785 1111 2040 1181 praecipui

447 1200 754 1268 habentur,
803 1204 1003 1274 scripta
1053 1203 1295 1274 quotidie
1336 1204 1388 1257 in
1435 1203 1684 1259 manibus
1733 1204 1965 1260 habebat
2015 1222 2034 1256 ›

447 1291 466 1363 (
493 1294 682 1350 Euseb.
701 1336 716 1361 ,
746 1295 836 1350 lib.
868 1311 919 1350 vr
949 1294 1152 1350 Eccles.
1180 1298 1387 1362 ltistor.,
1420 1314 1536 1367 cap.
1571 1299 1638 1352 19
1659 1340 1674 1364 ,
1708 1315 1827 1369 pag.
1863 1298 1970 1354 220
1994 1296 2037 1368 ).

445 1390 501 1446 Si
529 1405 659 1461 ergo
676 1389 908 1446 Cronius
930 1400 984 1446 et
999 1391 1295 1448 Numenius
1316 1393 1571 1462 praecipui
1601 1394 1741 1448 inter
1774 1395 2044 1467 Pythago-

446 1485 588 1540 ricos
620 1500 802 1540 revera
837 1484 1078 1554 fuerint,
1123 1486 1251 1557 quid
1298 1487 1549 1558 prohibet
1576 1489 1864 1558 quominus
1895 1491 1928 1544 ii
1956 1491 2039 1545 di-

448 1587 640 1633 cantur
660 1619 674 1644 ,
710 1579 904 1648 quibus
923 1579 1124 1633 ethnici
1150 1619 1166 1641 ,
1211 1578 1288 1634 uti
1314 1581 1387 1634 ait
1417 1581 1687 1636 Arnobius
1707 1623 1723 1649 ,
1753 1582 1914 1638 fidem
1944 1584 2042 1638 ha-

446 1670 938 1743 bebant?(Arnob.,
959 1672 994 1725 l.
1021 1688 1037 1726 ι
1060 1691 1113 1742 p.
1135 1673 1226 1738 51;
1246 1683 1366 1726 tom.
1397 1690 1413 1727 ι
1455 1673 1733 1744 Αρραηιτ..
1763 1695 1816 1746 p.
1852 1677 2039 1748 1259.)
2073 1682 2122 1743 B
2152 1693 2269 1746 sup.
2303 1720 2316 1742 ,
2346 1696 2461 1749 cap.
2495 1680 2529 1734 9
2552 1721 2567 1748 ,
2623 1692 2722 1735 art.
2751 1684 2778 1736 1
2807 1700 2822 1747 ;
2853 1693 2976 1738 tam.
3008 1700 3026 1738 ι
3080 1683 3336 1756 Apparet.

520 1766 713 1822 Ctesia:
743 1766 950 1836 primus
983 1764 1332 1821 historiarum
1379 1766 1514 1821 liber
1543 1767 1610 1822 ab
1641 1768 1732 1822 illo
1772 1771 1934 1824 etiam
1965 1770 2043 1824 ci-

450 1866 613 1914 tatur.
647 1859 724 1914 De
755 1857 857 1913 hoc
899 1869 1081 1912 autem
1125 1860 1393 1928 scriptore
1432 1875 1460 1912 a
1495 1859 1650 1914 nobis
1696 1861 1823 1916 alibi
1861 1871 2041 1917 actum

449 1964 554 2008 est.
586 1952 749 2008 Varia
785 1963 966 2008 autem
1012 1953 1270 2007 librorum
1315 1953 1430 2023 ejus
1461 1953 1760 2024 fragmenta
1790 1964 1913 2026 post
1937 1955 2043 2012 He-

449 2047 624 2103 rodoti
655 2047 823 2101 libros
848 2046 1073 2103 collecta
1103 2048 1372 2118 reperies.

520 2142 596 2197 De
628 2140 852 2210 Diagora
884 2156 1096 2212 quoque
1127 2140 1322 2206 Melio,
1350 2140 1440 2210 qui
1468 2141 1637 2208 deos,
1672 2143 1810 2196 sicut
1834 2143 1911 2198 ait
1939 2144 2043 2198 Arc-

450 2235 643 2290 nohius
671 2276 685 2300 ,
717 2233 968 2289 homines
1014 2233 1179 2288 fuisse
1207 2235 1589 2302 existimabat,
1638 2236 1763 2290 alibi
1796 2245 1957 2307 atque
1988 2239 2043 2293 in

450 2329 552 2386 hac
579 2329 739 2385 etiam
793 2328 1175 2384 dissertatione
1218 2329 1611 2400 disputavimus
1661 2329 1917 2401 (Arnob,
1950 2332 2041 2387 lib.

449 2437 501 2478 ιν
527 2464 540 2486 ,
572 2439 693 2493 pag.
725 2421 826 2476 147
853 2437 867 2483 ;
899 2438 1069 2490 supr.,
1097 2437 1212 2491 cap.
1244 2421 1298 2487 9,
1340 2432 1441 2474 art.
1480 2422 1503 2476 1
1533 2438 1548 2486 ;
1580 2421 1800 2479 Dissert.
1829 2424 1883 2477 in
1929 2423 2035 2477 Mi-

449 2530 594 2582 nuc.,
625 2530 740 2584 cap.
778 2513 863 2580 10,
889 2523 988 2568 art.
1013 2514 1137 2578 ult.;
1158 2524 1204 2567 et
1233 2513 1484 2583 Apparat.
1516 2524 1637 2568 tom.
1664 2532 1702 2579 ι,
1732 2533 1854 2587 pag.
1883 2515 2040 2588 147).

524 2607 682 2664 Ennii
729 2608 964 2664 celebris
991 2618 1074 2663 est
1100 2607 1241 2680 apud
1275 2608 1678 2678 antiquissimos
1709 2612 2003 2679 scriptores
2027 2653 2041 2677 ,

450 2701 684 2758 Livium.
717 2702 782 2757 A.
815 2701 1075 2770 Gellium,
1106 2710 1161 2756 et
1191 2712 1377 2772 poetas
1406 2700 1678 2769 Ovidium,
1709 2702 2040 2773 Lucretium,

449 2806 611 2868 atque
658 2796 826 2862 alios,
878 2794 974 2852 sed
1028 2797 1226 2866 szrpius
1271 2796 1411 2867 apud
1449 2793 1763 2851 Ciceronem
1811 2800 2036 2853 mentio.

449 2889 644 2947 Narrat
667 2899 847 2946 autem
878 2890 1181 2958 Arnobius,
1213 2906 1276 2946 ac
1305 2899 1424 2960 post
1447 2907 1568 2946 eum
1601 2891 1907 2946 Lactantius
1929 2933 1942 2956 ,
1977 2893 2045 2948 ab

450 2984 545 3042 illo
595 2985 759 3041 latine
804 2985 1046 3042 redditos
1099 2983 1391 3039 Euhemeri
1450 2985 1783 3055 Agrigentini
1839 2985 2041 3053 libros,

2138 371 2278 427 illius
2305 373 2714 431 dissertationes
2735 417 2748 442 ,
2783 385 2842 430 ut
2872 377 3030 445 paulo
3055 388 3182 434 ante
3209 393 3275 434 ex
3307 380 3372 435 A.
3405 379 3581 437 Gellio
3607 384 3728 438 ani-

2137 463 2524 520 madvertimus
2548 508 2562 530 ,
2607 467 2848 535 digessit.
2881 468 3039 524 Plura
3069 469 3264 526 Suidas
3306 482 3489 527 narrat
3518 473 3586 528 de
3615 474 3730 543 ejus

2138 558 2270 625 vita,
2299 568 2354 614 et
2384 561 2599 630 scriptis
2631 562 2651 632 (
2675 561 2826 617 Suid.
2848 605 2862 626 ,
2891 565 2960 618 ad
2981 565 3117 620 verb.
3153 567 3420 630 ἐπίκτητος
3529 567 3731 626 Gesne-

2144 663 2236 704 rus
2263 666 2393 706 vero
2413 695 2427 711 .
2460 667 2580 719 qua:
2609 668 2673 707 ex
2705 655 2788 709 his
2812 667 2904 710 aut
2931 657 3105 721 edita,
3152 670 3241 714 aut
3270 675 3374 714 non
3406 661 3550 716 edita
3582 663 3691 718 sint
3713 706 3729 729 ,

2140 743 2342 800 indicat
2371 745 2395 817 (
2424 745 2614 801 Gesner
2640 748 2695 801 in
2725 747 2971 804 Bibliot/z.
3006 750 3046 822 ).
3085 753 3323 824 Denique
3349 754 3596 811 Stobzeus
3636 774 3732 812 va-

2141 837 2250 892 rias
2296 839 2451 907 ejus,
2495 849 2658 910 atque
2697 840 3005 912 Epicharmi
3031 847 3334 901 sententias
3374 855 3428 902 et
3474 849 3734 918 praeclare

2140 928 2280 985 dicta
2312 930 2621 1002 descripsit.

2213 1023 2502 1080 Euhemeri
2541 1027 2708 1083 libros
2746 1029 2814 1084 de
2839 1030 2942 1086 diis
2967 1073 2982 1096 ,
3031 1032 3188 1088 sicuti
3236 1034 3482 1106 proxime
3522 1037 3735 1092 monui-

2144 1131 2298 1184 mus,
2357 1118 2561 1175 Ennius
2591 1122 2814 1178 latinum
2863 1127 3136 1181 transtulit
3175 1128 3227 1183 in
3255 1144 3581 1185 sermonem.
3628 1131 3736 1188 Sed

2143 1210 2211 1266 de
2252 1211 2355 1266 hoc
2397 1213 2702 1270 Euhemero
2748 1216 2993 1287 quaedam
3034 1219 3281 1287 superius
3325 1223 3735 1292 annotavimus,

2144 1305 2594 1374 quemadmodum
2623 1307 2678 1363 in
2709 1313 2991 1380 superiore
3024 1311 3328 1383 Apparatus
3357 1316 3530 1371 nostri
3563 1325 3734 1375 torno.

2142 1396 2452 1454 Lactantius
2501 1414 2632 1455 vero
2691 1401 2932 1456 declarat
2995 1403 3144 1458 illum
3209 1404 3453 1461 Messana
3514 1408 3740 1466 civitate

2145 1490 2430 1545 oriundum
2457 1534 2470 1556 ,
2509 1505 2658 1546 suam
2691 1493 2964 1549 historiam
2993 1510 3060 1551 ex
3094 1496 3262 1552 titulis
3291 1507 3346 1554 et
3373 1502 3546 1556 sacris
3573 1503 3743 1557 insti-

2145 1584 2439 1640 tutionibus
2485 1585 2792 1643 condidisse
2847 1587 3124 1658 (Arnob,
3180 1591 3268 1646 lib.
3305 1607 3378 1659 iv,
3424 1611 3544 1665 pag.
3592 1596 3741 1662 147;

3366 1730 3380 1753 ,
3437 1706 3558 1760 pag.
3588 1690 3699 1748 785
3727 1709 3742 1757 ;

2143 1767 2406 1837 Lactant.,
2448 1771 2534 1827 lib.
2588 1788 2605 1826 ι
2644 1772 2879 1829 Institut.
2906 1817 2920 1840 ,
2957 1792 3071 1847 cap.
3100 1777 3188 1844 11,
3222 1794 3342 1849 pag.
3374 1778 3444 1833 62
3477 1792 3526 1834 et
3551 1782 3640 1835 lib.
3679 1784 3748 1839 de

2142 1863 2222 1916 ira
2249 1863 2364 1930 Dei,
2397 1882 2512 1936 cap.
2547 1865 2632 1932 16,
2664 1884 2785 1940 pag.
2817 1868 2922 1924 794
2952 1868 2995 1942 ).

2218 1957 2415 2014 Fabius
2459 1960 2528 2015 ab
2571 1963 2812 2017 Arnobio
2847 1978 2984 2019 unus
3016 1980 3081 2020 ex
3112 1964 3179 2020 iis
3219 1977 3561 2039 nuncupatur
3585 2013 3599 2038 ,
3649 1971 3746 2041 qui

2144 2051 2309 2104 multa
2341 2051 2408 2107 de
2433 2051 2552 2107 Toli
2584 2063 2752 2123 patre,
2786 2057 2978 2126 patria,
3011 2067 3067 2112 et
3096 2070 3270 2115 morte
3304 2063 3534 2131 posteris
3568 2065 3742 2120 tradi-

2144 2143 2337 2198 derunt
2378 2145 2397 2216 (
2427 2145 2620 2202 Arnob.
2650 2187 2665 2212 ,
2698 2148 2788 2204 lib.
2828 2165 2911 2216 vi,
2945 2167 3064 2222 pag.
3117 2151 3218 2208 194
3248 2150 3285 2225 ).
3331 2154 3434 2210 Sed
3463 2156 3646 2226 plures
3673 2174 3747 2214 eo

2145 2238 2362 2292 nomine
2386 2247 2512 2292 sunt
2542 2240 2751 2306 vocati,
2793 2256 3022 2311 quorum
3065 2243 3171 2297 duo
3201 2243 3286 2300 his
3313 2245 3591 2303 Ciceronis
3621 2266 3746 2304 ver-

2145 2330 2230 2387 bis
2251 2331 2630 2388 celebrantur:
2665 2352 2685 2385 ‹
2713 2333 2830 2390 Ser.
2869 2335 3066 2392 Fabius
3090 2337 3291 2406 Pictor,
3327 2351 3381 2396 et
3402 2343 3541 2412 juris
3566 2354 3620 2398 et
3649 2345 3745 2400 lit-

2147 2432 2423 2488 terarum,
2473 2435 2527 2479 et
2569 2425 2904 2497 antiquitatis
2947 2428 3085 2484 bene
3127 2432 3350 2502 peritus.
3400 2433 3745 2507 Quintusque

2146 2515 2344 2571 Fabius
2402 2516 2583 2573 Labeo
2633 2518 2733 2572 fuit
2775 2530 2996 2575 ornatus
3039 2521 3231 2578 iisdem
3279 2525 3388 2580 fere
3436 2527 3683 2584 laudibus
3719 2550 3737 2582 ι

2149 2605 2365 2678 (Cicer.
2396 2651 2411 2675 ,
2461 2610 2514 2664 in
2557 2609 2706 2665 Brut.
2737 2651 2753 2678 ,
2802 2629 2920 2685 pag.
2954 2613 3060 2669 214
3089 2616 3128 2685 ).
3163 2616 3314 2672 Alius
3353 2619 3530 2675 adhuc
3575 2621 3744 2679 fuisse

2149 2703 2461 2772 perhibetur
2496 2703 2693 2760 Fabius
2748 2705 3009 2762 Maximus
3061 2707 3391 2766 Servilianus
3441 2713 3737 2784 Pontifex,

2146 2795 2236 2864 qui
2283 2794 2555 2851 Macrobio
2593 2807 2918 2867 attestante,
2968 2800 3020 2854 in
3050 2800 3190 2857 libro
3214 2801 3538 2861 duodecimo
3577 2823 3744 2878 nega-

2146 2886 2240 2943 bat
2258 2899 2376 2945 atro
2405 2891 2492 2945 die
2518 2893 2911 2963 parentandum
2943 2894 3202 2966 (Macrob.
3237 2897 3325 2953 lib.
3376 2916 3391 2955 l
3441 2902 3736 2972 Saturnal.,

2147 2998 2262 3054 cap.
2295 2985 2361 3040 16
2386 3028 2401 3054 ,
2433 3004 2552 3058 pag.
2581 2987 2688 3042 247
2712 2988 2752 3059 ).
2783 2988 2936 3045 Hune
2963 2999 3144 3047 autem
3175 2994 3392 3064 quidam
3420 3011 3539 3051 cum
3566 2995 3740 3054 Fabio

451 3083 648 3154 quibus
678 3082 814 3139 deos
845 3083 1092 3139 homines
1139 3081 1306 3137 fuisse
1350 3081 1755 3136 demonstrabat
1781 3079 2038 3148 (Lactant,
2072 3073 2116 3136 C
2148 3077 2359 3134 Pietore
2383 3079 2692 3137 confndisse
2721 3093 3036 3154 arguuntur.
3064 3087 3166 3140 Alii
3197 3103 3409 3159 queque
3437 3091 3588 3146 Fabii
3617 3092 3738 3149 fue-

453 3175 544 3232 lib.
569 3194 607 3246 l,
638 3194 755 3248 cap.
788 3177 876 3236 11.
913 3193 1032 3247 pag,
1063 3173 1154 3237 62,
1194 3183 1241 3228 et
1267 3174 1355 3229 lib.
1383 3174 1446 3229 de
1475 3173 1568 3228 Ira
1607 3172 1745 3240 Dei,
1779 3191 1896 3244 cap.
1932 3175 1994 3228 11
2028 3215 2042 3240 ,

453 3288 574 3341 pag.
608 3269 774 3342 794).
815 3269 922 3324 Sed
957 3269 1006 3324 id
1036 3267 1329 3324 delibatum
1374 3276 1460 3322 est
1502 3283 1569 3322 ex
1609 3265 1906 3332 Cicerone,
1955 3266 2045 3335 qui

451 3364 662 3420 dixerat
692 3382 706 3417 :
744 3381 763 3415 ι
795 3363 925 3431 Quae
952 3363 1090 3417 ratio
1123 3362 1354 3416 maxime
1385 3371 1606 3416 tractata
1634 3362 1702 3415 ab
1728 3361 2044 3416 Euhemero

451 3468 570 3520 CSl,
614 3471 774 3529 quem
817 3466 1002 3512 noster
1043 3465 1098 3510 οι
1143 3455 1531 3524 interpretatus
1574 3465 1629 3509 CI.
1676 3465 1896 3509 εθοιιῑυε
1941 3465 2043 3520 est,

452 3564 651 3624 printer
678 3549 1152 3618 cmteros,Ennius
1190 3569 1209 3602 ι
1237 3548 1425 3620 (Cicer.
1465 3550 1501 3603 l.
1525 3564 1540 3603 ι
1569 3548 1631 3603 de
1656 3547 1848 3604 Natur.
1878 3550 2043 3620 deor.,

455 3664 510 3718 ρ.
540 3644 672 3713 212,
701 3645 792 3699 lin.
823 3643 940 3715 54).

522 3737 776 3808 Ephorus
806 3735 935 3806 quid
967 3734 1036 3791 de
1067 3734 1339 3790 Musarum
1371 3748 1602 3789 numero
1632 3735 1925 3801 censuerit,
1961 3751 2050 3790 re-

453 3832 557 3889 fert
584 3829 877 3886 Arnobius.
924 3827 1030 3884 Sed
1059 3831 1127 3883 de
1156 3827 1259 3883 hoc
1296 3826 1573 3897 Scriptore
1604 3841 1709 3882 non
1741 3828 1910 3883 semel
1939 3827 2051 3882 dis.

451 3925 720 3982 seruimus
767 3920 986 3996 (Arnob.
1016 3965 1030 3989 ,
1073 3923 1162 3976 lib.
1204 3938 1301 3990 ιιι,
1342 3938 1465 3993 pag.
1506 3921 1606 3989 12;
1639 3931 1760 3977 tom.
1806 3938 1824 3976 1
1871 3921 2049 3993 Appa-

453 4030 581 4085 ναι..
607 4036 722 4091 pag.
758 4017 865 4076 545
894 4026 943 4071 et
975 4015 1117 4072 1292
1144 4013 1190 4087 ).

525 4112 820 4186 Epicadius
860 4122 1133 4183 tamquam
1173 4109 1564 4182 grammaticus
1604 4109 1832 4165 illustris
1862 4110 1930 4165 ab
1960 4125 2051 4166 eo-

453 4207 577 4266 dem
606 4206 846 4266 Arnobio
872 4215 1059 4261 nostro
1083 4204 1329 4260 laudatur
1361 4204 1610 4277 (Arnob.,
1643 4205 1734 4258 lib.
1765 4221 1814 4271 ι,
1849 4222 1900 4274 p.
1934 4205 2045 4275 37).

453 4301 642 4358 Nonne
668 4309 846 4356 autem
879 4299 925 4356 is
953 4298 1070 4370 ipse
1106 4307 1228 4365 est,
1267 4313 1426 4369 quem
1467 4298 1518 4352 in
1567 4296 2048 4353 Grammaticorum

455 4395 750 4453 celebrium
805 4408 1032 4449 numero
1082 4391 1370 4448 Suetonius
1412 4390 1500 4446 hic
1540 4391 1718 4446 verbis
1767 4391 2050 4456 reposuit?

2149 3179 2275 3225 runt
2300 3213 2314 3238 ,
2347 3180 2404 3225 ut
2435 3171 2630 3229 Fabius
2668 3173 2988 3232 Caecilianus
3012 3219 3027 3244 ,
3056 3190 3107 3233 et
3137 3177 3334 3234 Fabius
3362 3181 3632 3239 Rusticus.
3670 3187 3744 3241 At

2153 3261 2377 3317 Fabium
2409 3263 2678 3320 Pietorem
2707 3267 2775 3322 ab
2805 3269 3042 3324 Arnobio
3069 3272 3289 3326 citatum
3321 3274 3487 3331 fuisse
3520 3277 3740 3346 probari

2149 3363 2327 3423 potest
2353 3354 2652 3424 Ciceronis,
2684 3359 2873 3426 Plinii,
2907 3371 2963 3417 et
2990 3366 3052 3416 A.
3083 3362 3221 3420 Gelii
3248 3369 3592 3435 auctoritate,
3647 3373 3740 3441 qui

2149 3451 2377 3516 scriptos
2405 3448 2473 3503 ab
2497 3464 2562 3505 eo
2593 3452 2832 3508 Annales
2875 3467 3194 3512 memorant.
3225 3458 3362 3524 Quid
3402 3476 3532 3518 vero
3552 3504 3566 3525 .
3598 3466 3743 3533 quod

2147 3542 2216 3596 ab
2256 3543 2508 3615 Dionysio
2555 3545 2966 3605 Halicarnasseo
3005 3561 3062 3606 et
3100 3551 3452 3609 Romanorum
3501 3557 3741 3628 Scripto-

2148 3651 2261 3688 rum
2288 3637 2672 3707 antiquissimus
2698 3679 2712 3704 ,
2751 3651 2807 3695 et
2835 3640 3091 3699 historias
3114 3648 3486 3716 composuisse
3520 3650 3740 3709 dicitur.

2149 3729 2390 3802 Denique
2415 3730 2618 3788 Gellius
2658 3733 2860 3805 legerat
2892 3735 2992 3792 hos
3020 3737 3173 3794 Fabii
3202 3739 3433 3797 Pictoris
3460 3744 3705 3801 Annales
3728 3788 3741 3811 ,

2150 3823 2305 3879 bona:
2341 3834 2502 3896 atque
2545 3827 2804 3894 sincerze,
2836 3841 2894 3885 ut
2920 3830 3010 3887 ille
3039 3831 3154 3899 ait,
3196 3838 3480 3891 vetustatis
3532 3837 3703 3894 libros
3727 3882 3743 3905 ,

2149 3933 2285 3990 quos
2309 3919 2553 3974 venditor
2585 3921 2703 3978 sine
2728 3922 2939 3978 mendis
2981 3939 3103 3981 esse
3128 3925 3432 3998 jaetitabat.
3484 3930 3562 3985 Ex
3597 3933 3741 3989 libro

2150 4023 2329 4067 autem
2369 4012 2512 4068 illius
2556 4015 2731 4083 primo
2761 4019 3036 4087 excerpsit
3065 4019 3353 4092 Dionysius
3373 4022 3538 4078 verba
3559 4066 3574 4092 ,
3620 4041 3744 4096 qua:

2151 4105 2462 4162 Pontificem
2491 4106 2781 4164 Maximum
2805 4109 2986 4166 dicere
3015 4114 3339 4182 opportebat
3358 4157 3373 4182 ,
3422 4131 3542 4171 cum
3577 4118 3744 4189 virgi-

2152 4213 2274 4253 nem
2317 4199 2483 4268 capit.
2534 4200 2674 4256 Alibi
2706 4216 2833 4257 vero
2870 4202 3087 4273 longum
3114 4205 3232 4276 ejus
3260 4209 3614 4279 fragmentum
3641 4226 3746 4267 ex-

2152 4290 2300 4348 hibet
2345 4291 2530 4364 (Cicsr.
2559 4335 2576 4360 ,
2619 4295 2708 4350 lib.
2751 4312 2768 4350 ι
2815 4295 2879 4350 de
2920 4295 3125 4364 Divin.,
3174 4317 3296 4372 pag.
3353 4299 3501 4368 269;
3551 4301 3701 4358 Plin.
3728 4345 3745 4374 ,

2153 4383 2239 4441 lib.
2270 4402 2302 4440 x
2343 4384 2480 4441 Hist.
2529 4397 2698 4443 natur.
2724 4431 2739 4454 ,
2791 4405 2911 4460 cap.
2948 4389 2982 4445 4
3007 4431 3023 4457 ,
3059 4407 3178 4463 pag.
3218 4391 3360 4458 416,
3409 4405 3456 4448 et
3487 4394 3580 4451 lib.
3611 4411 3741 4463 xrv,

461 4507 482 4542 ι
513 4484 794 4542 Cornelius
842 4482 1109 4555 Epicadus
1133 4524 1147 4549 ,
1179 4480 1326 4536 Lucii
1351 4479 1584 4535 Cornelii
1634 4481 1794 4554 Syllae
1822 4481 2049 4537 dictalo-
2079 4467 2133 4528 D
2158 4497 2276 4551 pag.
2307 4481 2440 4548 142;
2472 4480 2634 4547 Gell.,
2660 4482 2782 4538 lib.l
2807 4482 2962 4538 Noct.
2996 4486 3176 4549 Attia,
3208 4504 3322 4557 cap.
3357 4488 3426 4544 12
3454 4532 3469 4556 ,
3499 4507 3615 4562 pag.
3650 4491 3744 4560 60,

455 4581 532 4641 ris
564 4584 787 4639 libertus
811 4624 826 4649 ,
853 4580 1163 4642 calatorque
1208 4577 1511 4634 sacerdotio
1537 4578 1800 4648 augurali,
1841 4577 2054 4648 filioque

455 4679 573 4750 ejus
615 4677 811 4733 Fausto
839 4675 1173 4748 gratissimus
1221 4673 1357 4740 fuit;
1411 4688 1578 4744 quare
1613 4689 1899 4744 numquam
1947 4688 2051 4728 non

455 4773 737 4841 utriusque
761 4784 820 4825 se
853 4768 1103 4824 libertum
1134 4765 1320 4822 edidit.
1372 4765 1590 4822 Librum
1627 4776 1804 4820 autem
1833 4808 1848 4833 ,
1891 4781 2050 4837 quem

457 4863 606 4938 Sylla
636 4860 989 4919 novissimum
1032 4858 1104 4913 de
1147 4858 1306 4914 rebus
1342 4859 1454 4912 suis
1505 4857 1874 4929 imperfectum
1921 4857 2050 4912 reli-

456 4966 692 5034 querat,
751 4958 866 5029 ipse
926 4953 1196 5026 supplevit
1240 4973 1261 5008 ι
1323 4951 1624 5024 (Sueton.,
1687 4953 1749 5008 de
1799 4951 2046 5007 Illustris.

458 5055 716 5122 Graium,
750 5052 779 5124 §
813 5052 923 5124 12).

527 5146 837 5219 Epicharmi
874 5145 942 5201 de
976 5145 1146 5200 Marte
1187 5141 1510 5199 sententiam
1556 5152 1677 5210 post
1713 5139 2048 5196 Clementem

455 5240 882 5304 Alexandrinum
915 5238 1206 5303 Arnobius,
1236 5246 1296 5292 ut
1326 5251 1487 5306 supra
1520 5234 1753 5290 vidimus
1777 5277 1790 5300 ,
1823 5233 2053 5289 ethnicis

454 5336 662 5408 objicit.
713 5331 783 5388 At
802 5331 870 5388 de
900 5330 1003 5386 hoc
1024 5338 1180 5401 poeta
1208 5371 1223 5394 ,
1273 5337 1328 5384 et
1354 5327 1424 5383 de
1450 5328 1613 5383 variis
1638 5327 1754 5397 ejus
1780 5327 2051 5398 opinioni-

453 5434 558 5490 bus
585 5440 639 5485 et
665 5427 840 5492 factis,
869 5428 921 5480 in
945 5428 1116 5495 primo
1140 5430 1444 5497 Apparatus
1470 5423 1638 5478 nostri
1668 5433 1814 5480 tonio
1844 5438 2052 5479 sermo-

453 5542 578 5583 nem
631 5524 828 5594 szepius
885 5518 1108 5578 fecimus
1160 5519 1429 5594 (Arnob.,
1481 5517 1571 5572 lib.
1611 5534 1689 5584 iv,
1741 5535 1864 5589 pag.
1911 5518 2050 5582 145;

452 5629 575 5676 tom.
619 5633 638 5673 ι
679 5618 934 5690 Apparat.
965 5658 980 5685 ,
1037 5631 1156 5687 pag.
1208 5614 1335 5679 861,
1367 5613 1496 5680 866,
1543 5611 1666 5678 867,
1717 5611 1840 5678 869,
1885 5610 2052 5680 1051,

445 5711 602 5780 1111,
640 5709 806 5780 1205,
836 5718 885 5764 ct
912 5709 1132 5783 .1rnob.,
1169 5706 1262 5764 lib.
1292 5721 1350 5772 ιι,
1379 5723 1498 5777 pag.
1529 5706 1600 5761 90
1630 5703 1672 5777 ).

2153 4585 2200 4628 et
2227 4575 2316 4630 lib.
2351 4591 2407 4642 ν,
2437 4593 2550 4648 cap.
2578 4580 2632 4644 4,
2665 4596 2786 4651 pag.
2811 4580 2942 4648 522,
2966 4591 3012 4634 et
3033 4581 3119 4636 lib.
3151 4597 3202 4646 x,
3229 4601 3346 4655 cap.
3382 4586 3434 4654 5,
3463 4603 3584 4657 pag.
3613 4587 3744 4653 5'27;

2155 4665 2369 4739 Diangs.
2409 4667 2610 4739 Halic.,
2648 4670 2777 4726 lib.i
2807 4671 3057 4743 Antiquit.
3091 4690 3247 4742 rom.,
3273 4693 3325 4746 p.
3361 4676 3416 4744 5,
3448 4689 3496 4732 et
3525 4679 3612 4734 lib.
3648 4695 3743 4750 vn,

2156 4777 2276 4833 pag.
2303 4763 2411 4818 475

2229 4858 2452 4914 Flaccus
2476 4902 2491 4926 ,
2517 4876 2675 4931 quem
2704 4862 2775 4919 ob
2798 4865 3162 4934 grammaticae
3193 4865 3442 4936 peritiam
3475 4867 3750 4925 Arnobius

2156 4951 2390 5007 laudavit
2419 4953 2677 5025 (Arnob.,
2701 4956 2786 5011 lib.
2813 4973 2851 5022 ι,
2882 4975 3003 5030 pag.
3033 4960 3123 5024 57,
3153 4969 3199 5013 et
3225 4960 3314 5014 lib.
3346 4977 3396 5028 ν,
3423 4978 3541 5032 pag.
3577 4963 3743 5035 169),

2156 5044 2205 5098 is
2230 5043 2298 5099 M.
2330 5044 2552 5102 Verrius
2597 5048 2819 5104 Flaccus
2850 5061 2932 5106 est
2956 5093 2972 5120 ,
3022 5052 3111 5123 qui
3142 5052 3359 5123 quidem
3389 5057 3512 5124 quis
3547 5054 3707 5110 fuerit
3730 5096 3745 5121 ,

2157 5148 2252 5194 aut
2271 5155 2381 5210 quo
2412 5148 2664 5211 tempore
2699 5144 2924 5210 vixerit,
2954 5143 3038 5200 his
3068 5147 3357 5202 Suetonius
3387 5148 3567 5203 verbis
3593 5165 3751 5204 enar-

2155 5243 2279 5289 rat:
2320 5253 2339 5286 ‹
2369 5232 2595 5291 Verrius
2635 5236 2861 5293 Flaccus
2894 5238 3177 5294 libertinus
3203 5281 3216 5301 ,
3274 5239 3502 5296 docendi
3549 5257 3750 5312 genere

2157 5328 2390 5382 maxime
2429 5329 2699 5385 inclaruit.
2745 5330 2986 5402 Namque
3031 5332 3096 5387 ad
3142 5333 3487 5389 exercitanda
3534 5333 3751 5391 discen-

2155 5424 2286 5479 tium
2320 5424 2530 5494 ingenia
2556 5466 2571 5492 ,
2603 5426 2837 5495 aequales
2864 5427 3003 5482 inter
3043 5443 3103 5483 se
3129 5429 3466 5484 committere
3507 5431 3746 5496 solebat,

2158 5518 2433 5589 proposita
2464 5533 2572 5573 non
2598 5519 2772 5573 solum
2803 5521 3049 5585 materia,
3077 5536 3240 5590 quam
3266 5521 3603 5587 scriberent,
3653 5523 3746 5578 sed

2160 5611 2386 5682 praemio
2421 5612 2562 5682 quod
2606 5613 2780 5668 vietor
2819 5612 3081 5671 auferret.
3127 5615 3182 5670 ld
3230 5627 3347 5672 erat
3377 5616 3512 5673 liber
3555 5617 3750 5690 aliquis

2163 5704 2437 5776 antiquus,
2471 5705 2719 5778 pulcher,
2747 5717 2840 5764 aut
2867 5709 3058 5765 rarior.
3091 5707 3271 5778 Quare
3300 5709 3368 5765 ab
3398 5709 3648 5782 Augusto
3677 5729 3748 5768 ne
