3986 6058
250 197 347 255 681

1481 202 1545 258 IN
1579 201 1947 271 ARNOBIUM,
1977 205 2127 263 CAP.
2166 204 2352 262 XXVI.

3422 219 3528 276 682

248 315 453 385 potibus
488 313 603 383 ejus
631 321 929 385 praeceptor
957 313 1162 371 electus
1184 355 1200 383 ,
1233 317 1444 373 transiit
1485 320 1536 374 in
1571 321 1823 389 palatium
1855 323 1908 384 Α
2003 323 2234 379 Leandri
2272 339 2366 380 seu
2404 321 2651 378 Leandrii
2703 323 3064 380 testimonium
3137 341 3205 381 ex
3248 325 3526 386 Clemente

247 423 370 464 cum
401 417 510 462 tota
541 407 755 471 schola;
789 423 972 462 verum
999 418 1054 464 ιιι
1088 426 1156 464 ne
1197 426 1356 481 quem
1403 415 1632 484 amplius
1682 427 1831 485 post-

251 501 356 558 hac
387 503 708 574 discipulum
755 505 1022 574 reciperet
1055 522 1068 557 :
1097 504 1384 575 docuitque
1423 508 1474 562 in
1515 510 1653 564 atrio
1682 510 1828 566 Cati-

248 593 376 650 linae
408 595 618 661 domus,
650 611 769 667 qua:
797 611 920 666 pars
947 596 1128 666 palatii
1158 608 1283 653 tunc
1311 609 1461 666 erat,
1500 610 1553 656 et
1585 603 1832 657 sestertia

249 696 478 744 centena
521 687 575 742 in
619 704 817 744 annum
865 690 1091 761 accepit.
1130 690 1375 747 Decessit
1419 695 1592 748 aetatis
1632 704 1834 751 exactae

249 782 350 836 sub
395 780 628 836 Tiberio.
680 781 919 838 Statuam
952 783 1111 840 habet
1137 784 1446 852 Praeneste,
1498 788 1550 842 in
1595 788 1836 845 inferiori

249 875 353 930 fori
386 884 536 943 parte
565 886 750 930 contra
777 876 1108 948 Hemicylum
1132 920 1147 946 ,
1199 881 1250 934 itt
1277 895 1383 952 quo
1411 881 1576 936 fastos
1603 899 1631 938 a
1661 899 1724 939 se
1750 899 1838 938 or-

251 964 468 1021 dinatos
510 977 565 1022 et
610 982 914 1023 marmoreo
941 969 1033 1024 teri
1067 969 1268 1025 incisos
1298 972 1612 1042 publicarat.
1653 993 1672 1026 ›
1708 973 1727 1045 (
1760 973 1840 1028 De

245 1057 436 1112 illustr.
494 1057 720 1113 Gramm.
751 1100 766 1126 ,
819 1058 1013 1132 §17.)
1061 1060 1420 1130 Quamobrem
1471 1065 1733 1121 Eusebius
1784 1068 1835 1122 in

245 1150 519 1207 Chronico
548 1152 613 1206 ad
645 1167 842 1207 annum
869 1151 1068 1209 Christi
1103 1170 1304 1210 nonum
1333 1200 1348 1221 ,
1401 1173 1523 1212 cum
1568 1161 1840 1229 Augustus

247 1245 426 1302 adhuc
471 1245 728 1302 Romanis
772 1247 1060 1318 imperaret
1091 1265 1110 1302 :
1145 1269 1163 1301 ι
1201 1249 1580 1308 Athenodorus
1607 1251 1840 1307 Tarsen-

249 1341 326 1397 sis
357 1385 372 1408 ,
418 1361 436 1393 ι
467 1342 680 1412 inquit,
718 1361 736 1394 ι
771 1341 986 1398 Stoicus
1011 1342 1362 1415 philosophus
1384 1389 1398 1412 ,
1433 1356 1488 1401 et
1514 1345 1581 1400 Μ.
1619 1345 1842 1402 Verrius

248 1432 479 1489 Flaccus
504 1435 888 1505 grammaticus
914 1436 1151 1506 insignes
1179 1436 1464 1492 habentur.
1497 1457 1515 1489 ›
1542 1438 1622 1492 Ab
1651 1442 1715 1493 A.
1746 1454 1842 1492 au-

249 1535 362 1582 tem
387 1526 561 1583 Gellio
593 1527 798 1597 primus
825 1527 966 1582 illius
995 1545 1165 1583 rerum
1201 1531 1444 1584 memoria
1470 1531 1744 1602 dignarum
1775 1530 1845 1585 li-

250 1621 354 1678 ber
378 1667 392 1690 ,
436 1632 486 1678 et
527 1631 750 1691 quartus
778 1621 846 1678 de
871 1623 1158 1680 verborum
1198 1623 1589 1694 signiﬁcatione
1614 1666 1628 1690 ,
1669 1640 1732 1679 ac
1781 1624 1843 1678 de

254 1715 480 1770 obscuris
517 1714 725 1771 Catonis
754 1715 1021 1772 secundus
1043 1759 1056 1780 ,
1105 1726 1160 1772 et
1185 1717 1286 1772 alia
1319 1733 1384 1772 ex
1415 1718 1562 1772 hisce
1588 1717 1840 1788 operibus
1871 1721 1918 1780 B

252 1809 536 1878 desumpta
561 1810 812 1865 citantur.
845 1809 1003 1880 Saepe
1029 1811 1188 1865 etiam
1219 1826 1246 1864 a
1278 1810 1451 1865 Plinio
1489 1810 1756 1878 laudatur,
1785 1819 1842 1866 et

252 1901 500 1972 quaadam
531 1901 648 1970 ejus
672 1903 834 1957 verba
869 1902 1168 1959 Macrobius
1192 1903 1373 1958 retulit
1409 1904 1428 1974 (
1463 1903 1620 1969 Gell.,
1650 1903 1736 1958 lib.
1790 1919 1838 1958 ιν

256 1995 415 2051 Νοει.
462 1996 568 2051 Att.
597 2039 611 2060 ,
639 2013 735 2064 cap
763 1997 819 2061 5,
863 2014 915 2067 p.
944 1996 1053 2052 285
1076 2039 1090 2061 ,
1127 1997 1217 2051 lib.
1251 2014 1303 2062 ν,
1334 2013 1452 2066 cap.
1485 1998 1583 2064 17,
1613 2015 1665 2068 p.
1700 1996 1839 2062 549;

255 2106 375 2159 cap.
407 2088 492 2153 18,
525 2105 578 2159 p.
615 2089 711 2144 551
740 2107 754 2155 ;
787 2088 873 2142 lib.
900 2103 1013 2155 xvr,
1039 2105 1159 2160 cap.
1190 2090 1256 2144 14
1282 2106 1297 2153 ;
1324 2089 1412 2143 lib.
1447 2105 1574 2155 ιιι-ιι,
1599 2105 1716 2158 cap.
1753 2088 1840 2155 18;

257 2181 348 2238 lib.
380 2197 508 2236 xvnt
534 2225 548 2246 ,
584 2197 699 2249 cap.
733 2182 833 2244 17;
860 2181 949 2235 lib.
981 2198 1048 2235 xx
1073 2223 1087 2248 ,
1112 2198 1229 2251 cap.
1262 2182 1328 2246 7;
1364 2180 1595 2236 Macrob.
1625 2222 1642 2247 ,
1699 2181 1786 2235 lib.
1825 2199 1842 2237 ι

261 2272 505 2337 Satnrn.,
534 2290 646 2342 cap.
682 2273 734 2335 6,
768 2291 819 2342 p.
853 2272 957 2329 198

329 2368 560 2425 Grauius
583 2369 666 2424 bis
700 2378 885 2438 terque
904 2369 970 2423 ab
993 2367 1230 2424 Arnobio
1255 2369 1408 2422 testis
1433 2368 1762 2439 appellatus,
1797 2370 1841 2425 is

267 2462 384 2532 ipse
410 2460 621 2515 videtur
642 2459 870 2516 Granius
892 2459 1133 2528 Flaccus,
1159 2462 1247 2530 qui
1273 2471 1522 2515 narrante
1549 2460 1843 2526 Macrobio,

261 2553 557 2623 scripserat
590 2568 702 2608 rem
737 2552 969 2607 divinam
1003 2552 1232 2623 Apollini
1267 2563 1321 2607 et
1349 2553 1543 2608 Libero
1575 2553 1625 2608 in
1657 2553 1846 2608 eodem

262 2655 449 2701 monte
476 2645 736 2701 celebrari
778 2644 1008 2716 (Arnob.
1035 2686 1051 2710 ,
1086 2644 1176 2700 lib.
1207 2660 1263 2699 ιιι
1291 2688 1304 2710 ,
1339 2662 1391 2716 p.
1428 2645 1530 2701 118
1558 2654 1604 2699 et
1634 2646 1772 2713 122,
1803 2657 1852 2700 et

264 2740 354 2795 lib.
386 2756 436 2794 Vl
465 2782 480 2806 ,
513 2758 565 2810 p.
603 2739 744 2799 19-1:
780 2738 1011 2793 Macrob.
1039 2779 1054 2802 ,
1080 2738 1168 2792 lib.
1214 2754 1230 2792 t
1261 2736 1532 2792 Saturnal.
1554 2780 1569 2804 ,
1605 2755 1720 2810 cap.
1757 2738 1848 2805 18,

263 2851 322 2904 pr.
352 2833 458 2889 265
488 2833 529 2900 ).
579 2832 736 2887 Prius
775 2848 902 2888 vero
932 2831 1073 2887 idem
1108 2831 1414 2886 Macrobius
1443 2831 1680 2898 dixerat,
1712 2831 1852 2898 apud

269 2927 518 2983 Granium
553 2925 874 2980 Licinianum
914 2926 1043 2980 libro
1073 2926 1327 2991 secundo,
1365 2941 1579 2980 causam
1619 2924 1851 2996 proferri

268 3037 366 3078 cur
395 3020 647 3076 nundinis
689 3019 838 3074 feriae
884 3019 992 3073 sint
1035 3018 1252 3088 (lbid.,
1296 3035 1411 3089 cap.
1447 3019 1513 3074 16
1538 3060 1550 3081 ,
1587 3037 1638 3089 p.
1676 3019 1783 3074 248
1807 3017 1850 3090 ).

268 3113 376 3170 Sed
406 3113 473 3169 ibi
507 3127 605 3183 pro
643 3110 923 3177 Granium,
969 3111 1020 3164 in
1043 3111 1284 3180 margine
1315 3109 1492 3165 Caium
1511 3153 1525 3178 ,
1554 3112 1850 3181 repositum
1879 3109 1923 3172 C

266 3208 513 3278 legimus.
564 3207 608 3260 A
640 3203 811 3260 Plinio
856 3203 1016 3259 etiam
1053 3201 1287 3258 Granius
1315 3201 1529 3271 quidam
1560 3203 1808 3258 laudatur
1832 3243 1849 3268 ,

268 3301 365 3358 sed
395 3301 464 3355 ibi
493 3315 613 3355 cum
659 3299 728 3354 de
756 3296 1164 3354 medicamentis
1195 3295 1506 3351 instituatur
1535 3295 1850 3367 disputatio,

268 3395 423 3451 illum
453 3393 718 3449 medicum
749 3391 914 3446 fuisse
950 3399 1233 3445 autumant
1285 3390 1303 3461 (
1334 3388 1477 3444 Plin.
1500 3432 1514 3456 ,
1551 3388 1641 3442 lib.
1691 3405 1858 3444 xxvut

275 3485 422 3542 Hist.
470 3496 644 3540 natur.
668 3527 683 3549 ,
715 3503 769 3554 p.
805 3485 910 3540 572
1020 3483 1156 3538 Vero
1184 3482 1361 3553 itaque
1389 3482 1616 3536 similius
1644 3490 1726 3536 est
1753 3482 1856 3536 Ar-

269 3583 492 3640 nobium
521 3581 588 3636 de
614 3581 793 3652 priore
817 3594 938 3635 esse
960 3576 1402 3647 intelligendum;
1431 3585 1487 3632 ut
1513 3585 1640 3647 pote
1665 3577 1758 3647 qui
1783 3575 1853 3632 de

272 3676 382 3733 diis
411 3688 548 3744 Opus
585 3671 799 3743 aliquod
841 3671 1142 3743 publicasse
1189 3670 1457 3726 videatur.
1498 3669 1630 3724 Nam
1677 3670 1855 3726 Arno-

273 3766 400 3823 bius
443 3765 586 3820 illius
626 3764 937 3835 opinionem
991 3763 1057 3818 de
1084 3761 1247 3818 Musis
1281 3773 1335 3818 et
1372 3761 1508 3818 Tolo
1543 3762 1859 3833 perstringit

272 3860 536 3933 (Arnob.,
561 3856 650 3913 lib.
671 3873 722 3924 ν,
759 3875 811 3920 p.
844 3857 1009 3926 177).

345 3947 658 4002 lleraclitos
686 3947 922 4014 quinque
950 3944 1194 3999 Laertius
1221 3951 1492 4008 recenset,
1531 3943 1723 4013 quibus
1751 3952 1862 3998 tres

271 4043 414 4100 alios
443 4041 645 4096 addidit
664 4038 977 4112 Menagins(
997 4038 1170 4094 Laert.
1193 4081 1208 4106 ,
1241 4039 1326 4094 lib.
1385 4055 1434 4094 ix
1466 4040 1518 4092 in
1554 4037 1652 4092 Vit.
1693 4038 1860 4092 Hera-

273 4135 414 4202 clit.,
440 4135 468 4208 §
498 4135 596 4201 17;
629 4133 791 4199 Mem,
825 4133 878 4186 in
909 4133 1043 4185 hunc
1071 4121 1249 4185 Laert:
1277 4129 1491 4201 locum).
1519 4128 1652 4197 Qum
1679 4139 1860 4184 autem

273 4248 348 4290 ex
391 4231 658 4287 Heraclito
684 4237 872 4284 auctor
903 4234 1086 4283 noster
1111 4225 1297 4282 retulit
1333 4225 1400 4280 de
1436 4223 1616 4278 Liberi
1649 4232 1701 4278 et
1729 4223 1862 4278 Pro-

278 4326 458 4399 symui
508 4323 684 4380 fabula
707 4365 722 4386 ,
775 4321 945 4390 magis
985 4319 1274 4375 convenire
1304 4319 1552 4372 videntur
1580 4326 1669 4370 aut
1695 4316 1864 4372 Hera-

279 4422 416 4479 clito
445 4418 832 4489 Allegoriarum
863 4413 1256 4468 homericarutn
1285 4409 1526 4475 auctori,
1573 4419 1665 4464 aut
1695 4409 1862 4464 llerao

278 4513 410 4571 clito
473 4521 645 4584 poeta:
697 4509 898 4583 Iyrico,
951 4506 1042 4577 qui
1086 4504 1367 4560 duodecim
1414 4505 1637 4560 deorum
1683 4501 1866 4558 laudes
1893 4504 2182 4586 Dabam]c
2220 4534 2347 4587 salis

287 4607 670 4666 decantaverat
698 4604 717 4678 (
750 4602 942 4658 Arnob.
973 4601 1064 4656 lib.
1087 4616 1164 4666 ιιι,
1198 4618 1251 4670 p.
1282 4600 1347 4655 51
1377 4599 1415 4670 ).

357 4723 679 4794 Hermippus
716 4721 804 4790 qui
835 4735 1046 4790 magum
1082 4715 1423 4772 Zoroastrem
1444 4757 1458 4783 ,
1487 4724 1548 4770 ιιι
1579 4725 1728 4770 notat
1769 4717 1866 4771 Ar-

280 4816 505 4879 nobius,
541 4813 878 4868 Bactrianum
909 4811 1077 4868 fuisse
1112 4809 1374 4875 asseruit,
1419 4823 1600 4863 nonne
1629 4808 1718 4862 ille
1749 4817 1866 4876 est,

281 4908 354 4965 de
392 4923 499 4978 quo
542 4905 746 4960 Plinius
775 4922 789 4958 :
826 4922 844 4955 ι
882 4903 1224 4974 Hermippns,
1272 4902 1361 4972 qui
1393 4901 1460 4957 de
1491 4910 1631 4969 tota,
1662 4902 1866 4972 inquit,

284 5012 406 5057 arte
438 5000 638 5071 magica
667 4997 1075 5067 diligentissime
1097 4995 1351 5065 scripsit,
1384 5005 1438 5050 et
1458 4994 1624 5051 vicies
1653 5005 1867 5050 centum

283 5095 449 5152 millia
478 5107 806 5159 versuum,,a
836 5090 1124 5146 Zoroastre
1151 5089 1387 5154 condita,
1423 5088 1690 5144 indicibus
1721 5105 1857 5159 quo-

287 5205 396 5262 que
435 5188 769 5242 voluminum
815 5188 929 5255 ejus
974 5185 1160 5255 positis
1185 5226 1198 5250 ,
1232 5183 1567 5254 explanavit.
1601 5201 1620 5236 ι
1661 5183 1733 5238 De
1782 5183 1873 5239 illo

288 5286 442 5356 plura
472 5282 715 5347 Vossius,
742 5297 899 5352 quem
932 5280 1154 5336 consule
1182 5278 1202 5352 (
1237 5279 1376 5334 Plin.
1401 5321 1416 5345 ,
1450 5279 1540 5333 tib.
1594 5294 1696 5332 xxx
1729 5276 1869 5332 Hist.

288 5387 460 5432 natur.
490 5419 506 5444 ,
556 5392 674 5447 cap.
710 5375 760 5437 1,
803 5391 922 5446 pag.
955 5374 1103 5436 725;
1142 5371 1288 5428 Voss.
1318 5415 1334 5440 ,
1387 5371 1476 5428 lib.
1512 5388 1568 5427 ιιι
1633 5372 1696 5426 de
1729 5370 1866 5426 Hist.

290 5487 471 5545 grata,
503 5486 617 5540 cap.
645 5469 734 5531 16,
768 5487 818 5540 p.
854 5467 954 5522 102
981 5466 1231 5537 et105).

366 5564 539 5634 Hippo
565 5561 752 5618 Melius
782 5562 924 5616 inter
955 5561 1143 5615 atheos
1169 5560 1489 5616 censebatur
1509 5602 1525 5630 ,
1551 5559 1618 5617 de
1645 5577 1753 5633 quo
1779 5575 1880 5616 nos

295 5658 444 5716 haud
490 5657 660 5715 semel
695 5656 1087 5729 disputavimus
1120 5655 1346 5719 (Arnob.
1369 5698 1384 5724 ,
1407 5656 1495 5710 lib.
1530 5673 1616 5722 tv,
1651 5676 1703 5729 p.
1753 5657 1878 5721 147;

301 5752 462 5827 Sup.,
495 5768 610 5822 cap.
643 5750 697 5819 9,
730 5757 829 5804 art.
864 5749 918 5812 1,
953 5756 1000 5802 et
1036 5757 1158 5803 tom.
1185 5762 1202 5800 ι
1248 5745 1522 5818 Apparat.,
1554 5765 1607 5818 p.
1637 5747 1742 5804 785
1772 5747 1815 5818 ).

741 5842 1013 5904 ΡΛτιιοι..
1061 5841 1136 5901 V.

1938 418 2305 474 Alexandrino
2351 418 2659 485 Arnobius,
2704 419 2777 472 ttti
2821 419 3086 485 dis-intus,
3135 423 3377 492 pratulit.
3419 423 3528 479 Sed

1935 511 2046 579 jam
2081 513 2225 566 illius
2255 514 2305 566 in
2335 512 2506 581 primo
2535 510 2840 580 Apparatus
2872 515 3039 568 nostri
3084 525 3228 569 tomo
3266 517 3469 571 mentio
3495 534 3525 572 a

1939 605 2093 660 nobis
2146 605 2284 659 facta
2337 615 2421 659 est
2483 604 2741 675 (Arnob.,
2796 606 2880 660 lib.
2930 623 3004 669 vt,
3057 625 3105 677 p.
3154 609 3290 673 195;
3337 626 3480 680 supr.
3511 653 3525 676 ,

1938 713 2054 765 cap.
2089 712 2216 763 xu,
2249 705 2347 749 art.
2383 697 2408 749 1
2439 713 2452 762 ;
2489 705 2612 751 toni.
2637 715 2650 753 ι
2679 696 2955 768 Apparat.,
2989 715 3043 769 p.
3073 699 3200 768 870,
3230 710 3278 754 et
3313 701 3450 757 1218
3477 711 3524 754 et

1938 805 2076 860 seqq.
2102 790 2143 862 ).

2011 884 2122 939 Leo
2141 884 2388 952 Pellrens,
2419 886 2590 956 inquit
2621 896 2809 942 auctor
2835 898 3037 952 noster,
3065 890 3116 943 itt
3144 904 3328 944 eorum
3367 905 3531 962 grege

1939 990 1969 1028 a
2000 976 2290 1044 gentilibus
2319 979 2779 1034 annutnerahatur
2803 1022 2818 1047 ,
2851 981 2940 1048 qui
2970 981 3182 1036 illorum
3213 983 3344 1037 deos
3372 1000 3534 1055 nega-

1939 1065 2091 1120 bant.
2127 1066 2327 1122 Verum
2360 1069 2428 1124 de
2456 1068 2572 1134 illo,
2608 1084 2660 1125 et
2692 1071 2743 1125 in
2778 1074 2878 1126 bac
2905 1071 3303 1138 dissertatione,
3337 1084 3388 1129 et
3409 1075 3534 1130 alibi

1941 1160 2146 1230 egimus
2191 1161 2432 1232 (Arnob.
2463 1203 2476 1227 ,
2521 1165 2611 1217 lib.
2658 1180 2745 1232 tv,
2800 1183 2854 1236 p.
2907 1164 3046 1229 147;
3082 1182 3224 1234 supr.
3252 1208 3267 1233 ,
3312 1184 3424 1237 cap.
3457 1168 3490 1224 9
3516 1211 3531 1236 ,

1941 1261 2041 1305 art.
2077 1253 2103 1305 1
2129 1269 2142 1316 ;
2173 1262 2292 1307 tom.
2323 1271 2338 1308 ι
2369 1255 2641 1325 Apparat.,
2673 1274 2726 1324 ρ.
2760 1257 2863 1312 785
2887 1258 2929 1327 ).

2011 1346 2350 1402 Lucilianum
2403 1349 2690 1406 Fornicem
2746 1353 2876 1408 citat
2926 1353 3201 1410 Arnobius
3251 1373 3279 1411 a
3325 1357 3534 1413 Lucilio

1942 1439 2164 1494 satirico
2241 1453 2395 1511 poeta
2453 1442 2594 1498 haud
2674 1445 2834 1502 dubie
2889 1451 3245 1518 compositam
3298 1450 3533 1523 (Arnob.,

1944 1530 2032 1584 lib.
2076 1549 2133 1597 ιι,
2166 1553 2218 1604 p.
2252 1534 2323 1589 45
2350 1533 2389 1606 ).
2425 1535 2601 1590 Patria
2633 1539 2677 1592 is
2718 1541 3036 1596 Aruncanus
3059 1553 3211 1611 erat,
3246 1546 3322 1599 uti
3352 1561 3415 1600 ex
3452 1547 3536 1602 his

1942 1624 2216 1696 colligitur
2245 1626 2530 1684 Juvenalis
2553 1630 2798 1686 versibus
2832 1651 2846 1687 :

2037 1762 2133 1840 Eur
2156 1771 2319 1814 tamen
2343 1765 2436 1816 hoc
2460 1767 2612 1818 libeat
2636 1772 2795 1840 potius
2817 1771 3089 1840 decurrere
3108 1787 3279 1840 campo
3304 1775 3377 1840 (1)

2039 1826 2139 1876 Per
2162 1841 2312 1890 quem
2335 1842 2540 1890 magnus
2565 1826 2719 1894 equos
2742 1833 2950 1883 Arunca:
2973 1836 3115 1886 ﬂexit
3141 1826 3381 1887 alu'muits'.

2418 1912 2689 1974 (Juvenal.,
2715 1915 2855 1967 satir.
2879 1919 2924 1980 1,
2950 1931 3074 1969 vers.
3107 1919 3165 1968 19
3183 1926 3228 1971 et
3249 1920 3351 1984 20.)

1946 2014 2013 2070 Et
2040 2026 2226 2086 postea
2255 2018 2371 2072 hinc
2401 2018 2468 2073 de
2497 2020 2642 2074 illius
2672 2023 2870 2092 satyris
2899 2024 3097 2078 cecinit
3125 2041 3140 2078 :

2037 2132 2169 2199 Ense
2192 2133 2328 2183 velut
2351 2136 2519 2199 stricto
2542 2139 2739 2199 quoties
2762 2137 2978 2189 Lucilius
3001 2143 3181 2192 ardens

2040 2196 2316 2264 Intremuit,
2336 2198 2484 2248 rubet
2507 2196 2716 2260 auditor,
2744 2204 2823 2251 cui
2851 2203 3026 2264 l’rigida
3051 2218 3191 2256 mens
3213 2215 3288 2257 est

2045 2258 2358 2321 Criminibus,
2381 2263 2522 2310 tacita
2540 2258 2714 2311 sudant
2738 2258 2999 2325 praecordia
3018 2267 3172 2330 culpa.

2630 2345 2861 2410 (Ibidem,
2886 2350 2993 2401 sub.
3021 2349 3108 2415 ﬁn.
3128 2353 3290 2416 satir.)

1948 2448 2172 2506 Persius
2197 2468 2414 2524 quoque
2447 2473 2460 2508 :

2473 2574 2642 2644 secuit
2666 2577 2882 2631 Lucilius
2910 2584 3102 2644 urbem,

2044 2631 2116 2682 Te
2138 2631 2294 2696 Lupe,
2317 2640 2368 2684 te
2392 2635 2534 2698 Muti,
2554 2647 2606 2688 et
2629 2645 2894 2701 genuinum
2919 2631 3137 2710 fregit—in
3160 2649 3274 2701 illis.

2571 2721 2757 2787 (Pera,
2781 2725 2868 2777 sub
2887 2725 2957 2790 ﬁn
2996 2731 3133 2782 satir.
3159 2733 3222 2795 1.)

1951 2819 2186 2877 Primam
2227 2824 2320 2879 ille
2369 2824 2642 2892 Lucilius,
2693 2838 2830 2886 teste
2881 2832 3052 2888 Plinio
3099 2834 3332 2905 (Plin.,
3380 2841 3462 2897 lib.
3525 2860 3540 2897 ι

1954 2912 2130 2993 Natur
2185 2915 2304 2972 hist.
2330 2960 2346 2985 ,
2380 2933 2437 2988 p:
2467 2919 2578 2988 4),
2619 2921 2838 2976 satiram
2889 2926 3148 2981 condidit.
3185 2929 3338 2988 Unde
3372 2935 3542 2993 Hora-

1953 3018 2060 3062 llUS
2092 3027 2105 3063 ε

2694 3107 2756 3158 Ει
2781 3109 2996 3165 Lucilius
3026 3132 3172 3172 ausus

2047 3165 2658 3252 ξηὶιῐξὶἓξηὶῑιιιιξῦοέξρῗίξ
2674 3184 2970 3252 componere
2995 3165 3206 3252 carmina
3232 3201 3449 3252 morem;

2048 3225 2616 3311 Retrahereetpellem,
2632 3225 2824 3311 _ttllidu's
2845 3253 2939 3299 qua
2954 3225 3389 3311 quisque-“perum:

2049 3289 2280 3350 Cederet,
2313 3289 2553 3344 introrsus
2575 3298 2744 3356 turpis.

2391 3377 2606 3444 (Horat.,
2627 3381 2707 3434 lib.
2738 3401 2788 3449 ιι,
2812 3389 2951 3439 satir.
2977 3391 3020 3452 1,
3045 3404 3166 3445 vers.
3194 3395 3298 3460 95.)

1957 3495 2316 3564 Quintilianus
2362 3514 2540 3561 autem
2587 3509 2761 3566 Plinio
2809 3524 2864 3569 et
2917 3514 3140 3575 Horatio
3189 3523 3542 3599 suffragatur,

1959 3589 2167 3661 hocque
2203 3594 2271 3650 de
2311 3597 2518 3653 Lucilio
2548 3600 2801 3672 illiusque
2827 3610 3096 3664 scribendi
3130 3629 3330 3682 genere
3356 3589 3548 3678 Vreddi't

1958 3685 2369 3743 testimonium:
2407 3709 2425 3741 ι
2451 3691 2626 3747 Satira
2667 3697 2884 3764 quident
2933 3711 3040 3757 tota
3091 3717 3274 3763 nostra
3324 3724 3404 3767 est
3431 3756 3445 3780 ,
3493 3717 3544 3770 itt

1959 3793 2061 3847 qua
2095 3782 2297 3849 primus
2345 3785 2605 3856 insignem
2651 3788 2862 3846 laudent
2901 3796 3131 3868 adeptus
3170 3812 3257 3858 est
3283 3803 3546 3876 Lucilius,

1961 3873 2049 3940 qui
2081 3875 2338 3942 quosdam
2369 3877 2440 3931 ita
2473 3880 2686 3936 deditos
2715 3885 2814 3939 sibi
2843 3887 3021 3944 adhuc
3051 3892 3210 3950 habet
3238 3873 3550 3972 amatores;

1962 3971 2022 4018 ut
2041 3980 2160 4019 eum
2202 3983 2306 4021 non
2349 3969 2594 4039 ejusdem
2644 3977 2807 4031 modo
2848 3984 3027 4049 operis
3063 3991 3412 4060 auctoribus,
3456 3969 3550 4053 sed

1963 4059 2211 4114 omnibus
2240 4065 2409 4129 poetis
2441 4068 2693 4134 prtclerre
2722 4087 2826 4124 non
2859 4075 3121 4133 dubitent.
3152 4082 3266 4154 Ego
3293 4103 3549 4157 quantum

1965 4162 2033 4208 ab
2062 4153 2164 4207 illis
2197 4165 2398 4211 tantum
2446 4160 2514 4215 ab
2543 4161 2765 4217 Horatio
2791 4166 2811 4238 (
2840 4166 2939 4222 Cib.
2978 4188 3026 4240 ι,
3070 4153 3215 4231 satir.
3245 4181 3279 4233 4
3353 4200 3479 4242 vers.
3517 4189 3552 4245 6

1967 4257 2012 4300 et
2038 4265 2168 4318 seqq.
2202 4249 2218 4320 )
2250 4251 2507 4309 dissentio
2530 4297 2543 4320 ,
2579 4260 2664 4327 qui
2698 4258 2962 4318 Luc-ilium
2997 4265 3168 4326 liuere
3197 4273 3547 4353 lutulentum,

1967 4351 2022 4394 et
2047 4357 2167 4397 esse
2191 4343 2391 4415 aliquid
2417 4348 2556 4416 quod
2591 4350 2780 4407 tollere
2804 4356 2976 4424 possis
2997 4399 3011 4423 ,
3049 4372 3212 4429 putat.
3263 4368 3394 4426 Nam
3424 4343 3552 4431 eru:

1969 4434 2101 4490 ditio
2129 4437 2181 4491 in
2211 4441 2434 4508 comira,
2461 4453 2512 4497 et
2544 4444 2798 4514 libertas,
2829 4463 2990 4521 atque
3020 4454 3142 4511 inde
3168 4465 3436 4523 acerbitas
3457 4513 3471 4537 ,
3502 4482 3559 4528 et

2403 4556 2438 4632 »ι
2477 4536 2740 4609 (Quintil.
2770 4584 2783 4606 ,
2828 4544 2912 4598 lib.
2959 4563 2989 4601 x
3026 4548 3258 4608 lnstitut.
3283 4599 3297 4622 ,
3344 4577 3458 4632 cap.
3500 4566 3553 4632 1,

1969 4641 2020 4691 p.
2061 4624 2229 4727 157st
2256 4627 2468 4727 seqq).
2499 4629 2880 4727 \lcrumtatnen
2923 4639 3062 4695 idem
3118 4645 3232 4717 ipse
3280 4624 3550 4727 Horatius,

1971 4718 2214 4786 quamvis
2257 4718 2454 4774 dixerit
2501 4721 2694 4779 durum
2738 4739 2789 4781 et
2830 4729 3152 4790 lutulentum
3201 4755 3321 4798 esse
3366 4718 3557 4806 Lucilii

1968 4825 2308 4876 sermonem,
2356 4832 2478 4870 eum
2518 4827 2691 4874 tamen
2732 4822 2956 4880 facetum
3000 4838 3054 4883 et
3095 4847 3360 4892 emuncta:
3411 4846 3559 4901 naris

1973 4907 2137 4964 fuisse
2168 4911 2466 4980 proﬁtetur.
2500 4912 2861 4981 Quamobrem
2891 4922 3018 4977 alibi
3049 4927 3194 4982 canit
3223 4951 3235 4984 :

2391 5113 2400 5122 .
2471 5113 2496 5122 ,Δ
2597 5115 2608 5122 ·
2715 5051 2921 5122 A_tidem
2947 5060 3074 5121 quod
3095 5061 3199 5111 sale
3224 5068 3375 5120 multo

2072 5105 2254 5158 Urbem
2278 5109 2534 5175 defricuit;
2568 5115 2733 5165 charta
2753 5105 2977 5169 laudato?-
2991 5105 3187 5174 eadem:

2271 5191 2486 5255 (Horat.,
2507 5193 2589 5246 lib.
2609 5213 2643 5259 ι,
2663 5198 2802 5249 satir.
2830 5202 2904 5263 10,
2931 5215 3052 5255 vers.
3077 5209 3137 5257 50
3155 5217 3198 5259 et
3216 5218 3372 5279 seqq.)

1975 5337 2163 5394 Lucilii
2191 5355 2402 5412 quoque
2442 5345 2582 5398 sales
2625 5350 2844 5416 agnovit
2881 5350 3072 5407 Cicero
3102 5357 3122 5428 (
3155 5357 3318 5416 Cicer.
3348 5405 3362 5429 ,
3419 5367 3505 5424 lib.
3545 5389 3559 5427 ι

1976 5433 2040 5487 de
2071 5431 2266 5502 Finib.,
2290 5453 2341 5504 p.
2372 5436 2463 5502 40,
2504 5447 2548 5490 et
2578 5438 2666 5491 lib.
2690 5456 2726 5494 ιι
2752 5440 2814 5494 de
2856 5441 3026 5510 0rat.,
3055 5465 3106 5518 p.
3137 5451 3251 5523 12),
3284 5459 3372 5527 qui
3405 5475 3564 5530 quos.

1981 5527 2102 5582 dam
2131 5529 2270 5583 illius
2296 5546 2484 5586 versus
2516 5532 2825 5605 descripsit,
2849 5549 2902 5593 et
2932 5540 3090 5613 longe
3119 5546 3303 5614 plures
3342 5527 3566 5613 Αίρει-

1985 5621 2089 5676 lius
2118 5622 2170 5676 ιιι
2197 5624 2308 5678 suis
2349 5624 2601 5680 Noctium
2647 5630 2942 5690 Atticarum
2975 5637 3146 5694 libris.
3188 5643 3430 5716 Denique
3461 5652 3564 5706 Eu.

2046 5756 2118 5820 (1)
2145 5755 2196 5806 Id
2216 5766 2290 5810 est
2316 5755 2542 5814 Satirico.

3057 5859 3133 5922 22
