3986 6058
1658 207 2113 283 DISSEBTATIO
2148 206 2431 283 PREVIA

3583 222 3700 281 684

410 334 635 391 sebialto
661 330 716 389 in
743 330 1011 388 Chronico
1035 326 1228 384 Lucilii
1252 334 1408 383 ortus
1436 333 1493 385 et
1515 326 1696 382 obitus
1724 325 1805 382 sic
1832 334 1989 380 nota-
2018 329 2072 387 Α
2092 326 2355 383 tissimus.
2384 326 2560 383 'Extat
2597 337 2776 386 autem
2815 328 3098 388 Ciceronis
3139 332 3502 405 fragmentum
3530 373 3546 398 ,
3596 332 3700 388 ubi

414 437 515 483 tur.
571 446 591 478 ‹
636 425 878 482 [acilius
930 422 1091 494 poeta
1151 422 1405 476 nascitur.
1452 439 1474 472 ι
1540 418 1678 475 Tum
1745 418 1989 474 deinde:

421 541 435 573 (
462 521 627 577 Caius
653 519 912 584 Lucilius,
942 518 1228 571 satirarum
1273 516 1527 584 scriptor,
1558 513 1782 584 Neapoli
1825 512 1993 567 mori-

409 625 527 679 tur,
574 628 641 667 ac
680 611 901 682 publico
944 609 1136 665 funere
1176 608 1398 665 eﬂ‘ertur
1439 621 1585 662 anno
1624 607 1802 662 :etatis
1841 606 1910 661 46
1964 626 1985 658 ι

412 704 645 779 (sm.
677 702 826 771 cur...
855 704 924 759 ad
948 718 1078 758 m.
1108 702 1249 758 isse
1273 710 1323 756 cl
1349 700 1486 755 tm
1516 698 1557 769 ).

479 820 677 875 Manilii
707 820 777 875 de
800 818 1173 874 Novensilibus
1200 816 1306 872 diis
1334 816 1645 886 opinionem
1669 815 1789 870 aliis
1811 812 1989 869 ethni-

405 913 484 970 cis
511 912 781 968 Arnobius
810 922 996 967 noster
1025 909 1297 981 opposuit.
1330 908 1519 963 Nonne
1544 908 1723 978 itaque
1744 907 1839 962 ille
1868 914 1952 962 est
1971 947 1988 973 ,

402 1004 557 1076 cujus
605 1002 900 1059 sententias
944 1002 1011 1058 de
1067 1002 1301 1071 Europa,
1356 999 1635 1065 Titanide,
1679 999 1881 1064 Casco,
1935 1008 1993 1053 et

402 1096 570 1154 Casca
613 1112 644 1153 a
671 1098 913 1154 Varrone
966 1098 1238 1168 expositas
1289 1092 1556 1165 legimus?
1600 1091 1790 1147 Nonne
1826 1091 1991 1146 etiam

405 1194 519 1264 ipse
548 1202 665 1257 est,
694 1190 787 1263 qui
812 1206 842 1245 a
868 1191 1044 1245 Plinio
1080 1189 1388 1260 appellatur
1418 1186 1869 1258 diligentissimus
1902 1193 1991 1238 to-

401 1296 685 1358 gatorum,
735 1299 799 1339 ac
840 1293 1094 1347 senator;
1144 1292 1200 1337 et
1244 1282 1466 1335 doctore
1507 1279 1692 1344 nullo,
1744 1276 1992 1331 maximis

403 1380 601 1435 nobilis
626 1376 916 1434 doctrinis.
960 1376 1042 1431 Ab
1067 1376 1135 1433 A.
1166 1384 1348 1428 autem
1382 1370 1557 1428 Gellio
1584 1370 1713 1425 viris
1748 1371 1992 1439 apprime

402 1470 607 1536 doetis;
639 1486 669 1524 a
692 1469 954 1525 Cicerone
972 1513 987 1535 ,
1022 1467 1281 1522 litteratis
1302 1507 1316 1528 ,
1345 1474 1401 1518 et
1428 1463 1495 1518 ad
1525 1461 1812 1517 dicendum
1830 1503 1845 1529 ,
1876 1476 1993 1517 res-

398 1565 767 1636 pondendum,
800 1573 961 1634 atque
986 1560 1253 1632 agendum
1284 1558 1475 1631 peritis
1502 1557 1832 1612 adscribitur
1863 1554 1988 1627 (Ar-

401 1659 543 1724 nob.,
578 1659 663 1713 lib.
696 1674 774 1723 tn,
809 1675 861 1727 p.
895 1656 999 1711 129
1026 1666 1071 1710 et
1103 1670 1278 1724 seqq.;
1312 1651 1493 1719 Vorm,
1549 1651 1639 1717 lib,
1666 1668 1718 1705 tv
1744 1651 1809 1705 de
1834 1648 1983 1722 Ling.

2094 419 2253 491 hujus
2279 421 2340 476 P.
2372 420 2569 493 Nigidii
2599 423 2866 493 doctrina,
2897 425 3055 481 sicuti
3082 441 3114 482 a
3140 425 3439 495 Macrobio,
3468 429 3536 481 Α.
3562 425 3703 482 Gel-

2093 514 2187 581 lio,
2218 526 2270 571 et
2298 516 2510 584 Servio,
2542 519 2953 575 commendatur
2998 518 3126 595 (Cic.
3160 523 3349 595 fragm.
3372 565 3387 591 ,
3436 538 3558 594 pag.
3586 519 3659 575 25
3670 538 3702 588 ;

2092 609 2361 677 Macran,
2406 611 2494 666 lib.
2546 629 2603 667 vr
2647 614 2941 682 δωτίνῃσι..
2972 631 3090 688 cap.
3118 615 3174 683 8,
3206 633 3326 688 pag.
3353 615 3459 672 495
3484 633 3502 683 ;
3532 615 3697 685 (ἐειι.³

2094 700 2182 755 lib.
2212 702 2280 757 19
2313 701 2468 757 Noct.
2495 702 2626 772 Att,
2648 722 2765 778 cap.
2804 709 2905 775 ﬂ;
2944 706 3115 776 Sero,
3146 706 3199 762 in
3230 708 3316 763 lib.
3370 724 3405 763 x
3449 705 3695 778 Ξηεὶάη

2094 809 2212 865 pag.
2252 790 2400 865 583).
2436 796 2519 851 Ad
2561 812 2685 854 eum
2724 807 2900 854 autem
2924 800 3103 871 ipsum
3135 812 3317 858 orator
3354 801 3549 857 latinus
3577 801 3703 857 haec

2092 886 2146 940 in
2178 886 2343 941 verba
2382 889 2598 959 scripsit
2643 908 2660 945 :
2708 910 2728 944 ‹
2756 890 2910 949 Nunc
2936 893 2998 951 P.
3029 893 3239 966 Nigidio
3263 936 3278 961 ,
3326 895 3414 949 uni
3453 897 3703 952 omnium

2091 977 2404 1036 doctissimo
2432 992 2485 1036 et
2507 983 2865 1050 sanctissimo,
2892 996 2947 1041 et
2968 988 3199 1045 maxima
3218 988 3484 1059 quondam
3501 988 3699 1060 gratia,

2091 1078 2146 1125 et
2173 1070 2301 1125 mihi
2328 1082 2475 1128 certe
2501 1076 2865 1144 amicissimo,
2906 1094 2976 1135 ne
3011 1080 3240 1151 benigne
3283 1080 3499 1153 quidem
3540 1081 3703 1153 polli-

2091 1162 2198 1217 ceri
2222 1177 2441 1233 possum
2470 1164 2682 1239 (ϐίαι,
2710 1171 2801 1224 lib.
2842 1186 2920 1235 tv,
2952 1171 3121 1241 Epist.
3153 1169 3266 1244 15).
3295 1191 3314 1224 ι
3364 1172 3448 1227 Ab
3472 1172 3540 1229 Δ.
3569 1171 3703 1229 Gel-

2090 1252 2166 1309 lio
2195 1266 2251 1311 et
2271 1257 2391 1313 aliis
2414 1258 2636 1331 Figulus
2665 1265 3077 1334 cognominatur
3100 1262 3286 1338 (Gell.,
3305 1265 3394 1319 lib.
3426 1282 3482 1321 vt
3535 1264 3699 1321 Noct.

2094 1346 2198 1401 Au.
2224 1396 2238 1416 ,
2271 1365 2389 1417 cap.
2418 1349 2481 1422 6)
2506 1393 2521 1415 ,
2569 1369 2677 1423 quo
2721 1355 2940 1412 nomine
2986 1371 3016 1410 a
3059 1356 3281 1413 Lucano
3334 1356 3421 1415 his
3448 1358 3703 1416 versibus

2094 1453 2420 1512 magnopere
2448 1445 2728 1503 extollitur
2754 1467 2768 1501 :

2184 1607 2249 1680 at
2267 1607 2491 1680 Figulus,
2516 1613 2599 1662 cui
2622 1625 2743 1663 cura
2762 1614 2897 1680 deos
2919 1621 3220 1680 metaque
3238 1616 3351 1667 coeli

2188 1670 2345 1744 {esse
2366 1670 2489 1744 luit,
2502 1689 2649 1738 quem
2668 1691 2765 1727 non
2781 1678 3039 1744 stellarum
3060 1670 3286 1741 milia
3308 1680 3571 1744 Memphis,

399 1719 599 1821 lat.,'p.
630 1749 721 1814 10,
930 1764 1002 1811 Vl,
1026 1765 1087 1816 p.
1112 1719 1180 1801 7i
1200 1719 1248 1800 cl
1272 1745 1372 1811 76;
1394 1744 1566 1811 Plin.,
1612 1744 1706 1799 lib.
1740 1760 1776 1798 x
1800 1719 1989 1797 Nolui.
2026 1719 2072 1778 Β
2192 1719 3426 1804 Μίῖίῆῖυδᾶίέὧῖωῗὲῖῗιῖιῖῇἷιτῖ

396 1842 517 1897 Itisl.
546 1884 562 1909 ,
596 1858 709 1913 cap.
740 1840 817 1907 2,
856 1857 906 1912 ρ.
952 1839 1093 1904 589;
1140 1837 1314 1904 (ὅσια,
1377 1836 1462 1891 tib.
1508 1837 1574 1890 17
1608 1834 1763 1889 Noct.
1812 1834 1992 1901 Attia,

397 1951 510 2005 cap.
543 1935 597 2001 7,
629 1950 681 2004 p.
709 1933 852 1996 937;
881 1929 1068 2001 (αἴσθῃ,
1094 1932 1153 1985 in
1180 1928 1365 1998 Bruto,
1400 1948 1453 1998 p.
1502 1928 1638 1994 H8,
1684 1939 1731 1983 et
1759 1928 1846 1983 lib.
1890 1929 1996 1984 ide

405 2026 580 2092 0rat.,
613 2042 663 2095 p.
701 2023 865 2095 129)⁴

476 2140 754 2207 Mnaseas,
789 2140 858 2194 ab
895 2139 1043 2206 aliis,
1085 2148 1146 2192 ut
1172 2136 1248 2192 ait
1274 2138 1583 2205 Arnobius,
1625 2136 1694 2193 de
1726 2136 1996 2193 Musarum

404 2236 715 2306 parentibus
754 2242 809 2289 et
854 2247 1083 2289 numero
1131 2233 1424 2303 plurimum
1469 2232 1826 2289 dissentiebat
1858 2231 1994 2287 :sed

399 2329 521 2401 quis
544 2328 737 2397 fuerit,
766 2329 824 2384 in
844 2328 1065 2384 dubium
1091 2328 1269 2383 vocari
1303 2327 1520 2399 potest(
1549 2326 1766 2394 Arnob.,
1799 2327 1889 2382 lib.
1912 2344 1993 2392 ut,

403 2442 460 2494 p.
516 2423 621 2479 122
654 2425 695 2493 ).
745 2422 933 2478 Plures
984 2422 1267 2477 enimvero
1310 2421 1415 2477 hoc
1469 2423 1690 2478 nomine
1738 2422 1996 2492 appellati

405 2527 551 2574 sunt.
583 2516 732 2572 Unus
762 2525 939 2571 autem
969 2532 1034 2569 ex
1065 2516 1129 2569 iis
1149 2557 1164 2581 ,
1197 2515 1240 2577 si
1266 2514 1457 2573 credas
1480 2514 1658 2570 Suidae
1680 2556 1695 2579 ,
1742 2514 1995 2586 Berytius

411 2610 481 2665 de
506 2611 639 2665 Arte
669 2608 969 2673 rhetorica,
1007 2617 1064 2662 et
1089 2606 1394 2662 nominibus
1420 2605 1603 2661 atticis
1630 2606 1867 2676 scripsit.
1896 2606 1995 2661 Al-

406 2711 579 2756 terum
622 2699 804 2755 laudat
830 2700 1125 2755 Athenaeus
1144 2740 1161 2765 ,
1202 2700 1391 2777 Λοκρόν
1413 2701 1502 2754 καὶ
1530 2699 1828 2771 Κολοφώνιον
1850 2740 1865 2764 ,
1895 2696 1999 2753 Lo-

414 2813 558 2851 crum
585 2813 673 2852 εει(
704 2794 1111 2866 Colophonium,
1159 2795 1253 2867 qui
1274 2795 1570 2867 inscriptos
1599 2794 1751 2851 lusus
1779 2809 2001 2865 compo-

405 2891 531 2957 suit,
577 2890 648 2945 ob
672 2889 987 2944 tarietatem
1035 2887 1271 2959 Salpem,
1318 2889 1625 2943 nominatos
1668 2886 1901 2959 (Suid.,
1927 2888 1998 2943 ad

404 2982 539 3039 vcrb.
578 2985 848 3046 Mvaas'ac;
887 2982 1071 3037 Athan.
1098 3024 1113 3048 ,
1155 2982 1240 3036 lib.
1287 2999 1360 3036 vn
1408 2980 1654 3053 Deipnor.
1679 3022 1696 3047 ,
1736 2999 1793 3052 p.
1825 2980 1993 3054 521).

405 3076 621 3132 Tertius
648 3075 731 3130 his
764 3074 931 3129 multo
958 3074 1252 3142 celebrior,
1271 3086 1327 3131 et
1350 3076 1594 3130 crebrius
1615 3092 1647 3131 a
1672 3076 1836 3131 variis
1857 3078 1995 3132 scri-

408 3168 651 3239 ptoribus
674 3167 896 3231 citatus,
927 3165 1175 3221 Mnaseas
1199 3177 1284 3221 est
1312 3166 1625 3221 Patarensis
1647 3181 1743 3223 seu
1772 3168 1996 3225 Patren-

408 3262 507 3326 sis,
536 3259 691 3330 cujus
712 3258 1107 3328 Europicorum
1137 3258 1263 3313 libri
1290 3259 1359 3314 ab
1380 3259 1573 3316 eodem
1598 3260 1864 3317 Athenaeo
1887 3278 1997 3319 non

407 3357 577 3413 semel
605 3356 839 3410 citantur
866 3354 1060 3425 (Idem,
1087 3353 1238 3421 ibid.,
1269 3354 1357 3408 lib.
1389 3371 1464 3422 iv,
1488 3372 1545 3426 ρ.
1568 3355 1694 3422 158,
1724 3367 1770 3409 ει
1788 3355 1873 3409 lib.
1901 3372 1996 3426 vn,

319 3475 325 3481 -
410 3470 465 3522 p.
493 3450 621 3517 296,
649 3460 693 3503 et
718 3448 804 3503 lib.
838 3451 931 3515 xii,
963 3464 1015 3517 p.
1050 3447 1216 3518 550).
1249 3447 1324 3501 De
1349 3446 1455 3502 diis
1479 3457 1660 3503 autem
1687 3463 1997 3507 sermonem

413 3550 465 3603 in
490 3546 599 3602 illis
626 3545 769 3599 haud
799 3543 960 3598 dubie
990 3544 1317 3596 instituerat.
1354 3540 1487 3597 Nam
1517 3540 1646 3597 inde
1671 3540 1865 3597 Suidas
1884 3543 1999 3599 col-

412 3640 542 3709 legit
584 3636 902 3692 Praxidicen
945 3634 1101 3689 deam
1149 3632 1319 3688 fuisse
1364 3632 1520 3704 cujus
1561 3649 1717 3688 soror
1763 3634 2000 3691 Ctesiam

412 3731 596 3803 genuit
624 3728 821 3801 (Suid.
849 3770 864 3793 ,
896 3726 965 3782 ad
992 3727 1124 3781 verb.
1160 3725 1433 3803 πραξιδίκη
1455 3725 1494 3799 ).
1520 3726 1803 3797 Epaphum
1835 3745 1964 3785 vero
1983 3772 1999 3797 ,

415 3828 490 3880 uti
514 3832 574 3879 et
602 3821 890 3878 Plutarcho
917 3821 1173 3875 discimus
1194 3862 1210 3887 ,
1238 3820 1489 3889 apposuit
1514 3819 1767 3875 Liberum
1790 3863 1807 3889 ,
1834 3821 2003 3878 Osiri-

416 3917 539 3974 dem
565 3925 621 3972 et
646 3914 912 3985 Serapim.
942 3911 1086 3980 Quid
1114 3926 1242 3982 ergo
1266 3920 1411 3966 vetat
1435 3952 1451 3978 ,
1493 3913 1782 3981 quominus
1810 3915 2004 3970 creda-

417 4024 537 4066 mus
559 4009 702 4063 hunc
727 4021 848 4063 esse
887 4021 1047 4078 quem
1086 4005 1357 4060 Arnobius
1380 4004 1447 4059 de
1490 4004 1655 4060 Musis
1699 4008 2007 4077 disputasse

420 4100 755 4159 testiﬁcatur.
786 4098 947 4155 Plura
974 4098 1042 4153 de
1066 4097 1281 4153 Mnasea
1309 4096 1449 4168 apud
1483 4096 1753 4165 Vossium,
1781 4109 1845 4167 ,et
1871 4102 2008 4157 alios

421 4191 714 4266 invenies(
744 4192 1012 4247 Plutarch.
1042 4235 1057 4259 ,
1089 4190 1178 4245 lib.
1207 4190 1270 4244 de
1293 4190 1424 4243 Isid.
1458 4202 1503 4245 et
1534 4187 1753 4259 Osirid.,
1785 4202 1907 4246 tom.
1948 4207 2006 4257 ιι,

420 4308 474 4362 p.
527 4287 673 4354 365;
737 4285 928 4351 Voss.,
973 4284 1109 4340 lib.t
1168 4285 1231 4338 de
1260 4282 1458 4339 Hister.
1510 4300 1700 4355 graia,
1749 4301 1864 4356 cap.
1914 4283 2007 4356 21,

419 4400 475 4453 ρ.
506 4378 611 4435 134

2595 1847 2821 1911 μυρίοι,
2842 1847 2927 1903 lib.
2957 1865 2991 1913 ι,
3017 1850 3260 1925 υσιηϐὄξὶ
3280 1857 3330 1904 et
3352 1850 3514 1918 seqq.)

2095 2011 2205 2068 Cur
2232 2024 2411 2069 autem
2437 2016 2540 2072 hoc
2565 2032 2866 2089 cognomen
2916 2019 2992 2074 illi
3024 2021 3207 2077 datum
3237 2022 3339 2089 sit,
3381 2022 3465 2078 his
3493 2025 3706 2094 Augus-

2099 2107 2241 2161 tinus
2265 2107 2447 2164 verbis
2474 2111 2708 2181 explicat
2760 2129 2774 2165 :
2831 2133 2849 2165 ‹
2880 2112 3101 2169 Frustra
3140 2117 3401 2171 asseritur
3428 2116 3608 2174 nobile
3638 2117 3709 2174 il-

2098 2199 2187 2253 lud
2216 2212 2579 2258 commentum
2607 2246 2622 2269 ,
2663 2204 2733 2259 de
2780 2204 2925 2276 ﬁguli
2967 2215 3120 2273 rota,
3165 2208 3308 2278 quod
3354 2210 3713 2283 respondisse

2099 2290 2275 2346 ferunt
2318 2292 2607 2363 Nigidium,
2642 2296 2742 2352 hac
2772 2299 3072 2369 quastione
3109 2300 3380 2357 turbatum
3408 2344 3424 2370 ,
3475 2304 3620 2361 unde
3646 2313 3707 2361 et

2095 2382 2315 2453 Figulus
2343 2387 2656 2456 appellatus
2700 2398 2785 2444 est
2836 2391 3077 2466 (August.
3105 2435 3122 2462 ,
3171 2392 3259 2448 lib.
3307 2412 3341 2450 η
3401 2395 3465 2453 de
3513 2395 3704 2466 Cirin,

2095 2492 2211 2547 cap.
2242 2477 2276 2531 5
2300 2518 2316 2544 ,
2357 2495 2477 2549 pag.
2514 2479 2660 2553 116).
2702 2483 2873 2540 Porro
2899 2495 3078 2540 autem
3106 2486 3323 2556 quando
3351 2498 3407 2544 et
3428 2490 3706 2561 quomodo

2098 2581 2324 2628 mortem
2358 2572 2553 2630 obierit
2574 2618 2589 2641 ,
2623 2576 2667 2629 si
2697 2592 2909 2647 quaeras
2929 2621 2943 2644 ,
2986 2579 3107 2635 audi
3136 2580 3430 2639 Eusebiani
3459 2582 3707 2642 chronici

2097 2677 2410 2723 auctorem:
2439 2686 2457 2717 ί
2477 2666 2716 2739 Nigidius
2745 2668 2985 2742 Figulus.
3014 2672 3390 2747 Pythagoricis
3414 2686 3468 2735 et
3494 2694 3705 2751 magus,

2098 2757 2149 2812 in
2175 2758 2334 2812 exilio
2361 2759 2591 2814 moritur
2610 2760 2851 2834 (Euscb.,
2884 2764 2935 2818 in
2963 2762 3180 2837 Chron.,
3205 2770 3275 2822 ad
3302 2786 3425 2826 ann.
3456 2770 3639 2844 1975).
3677 2792 3700 2826 ι

2105 2856 2349 2930 Denique
2365 2858 2495 2912 varii
2519 2858 2663 2913 illius
2690 2860 2833 2928 libri,
2857 2865 3091 2934 atquein
3112 2865 3298 2936 primis
3324 2868 3705 2926 commentarii

2098 2951 2434 3019 grammatici
2466 2951 2533 3007 ab
2562 2952 2629 3007 Α.
2660 2952 2815 3010 Gelio
2836 2970 2988 3027 smpe
3017 2959 3215 3029 sat-pius
3237 2960 3485 3019 citantur.
3686 3012 3701 3033 ._

2170 3061 2334 3121 Nisus
2381 3065 2440 3121 in
2484 3069 2955 3136 grammaticorum
2986 3086 3216 3130 numero
3240 3073 3310 3131 ab
3335 3075 3577 3133 Arnobio
3604 3092 3702 3135 re—

2101 3156 2337 3224 ponitur.
2368 3156 2555 3215 γωδ
2584 3171 2767 3217 autem
2807 3162 3027 3235 Longus
3050 3168 3387 3227 mentionem
3418 3170 3565 3227 illius
3591 3172 3705 3231 fre-

2098 3261 2329 3320 quenter
2356 3250 2556 3311 fecisse
2602 3255 2799 3326 legitur
2822 3298 2839 3324 ,
2862 3270 2922 3316 et
2959 3261 3195 3331 scriptos
3228 3263 3302 3320 ab
3321 3278 3392 3320 eo
3415 3264 3703 3325 Fastorum

2100 3343 2271 3405 libros
2314 3347 2585 3405 Gesnerus
2635 3365 2901 3409 memorat
2952 3352 3194 3426 (Amab.,
3234 3357 3399 3424 ω...
3442 3379 3564 3433 pag.
3593 3364 3702 3433 57;

2111 3439 2224 3501 Vel.
2256 3440 2449 3515 Long.,
2481 3445 2543 3498 de
2574 3443 2975 3517 Ormograpt;
3003 3448 3241 3520 (ianua,
3266 3453 3325 3510 in
3348 3452 3644 3526 Bibaculi).

2174 3554 2495 3612 Numenium
2536 3557 2750 3614 Platoni
2780 3569 2844 3616 et
2867 3561 3068 3617 Crouio
3090 3565 3378 3636 conjunxit
3405 3567 3701 3629 Arnobius.

2106 3651 2490 3723 Pythagorius
2510 3656 2601 3711 ille
2618 3656 2751 3722 fuit,
2780 3669 2834 3712 et
2861 3662 2990 3736 ἀνὴρ
3016 3663 3293 3736 ἐπιφανής,
3326 3665 3404 3719 uti
3437 3666 3705 3726 Eusebius

2110 3755 2354 3802 testatur.
2389 3749 2759 3808 Theodoretus
2800 3770 2929 3809 vero
2970 3757 3061 3826 qui
3102 3757 3255 3812 illum
3286 3758 3704 3833 Pythagoricum

2106 3856 2249 3910 saepe
2277 3832 2547 3911 appellat,
2594 3845 2710 3901 haec
2748 3847 2818 3902 de
2870 3849 2989 3917 ipso
3038 3860 3093 3905 et
3122 3850 3413 3908 Plutarcho
3440 3857 3657 3928 scripsit
3686 3877 3704 3915 :

2106 3937 2242 3989 Μετά
2278 3939 2386 4012 ’γὰρ
2421 3936 2483 3996 δὴ
2514 3944 2610 3999 τήν
2657 3946 2749 3995 τοῦ
2794 3951 3022 4017 Σωτῆρος
3060 3946 3200 4014 ἡμῶν
3230 3949 3519 4022 ἐπιφάνειαν
3559 3954 3706 4008 αὐτοὶ

2106 4026 2381 4098 γενόμενοι,
2402 4038 2495 4090 cn";
2517 4043 2872 4104 χριστιανικῆς
2900 4035 3149 4110 θεολογίας
3174 4040 3337 4097 πολλὰ
3363 4051 3469 4105 τοῖς
3508 4047 3706 4111 οἰκείοις

2107 4118 2339 4188 saepe”
2360 4120 2547 4194 λόγοις.
2587 4122 2660 4176 Hi
2684 4138 2907 4195 namque
2927 4142 3043 4181 cum
3068 4142 3184 4200 post
3212 4133 3488 4190 aduentum
3511 4136 3704 4193 Salva-

2111 4210 2233 4263 loris
2260 4214 2423 4266 visuri
2449 4215 2721 4272 caaderent
2749 4260 2764 4283 ,
2796 4219 2963 4272 multa
2988 4223 3283 4279 christiana:
3308 4227 3580 4302 theologia:
3598 4234 3704 4288 suis

2111 4301 2252 4357 libris
2269 4304 2612 4362 iusaumt.
2638 4311 2709 4363 At
2731 4310 2799 4365 de
2824 4311 2919 4367 illo
2933 4312 3047 4383 jam
3066 4329 3251 4385 supra,
3276 4328 3331 4373 et
3350 4327 3501 4376 tomo
3530 4324 3704 4393 primo

2112 4399 2411 4488 apparatus
2453 4404 2623 4458 metri
2658 4404 2897 4461 diximus
2937 4405 3185 4479 (Amat,
3228 4413 3356 4469 lib.r
3380 4456 3394 4481 ,
3426 4433 3549 4488 pag.
3596 4419 3703 4487 49;

490 4472 706 4548 Myrtitli
740 4488 838 4529 seu
876 4469 1148 4580 Myrsilli;
1187 4469 1359 4580 ipqlnit
1384 4470 2008 4580 ῥνιιοδίιιενρεοιξξξξιτίε
2028 4495 2089 4559 1)
2113 4486 2299 4544 Euseb.
2326 4533 2342 4559 ,
2369 4492 2459 4546 lib.
2505 4509 2544 4549 ιι
2604 4494 2838 4566 Ρηερατ.
2874 4469 3145 4572 κάπροι,
3171 4469 3299 4575 ἀφ.
3328 4469 3699 4580 9ξρηᾷξδέἐξ

422 4577 539 4627 erat
563 4567 632 4624 de
656 4565 820 4621 Musis
863 4564 1067 4633 opinio.
1116 4561 1221 4618 Sed
1260 4561 1329 4617 de
1384 4563 1485 4618 hoc
1531 4573 1784 4630 auctore,
1834 4564 2003 4621 illius-

421 4677 527 4734 que
548 4658 816 4716 sententia
864 4657 921 4711 in
956 4656 1139 4726 priore
1179 4657 1484 4725 Apparatus
1516 4657 1688 4711 nostri
1720 4665 1867 4715 tomo
1896 4658 2007 4729 egi-

423 4769 542 4811 mus
566 4751 782 4825 (Arnob.
816 4792 830 4817 ,
882 4749 974 4804 lib.
1018 4763 1117 4817 tu,
1174 4763 1295 4820 pag.
1347 4748 1470 4816 121;
1515 4760 1638 4804 tom.
1681 4751 2004 4823 tApparat.,

423 4867 475 4922 p.
505 4846 657 4917 785).

492 4964 806 5034 Nicagoram
826 4959 1083 5032 Cyprium
1111 4957 1338 5028 gentiles
1358 4999 1373 5025 ,
1402 4957 1555 5012 sicuti
1589 4957 1859 5013 Arnobius
1884 4974 2011 5013 nar—

421 5070 521 5127 rat,
550 5057 795 5121 atlteisusi
825 5052 1188 5126 postulabant.
1236 5048 1347 5105 Nos
1387 5065 1516 5105 vero
1543 5049 1611 5104 de
1648 5050 1740 5105 illo
1769 5051 1930 5105 etiam
1955 5060 2010 5107 et

423 5153 476 5208 in
524 5152 622 5205 hac
650 5147 1031 5205 dissertatione
1053 5186 1070 5212 ,
1116 5150 1172 5199 et
1206 5141 1333 5198 alibi
1365 5141 1723 5198 disseruimus
1762 5141 2003 5213 (Arnob.,

423 5245 513 5300 lib.
539 5258 614 5308 tv,
647 5257 769 5314 pag.
800 5239 935 5305 M7;
985 5254 1130 5309 supr.
1159 5277 1175 5304 ,
1227 5253 1342 5306 cap.
1385 5233 1454 5302 9,
1506 5245 1605 5289 art.
1637 5250 1687 5302 t;
1741 5248 1788 5290 et
1837 5247 2007 5292 tom.t

422 5336 697 5410 Apparat.,
730 5349 848 5402 pag.
884 5331 987 5387 769
1013 5340 1059 5385 et
1091 5326 1238 5401 785).

487 5446 729 5519 Nigidius
758 5452 840 5501 ter
860 5443 933 5498 ab
960 5451 1181 5498 auctore
1206 5450 1394 5497 nostra
1412 5441 1664 5497 iaculatus
1687 5484 1701 5507 ,
1730 5442 2005 5500 Ciceronis

416 5552 627 5601 aztatem
648 5538 878 5595 timebat
904 5533 1141 5608 (Arnob,
1156 5535 1246 5590 lib.
1267 5551 1345 5602 in,
1362 5552 1489 5607 pag.
1512 5536 1634 5603 119,
1658 5536 1763 5592 125
1784 5547 1831 5590 et
1854 5537 2003 5610 124).

410 5635 656 5697 Celebris
681 5634 914 5703 scriptor
944 5629 1060 5693 fuit,
1086 5630 1168 5686 vir
1184 5632 1471 5700 pastorius
1490 5671 1506 5697 ,
1534 5630 1893 5687 humanorum
1916 5648 2004 5688 ar-

405 5736 549 5801 ium,
583 5725 938 5804 philosOphia:
959 5769 973 5794 ,
1010 5722 1337 5793 astrologia},
1368 5735 1423 5781 et
1453 5725 1750 5784 medeciuas
1775 5727 1997 5783 consul-

2115 4578 2394 4652 Theodor.,
2425 4602 2577 4640 scrm.
2600 4587 2654 4656 2,
2676 4590 2741 4644 de
2758 4588 2909 4657 Fide,
2940 4602 3059 4648 tam.
3087 4610 3161 4661 tv,
3194 4615 3315 4670 pag.
3338 4600 3445 4657 500
3466 4578 3498 4671 ;—
3525 4578 3701 4673 supra,

2113 4675 2182 4729 ad
2207 4677 2607 4749 certaremus;
2648 4694 2776 4742 toan.
2804 4701 2824 4742 ι
2852 4685 3126 4758 Aminea,
3150 4708 3272 4764 pag.
3298 4696 3437 4753 1115
3460 4707 3515 4754 ct
3534 4700 3698 4771 1128,

2114 4776 2374 4841 acseqq.).
3540 4794 3541 4797 η

2184 4880 2406 4952 Orphei,
2432 4899 2531 4941 seu
2555 4928 2570 4951 ,
2608 4898 2668 4941 ut
2706 4888 2943 4960 loquitur
2967 4893 3259 4966 Arnobius,
3298 4897 3534 4959 Threicii
3564 4907 3700 4963 vatis

2111 4973 2229 5029 libri
2266 4976 2337 5030 ab
2372 4977 2602 5034 etlmicis
2639 4980 2950 5040 ferebantur
2991 4989 3307 5060 antiquitatis
3336 5010 3445 5050 esse
3471 4998 3657 5055 divine
3677 5016 3699 5065 ;

2112 5072 2250 5128 haud
2306 5075 2467 5132 dubie
2530 5078 2652 5148 quia
2717 5079 2963 5138 Graecum
3012 5087 3161 5141 illum
3223 5101 3438 5160 poetam
3477 5136 3493 5163 ,
3566 5104 3699 5152 teste

2109 5166 2415 5237 Lactantio,
2465 5172 2710 5243 aequalem
2756 5176 2981 5246 ipsorum
3020 5180 3251 5250 deorum,
3312 5197 3366 5241 et
3410 5203 3533 5244 cum
3560 5189 3698 5246 Her-

2108 5263 2228 5317 cule
2266 5264 2407 5318 inter
2437 5265 2772 5335 Argonautas
2812 5271 3088 5343 navigasse
3116 5275 3410 5333 credebant
3454 5281 3695 5355 (Arnob.,

2107 5354 2287 5418 lib.w.
2330 5373 2453 5427 pag.
2486 5358 2624 5427 175;
2675 5361 2934 5433 Lactant.,
2990 5366 3079 5422 lib.
3130 5383 3147 5423 ι
3193 5354 3610 5447 Ιηειὶειιιηίοαρ.
3639 5378 3696 5449 5,

2112 5465 2228 5519 pag.
2253 5448 2368 5521 20).

2179 5543 2448 5602 Pauiassis
2493 5549 2856 5606 testimonium
2900 5568 2968 5608 ex
3004 5554 3287 5616 Clemente
3328 5560 3699 5624 Alexandrino

2394 5640 2570 5734 nobis
2602 5644 2822 5701 exhibet
2870 5647 3083 5719 (Arnob.
3106 5692 3121 5716 ,
3168 5653 3355 5722 titur,
3397 5670 3515 5729 pag.
3545 5661 3694 5734 lu).

2105 5729 2257 5797 Quod
2278 5732 2498 5801 quidem
2525 5750 2556 5792 a
2586 5737 2743 5796 nobis
2758 5754 2925 5813 supra
2950 5743 3295 5806 observatum
3323 5758 3407 5807 est
3426 5792 3442 5821 ,
3483 5768 3546 5809 ac
3572 5729 3694 5827 quis
