3986 6058
219 193 324 251 683

1376 201 1443 258 ιΝ
1474 197 1853 268 ARNOBIUM,
1880 199 2034 261 CAP.
2080 204 2264 263 XXVI.

3397 221 3504 276 686

220 314 309 378 ille
332 312 526 386 fuerit,
554 312 675 369 alibi
698 315 1495 388 demonstratum(Supr.,cap.
1519 316 1608 382 12,
1635 326 1732 370 ιιι-ι.
1764 317 1815 382 1;
1844 322 1898 381 Α
1923 334 2242 391 Cinnamque
2277 337 2436 392 quam
2459 324 2716 394 principii
2737 326 2835 392 illi,
2873 346 2891 379 ι
2943 327 3072 384 Caio
3118 331 3345 388 Caesaris
3376 335 3509 391 Ger-

220 412 342 459 tom.
371 421 386 459 ι
417 405 690 475 Apparat.,
739 424 858 478 pag.
907 407 1055 479 8l0).

291 497 534 553 Patrocle
561 498 627 554 de
651 499 856 554 Titurio
897 511 952 555 et
1000 501 1418 571 Pliilostephano
1465 502 1606 557 idem
1649 502 1824 573 plane

219 590 634 647 dicendum..De
671 592 777 648 illis
817 593 1094 662 siquidem
1113 594 1366 650 Clemens
1390 595 1807 660 Alexandrinus,

217 694 276 740 et
322 701 421 740 nos
468 695 598 756 post.
643 688 814 758 ipsum
860 688 1249 760 disputavimus
1305 690 1551 764 (Arnob.,
1597 691 1685 746 lib.
1731 705 1810 759 ιν,

222 793 342 849 pag.
369 779 494 844 H4,
530 790 651 835 tom.
678 781 992 852 tApparat.,
1025 800 1143 854 pag.
1169 785 1272 840 817
1295 794 1341 838 et
1370 783 1550 854 1208);

289 871 436 936 Piso,
455 872 610 942 cujus
634 873 903 930 Arnobius
935 877 1212 940 meminit,
1248 878 1559 932 vocabatur.
1595 877 1656 932 L.
1691 877 1813 932 Cal-

218 961 485 1032 phurnius
521 965 642 1019 Piso
667 965 828 1036 Frugi
868 966 1108 1038 (Arnob.,
1143 968 1230 1023 lib.
1257 984 1334 1036 ιιι,
1360 986 1479 1040 pag.
1506 966 1653 1039 19.2).
1697 968 1816 1036 Quo

216 1057 286 1111 de
325 1059 474 1120 viro,
516 1059 740 1129 ejusque
778 1061 1097 1130 cognomine
1143 1060 1332 1116 Cicero
1383 1062 1497 1117 haec
1535 1062 1816 1116 niemoria:

216 1150 492 1204 mandavit
520 1168 532 1202 :
575 1169 593 1201 ι
626 1151 794 1207 Tanta
822 1154 1040 1217 virtute,
1071 1163 1229 1224 alque
1258 1155 1562 1224 integritate
1591 1155 1686 1209 fuit
1712 1196 1728 1221 ,
1761 1164 1818 1208 ut

215 1242 378 1298 etiam
410 1243 519 1298 illis
543 1245 760 1315 optimis
799 1247 1134 1318 temporibus
1175 1263 1298 1302 cum
1347 1247 1621 1304 hominem
1669 1249 1816 1304 inve-

216 1339 336 1394 nire
374 1354 604 1409 nequam
652 1343 922 1397 neminem
963 1358 1190 1412 posses,
1237 1344 1382 1398 solus
1433 1354 1611 1398 tamen
1657 1343 1819 1414 Frugi

214 1435 586 1489 nominaretur
616 1435 770 1506 (Cic.,
798 1446 926 1490 orat.
951 1437 1038 1502 11,
1068 1453 1160 1507 pro
1185 1435 1264 1490 Μ.
1293 1438 1526 1504 Fonteio,
1553 1437 1816 1509 pag..225,

217 1525 316 1579 lin.
349 1525 460 1596 45).
497 1547 516 1578 ι
564 1528 642 1582 De
665 1528 812 1584 illius
839 1544 967 1584 vero
995 1530 1208 1599 scriptis
1234 1530 1373 1584 idem
1405 1531 1602 1585 latinus
1638 1541 1821 1584 orator

216 1619 276 1673 id
313 1620 448 1675 alibi
477 1621 736 1690 scriptum
768 1622 982 1692 reliquit
1013 1641 1027 1677 :
1078 1641 1096 1675 ι
1133 1622 1196 1678 L.
1231 1623 1358 1678 Piso
1378 1623 1625 1678 tribunus
1652 1621 1822 1691 plebis

1913 414 2105 468 manici
2149 414 2259 469 lilio
2306 435 2325 467 (
2357 416 2522 471 dedit.
2551 439 2568 469 ›
2615 419 2783 488 Hujus
2813 425 3054 477 meminit
3085 425 3288 482 Plinius
3312 445 3508 484 secun-

1911 504 2054 573 dus;
2094 507 2478 576 Quintillianus
2504 520 2680 566 autem
2714 516 2827 568 haec
2857 516 2924 571 de
2966 518 3060 572 illo
3101 519 3294 576 litteris
3327 527 3509 579 consi-

1911 599 2128 666 gnavit:
2166 618 2184 650 ι
2213 599 2438 670 Eorum,
2461 617 2597 672 quos
2619 604 2866 672 viderim,
2892 609 3050 679 longe
3079 613 3327 683 princeps
3357 615 3512 671 Pom-

1916 691 2108 758 ponius
2136 693 2405 749 secundus
2425 737 2440 762 ,
2475 712 2823 766 quem‘senes
2856 685 3040 769 parum
3076 708 3334 776 tragicum
3364 721 3513 779 puta-

1914 784 2079 850 bant,
2128 786 2432 843 eruditione
2484 804 2546 844 ac
2587 791 2764 846 nitore
2809 805 3069 862 praestare
3116 799 3513 858 Conﬁtebantur

1916 874 2080 947 (Plin.
2110 878 2364 946 Secund.,
2386 881 2477 934 lib.
2505 897 2584 947 ιιι,
2618 883 2768 952 epist.
2799 884 2862 950 5;
2889 886 3133 955 Quintil.,
3160 891 3250 944 lib.
3275 908 3307 946 χ
3355 894 3381 946 1
3391 897 3518 949 nsti-

1917 977 2036 1032 tut.,
2070 987 2190 1040 pag.
2217 971 2370 1043 748).
2404 990 2424 1023 ι
2474 973 2712 1030 Velleius
2749 988 2929 1033 autem
2980 979 3296 1038 Paterculus
3327 989 3520 1045 scribit

1883 1114 1888 1118 _
1917 1074 2040 1113 eum
2092 1079 2110 1109 ‹
2143 1061 2309 1117 fuisse
2359 1066 2606 1120 sensibus
2635 1067 2904 1124 celebrem
2937 1112 2950 1135 ,
2993 1075 3172 1130 verbis
3199 1078 3382 1132 rudem
3412 1122 3426 1145 ,
3459 1092 3517 1138 et

1918 1155 2152 1210 novitate
2167 1156 2410 1213 inventia
2425 1175 2484 1214 se
2501 1163 2679 1230 operis
2696 1166 3181 1224 commendabilem
3200 1172 3512 1247 (Patercul.)

1918 1249 2006 1302 lib.
2040 1266 2078 1304 ιι
2112 1249 2273 1320 Hist.,
2305 1252 2456 1323 longe
2479 1265 2593 1324 post
2618 1257 2778 1327 init.).
2820 1278 2838 1311 ι
2885 1260 3037 1328 Quod
3084 1279 3212 1319 vero
3260 1267 3391 1321 illud
3422 1286 3518 1324 no-

1918 1357 2055 1396 vumc
2073 1358 2208 1413 opus
2237 1346 2327 1410 sit,
2353 1346 2512 1402 docet
2531 1347 2796 1405 Eusebius
2826 1352 3164 1412 inChronico
3188 1375 3203 1415 :
3233 1377 3252 1409 ι
3272 1358 3332 1414 L.
3357 1360 3520 1417 Pom—

1923 1437 2134 1505 ponius,
2160 1457 2180 1489 ›
2209 1438 2402 1508 inquit,
2431 1459 2449 1493 ι
2473 1441 2848 1510 Bononiensis,
2870 1448 3236 1506 Atellanarum
3266 1455 3520 1526 scriptor,

1921 1528 2099 1584 clarus
2132 1529 2362 1586 habetur
2385 1531 2597 1604 (Euseb.
2629 1537 2682 1589 in
2702 1536 2917 1604 Cliron.,
2940 1542 3008 1594 ad
3026 1559 3149 1596 ann.
3182 1544 3365 1618 1826).
3393 1567 3411 1600 ι
3443 1549 3525 1604 Ex

1923 1620 2023 1675 bac
2072 1637 2236 1692 porro
2277 1624 2422 1680 illius
2470 1626 2748 1683 Atellanas
2777 1632 3047 1687 scribendi
3073 1646 3189 1690 arte
3219 1679 3234 1703 ,
3292 1654 3447 1707 quam
3492 1656 3527 1695 a

216 1694 398 1781 1egem
437 1713 639 1781 primus
667 1713 737 1768 de
770 1715 1009 1783 pecuniis
1054 1715 1366 1784 repetundis
1386 1756 1402 1782 ,
1447 1713 1744 1770 Censorino
1770 1722 1828 1771 et
1853 1727 1901 1786 B
1927 1712 2179 1769 Mummio
2207 1727 2326 1784 post
2355 1716 2584 1774 Nonium
2608 1729 2662 1776 et
2683 1722 3035 1792 Pomponium
3064 1694 3375 1786 suscitatam
3405 1748 3528 1790 esse

217 1802 436 1858 Manilio
477 1805 629 1860 Coss.
673 1805 811 1860 tulit.
863 1806 983 1876 Ipse
1011 1809 1175 1863 etiam
1206 1808 1330 1862 Piso
1361 1817 1415 1862 et
1453 1823 1644 1863 causas
1665 1809 1814 1878 egit,

213 1908 272 1954 et
316 1899 618 1954 multarum
661 1901 835 1970 legum
871 1912 963 1956 aut
993 1912 1203 1967 auctor,
1247 1911 1342 1956 aut
1385 1902 1662 1957 dissuasor
1686 1902 1811 1967 fuit;

214 1993 372 2062 isque
401 2003 464 2048 et.
484 1993 758 2049 orationes
786 1995 998 2065 reliquit
1017 2036 1044 2058 ,.
1073 2012 1193 2065 quae
1214 1997 1328 2064 jam
1353 2006 1724 2059 evanuerunt,
1765 2007 1820 2049 et

212 2086 440 2141 annales
466 2101 595 2141 sane
624 2087 841 2142 exiliter.
877 2089 1108 2156 scriptos
1131 2088 1332 2161 (Idem,
1375 2088 1442 2142 de
1466 2087 1651 2142 ϐίαι-ξε.
1687 2087 1822 2141 Ora-

215 2187 354 2244 tor.,
398 2195 486 2233 seu
516 2178 665 2233 Brut.
689 2221 704 2244 ,
757 2197 877 2250 pag.
905 2179 1047 2244 218,
1090 2181 1181 2234 lin.
1225 2181 1302 2247 2).
1340 2199 1358 2231 ι
1406 2179 1614 2236 Gellius
1644 2189 1820 2234 tamen

213 2270 413 2326 asserit
439 2286 561 2325 eum
587 2271 639 2324 in
667 2271 855 2326 iisdem
891 2271 1188 2355 Annalibus
1219 2270 1400 2342 (Gell.,
1434 2272 1522 2326 lib.
1554 2287 1607 2325 vr
1659 2269 1820 2325 Noct.

214 2363 352 2428 Att.,
394 2381 511 2433 cap.
545 2364 615 2432 9,
650 2382 769 2435 pag.
802 2364 908 2420 579
931 2376 977 2419 et
1007 2365 1097 2420 lib.
1127 2381 1166 2420 ιι
1191 2407 1204 2431 ,
1234 2382 1351 2436 cap.
1385 2366 1479 2430 14,
1507 2383 1625 2436 pag.
1653 2363 1782 2433 698)
1807 2407 1832 2433 ,,

213 2472 356 2527 quos
383 2456 524 2512 idem
553 2457 730 2513 adhuc
758 2456 969 2523 Cicero,
999 2459 1192 2525 Varro,
1222 2460 1449 2526 Plinius,
1483 2459 1828 2514 Lactantius-

212 2564 324 2620 que
338 2551 659 2618 citaverunt,
693 2551 1094 2622 simplicissima
1114 2553 1380 2608 suavitate
1399 2552 1478 2608 rei
1493 2565 1546 2608 et
1562 2553 1830 2626 orationis

213 2658 342 2699 esse
364 2659 538 2713 usum,
564 2661 627 2699 ac
648 2661 737 2700 res
763 2647 833 2700 ibi
863 2647 1048 2702 abillo
1070 2662 1330 2717 perquam
1361 2663 1496 2718 pure
1525 2657 1580 2703 et
1601 2658 1832 2704 venuste

211 2747 463 2792 narratas
493 2735 709 2808 (Cicer.,
745 2739 834 2794 lib’.
869 2757 949 2806 ιι,
978 2741 1126 2812 epist.
1154 2741 1245 2807 29.,
1291 2751 1350 2797 et.
1365 2743 1452 2796 lib.
1506 2743 1629 2798 nde
1657 2742 1832 2810 0rat.,

215 2846 343 2900 pag.
371 2830 492 2892 ini-4;
533 2830 712 2898 Varr.,
764 2833 851 2886 lib.
879 2849 932 2887 iv
964 2833 1027 2888 de
1053 2834 1208 2906 Ling.
1235 2836 1498 2907 lat.,.pag.
1529 2836 1632 2902 56;
1661 2835 1830 2911 Plin.,

213 2919 309 2974 lib.
355 2937 390 2975 tt
439 2919 580 2976 Hist.
615 2932 749 2990 nat.,
773 2939 888 2993 cap.
921 2925 1158 2998 55..pag.
1181 2925 1324 2992 207;
1364 2925 1622 2993 Lactant.,
1657 2928 1832 2998 lib.‘t,

214 3027 337 3081 cap.
371 3014 423 3076 6,
472 3031 592 3085 pag.
641 3015 754 3084 55).
798 3016 956 3072 Plura
980 3016 1048 3072 de
1076 3017 1235 3073 illovsi
1267 3020 1401 3075 velis
1425 3062 1439 3086 ,
1467 3021 1692 3075 consule
1720 3021 1837 3077 Ma-

1917 1805 2217 1863 Macrobins
2273 1824 2594 1880 asseverat,
2658 1815 2743 1869 hae
2799 1820 3154 1887 proculdubio
3211 1827 3526 1894 prodierunt

1926 1899 2120 1955 fabula:
2148 1900 2333 1958 Maevia
2353 1943 2370 1969 ,
2399 1903 2680 1972 i‘Editumi,
2710 1908 2880 1978 Galli,
2925 1912 3284 1986 Transalpini,
3313 1930 3369 1976 et
3394 1921 3528 1977 Poro

1920 2001 2056 2058 ccta,
2087 2010 2206 2064 qua:
2234 1997 2302 2051 ab
2329 1997 2392 2050 A.
2424 1997 2598 2055 Gellio
2627 2003 2858 2058 citantur
2884 2005 3163 2076 (Macrob.,
3213 2013 3302 2067 lib.
3349 2031 3365 2069 ι
3422 2017 3530 2072 Sa-

1923 2089 2141 2154 turnal.,
2193 2106 2311 2160 cap.
2362 2091 2468 2156 ‘10;
2525 2092 2695 2161 θαι,
2741 2097 2830 2152 lib.
2863 2113 2894 2152 x
2927 2098 3084 2157 Noct.
3117 2104 3243 2170 Att.,
3277 2123 3392 2178 cap.
3427 2111 3516 2178 14,

1924 2180 2012 2234 lib.
2032 2197 2126 2248 xu,
2147 2200 2261 2252 cap.
2295 2185 2383 2248 10,
2410 2193 2459 2238 et
2486 2185 2575 2240 lib.
2607 2203 2722 2253 XVI,
2754 2205 2869 2258 cap.
2901 2189 2976 2263 6).
3007 2195 3138 2262 Quis
3169 2197 3346 2268 itaque
3373 2200 3531 2258 facile

1925 2290 2034 2329 non
2065 2276 2326 2331 concedat
2355 2276 2500 2332 illam
2533 2295 2601 2334 ex
2631 2279 2714 2334 bis
2743 2297 2903 2338 unam
2934 2285 3120 2354 fuisse,
3148 2306 3308 2360 quam
3339 2304 3530 2351 auctor

1928 2377 2116 2422 noster
2140 2367 2404 2440 Marsyam
2436 2372 2764 2441 appellavit?

2001 2460 2324 2531 Posidippus
2376 2465 2543 2518 semel
2592 2474 2753 2536 atque
2802 2468 3001 2526 iterum
3049 2475 3116 2529 ab
3149 2478 3432 2548 Arnobio,
3477 2482 3533 2538 in

1930 2551 2223 2608 Clementis
2244 2555 2591 2612 Alexandrini
2624 2561 2859 2631 vestigiis
2885 2565 3061 2620 adhuc
3093 2569 3373 2628 insistente
3413 2575 3532 2631 lau-

1933 2645 2107 2700 datur.
2164 2646 2356 2702 Narrat
2399 2660 2578 2705 autem
2625 2651 2818 2708 Suidas
2852 2657 3195 2730 Posidippum
3226 2667 3530 2732 comicum,

1934 2736 2351 2795 Cassadrensem
2377 2783 2391 2807 ,
2420 2741 2636 2813 Cynisci
2665 2744 2834 2802 filium
2861 2791 2874 2815 ,
2919 2752 3077 2806 tertio
3108 2766 3227 2823 post
3256 2757 3536 2815 Menandri

1936 2842 2165 2888 mortem
2195 2850 2338 2890 anno
2368 2834 2648 2903 docuisse,
2699 2855 2763 2895 ac
2795 2843 3006 2913 triginta
3035 2846 3273 2906 edidisse
3300 2851 3533 2909 fabulas.

1939 2924 2045 2981 Sed
2087 2925 2309 2981 Vossius
2365 2936 2515 2996 putat
2557 2931 2721 2985 alium
2767 2935 2836 2990 ab
2879 2936 3121 2995 Arnobio
3163 2951 3217 2997 et
3255 2943 3538 3002 Clemente

1937 3016 2304 3075 Alexandrino
2339 3019 2515 3085 citari,
2547 3037 2704 3091 quem
2736 3026 2789 3080 in
2820 3028 3128 3085 Graecorum
3153 3034 3536 3094 historicorum

213 3107 490 3172 cmbium,
518 3109 611 3163 tib.
642 3125 660 3163 ι
703 3109 997 3178 SaturnaL,
1043 3126 1160 3182 cap.
1195 3114 1282 3179 12,
1319 3129 1441 3184 pag.
1469 3113 1598 3180 229,
1624 3130 1836 3171 rursus.
1864 3121 1910 3184 ι]
1940 3111 2120 3165 album
2149 3110 2354 3166 retulit.
2385 3112 2642 3179 Quaedam
2674 3128 2852 3174 autem
2883 3121 3155 3194 Posidippi
3184 3126 3251 3181 de
3279 3126 3536 3185 draconi-

217 3217 326 3271 que
357 3202 702 3269 Ciceronem,
739 3203 831 3258 lib.
862 3206 1266 3273 mTusculan.,
1299 3223 1419 3279 pag.
1449 3209 1574 3273 156,
1608 3211 1824 3266 Tertul-

218 3294 449 3361 lianum,
487 3295 580 3350 lib.
608 3296 676 3350 de
703 3295 1031 3366 Spectacul.,
1059 3314 1178 3370 cap.
1215 3301 1269 3367 5,
1294 3312 1349 3370 et
1377 3302 1688 3374 Dionysium
1716 3303 1826 3358 Ha-

220 3385 612 3444 licarnasseum
634 3429 649 3455 ,
679 3388 776 3444 lib.
831 3405 870 3445 ιι
907 3390 1156 3459 Antiquit.
1207 3408 1408 3450 roman.
1434 3436 1451 3462 ,
1493 3411 1612 3466 pag.
1641 3395 1746 3452 165
1773 3405 1828 3453 et

222 3480 375 3537 alibi.

300 3575 626 3631 Plutarchus
652 3574 1081 3633 Cheronaeusde
1111 3577 1360 3634 Herculis
1381 3589 1554 3636 morte
1581 3582 1737 3636 testis
1755 3582 1826 3637 ab

224 3678 452 3724 auctore
494 3678 683 3726 nostro
713 3670 768 3725 in
801 3670 1064 3726 librorum
1110 3671 1252 3726 illius
1305 3670 1631 3729 editionibus
1671 3673 1831 3729 datus

227 3763 423 3834 legitur
449 3761 691 3836 (Arnob,
720 3764 810 3820 lib.
828 3781 902 3827 iv,
931 3781 1050 3836 pagi
1079 3766 1227 3833 Mi).
1256 3765 1360 3821 Sed
1390 3767 1442 3821 in
1469 3767 1851 3837 manuscripto'

229 3857 421 3912 codice
467 3860 613 3927 regio
641 3898 656 3923 ,
709 3857 786 3912 uti
835 3873 994 3926 supra
1055 3858 1363 3912 monuimus
1398 3858 1580 3931 (Sup.,
1622 3868 1736 3929 cap.
1774 3860 1830 3926 1,

232 3964 337 4007 art.
371 3953 449 4019 4),
482 3950 743 4020 scriptum
774 3961 858 4006 est
890 3950 1234 4024 Hieronymus
1262 3949 1592 4006 Plutarchus.
1637 3952 1848 4008 Verum.

236 4052 419 4098 tamen
458 4057 578 4096 cum
623 4042 696 4096 ibi
740 4043 1014 4097 Arnobius
1042 4042 1372 4099 Clementem
1413 4039 1835 4099 Alcitandrinum

233 4137 418 4193 adhuc
449 4137 603 4206 sequi
647 4135 893 4191 videatur
939 4135 1198 4206 (Clemens
1226 4136 1535 4203 Alcmenam,
1573 4136 1833 4190 Admonit.

236 4230 305 4285 ad
335 4229 526 4294 Gram,
560 4229 819 4303 pag.l9),
870 4231 996 4286 hinc
1043 4247 1147 4288 non
1192 4232 1326 4286 levis
1355 4230 1576 4286 omnino
1619 4228 1838 4296 conjec-

241 4338 366 4382 tura
385 4327 511 4382 duci
542 4336 718 4397 potest
759 4327 1192 4397 legendum‘esse
1252 4327 1600 4399 Hieronymus
1650 4336 1696 4382 et
1739 4325 1840 4380 Di-

1927 3203 2032 3258 bus
2057 3204 2296 3258 carmina
2339 3219 2369 3257 a
2404 3203 2604 3263 Tzctze
2650 3213 2994 3269 exhibentur.
3049 3218 3153 3274 Sed
3183 3227 3361 3275 utrum
3394 3223 3536 3279 idem

1927 3299 2014 3363 sit,
2049 3298 2138 3368 qui
2189 3301 2257 3356 ab
2281 3301 2525 3360 Arnobio
2574 3305 2910 3377 appellatur,
2941 3309 3087 3364 dictu
3127 3327 3260 3368 sane
3289 3314 3533 3373 difficile.

1928 3392 2202 3452 Gesnerus
2249 3409 2426 3456 tamen
2483 3416 2590 3456 non
2647 3402 2859 3457 videtur
2912 3404 3054 3460 hunc
3105 3406 3453 3479 Posidippum
3501 3427 3536 3467 a

1929 3500 2086 3558 poeta
2112 3491 2444 3565 distinguere
2474 3495 2688 3568 (Arnob.
2721 3539 2734 3562 ,
2782 3496 2869 3551 lib.
2904 3513 2989 3566 γι,
3026 3515 3145 3572 pag.
3190 3502 3294 3558 198
3321 3514 3370 3557 et
3394 3505 3534 3572 206;

1931 3583 2159 3642 Clemens
2189 3589 2466 3658 Αἰθίοπά,
2507 3591 2765 3647 Admonit.
2790 3591 3073 3660 ad‘Graac.,
3107 3611 3227 3666 pag.
3259 3597 3327 3652 35
3357 3607 3402 3652 et
3428 3597 3534 3667 58;

1933 3677 2067 3731 Suitl
2090 3681 2159 3733 ad
2181 3683 2316 3736 verb.
2344 3683 2660 3745 ποσιδιππος
2680 3701 2695 3750 ;
2719 3684 2910 3751 Tum,
2942 3688 3058 3742 hist.
3093 3689 3320 3747 C/tiliad.
3339 3692 3393 3760 7,
3414 3692 3535 3747 hist.

1935 3770 2058 3833 144,
2090 3789 2144 3841 p.
2172 3769 2274 3828 i84
2301 3790 2318 3839 ;
2351 3776 2558 3843 Gesner,
2589 3778 2642 3831 in
2666 3777 2962 3852 Biblioth.).

2004 3863 2327 3922 Ptolomaeus
2376 3869 2669 3938 Agesarclii
2708 3871 2850 3926 filius
2880 3884 3018 3940 erat,
3054 3877 3207 3947 cujus
3254 3878 3323 3934 de
3354 3880 3538 3937 Philo-

1937 3965 2123 4024 patore
2153 3969 2275 4026 post
2299 3959 2631 4016 Clementem
2660 3963 3104 4035 Alexandrinum,
3133 3971 3206 4024 uti
3234 3971 3361 4027 alibi
3389 3984 3537 4042 pate-

1937 4045 2185 4116 fecimus,
2234 4052 2441 4122 primus
2489 4053 2625 4109 liber
2678 4055 2746 4109 ab
2775 4056 3248 4114 Arnobionostro
3292 4064 3537 4133 (Arnob,

1938 4140 2026 4193 lib.
2056 4158 2129 4208 vr,
2185 4161 2303 4215 pag.
2333 4146 2470 4212 193;
2520 4145 2749 4202 Clemens
2790 4149 3068 4205 Alexandr.
3105 4195 3119 4218 ,
3151 4154 3409 4212 Admonit.
3448 4161 3536 4215 ad.

1942 4231 2130 4301 Cum.
2162 4253 2280 4308 pag.
2309 4238 2418 4302 ‘29;
2447 4239 2604 4310 Sup.,
2637 4257 2752 4310 cap.
2773 4242 2826 4308 9,
2857 4254 2955 4298 art.
2987 4243 3064 4315 1),
3090 4247 3358 4305 secundus
3383 4268 3538 4322 vero,

1940 4341 1996 4388 et
2025 4332 2212 4388 tertius
2239 4332 2306 4386 ab
2330 4332 2592 4389 Athenaeo
2621 4335 2702 4389 his
2731 4337 2924 4392 citatnr
2953 4339 3134 4395 verbis
3179 4361 3192 4395 :
3235 4346 3540 4419 Πτώεμαῖος

240 4421 522 4474 εωανοήιιδ.
570 4420 780 4475 Abillo
803 4420 950 4476 enim
992 4430 1222 4487 uterque
1245 4422 1460 4476 citatur.
1492 4421 1636 4476 Nihil
1660 4428 1830 4476 tamen

1943 4425 2086 4481 ὁτοῦ
2113 4423 2459 4502 Ἀγησάρχου,
2491 4428 2893 4500 Μεγαλοπολίτης
2917 4433 3086 4504 γένος,
3142 4436 3192 4487 ἐν
3229 4445 3291 4508 τῇ
3322 4435 3542 4514 δευτέρᾳ

242 4516 300 4570 in
324 4513 550 4569 Arnobii
580 4523 730 4568 textu
763 4523 968 4568 temere
991 4512 1304 4567 mutandum
1329 4513 1670 4569 arbitramur.

320 4608 626 4664 Polemonis
652 4607 722 4662 de
752 4606 986 4662 Minerva
1013 4649 1026 4673 ,
1073 4607 1142 4661 ab
1167 4605 1372 4677 Ornyto
1394 4621 1556 4672 caesa,
1589 4605 1837 4662 testimo-

245 4701 400 4755 nium
433 4701 502 4756 ab
530 4709 752 4756 auctore
796 4709 981 4756 nostro
1025 4699 1246 4755 citatum
1288 4699 1498 4770 (lbid.),
1544 4716 1609 4754 ex
1648 4699 1836 4754 eodem

243 4793 524 4851 Clemente
544 4792 908 4848 Alexandrino
949 4795 1261 4863 decerptum
1285 4793 1452 4849 fuisse
1482 4793 1656 4848 nullus
1679 4792 1836 4865 (1b.),

247 4889 342 4960 qui
375 4889 658 4959 utriusque
679 4889 962 4956 scriptoris
993 4890 1154 4944 verba
1180 4889 1321 4945 inter
1341 4905 1401 4944 se
1429 4896 1717 4956 componet
1743 4930 1756 4954 ,
1785 4888 1841 4943 in

249 4984 474 5038 dubium
525 4998 720 5038 vocare
777 4983 990 5052 poterit.
1028 4983 1176 5050 Vide,
1220 4984 1265 5038 si
1315 4984 1489 5050 lubet,
1562 4999 1625 5038 ea
1668 4999 1785 5054 qua:
1814 4999 1844 5038 a

251 5076 412 5132 nobis
460 5077 512 5131 in
561 5075 838 5143 superiore
882 5075 1184 5146 Apparatus
1221 5077 1390 5132 nostri
1423 5086 1568 5132 tomo
1594 5086 1848 5132 annotata

253 5179 384 5225 sunt
431 5171 614 5241 (tom.t
644 5168 920 5240 Apparat.,
953 5187 1072 5240 pag.
1108 5168 1256 5240 762).

337 5283 356 5314 ι
388 5263 666 5332 Pomponii
683 5261 968 5333 Marsyam,
994 5282 1012 5314 ι
1048 5263 1121 5317 ait
1143 5263 1428 5329 Arnobius,
1466 5281 1485 5315 ι
1511 5263 1869 5335 obsignatum"

257 5358 518 5415 memoria
549 5358 741 5412 tenetis
773 5376 791 5409 ι
849 5355 1062 5422 (Arnob.
1086 5399 1100 5422 ,
1144 5355 1232 5410 lib.
1264 5373 1322 5422 ιι,
1347 5373 1468 5427 pag.
1500 5355 1609 5428 45).
1643 5348 1855 5412 Consu-

260 5453 396 5507 laris
419 5453 510 5507 ille
531 5451 632 5518 vir,
660 5461 795 5507 teste
820 5449 994 5505 Plinio
1018 5449 1211 5518 (Plin.,
1260 5449 1348 5504 lib.
1379 5466 1452 5506 vtt
1493 5461 1664 5505 natur.
1690 5449 1858 5519 Hist.,

1867 4517 1920 4577 D
1944 4525 2042 4572 τῶν
2083 4521 2203 4592 περὶ
2239 4520 2325 4573 τὸν
2374 4520 2691 4597 Φιλοπάτορα
2730 4523 2966 4594 ἱστοριῶν
3017 4523 3224 4597 (At/ten.
3254 4568 3269 4593 ,
3324 4529 3410 4581 lib.
3443 4546 3496 4584 γι
3521 4573 3538 4597 ,

1940 4607 2292 4679 Deipnosoph.
2315 4653 2330 4676 ,
2365 4627 2484 4681 pag.
2521 4612 2671 4684 2i6).
2711 4612 3004 4670 Ptolomeus
3045 4619 3320 4687 Agesarchi
3363 4621 3538 4689 ﬁlius»,

1940 4704 2063 4758 civis
2095 4703 2595 4775 Megalopolitanus,
2640 4708 2768 4760 libro
2795 4710 3017 4762 secundo
3049 4712 3374 4766 historiarum
3404 4715 3536 4771 Phi-

1942 4798 2214 4868 lopatoris.
2239 4797 2302 4854 Et
2321 4799 2648 4853 rursusalibi
2685 4818 2696 4852 :
2728 4803 3068 4874 Πτολεμαῖοςὸ
3089 4812 3177 4860 τοῦ
3205 4807 3537 4885 Ἀγησάρχου

1945 4895 1994 4947 ἐν
2016 4901 2079 4967 τῇ
2105 4895 2251 4970 τρίτῃ
2289 4900 2387 4948 τῶν
2431 4898 2550 4969 περὶ
2587 4896 2904 4972 Φιλοπάτορα
2940 4900 3172 4975 ἱστοριῶν
3223 4901 3313 4973 (El
3341 4903 3428 4960 lib.
3463 4922 3495 4959 Χ
3519 4949 3536 4973 ,

1950 5003 2066 5056 pag.
2096 4984 2246 5056 425).
2304 4985 2618 5042 Ptolomams
2645 4988 2920 5059 Agesarchi
2946 4992 3084 5059 ﬁlius
3113 4992 3240 5047 libro
3266 4996 3412 5050 tertio
3433 4998 3540 5051 liis-

1949 5079 2096 5134 torite
2120 5079 2491 5152 Philopatoris.
2536 5083 2755 5153 Legesis
2793 5083 3064 5153 Nossium,
3099 5086 3192 5144 lib.
3224 5091 3274 5156 1,
3301 5091 3369 5147 de
3396 5092 3535 5148 Hist.

1951 5175 2149 5243 Gr:uc-.,
2177 5192 2294 5247 cap.
2329 5177 2416 5242 18,
2447 5192 2564 5247 pag.
2599 5179 2722 5231 117.

2026 5271 2347 5325 Sammonici
2365 5269 2618 5341 frequens
2634 5271 2774 5340 apud
2788 5272 2964 5326 varios
2983 5272 3282 5345 Scriptores
3297 5277 3540 5352 (Arnob.,

1956 5363 2044 5418 lib;
2079 5379 2154 5425 v1,
2201 5381 2318 5435 pag.
2352 5363 2477 5434 194)
2530 5367 2748 5419 mentio.
2796 5365 2928 5433 Quis
2968 5377 3142 5423 autem
3187 5372 3306 5438 ille,
3354 5383 3541 5445 etquo

1959 5463 2202 5524 tempore
2230 5455 2440 5522 vixerit,
2471 5456 2766 5513 Macrobius
2798 5459 2940 5514 hunc
2969 5462 3153 5516 scribit
3185 5465 3235 5517 in
3271 5467 3484 5521 modum
3521 5485 3537 5523 :

263 5561 382 5616 cap.
415 5545 502 5609 19,
535 5561 654 5614 pag.
688 5544 788 5609 58,
837 5554 884 5597 et
922 5543 1012 5596 lib.
1057 5559 1172 5609 xiv,
1206 5560 1324 5614 cap.
1354 5544 1417 5607 Δ»,
1457 5561 1576 5616 pag.
1606 5544 1729 5617 129)
1756 5588 1772 5613 ,
1804 5553 1862 5600 et
1966 5565 1985 5598 ι
2014 5546 2365 5615 Temporibus
2399 5546 2582 5602 Severi
2629 5549 2918 5620 principis,
2958 5554 3045 5624 qui
3073 5556 3371 5610 ostentabat
3396 5558 3543 5612 duri-

267 5648 424 5695 vatcs
455 5638 756 5709 fuit,.cujus
771 5641 946 5695 vitam
974 5633 1038 5693 s'e
1055 5638 1336 5708 scripsisse
1363 5639 1712 5697 hisdeclarat
1740 5655 1860 5695 ver-

267 5735 350 5794 bis
404 5751 418 5788 :
481 5752 499 5787 ι
528 5733 845 5792 Referentcs
892 5733 1055 5789 vitam
1101 5731 1381 5803 Pomponii
1423 5733 1645 5790 secundi
1684 5735 1858 5804 vatis,

1962 5641 2326 5697 tiemtmorum
2352 5685 2367 5709 ,
2411 5641 2784 5699 Sammonicus
2813 5645 3081 5710 Serenus,
3112 5646 3202 5700 vir‘
3223 5649 3421 5704 sacculo
3448 5663 3548 5704 suo

1963 5733 2153 5792 doctus
2173 5777 2187 5804 ,
2231 5752 2352 5794 cum
2387 5733 2453 5792 ad
2481 5735 2773 5808 principem
2799 5753 2954 5795 suum
2985 5739 3280 5809 scriberet,
3319 5739 3551 5798 faceret-
