3986 6058
422 193 524 258 687

1695 188 2140 251 DlSSERTATIO
2168 189 2447 248 Pii/EVM

3563 215 3569 224 ·
3610 190 3716 250 688

422 333 528 390 que
557 313 624 370 de
661 312 760 368 huc
793 313 936 382 pisce
961 322 1287 375 sermonem,
1327 309 1493 364 verba
1523 306 1746 373 Plinius,
1777 325 1895 376 ιιιιεε
1921 324 2012 363 su-
2042 327 2096 384 Α
2119 319 2174 365 et
2217 309 2455 364 carmina
2487 349 2501 374 ,
2555 306 2623 361 ab
2668 305 2932 363 Athenazo
2982 307 3144 362 citata
3186 306 3430 362 invenies
3478 305 3715 376 (Alliam,

422 409 604 479 perius
634 407 806 476 posui,
840 403 1094 474 praemisit
1148 423 1166 454 ι
1202 401 1484 473 (illacrob.,
1515 402 1602 455 lib.
1637 418 1692 456 ιιι
1725 401 2018 467 Saturnal.,

421 520 539 572 cap.
568 503 652 563 16,
690 517 808 570 pag.
841 497 993 569 547).
1055 498 1195 552 Alibi
1229 513 1357 551 vero
1393 496 1511 566 ejus
1541 496 1699 550 verba
1729 495 1905 552 adlmc
1934 512 2022 550 re-

417 601 570 662 fert,
628 594 862 660 cilatque
906 592 1150 662 quintum
1203 591 1346 646 illius
1399 589 1590 644 Rerum
1641 591 2020 644 reconditarum

417 679 610 745 librum
639 685 826 760 (lbid.,
852 703 966 757 cap.
997 687 1052 749 9.
1087 703 1207 757 pag.
1240 685 1342 750 55,
1371 695 1418 738 et
1447 701 1562 754 cap.
1601 684 1687 748 17,
1717 702 1837 755 pag.
1865 683 2015 754 551).

415 783 487 838 At
517 781 877 852 Capitolinus,
929 780 1017 834 ubi
1060 778 1127 833 de
1171 777 1448 833 Gordiano
1491 779 1698 831 Cresam
1725 818 1740 844 ,
1794 779 1905 831 haec
1948 776 2019 831 de

416 873 796 929 Sammoniaco
847 870 1074 941 posteris
1123 867 1342 922 tradidit
1390 885 1402 920 :
1469 886 1488 918 ι
1517 867 1722 923 Sereno
1770 867 2019 922 Sammo-

414 967 605 1032 niaco,
651 965 741 1035 qui
771 964 903 1034 patri
935 963 1051 1034 ejus
1077 961 1468 1026 amicissimus,
1509 961 1610 1015 sibi
1659 969 1834 1015 autent
1880 974 2017 1028 prae-

414 1068 604 1129 ceptor
637 1058 753 1124 fuit,
783 1056 940 1112 nimis
965 1065 1217 1123 acceptus
1242 1065 1296 1109 et
1320 1058 1519 1108 cliarus
1540 1095 1556 1121 ,
1599 1069 1769 1123 usque
1794 1051 1932 1107 adeo
1961 1060 2020 1106 ut

414 1167 605 1208 omnes
635 1151 799 1207 libros
821 1149 1009 1207 Sereni
1038 1149 1419 1213 Sammoniaci,
1446 1145 1613 1217 patris
1642 1146 1748 1212 sui,
1780 1147 1868 1212 qui
1897 1160 2018 1200 cen-

339 1301 348 1310 ,
413 1247 671 1302 sebantur
700 1245 766 1300 ad
795 1243 865 1300 62
893 1243 1057 1298 millia
1077 1285 1093 1311 ,
1135 1242 1408 1298 Gordiano
1438 1233 1899 1296 minori'moriens
1928 1241 2016 1296 ille

413 1340 766 1406 relinqueret.
817 1336 970 1406 Quod
1019 1352 1140 1390 eum
1195 1335 1261 1390 ad
1306 1335 1502 1391 caelum
1534 1335 1651 1388 tulit
1694 1352 1708 1387 :
1750 1334 2014 1405 siquidem

412 1443 558 1489 tanta
591 1435 626 1490 b
647 1433 934 1489 bliotbeca:
959 1433 1112 1500 c0pia
1139 1440 1193 1487 et
1223 1430 1508 1501 splendore
1536 1430 1769 1484 donatus
1791 1471 1804 1494 ,
1848 1431 1899 1484 in
1936 1429 2013 1484 fa-

413 1543 558 1582 matn
585 1527 860 1582 hominum
903 1527 1254 1580 litteratorum
1284 1526 1479 1579 decore
1507 1524 1753 1592 pervenit
1781 1521 2015 1595 (Capito—

411 1621 534 1687 lin.,
595 1640 713 1692 pag.
743 1623 894 1691 567).
933 1619 1180 1674 Testatur
1207 1628 1383 1674 autem
1413 1618 1726 1688 Spartianus
1754 1617 2013 1686 plurimos

2125 404 2212 458 lib.
2245 420 2300 458 ιιι
2332 402 2604 474 Deipnos.,
2637 419 2758 474 pag,
2785 402 2918 467 122,
2943 402 3031 456 lib.
3067 418 3140 468 vr,
3161 420 3278 474 pag.
3317 401 3456 466 “2;
3485 402 3571 458 lib.
3600 419 3714 469 vni,

2123 515 2223 568 pag
2267 498 2404 564 558;
2439 497 2529 551 lib.
2554 513 2630 556 ιιι.
2665 515 2783 568 pag.
2805 497 2957 565 465).
2983 496 3215 563 Quartus
3242 496 3604 556 Atheniensis,
3628 497 3721 566 qui

2121 591 2315 646 librum
2343 592 2405 644 de
2431 591 2563 644 Vilis
2585 594 2705 666 περί
2732 591 2872 663 βιῶν.
2897 590 3036 644 haud
3065 589 3224 644 dubie
3250 590 3716 660 pliil0$0pltorum,

2123 695 2179 738 ιιι
2207 694 2351 738 notat
2380 683 2646 744 Laertius,
2671 682 2808 752 juris
2841 683 2965 738 fecit
2996 682 3215 752 publici.
3240 683 3343 738 Sed
3374 683 3720 737 animadver-

2122 777 2183 830 tit
2223 775 2604 844 Menagiusqni
2635 783 2828 844 praeter
2872 774 3144 829 Laertiunt
3201 774 3343 829 illius
3389 774 3716 838 meminerit,

2121 870 2388 924 neminem
2445 867 2604 924 facile
2648 869 2908 936 repereri.
2960 867 3184 924 Vossius
3225 884 3354 924 vero
3399 879 3546 938 putat
3594 884 3719 923 eum

2119 979 2240 1020 esse
2270 964 2358 1031 qui
2382 978 2410 1016 a
2436 962 2726 1016 Plutarcho
2750 962 2830 1016 his
2855 963 3034 1018 verbis
3060 963 3454 1033 compellatur:
3481 965 3721 1036 Τιμόθεος

2118 1060 2170 1112 ἐν
2201 1066 2307 1119 τοῖς
2338 1057 2639 1134 Ἀργολικοῖς
2661 1099 2676 1124 ,
2717 1056 3012 1112 Timotheus
3049 1059 3102 1112 in
3150 1058 3418 1129 Argolicis.
3461 1058 3565 1114 Sed
3598 1058 3719 1113 aliis

2117 1149 2170 1204 id
2202 1149 2290 1204 ille
2315 1151 2548 1204 nondum
2581 1151 2866 1220 persuasit.
2916 1150 3049 1206 Nam
3092 1151 3364 1222 Menagius
3401 1151 3610 1206 dubitat
3649 1168 3717 1206 an

2116 1241 2234 1312 ipse
2288 1245 2359 1298 sit
2385 1259 2542 1313 quem
2575 1245 2722 1313 prius
2763 1245 2832 1299 ab
2875 1245 3064 1300 eodem
3118 1246 3404 1301 Plutarcho
3444 1246 3718 1301 laudatum

2117 1336 2587 1408 diximus(Laert.,
2607 1337 2698 1391 lib.
2719 1353 2776 1400 tt,
2795 1339 2847 1392 in
2876 1337 2974 1391 Vit.
3005 1337 3177 1403 Plato,
3203 1338 3229 1410 §
3251 1339 3304 1403 5,
3329 1339 3417 1395 lib.
3442 1355 3515 1403 tv,
3539 1342 3590 1392 in
3616 1337 3718 1392 Vit.

2117 1430 2384 1502 Speusip.,
2437 1432 2558 1504 δικ
2592 1433 2680 1486 lib.
2714 1448 2766 1499 v,
2800 1435 2854 1487 in
2911 1432 3010 1487 Vit.
3040 1433 3250 1489 Aristot.
3280 1451 3294 1497 ;
3345 1433 3373 1506 §
3403 1435 3451 1500 l,
3487 1433 3571 1488 lib.
3607 1450 3715 1502 vn,

2112 1523 2167 1576 in
2207 1522 2305 1576 Vit.
2332 1523 2553 1588 Zenon.,
2588 1522 2617 1595 ς
2644 1525 2721 1594 1).
2746 1525 2816 1578 At
2842 1524 2979 1578 idem
3011 1523 3233 1580 V0ssius
3252 1524 3390 1580 haud
3413 1525 3723 1580 dubitanter

2113 1614 2346 1669 affirmat
2389 1616 2532 1670 ltune
2574 1617 2846 1671 diversum
2889 1619 3110 1672 omnino
3137 1633 3258 1673 esse
3309 1619 3501 1684 abeo,
3557 1633 3718 1687 quem

411 1713 557 1768 illius
598 1713 764 1768 libros
805 1713 872 1765 ad
917 1712 1204 1766 doctrinam
1243 1728 1341 1766 suo
1377 1711 1553 1765 adltttc
1595 1719 1837 1779 tempore
1875 1709 2012 1764 exti-
2043 1714 2090 1774 B
2117 1716 2306 1763 auctor
2348 1717 2534 1762 uester
2559 1710 2812 1779 gentiletn
2845 1711 3152 1780 theologum
3187 1721 3458 1780 nuncupat
3498 1709 3678 1783 (Voss.
3702 1753 3718 1776 ,

412 1805 567 1871 tisse,
597 1817 649 1858 et
673 1804 946 1860 Antonino
972 1804 1123 1860 Geta:
1150 1803 1315 1859 fuisse
1342 1805 1816 1866 familiarissimos,
1866 1818 2015 1856 euin-

409 1914 517 1968 qne
543 1899 641 1953 sob
667 1896 940 1953 Caracalla
973 1897 1112 1952 inter
1152 1897 1440 1952 nOnnullos
1468 1906 1747 1952 caenantes
1776 1895 2012 1950 occisum

409 1990 728 2060 (Spartian.,
758 1991 811 2044 in
834 1988 1116 2055 Caraeall.,
1141 2007 1260 2061 pag.
1291 1989 1417 2056 552,
1447 2001 1493 2044 et
1517 1991 1570 2043 in
1592 1991 1846 2044 Antonino
1866 1987 2011 2056 Gela,

415 2101 536 2156 pag.
575 2081 727 2155 555).

485 2179 744 2234 Scaurum
812 2177 1109 2232 illustribus
1168 2178 1534 2248 grammaticis
1590 2187 1778 2232 auctor
1832 2186 2014 2232 noster

399 2270 526 2339 jure
590 2272 782 2327 merito
845 2271 1071 2327 adscivit
1119 2271 1378 2343 (Arnob.,
1432 2271 1521 2326 lib.
1576 2288 1636 2336 ι,
1688 2288 1805 2342 pag.
1858 2272 2007 2340 257).

406 2363 542 2420 Nam
564 2364 632 2418 al)
661 2364 726 2418 A.
756 2363 929 2419 Gellio
951 2364 1318 2419 nobilissimus
1341 2367 1726 2434 grammaticus
1743 2365 1829 2436 (Α.
1852 2363 2010 2430 Gell.,

411 2459 503 2513 lib.
535 2475 586 2513 ιιι
626 2458 779 2513 Nocl.
814 2458 943 2524 Alt.,
975 2475 1092 2522 cap.
1114 2458 1197 2514 l5.
1218 2477 1334 2530 pag.
1368 2458 1533 2529 599),
1564 2469 1617 2514 et
1644 2458 1882 2512 Adriano
1911 2459 2013 2511 im-

411 2561 636 2621 perante
664 2551 909 2605 ﬂoruisse
936 2551 1247 2620 perhibetur
1283 2570 1296 2607 :
1333 2570 1351 2603 ι
1381 2552 1671 2606 Terentius
1696 2595 1711 2618 ,
1749 2571 1768 2604 ι
1819 2553 2012 2622 inquit,

419 2663 440 2694 ‹
471 2644 708 2701 Sentit-ns
754 2643 861 2698 divi
886 2644 1107 2699 Adriani
1136 2645 1473 2715 temporibus
1502 2647 1888 2716 grammaticus
1916 2660 2014 2699 no-

408 2735 728 2790 bilissimus.
765 2756 784 2788 ι
829 2737 1003 2792 Gellio
1029 2736 1340 2808 suﬂragium
1392 2739 1511 2792 tulit
1536 2737 1893 2807 Capitolinus,
1923 2739 2013 2809 qui

409 2829 573 2882 alintn
605 2829 867 2883 Scaurum
891 2872 906 2894 ,
953 2829 1111 2899 hujus
1139 2830 1303 2884 lilium
1323 2872 1337 2893 ,
1388 2831 1548 2885 etiam
1579 2832 2008 2901 grammaticum,

408 2921 538 2978 Veri
570 2922 907 2992 imperatoris
949 2933 1339 2992 pra-cepturem
1393 2923 1557 2978 fuisse
1609 2925 1692 2978 bis
1727 2924 1794 2979 de
1820 2924 2012 2980 eodem

410 3015 742 3086 imperatore
790 3014 1058 3084 significat
1101 3016 1281 3071 verbis
1326 3031 1342 3069 :
1391 3033 1409 3067 ι
1447 3015 1666 3070 Audivit
1707 3015 1967 3071 Scaurum
1996 3055 2012 3079 ,

2121 1801 2209 1856 lib.
2241 1818 2296 1857 ιιι
2370 1805 2433 1858 de
2461 1802 2595 1858 Hist.
2623 1820 2776 1874 grate.
2808 1821 2824 1869 ;
2868 1821 2986 1876 pag.
3012 1806 3136 1868 421.
3193 1815 3238 1859 et
3277 1807 3341 1860 de
3367 1815 3500 1876 poet.
3541 1820 3719 1876 grtec.,

2119 1911 2234 1965 pag.
2270 1894 2341 1949 46
2367 1906 2412 1948 et
2442 1896 2552 1965 47).
2610 1895 2685 1950 lbi
2711 1908 2887 1952 autem
2935 1896 3028 1952 ille
3056 1914 3119 1952 ex
3151 1897 3315 1953 Suida
3348 1897 3513 1952 refert
3551 1900 3719 1952 alium

2117 1987 2286 2043 fuisse
2316 1988 2655 2044 Timotheum
2685 2030 2699 2051 ,
2736 1990 2978 2061 Euripidi
3003 2032 3018 2056 ,
3073 2001 3127 2046 et
3153 1991 3399 2062 Philippo
3438 1991 3716 2046 Macedoni

2118 2094 2359 2136 coaevutn
2392 2122 2407 2147 ,
2461 2084 2548 2152 qui
2595 2082 2860 2138 decimam
2905 2093 2959 2138 et
2982 2083 3317 2140 undecimam
3355 2085 3486 2154 lyrae
3512 2085 3722 2140 addidit

2117 2175 2375 2231 chordam
2402 2219 2416 2240 ,
2450 2179 2711 2249 pluraque
2748 2181 3048 2249 composuit
3095 2179 3302 2250 poetica
3347 2195 3509 2250 opera
3536 2222 3551 2245 ,
3604 2195 3724 2249 qua:

2119 2268 2314 2324 Suidas
2340 2279 2586 2325 recenset
2630 2269 2842 2340 (Suid.,
2868 2273 2936 2325 ad
2967 2271 3100 2326 verb.
3133 2274 3400 2345 Τιμόθεοι).
3453 2272 3722 2328 Prw-terea

2117 2364 2281 2418 alium
2311 2363 2488 2418 adhuc
2519 2363 2720 2418 indicat
2747 2363 3103 2419 TilliOlhtmtlll
3133 2365 3520 2421 Atheniensem
3545 2409 3559 2432 ,
3610 2381 3724 2422 me-

2118 2455 2220 2510 dia:
2243 2455 2525 2511 commilito
2556 2466 2792 2523 poetam,
2817 2456 3064 2528 illiusque
3090 2467 3574 2514 commentationes
3601 2475 3726 2514 cnu-

2118 2563 2311 2608 merat.
2341 2550 2480 2618 Quid
2512 2549 2708 2614 plura?
2745 2550 2970 2617 Quidam
3001 2552 3222 2622 insuper
3245 2552 3578 2607 Titnotbrcus
3599 2553 3724 2607 sint-

2122 2645 2335 2716 pliciter
2359 2645 2428 2699 ab
2460 2643 2722 2700 Athena-0
2750 2646 2968 2710 citatur,
3009 2661 3191 2714 quem,
3219 2656 3354 2700 teste
3380 2646 3720 2715 Casaubono,

2121 2753 2307 2807 parttnt
2339 2738 2700 2807 ingeniosum,
2736 2736 3082 2806 frigidunt,et
3101 2738 3258 2792 nimis
3279 2753 3424 2807 saepe
3457 2742 3719 2811 ineptum,

2115 2826 2412 2881 facetorum
2445 2825 2611 2880 risum
2634 2827 2920 2881 sustulisse
2942 2827 3288 2896 perhibi-bant
3307 2868 3320 2882 .
3347 2827 3516 2884 Porro
3540 2842 3719 2889 autem

2116 2920 2160 2974 si
2191 2928 2384 2990 poetas,
2419 2929 2475 2973 ut
2495 2922 2570 2973 ait
2597 2920 2950 2990 Augustinus,
2981 2922 3211 2993 theologi
3233 2964 3248 2990 ,
3295 2932 3350 2977 ut
3381 2935 3502 2993 pote
3529 2926 3620 2994 qui
3649 2925 3720 2983 de

2115 3012 2219 3067 diis
2245 3013 2482 3068 carmina
2511 3013 2839 3076 conderent,
2871 3015 2941 3069 ab
2969 3015 3200 3072 ethnicis
3237 3019 3585 3085 vocabantur,
3615 3036 3716 3076 no-

406 3109 816 3180 grammaticum
848 3109 1066 3162 latinum
1086 3151 1100 3173 ,
1143 3106 1328 3163 Scauri
1357 3107 1552 3162 Filium
1579 3149 1594 3172 ,
1625 3109 1714 3178 qui
1743 3123 2010 3178 gramma-
2040 3111 2085 3173 C
2117 3105 2200 3161 bis
2228 3106 2368 3162 haud
2415 3123 2560 3178 εει-θ
2597 3107 3010 3177 persuadebitur
3041 3126 3200 3165 unum
3231 3127 3298 3168 ex
3344 3113 3426 3168 his
3454 3116 3623 3184 poetis
3651 3115 3721 3171 ab

411 3205 551 3258 ticus
596 3202 811 3258 Adriani
843 3202 941 3256 fuit
977 3220 996 3252 ι
1029 3199 1355 3273 (Capitolin.,
1412 3204 1466 3254 in
1522 3200 1622 3254 Vit.
1684 3200 1827 3267 Ver.,
1876 3202 2012 3255 circa

410 3294 578 3364 init).
601 3294 706 3350 Sed
739 3301 964 3364 uterque
984 3308 1012 3346 a
1037 3292 1346 3362 Lampridio
1371 3292 1661 3347 Scaurinus
1687 3292 2006 3362 appellatur.

414 3383 513 3442 Ubi
571 3385 831 3454 siquidem
886 3389 952 3438 de
1002 3383 1310 3440 Alexandro
1361 3385 1566 3438 Severo
1619 3385 1781 3439 verba
1829 3384 1954 3439 facit
1995 3405 2009 3440 :

418 3499 440 3530 ι
481 3480 677 3537 Habuit
701 3481 912 3545 Romae,
936 3498 955 3530 ι
985 3479 1194 3549 inquit,
1243 3498 1262 3529 ‹
1289 3480 1669 3549 grammaticos
1694 3481 2012 3536 Scauriuum

417 3575 664 3630 Scaurini
696 3574 860 3629 lilium
893 3573 1168 3628 docuirem
1197 3573 1607 3628 celeberrimum
1639 3591 1655 3624 ι
1694 3571 2008 3642 (Lantprid.,

409 3667 466 3720 in
505 3665 606 3720 Vit.
639 3666 785 3720 Alex.
823 3665 1000 3720 Sever.
1031 3665 1166 3719 circa
1195 3663 1353 3734 init.).
1388 3665 1642 3732 Quaedam
1677 3667 1818 3721 illius
1849 3682 2012 3732 Opera

415 3760 624 3814 notavit
645 3759 936 3826 Gesnerus,
971 3775 1153 3830 quem,
1178 3759 1222 3814 si
1252 3758 1420 3822 lubet,
1455 3758 1606 3815 adire
1637 3761 1838 3830 poteris
1863 3760 2014 3831 (Ges-

414 3867 523 3906 ner.
537 3893 552 3917 ,
586 3853 638 3905 in
669 3850 959 3922 Biblioth.).

485 3944 754 4000 Sosibium
767 3944 1141 4013 compellando
1154 3944 1424 4002 Arnobius
1435 3943 1770 4003 Clementem
1786 3946 2015 4002 Alexan-

412 4037 625 4095 drinum
654 4036 892 4109 (Arttob.,
921 4038 1010 4092 lib.
1042 4054 1116 4105 tv,
1139 4056 1256 4110 pag.
1290 4041 1424 4106 Hb;
1448 4039 1678 4096 Clemens
1706 4041 2011 4107 Alexandr.,

415 4130 678 4186 Admonit.
751 4130 822 4184 ad
891 4130 1099 4197 Gram,
1152 4149 1272 4204 pag.
1321 4132 1424 4194 25:
1481 4145 1601 4189 tom.
1657 4150 1673 4188 ι
1730 4135 2009 4204 Apparet,

417 4241 539 4296 pag.
571 4223 699 4296 8l6)
723 4225 984 4294 sequitur.
1030 4226 1105 4281 De
1137 4225 1227 4280 illo
1262 4237 1439 4282 autem
1470 4228 1595 4282 alibi
1622 4227 2014 4298 disputavimus

419 4316 659 4388 (Arnob.,
691 4317 780 4372 lib.
813 4333 868 4372 tv
891 4359 905 4383 ,
957 4335 1076 4388 pag.
1112 4319 1254 4384 H7;
1298 4319 1432 4389 Sup.
1462 4363 1475 4386 ,
1527 4337 1644 4391 cap.
1677 4321 1730 4386 9,
1763 4333 1865 4375 art.
1901 4327 1923 4376 1
1969 4331 2014 4376 et

418 4413 545 4456 tant.
572 4419 587 4455 ι
614 4404 886 4472 Apparat.,
914 4421 1032 4475 pag.
1053 4404 1207 4474 785).

2115 3199 2356 3256 Arnobio
2399 3209 2584 3256 nostro
2612 3203 2766 3257 citari
2798 3203 3047 3275 (Al/tem,
3106 3205 3194 3261 lib.
3249 3222 3340 3261 vnt
3366 3249 3381 3272 ,
3410 3226 3530 3280 pag.
3576 3208 3714 3274 558;

2117 3290 2363 3359 Casaub.,
2395 3293 2645 3368 ineuntd.
2679 3293 2792 3358 lib.,
2817 3312 2930 3364 cap.
2957 3295 2990 3352 5
3019 3305 3064 3348 et
3095 3297 3181 3362 11;
3203 3297 3444 3370 August.
3472 3300 3560 3355 lib.
3591 3316 3720 3356 xvnt

2117 3384 2360 3447 decium,
2387 3401 2502 3456 cap.
2531 3386 2614 3449 14,
2642 3403 2759 3457 pag.
2790 3387 2927 3452 478;
2957 3391 3170 3451 Arnob.,
3198 3389 3282 3444 lib.
3309 3407 3398 3458 vn,
3416 3410 3534 3464 pag.
3565 3393 3716 3463 256).

2189 3477 2470 3532 Trebatius
2499 3479 2569 3534 ab
2597 3479 2687 3535 illo
2711 3480 2966 3551 deinceps
3003 3481 3056 3537 in
3083 3484 3445 3541 testiinonium
3474 3501 3714 3560 vocatus,

2115 3570 2162 3625 is
2220 3572 2572 3640 proculdubio
2621 3587 2741 3628 esse
2789 3574 3002 3630 videtur
3059 3577 3210 3647 cujus
3261 3579 3562 3636 Macrobius
3611 3584 3719 3652 pri-

2115 3678 2262 3717 mum
2289 3671 2344 3718 et
2374 3678 2597 3729 nouum,
2625 3673 2790 3734 atque
2812 3665 2879 3720 A.
2906 3665 3112 3722 Gellius
3131 3669 3372 3738 quintum
3406 3674 3469 3725 de
3486 3673 3717 3746 Religio-

2119 3755 2268 3810 nibus
2297 3756 2488 3810 librum
2515 3757 2835 3812 citaverunt.
2865 3758 3285 3830 Nuncupabatnr
3304 3775 3482 3819 autent
3499 3766 3562 3820 C.
3583 3767 3716 3825 Tre-

2114 3851 2292 3906 batius
2322 3850 2502 3916 Testa,
2533 3852 2622 3920 qui
2645 3851 2920 3908 Ciceronis
2947 3855 3222 3911 familiaris
3249 3868 3304 3913 et
3329 3860 3709 3931 conjunctissi-

2116 3960 2238 3999 mus
2291 3943 2411 3999 fuit.
2458 3943 2591 4000 Nam
2632 3946 2683 4000 ei
2712 3946 2978 4002 dedicavit
3026 3949 3345 4020 Topicornm
3381 3970 3600 4012 suorum
3650 3959 3714 4015 li-

2114 4036 2291 4102 brum,
2324 4053 2556 4108 eumque
2579 4037 2717 4108 juris
2745 4038 3089 4109 interpretem
3121 4043 3340 4099 salutat.
3370 4047 3450 4102 Ad
3475 4049 3714 4108 Atticum

2114 4146 2244 4188 vero
2276 4131 2463 4188 scribit
2502 4149 2516 4186 :
2568 4151 2587 4183 ι
2621 4133 2953 4202 Quamquam
2995 4149 3098 4190 non
3139 4137 3440 4208 adspernor
3477 4141 3714 4200 Trebatii

2114 4224 2340 4293 litteras,
2372 4242 2524 4297 aquo
2545 4242 2632 4282 me
2664 4227 2822 4282 unice
2843 4227 2989 4298 diligi
3019 4229 3132 4282 scio
3161 4249 3181 4283 ›
3210 4230 3490 4302 (Macrob.,
3524 4237 3612 4292 lib.
3656 4255 3714 4294 ιιι

2116 4317 2384 4374 Saturnal.
2407 4363 2423 4388 ,
2453 4336 2569 4382 cap.
2602 4320 2638 4374 5
2661 4329 2708 4374 et
2737 4320 2803 4384 9;
2847 4319 2978 4375 Gell.
3002 4363 3016 4386 ,
3049 4323 3138 4377 lib.
3172 4340 3259 4390 vt,
3300 4343 3418 4396 cap.
3451 4329 3555 4394 t2;
3601 4331 3710 4387 Cic.

2117 4410 2292 4482 Topic.
2320 4456 2335 4479 ,
2370 4431 2487 4486 pag.
2520 4415 2668 4479 276;
2700 4408 2854 4478 idern,
2888 4415 2975 4469 lib.
3005 4432 3100 4484 vn,
3132 4421 3280 4488 epist.
3320 4421 3404 4492 16,
3437 4426 3507 4479 ad
3530 4427 3711 4495 Attia,

493 4494 810 4550 Theodorus
856 4495 1149 4568 Cyrenarus
1193 4498 1245 4550 in
1291 4497 1570 4554 atheorum
1614 4514 1895 4554 numerum
1941 4499 2009 4555 ab
2035 4504 2089 4566 D
2113 4521 2232 4577 pag.
2264 4505 2401 4570 282;
2443 4506 2532 4560 lib.
2581 4522 2689 4571 vn,
2733 4509 2882 4577 epist.
2911 4511 2944 4564 6
2973 4521 3019 4564 et
3047 4513 3110 4575 7,
3160 4531 3280 4587 pag.
3309 4517 3338 4570 7
3393 4529 3441 4573 et
3465 4537 3636 4591 seqq.,
3664 4494 3714 4577 ct

418 4591 652 4646 ethnicis
693 4605 814 4644 cum
841 4590 982 4654 aliis,
1014 4604 1148 4661 quos
1177 4605 1336 4661 supra
1370 4593 1760 4646 nominavimus
1780 4635 1795 4658 ,
1825 4608 2014 4662 aggre-

417 4693 571 4755 gatus
601 4694 702 4738 est.
735 4681 840 4737 Sed
869 4681 938 4737 de
965 4683 1055 4737 illo
1081 4685 1398 4755 creterisque
1429 4685 1798 4754 hujuscemodi
1831 4686 2009 4756 impiis

412 4779 722 4837 hominibus
745 4795 850 4834 non
880 4780 1046 4835 semel
1075 4789 1254 4834 actum
1296 4799 1322 4832 a
1347 4779 1501 4835 nobis
1532 4780 1647 4835 fuit.

486 4871 827 4927 Timotheum
869 4889 972 4925 non
1008 4871 1296 4941 ignobilem
1352 4871 1723 4944 theologorum
1749 4914 1764 4937 ,
1810 4889 2005 4944 nempe

409 4965 722 5037 gentilium,
755 4967 919 5021 virum
943 4965 1175 5036 appellat
1219 4967 1488 5022 Arnobius
1533 4966 1748 5040 (Arnob.
1770 5009 1784 5033 ,
1825 4968 1913 5023 lib.
1945 4984 2001 5036 v,

412 5075 532 5128 pag.
572 5058 714 5115 157).
756 5059 861 5114 Sed
903 5059 1023 5129 quia
1053 5059 1296 5129 pluribus
1321 5074 1606 5116 commune
1636 5062 1731 5114 fuit
1771 5060 1870 5117 hoc
1907 5077 2004 5118 no-

409 5167 534 5206 men
557 5193 570 5214 ,
629 5151 750 5220 quis
778 5153 880 5209 iste
907 5154 977 5206 sit
1005 5169 1163 5206 nemo
1191 5151 1345 5208 facile
1373 5153 1591 5209 dixerit.
1625 5154 1774 5211 Unus
1797 5157 1938 5212 enim
1971 5173 2002 5212 a

407 5241 697 5297 Plutarcho
719 5243 912 5298 citatnr
930 5287 944 5309 ,
973 5246 1208 5317 Τιμόθεος
1237 5248 1287 5300 ἐν
1316 5247 1366 5301 ta
1411 5250 1531 5322 rupi.
1569 5256 1812 5320 ποταμῶν
1851 5247 2003 5316 (Plu-

404 5333 594 5396 tarclt.,
627 5333 714 5387 lib.
745 5334 808 5387 de
835 5333 1052 5401 Fluviis,
1097 5354 1214 5408 pag.
1252 5338 1452 5403 llSl),
1502 5335 1801 5396 Timotheus
1824 5382 1838 5404 ,
1871 5340 2000 5396 libro

400 5426 690 5491 undecimo,
720 5427 784 5481 de
812 5426 1155 5485 Fluminibus.
1201 5430 1353 5486 Alius
1394 5431 1492 5486 fttit
1519 5430 1836 5488 Timotheus
1867 5433 1998 5490 Per-

397 5534 682 5589 gamenus,
707 5520 818 5588 qui,
851 5527 909 5574 ut
927 5521 1048 5576 alibi
1075 5525 1500 5592 observavimus,
1531 5526 1723 5583 librum
1739 5529 1808 5584 de
1823 5528 1996 5585 Forti-

393 5611 582 5664 tudine
604 5609 1040 5680 philosophorum
1087 5628 1467 5687 composuerat
1495 5621 1642 5690 (tant.
1675 5623 1994 5694 tApparat.,

373 5719 505 5778 pag.
544 5701 721 5776 1270).
764 5701 975 5762 Tertius
1001 5703 1242 5768 Milesius
1267 5721 1444 5779 poeta,
1463 5713 1616 5784 cujus
1643 5716 1788 5772 varia
1828 5731 1990 5788 opera

2107 4599 2194 4654 lib.
2232 4615 2263 4654 x
2289 4641 2304 4665 ,
2350 4600 2420 4652 ad
2449 4600 2605 4654 Attio.
2637 4602 2786 4670 epist.
2822 4604 2843 4657 1
2871 4643 2887 4666 ,
2945 4620 3062 4675 pag.
3094 4607 3243 4679 515).
3301 4610 3406 4666 Sed
3449 4613 3500 4667 id
3532 4614 3711 4672 adhuc

2108 4693 2278 4763 magis
2303 4705 2444 4763 patet
2470 4711 2537 4750 es
2563 4695 2714 4750 datis.
2727 4695 2795 4750 ad
2823 4711 2944 4750 eum
2977 4698 3169 4755 litteris
3194 4702 3332 4761 bene
3356 4708 3561 4775 multis,
3586 4727 3709 4782 qua:

2106 4786 2247 4857 typis
2286 4787 2446 4843 editas
2488 4797 2636 4844 sunt.
2697 4789 2839 4846 Alibi
2872 4805 3004 4845 vero
3050 4808 3172 4848 eum
3203 4797 3404 4854 bonum
3448 4802 3619 4859 virum
3655 4814 3711 4862 et

2100 4880 2276 4938 civem
2307 4884 2563 4953 appellat,
2593 4902 2751 4956 quem
2785 4888 3038 4948 Horatius
3063 4888 3140 4948 sic
3170 4893 3460 4964 alloquitur
3492 4915 3506 4951 :

2284 5043 2292 5052 O
2315 5042 2327 5052 _
2356 5041 2376 5052 η
2431 5047 2440 5052 _
2764 5047 2790 5052 __
3225 4989 3454 5051 Trebati,

2204 5041 2330 5100 Quid
2353 5041 2539 5104 faciam,
2577 5047 2861 5108 praescribe.

2509 5130 2726 5192 (Horat.,
2757 5130 2842 5184 lib.
2863 5148 2916 5197 ιι,
2939 5135 3076 5187 satir.
3101 5139 3148 5198 1,
3173 5150 3298 5190 vers.
3329 5139 3360 5188 4
3377 5146 3423 5192 et
3443 5139 3517 5204 5.)

2179 5251 2518 5310 Valerianum
2569 5259 2856 5329 quemdam
2909 5261 3174 5319 dictorum
3225 5282 3446 5322 suorum
3501 5279 3693 5328 testem

2104 5345 2376 5403 Arnobius
2409 5351 2658 5419 produxit
2685 5355 2928 5422 (Arnob,
2962 5357 3000 5411 Ι.
3032 5374 3103 5424 VI,
3138 5375 3191 5428 p.
3225 5357 3372 5430 194).
3399 5361 3480 5416 Eo
3517 5376 3697 5421 autem

2101 5441 2322 5496 nomine
2341 5459 2367 5495 a
2396 5443 2571 5500 Plinio
2592 5446 2839 5504 laudatus
2864 5461 2968 5505 est.
2998 5470 3017 5502 ι
3045 5451 3330 5508 Cornelius
3358 5455 3695 5524 Valerianus,

2099 5534 2190 5604 qui
2247 5534 2554 5594 thnicem
2607 5540 2662 5594 itt
2718 5540 3004 5614 Egyptum
3071 5545 3407 5605 devolavisse
3476 5550 3701 5606 tradidit

2099 5624 2293 5696 (Plin.,
2352 5631 2388 5682 l.
2451 5646 2484 5684 ι
2515 5631 2653 5687 Hist.
2678 5644 2872 5704 natum,
2907 5653 2955 5694 c.
2995 5637 3049 5702 2,
3081 5657 3135 5710 p.
3164 5639 3338 5711 589);
3377 5659 3397 5693 ι
3430 5651 3485 5696 et
3523 5643 3692 5698 alibi:

2103 5738 2125 5773 ι
2161 5719 2328 5779 Villas
2355 5733 2413 5782 et
2447 5725 2642 5785 domos
2680 5729 2874 5787 ambiri
2915 5731 3244 5806 singularum
3289 5734 3600 5807 palmitibus
3626 5753 3691 5795 ac
