3986 6058
322 199 425 257 689

1499 200 1564 258 IN
1605 200 1981 269 ABNOBIUM,
2011 200 2167 258 CAP.
2209 202 2400 258 XXVI.

3497 201 3601 261 690

317 313 638 384 sequacibus
663 314 828 370 lauris
859 318 1118 372 memoria
1139 316 1356 388 dignum
1390 317 1532 372 inter
1552 316 1724 386 prima
1748 315 1902 373 Vale—
1929 327 1982 384 Α
2008 314 2072 370 Ει
2099 317 2150 372 id
2180 317 2397 388 quidem
2425 332 2454 372 a
2486 318 2640 373 nobis
2666 334 2789 374 cum
2821 320 2874 374 in
2905 321 3005 375 hac
3032 320 3414 376 dissertatione
3435 363 3449 389 ,
3483 330 3596 374 tum

316 407 502 462 rianus
531 423 740 479 quoque
760 406 1043 465 Cornelius
1064 411 1389 465 existimavit
1421 430 1439 463 ι
1475 409 1613 482 (Lib.
1633 427 1742 478 xw,
1767 429 1814 469 c.
1848 413 1898 480 1,

317 516 374 569 p.
408 500 550 568 111).
593 519 611 553 ι
651 499 839 556 Utrum
867 517 997 558 vero
1025 504 1164 558 idem
1206 505 1276 558 sit
1314 514 1474 575 alque
1505 505 1570 569 is,
1601 520 1761 576 quem
1803 508 1904 561 Ar-

317 595 510 650 nobius
542 611 826 660 memorat,
860 597 1088 651 aliorum
1118 608 1236 653 esto
1259 598 1540 667 judicium.

389 686 630 742 Valerius
683 687 925 744 Pontifex
971 690 1037 745 de
1085 690 1165 757 Ja,
1199 690 1354 745 Midae
1405 691 1550 758 filia,
1599 702 1655 746 et
1706 692 1904 749 Attidis

313 795 544 851 Sponsa,
581 781 773 836 litteris
803 782 928 852 quid
962 782 1329 848 mandaverit,
1361 793 1540 838 narrat
1583 795 1769 839 auctor
1807 800 1905 839 no—

312 887 424 932 ster
449 877 689 949 (Arnob.,
715 883 751 932 ι.
786 894 841 941 v,
876 897 930 949 p.
965 878 1111 952 160).
1144 879 1247 934 Sed
1277 879 1396 948 quia
1429 878 1640 950 plurimi
1671 896 1732 934 ex
1757 880 1904 935 cele-

313 972 544 1027 beri-ima
584 972 790 1028 Valeria
815 985 974 1043 gente
1004 975 1106 1028 orti
1130 983 1275 1040 sunt,
1300 975 1418 1044 quis
1448 974 1538 1028 ille
1567 972 1808 1028 Pontifex
1836 971 1905 1028 ab

314 1081 380 1121 eo
410 1075 654 1132 vocetur,
681 1065 899 1120 dubium
931 1082 1063 1122 sane
1101 1069 1476 1138 incertumque
1505 1065 1673 1120 videri
1707 1075 1901 1136 potest.

312 1163 564 1217 Animum
598 1172 773 1216 tamen
804 1163 1026 1218 adverte
1076 1173 1250 1217 tttrum
1297 1163 1388 1217 ille
1431 1163 1532 1217 dici
1584 1177 1690 1216 non
1735 1161 1906 1232 possit

310 1257 382 1312 bl.
413 1256 655 1312 Valerius
686 1256 933 1319 Messala,
959 1258 1026 1313 de
1055 1274 1161 1328 quo
1196 1257 1532 1312 Macrobius:
1563 1276 1582 1309 ί
1615 1256 1844 1321 Marcus,
1878 1274 1900 1308 ›

311 1351 503 1421 inquit,
543 1369 561 1402 ι
598 1349 823 1405 Messala
852 1348 951 1404 Cn.
987 1351 1199 1404 Domitii
1247 1351 1299 1404 in
1345 1349 1622 1405 coosulatu
1664 1349 1901 1418 collega,

310 1445 558 1516 idemque
601 1462 696 1516 per
731 1461 905 1501 annos
941 1446 1320 1518 quinquaginta
1350 1457 1398 1500 et
1432 1447 1668 1516 quinque
1695 1445 1901 1514 Augur,

309 1539 377 1593 de
407 1537 540 1593 Jano
571 1539 642 1593 ita
674 1538 794 1593 infit
821 1555 834 1592 :
868 1537 967 1605 Qui
998 1551 1190 1594 cuneta
1231 1538 1385 1608 lingit
1422 1537 1718 1608 eademque
1769 1535 1906 1606 regit

309 1633 585 1704 (Macrob.,
612 1634 650 1688 l.
681 1649 698 1688 ι
725 1633 996 1688 Saturnal.
1023 1649 1070 1686 ο.
1103 1631 1182 1702 9).
1222 1652 1241 1684 ι
1271 1631 1350 1686 Ex
1381 1629 1540 1699 hujus
1577 1630 1736 1684 etiam
1763 1627 1902 1682 Mes-

304 1728 432 1782 salae
463 1727 688 1798 Auguris
714 1728 885 1796 primo
906 1727 974 1781 de
993 1725 1254 1795 Auspiciis
1283 1725 1420 1778 libro
1448 1722 1651 1779 Gellius
1681 1722 1898 1791 longum
1930 1716 1977 1774 B

302 1821 663 1888 fragmentum
695 1820 1032 1889 transcripsit
1085 1819 1279 1892 (Gell.,
1326 1820 1365 1874 l.
1416 1834 1514 1873 xm
1559 1815 1715 1872 Noct.
1766 1817 1900 1883 Att.,

302 1932 350 1969 c.
385 1915 499 1983 15).
529 1913 754 1969 Constat
777 1914 956 1982 itaque
984 1913 1131 1966 illum
1162 1912 1230 1967 de
1247 1911 1350 1966 diis
1371 1911 1656 1980 scripsisse
1681 1909 1900 1980 :quidni

302 2021 434 2076 ergo
465 2006 552 2060 ille
581 2007 649 2060 de
671 2005 750 2061 Jac
779 2005 1026 2071 historia,
1052 2021 1144 2058 seu
1172 2005 1352 2076 p0tius
1383 2004 1555 2058 fabula
1588 2002 1810 2072 aliquid,
1832 2002 1900 2057 ab

306 2099 552 2157 Arnobio
585 2101 828 2164 citatum,
861 2099 1138 2156 memoria:
1166 2097 1466 2169 prodidisse
1495 2096 1600 2151 dici
1630 2094 1900 2167 patuerit?

303 2194 517 2265 Szrpius
549 2209 676 2249 vero
713 2195 782 2249 ab
809 2194 1116 2248 auctoribus
1147 2193 1324 2248 latinis
1353 2191 1494 2246 haud
1526 2206 1714 2261 parum
1744 2203 1896 2244 com-

299 2288 607 2349 mendatur,
642 2289 964 2358 magnisque
1006 2287 1282 2342 extollitur
1329 2285 1598 2340 laudibus.
1631 2285 1800 2351 Quam
1842 2281 1895 2336 in

301 2396 414 2436 rem
444 2380 724 2446 Vossium,
756 2381 801 2436 si
828 2391 1014 2447 vacat,
1049 2380 1196 2436 adire
1227 2389 1532 2450 promptum
1556 2389 1640 2433 est
1667 2379 1685 2449 (
1724 2377 1893 2446 νοω,

301 2480 341 2532 l.
376 2475 483 2529 ide
515 2473 649 2529 Hist.
685 2473 782 2528 lat.
809 2491 855 2530 ε.
891 2474 978 2536 18.
1010 2491 1063 2544 p.
1093 2475 1210 2543 81).
1247 2474 1302 2528 Si
1345 2474 1510 2527 alium
1549 2473 1896 2528 nihilominus

308 2571 574 2626 Valerium
627 2570 938 2627 Pontificem
993 2573 1061 2626 ab
1115 2569 1356 2625 Arnobio
1403 2565 1728 2639 appellatum
1767 2581 1897 2622 con-

303 2666 516 2730 tendas,
549 2671 689 2721 hunc
721 2666 876 2721 nobis
904 2664 1148 2730 ostende,
1179 2673 1233 2719 et
1263 2663 1524 2718 cedimus.

373 2763 542 2816 Varro
571 2761 910 2831 Menippeus,
944 2760 1029 2814 vel
1060 2757 1198 2814 sicut
1228 2758 1280 2811 in
1313 2756 1678 2825 manuscripto
1707 2753 1894 2811 codice

301 2855 468 2926 regio,
501 2863 554 2909 et
581 2855 815 2924 antiquis
841 2852 1169 2908 editionilius
1199 2851 1412 2920 legitur,
1460 2849 1782 2918 Setenipeus,
1808 2846 1894 2901 vel

298 2957 359 3001 ut
388 2948 509 3002 aliis
539 2949 748 3016 placet,
776 2947 829 3000 in
859 2945 1138 3015 Mcnipeis,
1170 2960 1305 2998 unus
1333 2952 1416 2998 est
1445 2958 1510 2998 ex
1539 2941 1892 3012 scriptoribus

295 3040 364 3094 ab
393 3049 611 3092 auctore
641 3049 826 3093 nostro
854 3039 1054 3092 citatis.
1081 3036 1273 3091 Prima:
1296 3044 1475 3089 autem
1505 3034 1722 3089 lectioni
1751 3033 1893 3088 favet

2003 409 2154 475 alibi,
2184 409 2273 464 tibi
2298 410 2366 466 de
2408 410 2599 467 eodem
2647 412 2861 468 Zenone
2907 413 3125 486 Myndio
3176 413 3419 484 egimus,
3469 413 3599 469 satis

2005 502 2285 572 probatum
2305 514 2550 572 putamus
2569 505 2817 577 (Supr.c.
2838 506 3007 572 9,art.
3032 508 3058 562 1
3095 517 3252 574 ;tom.
3280 524 3295 561 l
3323 507 3575 577 Apparat.

2004 609 2059 662 ρ.
2095 594 2196 647 727
2225 605 2272 647 et
2298 611 2428 665 seq.,
2459 613 2519 649 ac
2551 615 2601 665 p.
2646 597 2796 668 817).

2078 687 2152 742 De
2204 687 2325 741 aliis
2375 688 2608 758 denique
2657 691 2972 760 quihusdam
3022 691 3415 760 scriptoribus,
3471 701 3599 763 puta

2005 781 2298 836 Aristotele
2317 824 2332 840 .
2364 781 2626 839 Cicerone
2646 827 2661 850 ,
2698 784 2950 854 Euripide
2971 827 2985 849 ,
3019 784 3252 839 Hesiodo
3275 826 3290 850 ,
3341 784 3560 854 Orpheo
3581 828 3598 851 ,

2006 873 2268 941 Pindaro,
2302 875 2524 931 Platone
2555 887 2609 932 et
2661 877 2879 944 Plauto,
2929 879 3088 932 verba
3138 878 3262 933 fecit
3307 879 3598 932 Arnobius.

2004 970 2110 1026 Sed
2139 987 2259 1026 cum
2290 972 2534 1027 celebres
2561 973 2634 1026 illi
2666 972 2958 1042 scriptores
2988 975 3210 1039 nemini,
3256 973 3599 1044 quantumvis

2005 1067 2354 1122 mediocriter
2379 1067 2595 1122 erudito
2617 1109 2633 1136 ,
2658 1069 2914 1140 inCogttiti
2945 1084 3068 1125 esse
3099 1071 3339 1139 possint,
3371 1079 3426 1125 et
3454 1070 3602 1124 varia

2005 1173 2191 1214 eorum
2223 1175 2408 1229 opera,
2439 1161 2552 1215 sive
2596 1177 2792 1230 graeca,
2825 1164 2941 1218 sive
2991 1164 3184 1223 latina,
3217 1163 3354 1234 typis
3403 1163 3601 1232 sa-pius

2004 1252 2168 1314 edita,
2202 1254 2441 1307 omnium
2474 1263 2714 1308 terantur
2745 1257 3011 1322 manibus,
3043 1255 3174 1309 niltil
3213 1256 3280 1310 de
3325 1257 3429 1310 illis
3470 1271 3600 1326 spe-

2004 1344 2183 1399 ciatini
2215 1345 2502 1400 dicendum
2527 1362 2648 1402 esse
2670 1348 2948 1403 duximus.
2983 1349 3096 1404 lluc
3125 1350 3333 1404 accedit
3362 1351 3502 1420 quod
3531 1350 3601 1407 de

2004 1440 2196 1509 grzecis
2239 1440 2626 1508 scriptoribus,
2665 1442 2732 1494 ab
2781 1454 3000 1496 anetore
3049 1453 3234 1496 ttOSll‘O
3281 1442 3492 1510 citatis,
3537 1443 3593 1498 in

2005 1531 2178 1604 primo
2205 1537 2508 1602 Apparatus
2555 1533 2726 1588 nostri
2760 1545 2904 1588 tomo
2938 1535 3088 1599 satis,
3120 1535 3220 1614 nisi
3261 1533 3515 1603 fallimur,
3549 1535 3596 1605 fa

2006 1625 2182 1691 nobis,
2207 1635 2264 1680 ut
2289 1626 2538 1682 omnibus
2567 1626 2675 1680 uoti
2701 1626 2849 1693 fiant,
2880 1626 3206 1698 disputatum
3239 1635 3339 1683 est.

2593 1777 2886 1819 ABTICULUS
2918 1780 2993 1819 ιν.

2001 1894 2076 1948 De
2117 1897 2281 1947 verbis
2314 1897 2568 1964 barbaris,
2614 1898 2876 1964 obsoletis,
2917 1901 3191 1961 inusitatis,
3229 1906 3315 1950 aut
3353 1901 3596 1964 obscuris,

2433 1963 2612 2023 quibus
2633 1960 2881 2012 Arnobius
2914 1976 3031 2013 usus
3062 1970 3154 2013 est.

2070 2106 2116 2160 A
2139 2104 2294 2160 nobis
2309 2103 2418 2174 jam
2442 2106 2780 2162 observzttum
2806 2116 2891 2162 est
2915 2108 3168 2164 incultum
3191 2109 3581 2181 confusumque

1998 2213 2120 2254 eSse
2161 2200 2382 2254 Arnobii
2431 2202 2627 2269 stylum
2668 2215 2731 2255 ac
2772 2216 3114 2268 sermonem,
3139 2217 3370 2272 eumque
3399 2202 3452 2257 in
3479 2203 3598 2258 suis

1999 2294 2150 2348 libris
2179 2297 2394 2347 nomina
2427 2294 2739 2350 adhibuisse
2765 2294 3005 2350 obsoleta
3027 2340 3040 2362 ,
3087 2296 3334 2351 inusitata
3376 2306 3431 2352 et
3471 2297 3596 2351 bar—

1999 2386 2126 2440 bara
2146 2425 2162 2449 ,
2192 2402 2312 2455 quae
2351 2386 2607 2441 lectorem
2640 2403 2707 2442 ne
2738 2401 3037 2456 morentur,
3068 2403 3100 2442 a
3131 2389 3303 2456 nobis,
3331 2396 3390 2442 ut
3414 2388 3594 2446 officio

1998 2486 2186 2531 nostro
2215 2477 2621 2542 sntisfaciamus,
2653 2479 2852 2534 debent
2891 2495 2988 2550 pro
3037 2481 3175 2534 virili
3222 2490 3372 2551 parte
3415 2480 3594 2552 expli-

1997 2573 2107 2625 cati
2135 2571 2321 2643 (Supr.
2371 2589 2487 2643 cap.
2515 2574 2572 2642 2,
2604 2583 2706 2628 art.
2737 2574 2817 2644 ‘2).
2853 2576 3083 2630 Plurima
3128 2586 3308 2630 autem
3353 2591 3421 2630 ex
3459 2575 3586 2641 illis,

1996 2665 2119 2720 data
2167 2666 2414 2736 superius
2459 2677 2760 2737 opportuna
2804 2668 3122 2732 occasione,
3154 2668 3586 2738 ettplanavimus.

1996 2759 2102 2816 Sed
2130 2761 2294 2815 multa
2322 2777 2428 2816 non
2458 2764 2636 2817 minus
2662 2763 2888 2818 obscura
2928 2773 2984 2817 et
3027 2763 3264 2817 difficilia
3295 2762 3470 2817 adlmc
3495 2776 3590 2817 oc-

1996 2867 2217 2908 currunt
2243 2871 2468 2924 quorum
2498 2856 3021 2928 interpretandorum
3054 2857 3233 2911 nullus
3268 2871 3390 2912 sese
3431 2855 3589 2912 nobis

1996 2949 2148 3003 locus
2193 2951 2324 3004 satis
2374 2951 2690 3004 commodus
2736 2950 2951 3005 obtulit.
2981 2955 3322 3020 Quapropter
3372 2943 3586 3003 illor'um

1996 3042 2492 3110 interpretationem
2536 3054 2696 3112 atque
2737 3043 3146 3112 explicationem
3178 3042 3488 3097 censuimus
3517 3040 3584 3096 ad

295 3132 608 3197 Athenaeus,
637 3133 724 3201 qui
757 3132 898 3186 illius
923 3129 1239 3184 auctoritate
1269 3129 1559 3199 pnemissis
1593 3128 1740 3184 hisce
1762 3144 1882 3182 ver-
1914 3123 1959 3185 C
1990 3133 2210 3203 hujusce
2231 3135 2618 3189 dissertationis
2643 3137 2842 3190 calcem
2870 3150 2990 3190 esse
3017 3134 3380 3204 rejiciendam.
3408 3133 3464 3187 In
3485 3133 3587 3188 hac

293 3227 378 3282 bis
407 3227 571 3281 utitur
597 3225 829 3301 Οὕαρρον
860 3227 886 3281 ὁ
916 3227 1172 3285 Μενίππος
1201 3225 1596 3295 ἐπικαλούμενος
1633 3221 1652 3292 (
1676 3221 1888 3286 ΑιΙιεη.,

292 3322 331 3372 l.
365 3335 416 3373 tv
447 3318 716 3389 Deipnos.,
747 3336 799 3388 p.
836 3319 984 3384 160),
1048 3315 1210 3370 Varro
1235 3317 1532 3385 cognomine
1563 3313 1886 3385 Menippeas.

293 3411 549 3467 Ultimum
582 3427 710 3467 vero
742 3411 1024 3466 lectionem
1056 3411 1343 3464 confirmat
1377 3409 1442 3463 Δ.
1472 3407 1676 3462 Gellius
1715 3423 1745 3461 a
1782 3421 1890 3477 quo

291 3506 372 3560 sic
405 3505 650 3559 laudatur
683 3521 696 3557 :
734 3525 751 3556 ι
791 3503 965 3560 Varro
995 3504 1045 3555 in
1079 3503 1241 3556 satira
1285 3500 1598 3569 Menippea,
1631 3513 1788 3569 quam
1821 3499 1889 3552 de

290 3597 480 3654 Officio
499 3598 671 3652 mariti
702 3598 916 3667 scripsit
939 3594 1119 3664 (Gell.,
1139 3594 1226 3648 lib.
1262 3609 1277 3647 ι
1309 3592 1610 3657 Noct.Att.,
1641 3609 1757 3661 cap.
1794 3592 1884 3658 17,

290 3711 411 3764 pag.
452 3693 564 3762 80).
605 3713 622 3743 ι
661 3691 854 3746 Verum
883 3691 977 3745 ille
1005 3691 1118 3759 ipse
1145 3697 1330 3757 postea
1361 3687 1444 3742 his
1472 3701 1578 3741 non
1609 3686 1884 3740 minimam

288 3787 468 3840 attulit
510 3785 925 3845 obscuritatem,
973 3783 1058 3836 tibi
1102 3781 1168 3835 de
1197 3780 1366 3834 servis
1393 3779 1628 3848 disputat
1659 3796 1671 3831 :
1709 3796 1729 3829 ‹
1779 3777 1884 3832 Alii

287 3897 528 3952 quoque,
569 3901 586 3932 ι
621 3880 813 3948 inquit,
849 3897 867 3929 ‹
903 3894 1010 3932 tton
1046 3876 1196 3946 pauci
1219 3877 1360 3930 servi
1392 3875 1623 3938 fuerunt,
1646 3873 1735 3944 qui
1766 3881 1885 3936 post

286 3974 594 4046 philosophi
625 3975 752 4029 clari
781 3973 1137 4033 exstiterunt,
1165 3984 1230 4024 ex
1259 3969 1453 4039 quibus
1485 3967 1573 4021 ille
1602 3965 1882 4034 Menippus

285 4071 408 4135 fuit,
439 4071 590 4136 cujus
623 4069 786 4120 libros
818 4065 886 4120 Μ.
923 4064 1090 4119 Varro
1132 4064 1182 4117 in
1225 4063 1405 4116 satiris
1441 4060 1724 4114 :emulatus
1764 4069 1877 4120 est,

283 4177 420 4232 quas
445 4161 531 4216 alii
549 4160 796 4231 Cynicas,
816 4160 930 4228 ipse
955 4157 1187 4228 appellat
1202 4154 1540 4223 Menippeas(
1563 4151 1731 4216 Idem,
1749 4151 1787 4207 l.
1817 4167 1876 4215 ιι,

285 4275 332 4310 c.
369 4257 455 4320 18,
491 4274 543 4326 p.
578 4255 727 4326 151).
761 4272 780 4305 t
832 4253 983 4319 Quod
1015 4250 1228 4320 quidem
1275 4263 1303 4302 a
1347 4245 1612 4302 Macrobio
1658 4243 1878 4300 totidem

283 4349 466 4402 verbis
510 4347 765 4414 scriptum
817 4345 1040 4410 legimus
1112 4339 1394 4414 (Macrob.,
1437 4339 1475 4392 l.
1521 4354 1536 4392 ι
1584 4337 1874 4402 Saturnal.,

283 4460 332 4496 ε.
365 4443 453 4502 11.
483 4460 535 4511 p.
564 4441 717 4509 224).
753 4439 808 4492 1η
848 4436 1066 4491 dtthium
1097 4434 1275 4504 itaque
1308 4431 1446 4486 haud
1479 4429 1756 4509 immerito
1778 4443 1873 4480 vo-

1995 3241 2156 3296 porro
2185 3227 2558 3297 disquisitione
2597 3229 2844 3282 eumdem
2876 3238 3035 3297 atque
3063 3227 3115 3281 itt
3143 3226 3408 3296 superiori
3451 3225 3583 3279 arti-

1992 3319 2113 3374 culo
2139 3319 2569 3400 alphaheticnm,
2599 3328 2657 3373 ut
2693 3320 2833 3390 loqui
2864 3330 3078 3385 amant,
3108 3317 3352 3372 ordinem
3381 3331 3580 3387 seque—

1991 3429 2128 3468 mur.
2166 3414 2398 3468 Primum
2428 3417 2606 3483 itaque
2632 3413 2768 3468 dixit
2794 3413 3063 3468 Arnobius
3089 3428 3105 3466 :

2067 3529 2086 3561 ‹
2125 3508 2485 3575 Ancillatrum
2526 3508 2728 3564 servuli
2772 3507 3092 3579 pavibuudis
3132 3503 3578 3575 trepidationibus

1989 3603 2248 3663 imitatus,
2276 3621 2295 3653 ι
2318 3601 2408 3671 qui
2433 3601 2636 3656 scilicet
2659 3602 2984 3670 petentiores
3013 3599 3256 3654 homines
3279 3597 3578 3652 humillime

1989 3697 2185 3750 salutat
2215 3696 2457 3768 (Arnob.,
2487 3696 2523 3748 ι.
2559 3711 2650 3760 vti,
2677 3712 2727 3763 p.
2761 3694 2911 3766 221).
2942 3695 3016 3748 [ta
3040 3708 3169 3748 sane
3199 3695 3248 3746 in
3281 3689 3578 3746 manuscri-

1987 3797 2080 3859 pto
2106 3788 2291 3843 codice
2322 3789 2468 3857 regio
2499 3788 2741 3858 legimus.
2774 3787 2880 3842 Sed
2923 3787 3070 3840 illum
3109 3786 3321 3855 quidam
3367 3785 3436 3840 ibi
3477 3784 3576 3838 de-

1987 3892 2262 3951 pravatum
2295 3891 2570 3952 putantes,
2601 3882 2759 3935 scribi
2789 3881 3072 3934 voluerunt
3116 3879 3329 3933 Ancillw
3353 3891 3440 3932 aut
3467 3893 3576 3930 ser-

1985 3975 2108 4027 vuli.
2150 3975 2218 4028 At
2265 3976 2377 4028 haec
2417 3974 2684 4028 eorrcetio
2727 3973 3076 4042 sequentibus
3122 3970 3345 4026 Arnob]
3390 3968 3570 4024 verbis

1983 4081 2088 4120 non
2113 4065 2743 4130 enhaet'et.Qttamobrem
2766 4065 2853 4117 alii
2879 4061 3265 4119 restituendum
3292 4061 3573 4130 suSpican-

1983 4167 2069 4213 tur
2098 4177 2110 4211 :
2143 4157 2459 4211 Ancillarum
2479 4155 2662 4210 servuli
2693 4156 2904 4226 pavidas
2929 4155 3288 4224 trepidatione:
3316 4154 3566 4207 inritatus.

1981 4249 2087 4306 Sed
2136 4250 2337 4305 nullam
2385 4250 2618 4320 hujusce.
2652 4249 2896 4304 lectionis
2927 4249 3291 4320 probationem
3322 4247 3405 4302 vel
3435 4261 3569 4302 con-

1974 4344 2238 4415 jecturam
2291 4345 2586 4415 proferunt.
2637 4342 2775 4412 Quid
2819 4359 2978 4411 vero,
3021 4343 3066 4398 si
3110 4343 3380 4398 Arnobius
3426 4355 3567 4396 novo

1979 4440 2142 4495 verbo
2160 4440 2462 4503 servitium,
2483 4457 2576 4496 seu
2595 4441 2908 4510 obsequium
2935 4438 3131 4495 servuli
3155 4437 3563 4508 significaverit,

283 4537 393 4589 cari
424 4543 598 4604 Ροιθδι
617 4573 632 4596 ν
665 4541 840 4586 Ullum
872 4531 1038 4583 νίιπο
1068 4527 1377 4595 Μθηίββειιδ
1403 4565 1417 4590 ν
1447 4533 1538 4578 θυι
1581 4523 1871 4578 celellel‘l‘i'
1901 4520 1956 4580 D
1981 4531 2124 4602 Quod
2151 4532 2263 4602 ipse
2291 4532 2639 4597 ancillatrum,
2659 4548 2752 4588 seu
2776 4533 2950 4603 potius
2975 4531 3278 4586 ancillatmn
3298 4526 3568 4600 appellat?!

285 4647 403 4685 mus
431 4629 500 4684 Μ.
524 4629 810 4683 Terentius
837 4625 1008 4679 Varro
1032 4623 1308 4678 Romanus
1332 4620 1400 4674 ab
1423 4618 1662 4674 Arnobio
1687 4615 1873 4684 appel-

284 4726 440 4779 letur.
474 4723 529 4779 Si
559 4733 738 4777 autem
789 4721 932 4774 hunc
973 4719 1182 4789 potius,
1215 4731 1373 4788 quam
1420 4713 1584 4768 alium
1635 4712 1703 4767 ab
1754 4713 1873 4784 ipso

280 4818 550 4873 laudatum
583 4829 839 4874 censeas,
864 4814 986 4884 quia
1019 4813 1251 4876 latinus,
1291 4819 1346 4864 et
1385 4807 1491 4862 alio
1540 4807 1697 4877 longe
1743 4805 1868 4860 illu-

279 4910 462 4973 Strior,
512 4908 659 4977 plura
687 4905 754 4960 de
781 4904 883 4958 diis
904 4945 918 4967 ,
943 4903 1010 4959 de
1047 4903 1240 4975 quibus
1268 4910 1452 4955 auctor
1479 4908 1660 4952 noster
1699 4897 1872 4964 loqui-

281 5013 388 5068 tur,
436 5002 628 5056 litteris
674 4998 1046 5069 consignavit,
1085 5013 1152 5052 eo
1197 4995 1373 5050 minus
1422 4992 1865 5062 repugnabimus,

279 5113 388 5168 quo
415 5097 583 5164 magis
611 5094 840 5166 genuina
866 5092 1108 5164 ejusdem
1149 5089 1370 5146 Aruobii
1413 5088 1572 5144 lectio
1601 5087 1668 5141 ab
1698 5087 1866 5158 impe-

278 5192 385 5246 rito
415 5189 653 5248 librario.
684 5189 759 5242 uti
789 5187 1038 5249 vidimus,
1075 5184 1216 5242 laede
1241 5182 1539 5238 deformata
1569 5191 1671 5236 est.

353 5281 575 5338 Verrius
596 5281 663 5336 ab
689 5280 927 5335 Arnobio
955 5279 1221 5334 dictorum
1253 5292 1471 5333 suorum
1501 5290 1592 5330 vas
1621 5286 1675 5330 et
1705 5290 1872 5345 spon-

280 5391 373 5432 sor
399 5375 594 5441 factus,
618 5375 731 5440 ipse
752 5384 832 5428 est
857 5373 1074 5428 Verrius
1095 5372 1338 5435 Flaccus,
1365 5369 1432 5425 de
1455 5384 1560 5440 quo
1585 5384 1683 5423 nos
1705 5382 1867 5439 supra

279 5469 345 5522 ad
379 5468 596 5522 verbum
629 5465 844 5520 Flaccus
874 5464 1114 5535 (Arnob.,
1147 5465 1184 5517 ι.
1213 5481 1250 5526 l,
1283 5480 1335 5532 p.
1369 5463 1484 5533 57).

352 5561 648 5615 Zeuoueex
674 5559 908 5631 Myndio,
940 5574 1058 5628 quae
1085 5558 1138 5613 in
1169 5557 1406 5614 medium
1437 5556 1711 5612 Arnobius
1744 5569 1870 5626 pro-

280 5654 404 5712 tulit
435 5652 670 5723 (Arnob.,
703 5653 739 5708 l.
771 5669 842 5722 vr,
876 5671 927 5723 p.
977 5651 1128 5724 193),
1171 5651 1288 5707 haec
1330 5653 1419 5707 ille
1464 5667 1567 5706 non
1617 5650 1865 5717 aliunde,

281 5762 439 5820 quam
471 5763 533 5799 ex
580 5745 873 5800 Clementis
920 5743 1266 5799 Alevandrini
1312 5743 1547 5799 fontibus
1598 5743 1871 5798 hauserat.

1983 4626 2166 4681 Utrum
2199 4635 2376 4681 autem
2406 4625 2633 4696 genuina
2671 4626 2741 4681 sit
2779 4628 2893 4680 bare
2920 4625 3154 4679 auctoris
3179 4624 3346 4678 nostri
3377 4619 3560 4686 lectio,

1975 4719 2280 4788 expendant
2301 4719 2411 4780 alii,
2436 4727 2491 4773 et
2514 4719 2876 4786 pronuntient.
2909 4716 3070 4772 Nobis
3094 4726 3241 4772 certe
3270 4715 3414 4769 illius
3435 4726 3562 4768 sen-

1974 4826 2092 4866 sum
2117 4810 2431 4880 patefecisse
2456 4811 2669 4866 sufficit.

2048 4905 2296 4960 Anserem
2342 4906 2596 4977 grinm'lus
2637 4905 2905 4961 Arnobius
2945 4903 3206 4974 appellat;
3251 4901 3372 4972 quia
3405 4899 3561 4956 Grin-

1974 4999 2118 5065 nire,
2163 4999 2334 5069 inquit
2384 4998 2609 5067 Festus,
2650 5015 2902 5055 anserum
2955 5000 3101 5053 vocis
3155 4998 3429 5066 proprium
3476 5004 3563 5051 est

1976 5090 2164 5163 (lbid.,
2189 5092 2227 5147 ι.
2261 5108 2331 5154 vi.
2363 5110 2416 5162 ρ.
2440 5091 2567 5149 205.
2601 5091 2740 5146 Fest.
2769 5093 2836 5145 ad
2863 5093 2995 5146 verb.
3027 5097 3338 5162 causamn).

2043 5187 2206 5241 Arbor
2241 5198 2458 5258 pausam
2485 5188 2554 5242 ab
2579 5186 2819 5242 Arnobio
2861 5186 3017 5256 pinus
3045 5194 3286 5250 vocatur,
3318 5182 3419 5237 sub
3453 5193 3558 5250 qua

1973 5282 2114 5336 Attis
2141 5297 2200 5335 se
2229 5281 2328 5335 viri
2359 5281 2574 5335 nomine
2607 5279 2856 5348 privavit,
2888 5287 2943 5332 et
2979 5277 3132 5348 cujus
3159 5278 3362 5332 circum
3392 5274 3556 5330 robur

1970 5383 2142 5428 mater
2167 5373 2324 5428 deum
2355 5373 2568 5428 sociatis
2595 5387 2715 5426 cum
2751 5370 2964 5425 Acdesti
3010 5371 3326 5441 planctibus,
3371 5377 3560 5439 pectus

1972 5465 2146 5519 tundit
2187 5475 2242 5519 et
2287 5465 2492 5520 sauciat
2533 5463 2770 5534 (Arnob.,
2803 5465 2840 5519 ι.
2871 5480 2922 5532 v,
2957 5481 3008 5534 p.
3041 5463 3181 5535 160).
3226 5461 3334 5518 Cur
3376 5475 3554 5516 autem

1972 5555 2134 5611 arbor
2166 5567 2381 5624 pausata
2413 5555 2636 5620 dicatur,
2666 5572 2857 5612 omnes
2896 5557 3084 5612 horum
3131 5554 3349 5610 Aruohii
3385 5554 3555 5607 libro-

1975 5663 2092 5704 rum
2125 5655 2574 5704 commentatores
2601 5647 2700 5703 sibi
2735 5648 2966 5707 fatentur
2995 5663 3116 5704 esse
3142 5647 3557 5715 incompertum.

1979 5739 2179 5796 Vocem
2236 5728 2415 5812 itaque
2468 5751 2696 5814 pausatte
2744 5749 3052 5813 corruptam
3108 5737 3273 5798 fuisse
3319 5731 3577 5794 nonnulli
