3986 6058
465 139 563 197 691

1706 140 2157 200 DlSSERTATIO
2192 141 2477 203 ΡιιΑῑνιΑ

3644 160 3750 216 6θῖ

460 259 808 327 arbitrantur,
837 274 902 316 ac
925 273 1024 330 pro
1043 272 1105 315 ea
1137 260 1345 325 lanatae,
1372 259 1461 316 vel
1488 259 1736 327 tausatw,
1763 261 1848 316 vel
1875 261 2053 332 posita:
2075 263 2131 323 Α
2153 262 2270 318 sive
2317 263 2573 321 ccteriam
2618 275 2971 324 mercaturam
3025 270 3267 342 (Donat.,
3306 272 3363 327 in
3396 272 3597 329 Terent.
3630 275 3748 331 Eu-

460 350 774 420 legendum.
812 350 921 407 Sed
959 350 1082 406 inec
1107 350 1198 405 alii
1231 360 1289 406 ut
1322 366 1511 407 meras
1552 367 1725 425 nugas
1766 354 2063 425 exploduut

460 454 627 515 atque
665 443 976 499 exsibilaut.
1016 443 1159 511 Quid
1192 444 1335 499 enim
1377 455 1524 501 vetat
1567 447 1854 517 quominus
1881 447 2061 504 Arno-

460 537 585 594 bius
612 551 738 598 usus
777 537 849 591 sit
881 537 1049 592 verbo
1093 546 1344 608 pausam,
1390 538 1627 595 imitatus
1666 539 1940 602 Plautum.
1969 543 2059 612 qui

463 629 604 685 dixit
655 627 854 694 Pansa,
883 628 935 683 id
963 636 1065 694 est,
1099 612 1338 700 quiesce.
1378 629 1509 685 Nam
1558 631 1630 687 ibi
1661 641 1850 687 auctor
1880 643 2062 689 noster

461 722 650 777 scribit
679 729 905 775 matrem
936 720 1095 775 deum
1126 720 1180 776 in
1211 729 1424 776 antrum
1451 737 1606 777 suum
1625 721 1883 779 detulisse
1908 724 2056 778 illam

460 814 739 881 arborem,
791 823 849 869 et
890 813 1092 871 circum
1141 814 1304 879 robur
1344 815 1491 871 illius
1536 815 1605 870 ibi
1651 827 1903 886 pausam,
1946 817 2060 873 sive

458 908 787 981 quiescentis
811 915 867 963 et
893 908 1083 977 posita:
1116 908 1321 963 sociatis
1350 924 1466 962 cum
1495 908 1712 965 Acdesti
1753 910 2059 980 planctibus

459 1018 618 1058 suum
644 1000 914 1056 tutudisse
941 1015 1005 1055 ac
1030 1001 1357 1056 sauciavisse
1382 1009 1593 1071 pectus.

530 1096 762 1166 Arquata
790 1093 997 1160 sellula,
1034 1094 1135 1150 hoc
1174 1103 1278 1159 est,
1308 1093 1705 1160 semirotunda,
1730 1102 1786 1149 et
1819 1094 1871 1150 in
1900 1109 2058 1151 arcus

456 1188 864 1243 similitudinem
890 1186 1117 1243 formata
1145 1186 1384 1259 (Arnob.,
1410 1187 1447 1241 ι.
1468 1203 1512 1253 ρι,
1540 1204 1597 1257 p.
1615 1186 1739 1259 59).
1758 1187 1876 1257 Quo
1896 1203 2058 1245 sensu

458 1281 528 1337 ab
552 1280 742 1336 Ovidio
772 1281 982 1336 canitur
1010 1298 1025 1335 :

553 1394 649 1446 Iris
672 1401 725 1444 et
750 1400 954 1458 arquato
975 1394 1455 1458 cmlumcurvamine
1477 1395 1694 1458 signans.

925 1456 1114 1521 (Ovid,
1134 1454 1216 1508 lib.
1237 1470 1272 1505 ιι
1294 1454 1571 1521 Μεμιηιοιῐ,
1594 1471 1706 1522 pag.
1733 1456 1870 1523 ΜΒ.)

534 1560 703 1631 Attagi
726 1559 952 1632 phrygia
998 1560 1174 1631 lingua
1206 1569 1498 1629 vocantur,
1541 1576 1679 1631 quos
1714 1562 1899 1621 hircos
1917 1561 2056 1632 dici-

457 1666 579 1706 mus
607 1651 848 1724 (Arnob.,
882 1653 920 1706 ι.
950 1667 1003 1718 v,
1030 1671 1086 1722 p.
1131 1650 1277 1721 159).
1312 1652 1467 1722 Apud
1502 1653 1849 1709 Eustachium
1896 1670 2050 1722 vero,

455 1743 632 1811 inquit
678 1742 996 1811 Bochartus,
1046 1741 1276 1818 ἄττηγοι,
1326 1743 1597 1822 dicuntur,
1627 1742 1766 1819 αἶγες
1814 1744 2050 1822 ἅρῥηνες,

457 1834 606 1904 capri
656 1834 881 1889 masculi
929 1850 1026 1890 seu
1077 1835 1211 1891 hirci
1260 1835 1550 1904 (Bochart.,
1590 1821 1627 1891 Ζ.
1676 1854 1711 1892 ιι
1776 1838 1840 1892 de
1879 1821 2048 1894 Anim.

454 1943 594 1981 sacr.
638 1928 822 1997 πήρη
850 1943 898 1980 c.
940 1928 1032 1994 55,
1062 1944 1116 1995 p.
1146 1925 1294 1999 647).
1330 1929 1414 1985 Ab
1458 1929 1562 1984 hoc
1605 1940 1786 1985 autem
1826 1929 2051 2002 phrygio

457 2020 679 2075 nomine
707 2019 975 2074 Arnobius
1002 2029 1149 2089 putat
1172 2019 1371 2075 factum
1394 2035 1514 2076 esse
1543 2037 1736 2077 nomen
1760 2023 1920 2078 Attis.
1944 2022 2051 2078 Sed

454 2114 755 2186 Bocbanus
781 2130 851 2175 ex
885 2115 1116 2181 Hebraeo
1144 2115 1319 2171 ΔιΙιιιά
1363 2115 1541 2187 potius
1568 2116 1869 2187 derivatum
1907 2117 2052 2173 arbi-

458 2218 654 2276 tratur,
682 2224 866 2279 quem,
896 2211 941 2264 si
973 2210 1127 2275 velis,
1157 2211 1399 2271 consule.

529 2299 852 2369 Anni/ﬁcari,
905 2300 1042 2354 dixit
1081 2310 1271 2371 auctor
1316 2310 1522 2373 uoster,
1568 2302 1772 2359 Ennius
1816 2318 1962 2371 vero,
1992 2314 2052 2359 ut

452 2400 604 2455 notat
648 2390 854 2467 Nonius
894 2389 1197 2463 Marcellus,
1245 2394 1525 2465 augiﬁcare
1555 2414 1573 2449 :
1598 2395 1697 2455 sed
1749 2395 2049 2466 obsoletum

454 2482 679 2553 verbum
734 2490 837 2553 est,
880 2482 1023 2553 quod
1077 2483 1221 2539 idem
1267 2496 1431 2556 atque
1474 2502 1673 2558 augere
1717 2489 2052 2561 signiﬁcabat

455 2574 695 2649 (Arnob,
745 2565 786 2633 ἶ.
838 2590 929 2642 vn,
978 2596 1033 2649 p.
1084 2577 1221 2647 224;
1270 2576 1438 2646 Nam,
1465 2581 1529 2634 de
1571 2579 1833 2653 Propriet.
1872 2599 2047 2651 term,

453 2687 501 2725 ε.
534 2670 612 2743 2).
645 2669 801 2743 Apud
827 2670 1136 2747 Lucretium
1163 2681 1342 2743 autem
1372 2673 1641 2745 legimus:

1486 2786 1807 2851 Auctiiicique

545 2849 706 2900 Motus
726 2855 968 2912 perpetuo
991 2854 1195 2913 possunt
1216 2861 1417 2905 servare
1450 2856 1638 2900 creata.
1725 2849 1733 2919 ί

1103 2932 1338 2993 (Lucret.,
1363 2928 1445 2981 lib.
1472 2946 1522 2992 ιι,
1544 2944 1670 2982 vers.
1691 2931 1831 2997 571.)

528 3059 814 3132 Aagustaro
857 3059 1019 3117 simili
1060 3059 1221 3121 modo
1248 3059 1385 3115 dixit
1427 3059 1720 3125 Arnobius,
1746 3074 1848 3121 oro
1874 3076 2043 3133 augu-
2075 3052 2120 3114 C

452 3161 595 3209 stum
620 3152 848 3208 reddere
887 3150 1123 3225 (Arnob.,
1155 3152 1194 3206 ι.
1220 3167 1314 3218 vit,
1346 3168 1397 3219 p.
1426 3150 1578 3224 201).

530 3246 759 3313 Botiaca,
785 3247 839 3302 in
865 3246 1229 3316 manuscriplo
1256 3256 1435 3307 autem
1465 3248 1612 3316 regio
1636 3248 1825 3305 codice
1852 3251 2047 3320 pastio-

454 3358 541 3399 σαι
585 3342 991 3410 corruptissime
1034 3339 1222 3411 (Ibid.,
1266 3341 1305 3395 ι.
1350 3358 1388 3404 ι,
1440 3357 1492 3409 p.
1529 3341 1644 3412 59).
1675 3342 1810 3403 Nam
1850 3345 2050 3401 batiaca

453 3450 630 3507 graece
677 3435 919 3507 βατιάκη,
970 3434 1109 3489 sicut
1142 3448 1209 3491 ex
1253 3418 1514 3491 Athenaeo
1562 3434 1840 3500 discimus,
1872 3439 2047 3506 poculi

456 3538 572 3583 erat
628 3541 796 3599 genus
839 3525 1070 3598 (At/tem,
1111 3523 1197 3583 lib.
1239 3539 1278 3587 ιι
1306 3522 1579 3594 οεὶρῃοδη
1610 3545 1661 3595 p.
1711 3527 1859 3599 486).
1896 3528 2047 3585 Unde

455 3620 681 3675 Plautus
704 3618 901 3673 alicubi
931 3618 1066 3673 dixit
1097 3635 1112 3672 :

645 3729 837 3794 Quibus
855 3729 1041 3779 divitiae
1063 3729 1195 3779 domi
1215 3736 1347 3790 sunt,
1372 3729 1588 3792 scaphio,
1607 3729 1870 3794 cantharis,

552 3792 756 3847 Batiolis
773 3793 965 3845 bibunt.

1050 3851 1255 3918 (Plaut,
1283 3852 1471 3919 Stych.,
1489 3858 1582 3905 act.
1603 3868 1651 3915 ν,
1667 3868 1796 3907 scen.
1820 3855 1893 3917 4.)

458 3968 529 4022 At
555 3966 628 4027 ibi
652 3963 970 4038 quibusdam
990 3963 1043 4020 in
1066 3964 1392 4021 editiouibus
1417 3963 1632 4036 legitur,
1658 3963 1902 4021 Batioois.

529 4084 727 4157 Bigarii
774 4099 877 4140 vox
919 4091 1023 4151 est,
1054 4098 1173 4152 qua:
1212 4083 1267 4139 in
1308 4082 1549 4145 Romana
1592 4084 1783 4143 borum
1827 4084 2050 4143 Arnobii

460 4178 720 4233 librorum
747 4176 984 4235 editione
1010 4183 1065 4233 et
1091 4176 1211 4233 aliis
1237 4175 1622 4245 posterioribus
1648 4175 1966 4233 exhibetur:
1993 4179 2048 4237 in

462 4269 833 4340 manuscripto
874 4279 1051 4327 autem
1091 4269 1239 4338 regio
1269 4268 1389 4325 cod.
1420 4268 1643 4338 Pigarii,
1688 4269 1743 4329 in
1781 4281 2048 4340 postrema

462 4363 722 4428 editione,
769 4363 980 4433 cybiarii
1029 4361 1278 4433 (Hrnob.,
1328 4365 1365 4420 ι.
1407 4380 1445 4419 ιι
1488 4382 1541 4435 p.
1586 4363 1697 4434 ’70).
1754 4364 1860 4425 Sed
1905 4367 2047 4425 nulla

462 4454 689 4525 hujusce
733 4453 1120 4525 immolationis
1146 4454 1281 4519 ratio
1317 4453 1577 4517 redditur.
1604 4453 1712 4517 Cur
1740 4472 1846 4510 non
1875 4457 2018 4526 potin

461 4547 672 4619 Cibarii,
702 4548 793 4618 qui
838 4546 1044 4603 scilicet
1071 4546 1219 4603 cibos
1247 4544 1541 4614 coniiciunt
1566 4557 1661 4602 aut
1705 4548 2053 4623 ministrant?

460 4641 636 4698 Varro
667 4641 808 4699 enim
847 4639 990 4710 apud
1030 4640 1258 4697 Nonium
1303 4640 1609 4699 Marcellum
1641 4660 1654 4695 :
1690 4661 1709 4694 ι
1745 4641 1893 4705 Tuus
1936 4644 2051 4713 ipse

458 4732 627 4789 frater
649 4732 884 4790 cibarius
914 4733 1009 4787 luit
1049 4731 1384 4791 Aristoxenis
1414 4732 1583 4807 (Non.
1624 4734 1885 4804 Πανδαίη
1919 4738 1957 4791 ι.
1986 4736 2051 4792 de

460 4824 718 4896 Propriet.
751 4842 929 4893 serm.,
958 4841 1004 4878 ε.
1031 4825 1088 4890 2,
1122 4843 1175 4894 p.
1204 4826 1355 4895 556).
1392 4843 1411 4879 ι
1443 4824 1552 4881 Cur
1593 4841 1701 4891 non
1744 4829 1928 4895 etiam,
1963 4827 2047 4884 in-

458 4920 608 4990 quiet
651 4918 864 4989 aliquis,
912 4918 1119 4989 legatur
1160 4917 1378 4989 Bigarii,
1426 4934 1491 4974 ex
1538 4934 1647 4993 quo
1688 4919 1756 4981 ab
1799 4921 2047 4991 imperito

458 5011 678 5067 librario
719 5011 912 5075 factum
947 5009 1189 5082 Pigarii?
1217 5011 1488 5081 Superiori
1525 5013 1722 5083 quippe
1750 5012 1887 5081 linea
1914 5016 2049 5073 dixit

458 5104 728 5169 Arnobius
771 5104 1147 5176 quadrigarios.
1196 5103 1390 5165 Verum
1443 5120 1602 5172 nemo
1656 5104 1884 5167 fortasse
1929 5108 2047 5173 sine

459 5196 683 5259 alterius
707 5198 1051 5269 manuscripti
1078 5197 1279 5265 codicis
1307 5196 1506 5268 auxilio
1530 5197 1889 5265 adulteratam
1912 5201 2043 5257 illud

458 5304 657 5347 nomen
688 5289 975 5353 emendare
1002 5293 1217 5360 poterit.

530 5382 771 5448 Bolones,
812 5385 865 5441 in
903 5399 1005 5441 ms.
1051 5385 1239 5449 codice
1286 5394 1473 5451 nostro
1512 5386 1758 5458 legimus,
1795 5403 1894 5460 pro
1935 5402 2042 5460 quo

457 5473 702 5532 nonnulli
742 5489 1022 5546 perperam
1044 5478 1376 5549 scripserunt
1406 5476 1622 5535 Volones
1644 5477 1884 5552 (Arnob.,
1913 5482 1951 5541 ι.
1979 5498 2037 5550 ιι,

453 5584 508 5636 ρ.
537 5566 650 5637 70).
679 5566 811 5625 Nam
843 5576 903 5621 ut
925 5566 999 5623 ait
1041 5568 1277 5629 Donatus
1305 5589 1319 5626 :
1362 5569 1590 5637 Cetarii,
1620 5592 1640 5627 ι
1681 5571 1773 5645 qui
1800 5584 1918 5632 cete
1937 5614 1953 5642 ,
1986 5574 2041 5631 id

447 5668 549 5727 est,
581 5659 1006 5732 magnoslpisces
1047 5661 1325 5722 venditant
1353 5674 1410 5723 et
1436 5664 1662 5725 bolanes
1700 5678 1975 5737 exercent,
2017 5685 2037 5722 ι

2160 356 2340 423 nuclt.,
2368 370 2471 414 act.
2502 376 2559 427 ιι,
2590 377 2728 416 scen.
2758 361 2816 428 2,
2847 378 2981 420 vers.
3020 362 3142 437 26).
3426 377 3629 435 autem,
3658 372 3752 440 qui

2159 447 2422 504 Isidorum
2457 451 2660 517 citant,
2688 454 2917 509 sumitur
2944 470 3044 525 pro
3069 455 3165 521 iis,
3196 458 3287 528 qui
3312 458 3526 515 diversa
3552 476 3749 532 genera

2156 539 2383 610 piscium
2421 543 2673 599 emebant
2717 553 2774 600 et
2817 546 3122 602 vendebant
3162 547 3410 618 (Isidem,
3451 552 3507 605 in
3546 551 3749 622 61033.,

2159 651 2213 704 ῃ.
2269 632 2420 705 620).
2474 634 2687 691 Videsis
2738 637 3048 694 Turnebam
3104 640 3197 696 lib.
3262 657 3357 697 χιιι
3431 644 3749 715 Adversum,

2152 739 2281 796 cap.
2313 727 2401 780 14.

2229 817 2468 888 Botulus,
2496 829 2639 878 teste
2676 822 2863 892 Festo,
2895 840 3065 897 genus
3106 826 3410 885 farciminis
3448 840 3553 899 est,
3580 834 3750 904 quod,

2159 924 2378 982 propter
2402 916 2817 981 couiiexionem,
2845 932 2876 972 a
2905 918 3042 979 bolis
3067 920 3146 979 sic
3184 922 3485 992 appellatur
3506 924 3752 993 (Arnob.,

2156 1007 2203 1061 1.
2236 1023 2294 1071 ιι,
2325 1025 2377 1077 ρ.
2407 1009 2503 1076 73;
2546 1008 2756 1077 Festus,
2785 1013 2856 1066 ad
2881 1029 3012 1068 vero.
3042 1014 3333 1087 Borcws).
3368 1018 3625 1077 Martialis
3652 1038 3750 1076 au-

2156 1109 2264 1154 tem
2292 1101 2488 1158 alicubi
2514 1103 2711 1159 cecinit
2741 1123 2756 1159 :

2245 1214 2500 1288 Quihvenit
2518 1217 2713 1288 botulus
2735 1220 2896 1271 medio
2916 1223 3006 1273 tibi
3026 1227 3254 1288 tempore
3274 1226 3482 1288 bruma,

2341 1277 2541 1341 Saturni
2561 1289 2756 1345 septem
2782 1294 2987 1337 venerat
3008 1277 3280 1339 ante'dies.

2720 1366 2987 1429 (Martial.,
3015 1367 3099 1420 lib.
3125 1385 3225 1435 xiv,
3246 1372 3404 1440 epigr.
3430 1373 3535 1438 72.)

2152 1482 2518 1552 Quamobrem
2570 1486 2933 1547 Tertullianus
2988 1494 3232 1552 ethnicos
3279 1496 3423 1555 hunc
3483 1500 3755 1571 redarguit

2154 1576 2210 1631 in
2232 1577 2449 1635 modum
2480 1596 2493 1634 :
2523 1599 2543 1631 ι
2578 1580 2720 1638 Inter
2745 1593 3071 1640 tentamenta
3098 1588 3514 1647 eltristianorum
3537 1594 3755 1651 botulos

2083 1658 2132 1718 Β
2157 1675 2319 1731 etiam
2345 1691 2541 1733 cruore
2564 1678 2828 1737 distentos
2853 1682 3170 1747 admovetis,
3197 1687 3483 1742 certissimi
3506 1690 3751 1747 illicitum

2152 1782 2273 1823 esse
2296 1770 2437 1838 apud
2460 1770 2602 1837 illos,
2630 1787 2727 1840 per
2751 1774 2893 1843 quod
2921 1775 3231 1833 exorbitare
3251 1778 3376 1833 illos
3406 1781 3566 1836 vultis
3593 1781 3753 1851 (Ter-

2159 1868 2285 1932 tut.,
2327 1864 2574 1937 Apolog.,
2627 1882 2673 1920 c.
2704 1866 2759 1931 9,
2792 1886 2847 1939 ρ.
2883 1868 2994 1940 ll).
3033 1888 3053 1922 ι
3101 1872 3241 1927 Alibi
3288 1888 3420 1929 vero
3468 1884 3751 1945 postquam

2151 1956 2220 2011 ab
2240 1958 2682 2027 orthodoxorum,
2724 1976 2858 2031 quos
2880 1961 3173 2034 Psychicos
3195 1974 3371 2032 vocat,
3397 1968 3637 2036 partibus
3659 1970 3753 2026 de-

2152 2048 2389 2116 fecisset,
2429 2052 2508 2106 sic
2552 2066 2647 2107 eos
2685 2054 2946 2124 corripit:
2981 2073 3001 2106 ι
3036 2056 3322 2122 Quomodo
3359 2068 3636 2132 protegam
3664 2077 3752 2118 ca-

2149 2142 2384 2198 stitatem
2406 2153 2461 2200 et
2478 2146 2821 2201 sobrietatem
2843 2149 2960 2203 sine
2976 2149 3249 2205 taxatione
3268 2151 3744 2211 adversariorum?

2149 2235 2376 2302 Quinam
2408 2236 2493 2291 isti
2524 2247 2652 2292 sunt
2692 2239 2859 2294 semel
2891 2241 3206 2307 nominabo,
3236 2244 3537 2299 exteriores
3566 2255 3621 2301 et
3659 2247 3750 2301 in-

2150 2326 2376 2382 teriores
2394 2327 2561 2383 botuli
2582 2328 2966 2401 Psycbicorum
2993 2330 3186 2404 (Idem,
3212 2334 3250 2388 Ι.
3275 2334 3339 2388 de
3355 2335 3607 2407 Jejuniis,
3620 2354 3670 2395 c.
3692 2340 3747 2408 1,

2152 2435 2206 2489 ρ.
2234 2418 2386 2488 Ἰῦί).
2423 2439 2443 2472 ι
3484 2436 3495 2445 ⁴

2223 2511 2376 2567 Buri:
2413 2512 2611 2569 dicitur
2650 2531 2683 2570 a
2725 2516 3046 2586 quibusdam
3090 2533 3220 2588 pars
3242 2521 3414 2575 aratri
3454 2521 3745 2591 posterior,

2147 2604 2220 2659 ab
2261 2605 2382 2661 aliis
2413 2609 2643 2663 temonis
2678 2611 2950 2678 superior,
2980 2622 3037 2666 et
3057 2621 3285 2682 utraque
3314 2614 3593 2669 incurvata
3620 2615 3748 2685 (Ar-

2151 2696 2291 2762 nob.,
2321 2698 2359 2751 ι.
2390 2713 2448 2764 ιι,
2480 2717 2532 2767 p.
2561 2699 2680 2770 59).
2711 2700 2791 2756 Eo
2829 2712 3007 2758 autem
3046 2702 3266 2760 nomine
3304 2721 3435 2761 usus
3461 2716 3548 2762 est
3569 2706 3746 2778 Virgi-

2148 2788 2275 2855 lius,
2308 2790 2397 2845 ubi
2426 2791 2572 2847 canit
2601 2811 2615 2847 :

2241 2921 2478 2991 (Sontinuo
2494 2925 2541 2973 iu
2560 2924 2706 2990 sylvis
2718 2940 2893 2991 magna
2918 2929 2965 2976 vi
2991 2928 3124 2978 ﬂexa
3146 2929 3384 2991 domatur,

2242 2984 2298 3034 lu
2317 2987 2493 3049 burim,
2521 2996 2573 3037 et
2585 2984 2731 3039 'curvi
2757 2984 2958 3039 lbi-mam
2974 2993 3151 3054 accipit
3166 2992 3328 3043 ulmus
3346 2984 3516 3044 aratri.

2466 3069 2696 3138 (Virgil.,
2718 3068 2800 3123 tia.
2827 3087 2840 3122 ι
2861 3073 3062 3149 Georg.,
3076 3086 3202 3126 vers.
3228 3075 3316 3126 169
3337 3082 3382 3127 et
3396 3076 3550 3141 seqq.)

2153 3195 2299 3264 Quos
2328 3197 2380 3252 in
2410 3212 2599 3253 versus
2624 3199 2739 3254 haec
2768 3200 2986 3257 Servius
3007 3201 3258 3271 observat
3288 3224 3301 3258 :
3333 3224 3351 3268 ς
3382 3205 3437 3260 ln
3467 3206 3664 3277 burim,
3692 3209 3746 3265 in

2152 3286 2204 3343 in
2236 3301 2605 3355 curvaturum.
2642 3291 2776 3347 Nam
2816 3294 2967 3348 buris
3008 3305 3091 3351 est
3134 3308 3539 3357 curvamentum
3582 3306 3746 3357 aratri

2152 3383 2351 3439 dictum
2397 3387 2546 3455 quasi
2585 3388 2706 3463 βοὸς
2749 3390 2897 3464 οὐρὰ,
2942 3389 3082 3460 quod
3133 3393 3201 3444 sit
3246 3392 3296 3447 in
3337 3394 3746 3455 similitudinem

2152 3479 2335 3532 cauda:
2382 3478 2550 3536 bovis.
2585 3480 2688 3537 Alii
2736 3482 2909 3537 burim
2954 3493 3293 3551 curvaturam
3343 3490 3590 3557 temonis,
3625 3506 3746 3559 qua:

2146 3584 2310 3640 supra
2332 3581 2436 3639 est,
2461 3585 2512 3626 ct
2532 3573 2670 3647 quod
2696 3573 2831 3628 infra
2856 3586 2938 3630 est
2960 3592 3148 3633 urvum
3171 3578 3376 3633 dicunt.
3400 3579 3555 3634 Buris
3574 3580 3743 3648 enim,

2151 3672 2210 3716 ut
2237 3675 2507 3730 curvetur,
2536 3675 2660 3719 ante
2697 3665 2806 3736 igni
2848 3666 3117 3734 domatur,
3151 3670 3451 3726 amburitur
3476 3668 3499 3727 :‘
3523 3674 3665 3727 unde
3691 3686 3749 3729 et

2151 3771 2269 3827 quae
2325 3759 2640 3813 naturaliter
2697 3760 3038 3816 inveniuntur
3100 3777 3280 3819 curva:
3333 3765 3405 3819 ita
3469 3765 3740 3822 dicuntur.

2153 3847 2321 3904 Varro
2349 3850 2422 3905 ait
2453 3863 2618 3905 imum
2659 3852 2831 3908 burim
2861 3854 3020 3910 indici
3050 3858 3117 3911 ab
3158 3857 3309 3912 urbe.
3345 3878 3364 3912 ι
3401 3859 3576 3915 Priori
3608 3877 3740 3917 seu-

2150 3946 2332 4003 tentia:
2383 3946 2619 4004 Isidorus
2663 3949 2980 4020 subscripsit
3027 3949 3246 4022 (Isidor.
3281 3995 3295 4018 ,
3351 3954 3389 4010 ι.
3434 3971 3502 4009 xx
3570 3955 3745 4027 θήρη

2150 4056 2197 4093 c.
2229 4041 2327 4109 15;
2376 4042 2592 4109 Arnob.,
2639 4044 2677 4099 ι.
2723 4062 2761 4111 ι,
2795 4062 2850 4115 ρ.
2880 4044 2972 4113 24,
3022 4056 3069 4101 et
3101 4046 3138 4099 ι.
3173 4063 3265 4112 vlt,
3313 4066 3368 4122 p.
3401 4048 3540 4115 222;
3581 4050 3743 4119 ibid.,

2151 4132 2188 4189 ι.
2224 4150 2298 4203 vt,
2329 4153 2379 4203 ρ.
2409 4135 2559 4210 200).
2628 4192 2637 4199 ,

2156 4262 2159 4265 η
2223 4226 2497 4299 Busticeta,
2529 4238 2586 4284 ut
2620 4229 3061 4287 animadvertitur
3105 4232 3159 4288 in
3206 4233 3401 4305 glossis
3436 4234 3610 4290 eidem
3646 4235 3746 4291 lsi-

2151 4321 2282 4377 doro
2303 4322 2593 4389 attribulis,
2630 4334 2784 4381 erant
2810 4325 3055 4396 sepulcra
3084 4326 3137 4380 in
3165 4343 3315 4398 agro.

2024 4414 2051 4512 ἐ
2074 4442 2129 4503 D
2215 4414 2911 4480 Cacabulus,diminutivum
2929 4418 3065 4485 haud
3081 4421 3240 4478 dubie
3259 4426 3488 4482 nominis
3502 4434 3742 4503 cacabus,

2154 4508 2243 4583 qui
2276 4524 2369 4563 vas
2400 4510 2681 4580 signiﬁcat,
2713 4511 2768 4565 in
2817 4528 2925 4584 quo
2966 4515 3382 4585 pulmentarium
3413 4526 3741 4595 coquebant.

2154 4601 2365 4659 Videsis
2393 4603 2627 4661 Lexicon
2657 4606 2910 4675 Martinii,
2940 4618 2990 4663 et
3023 4607 3198 4665 Vossii
3225 4615 3641 4687 etymologicon.

2225 4696 2544 4755 Calamistris
2562 4699 2758 4753 vibrare
2779 4701 3059 4767 cwsariem,
3078 4702 3249 4773 inquit
3264 4705 3531 4766 Arnobius
3552 4711 3740 4785 (Ibid.,

2154 4789 2189 4843 ι.
2220 4807 2281 4856 ιι,
2312 4809 2364 4861 ρ.
2397 4790 2507 4863 7:2).
2542 4788 2918 4847 Calamistrum
2948 4794 3089 4849 enim
3121 4808 3234 4851 erat
3266 4814 3391 4856 acus
3423 4805 3613 4874 major,
3643 4822 3742 4863 seu

2150 4883 2373 4953 ferrum,
2405 4901 2509 4955 quo
2534 4886 2788 4941 calefacto
2817 4887 3041 4961 capillus
3085 4889 3423 4962 intorquetur
3448 4906 3502 4952 et
3529 4898 3742 4972 crispa-

2154 4987 2261 5034 tur.
2292 4977 2429 5034 Audi
2457 4977 2734 5049 Virgilium
2765 4996 2779 5033 :

2676 5092 2884 5145 Ftedare
2910 5096 2958 5143 in
2983 5095 3186 5158 pulvere
3204 5100 3369 5153 crines

2246 5154 2445 5205 Vibrato
2471 5153 2624 5204 calido
2646 5154 2799 5217 ferro,
2828 5153 3123 5222 myrrliaque
3148 5163 3423 5215 madentes.

2629 5260 2753 5328 (Lib.
2774 5278 2841 5314 xu
2868 5262 3083 5325 .Eneid.,
3103 5279 3230 5323 vers.
3250 5269 3313 5323 90
3330 5276 3376 5321 et
3389 5271 3550 5343 seqq.)

2143 5391 2291 5460 Quos
2321 5394 2374 5451 in
2420 5408 2606 5473 versus
2653 5394 2917 5451 Servius:
2955 5415 2975 5450 ι
3033 5397 3413 5458 Calamistrum
3454 5411 3539 5459 est
3580 5419 3738 5473 acus,

2144 5486 2335 5557 inquit,
2381 5472 2574 5558 major,
2619 5503 2740 5558 qua:
2780 5488 3057 5554 calefacta,
3089 5501 3144 5548 et
3186 5492 3421 5551 adhibita
3465 5496 3741 5570 intorquet

2144 5578 2389 5649 capillos.
2438 5599 2458 5634 ι
2507 5579 2715 5639 Videsis
2755 5579 2957 5641 iulium
3004 5579 3310 5654 Pollucem,
3368 5596 3423 5643 et
3473 5588 3737 5651 lsidorum

2144 5668 2335 5741 (PolL,
2359 5670 2397 5728 Ι.
2427 5685 2485 5740 v,
2512 5687 2560 5726 c.
2590 5671 2687 5740 l6;
2721 5669 2936 5744 ltitiam,
2967 5673 3003 5731 ι.
3035 5688 3108 5731 xx
3140 5674 3311 5747 0rig.,
3365 5693 3413 5735 ε.
3440 5677 3559 5748 15).
