3986 6058
269 129 372 194 695

1469 129 1533 184 IN
1572 123 1947 192 ARNOBIU”,
1990 124 2144 184 CAP.
2188 125 2374 184 XXVI.

3446 133 3550 191 694

333 245 601 301 Caliendri
647 246 862 304 nomine
911 247 1134 319 putabat
1177 245 1460 310 Turnebus
1506 244 1574 300 ab
1618 241 1854 304 Arnobio
1883 247 1934 316 Α
1960 240 2107 302 Festi
2134 244 2312 302 verbis
2332 253 2387 300 et
2412 245 2731 303 auctoritate
2757 247 2896 313 fulti,
2924 249 3307 319 putantCastru
3330 251 3547 308 nomine

260 341 496 398 indicari
524 343 762 414 pallium,
790 344 931 414 quod
977 352 1100 398 ante
1142 343 1443 398 riciniatum
1473 339 1858 410 appellaverat.-

264 436 373 493 Sed
428 453 488 494 re
539 437 799 493 maturius
859 452 1132 507 expensa,
1194 435 1522 498 existimavit
1578 430 1862 504 signiﬁcari

264 530 456 600 capitis
485 531 902 602 operimentum.
953 529 1075 598 Quo
1114 545 1276 592 sensu
1323 529 1388 584 ab
1437 526 1656 584 Horatio
1703 540 1860 582 usur-

264 633 465 694 patur:
815 701 820 704 _

644 715 808 768 Altum
829 716 1035 777 Saganae
1052 714 1370 768 caliendrum.

791 799 1006 864 (Horat,
1027 796 1110 847 lib.
1132 814 1164 860 1,
1193 795 1330 848 satir.
1352 795 1400 855 8,
1422 807 1546 845 vers.
1569 793 1676 855 48.)

260 904 412 974 Quod
435 907 489 966 in
516 921 730 964 carmen
755 906 955 971 Acron,
979 907 1092 962 sive
1114 906 1289 976 quivis
1315 903 1432 974 ejus
1459 901 1675 958 nomine
1697 901 1854 963 alius,

259 1000 538 1056 annotavit
580 1001 894 1056 caliendrum
924 1000 1046 1058 dici.
1079 999 1191 1054 sive
1239 1007 1616 1052 ornamentum
1663 994 1856 1064 capitis

259 1095 572 1159 mulierum,
594 1111 700 1168 quo
723 1095 788 1150 ad
821 1093 1159 1150 exornaudos
1189 1093 1365 1150 crines
1395 1091 1716 1153 utebantur;
1745 1088 1857 1142 sive

257 1189 637 1259 supposititios
678 1191 888 1254 crines,
937 1204 1074 1258 quos.
1115 1203 1212 1258 pro
1243 1184 1574 1240 naturalibus
1620 1182 1854 1251 accipie-

256 1281 406 1337 bant.
437 1281 804 1338 Tertullianus
829 1296 1040 1352 quoque
1072 1279 1172 1334 hoc
1204 1294 1399 1334 nomen
1430 1276 1728 1345 usurpavit.
1762 1273 1852 1330 ubi

254 1374 311 1428 in
341 1375 591 1429 mulieres
623 1373 892 1428 invehitur
922 1391 934 1426 :
967 1391 985 1426 ι
1015 1375 1083 1426 At
1107 1386 1248 1426 nunc
1274 1371 1326 1428 in
1351 1369 1672 1439 semetipsas
1699 1367 1850 1420 leno~

253 1467 510 1533 cinaudo,
552 1483 658 1534 quo
686 1466 894 1538 planius
924 1466 1204 1527 adeantur,
1238 1473 1293 1518 et
1333 1463 1548 1522 stolam.
1579 1472 1632 1518 et
1664 1461 1852 1530 luppa—

255 1577 394 1626 rum,
428 1571 480 1615 et
503 1560 853 1631 crepidulam,
878 1559 1301 1623 etcaliendrum,
1325 1558 1468 1626 ipsas
1497 1570 1711 1626 quoque
1730 1559 1849 1623 jam

1967 333 2066 390 has
2091 349 2280 396 omnes
2309 338 2631 396 cerimonias
2659 340 2966 409 signiﬁcari.
2991 341 3352 400 Tertullianus
3371 355 3548 400 autem

1968 426 2056 486 ubi
2086 427 2343 488 adversus
2373 430 2669 485 catholicos
2715 448 2811 503 pro
2853 447 3070 488 suorum
3109 433 3548 494 Montanistarum

1961 518 2178 590 jejuniis
2222 520 2455 590 disputat
2500 543 2512 578 :
2561 542 2578 574 ι
2609 524 2712 578 Sed
2761 525 2915 589 bene,
2948 545 2967 576 ι
3002 527 3204 595 inquit,
3260 545 3282 578 4
3311 517 3452 596 quod
3497 527 3550 582 in

1967 618 2168 668 nostris
2201 614 2556 686 Xerophagiis
2585 618 2948 687 blaspliemias
2970 620 3240 690 ingerens,
3270 620 3433 675 Casto
3460 621 3555 676 lsi-

1967 707 2051 760 dis
2081 716 2132 762 et
2173 705 2400 782 Cybeles
2446 709 2695 780 adtequas
2735 730 2752 761 )
2804 711 3062 783 (Tertull.,
3107 714 3198 768 lib.
3241 713 3304 767 de
3345 712 3551 785 Jejun.,

1967 817 2082 868 cap.
2115 802 2226 872 16).
2253 801 2306 856 Si
2331 803 2449 871 quis
2471 819 2597 856 vero
2618 803 2776 856 alium
2805 820 2902 873 pro
2931 805 3208 858 catholicis
3233 815 3413 860 contra
3443 806 3555 859 ha:-

1967 893 2166 947 reticos
2209 905 2458 962 agentem
2491 894 2680 948 audire
2728 885 2895 960 malit,
2932 912 2996 949 cn
3029 906 3228 966 pratsto
3254 907 3337 951 est
3368 897 3558 952 lliero-

1966 1001 2193 1056 nymns,
2233 988 2322 1057 qui
2365 986 2624 1044 adversus
2668 987 2936 1042 Joviniaui
2983 1004 3196 1044 errores
3234 989 3553 1060 pugnando,

1963 1078 2081 1138 htL'C
2127 1080 2394 1134 scribebat
2423 1100 2434 1134 :
2471 1099 2489 1131 ι
2531 1080 2604 1134 De
2634 1081 2873 1134 ciborum
2903 1079 3004 1133 sibi
3036 1080 3249 1149 placent
3276 1082 3552 1136 absdnen-

1963 1172 2058 1236 tia,
2088 1173 2237 1241 quasi
2267 1189 2368 1225 non
2399 1182 2453 1227 et
2479 1173 2790 1242 superstitio
2816 1173 3098 1242 gentilium
3125 1183 3330 1228 castum
3361 1175 3549 1232 matris

1962 1263 2121 1320 deum
2163 1263 2430 1329 observet,
2453 1275 2507 1318 et
2527 1264 2752 1318 Osiridis
2780 1283 2797 1316 ι
2823 1263 3177 1335 (llierongm.,
3203 1266 3318 1318 adv.
3345 1264 3548 1331 Jovin.,

1960 1356 2052 1410 lib.
2084 1372 2140 1420 ιι,
2169 1373 2287 1432 pag.
2317 1356 2433 1426 91).
2466 1356 2662 1410 Postea
2709 1371 2836 1410 vero
2873 1357 3080 1426 planius
3118 1372 3180 1411 ac
3228 1359 3444 1427 propius
3483 1359 3551 1414 ad
3597 1341 3602 1346 1

1960 1449 2187 1508 Arnobii
2233 1449 2401 1504 nostri
2446 1458 2720 1503 mentem:
2756 1467 2773 1501 ι
2805 1447 3121 1516 Quomodo,
3156 1449 3360 1519 inquit,
3393 1451 3552 1520 virgi-

1961 1539 2114 1595 nitati
2144 1556 2283 1593 verae
2313 1554 2418 1594 non
2448 1539 2771 1610 prmjudicat.
2792 1539 3016 1593 imitatio
3037 1539 3303 1610 virginum
3328 1541 3550 1605 diaboli,

253 1652 493 1718 lecticas,
521 1662 575 1708 et
600 1652 762 1706 sellas
790 1651 939 1720 queis
965 1651 1016 1706 in
1044 1649 1257 1720 publico
1283 1663 1496 1718 quoque
1527 1646 1845 1708 domestice,
1885 1651 1932 1712 B
1960 1634 2030 1689 ila
2062 1648 2160 1689 ηθο
2204 1635 2346 1689 "eris
2387 1634 2606 1702 Ιθὶυιιῖίε
2654 1642 2858 1688 εδειιηη
2908 1631 3063 1686 “illis
3104 1644 3156 1686 (τι
3199 1631 3464 1704 Cybeles.
3497 1642 3551 1690 θι

251 1759 318 1799 ac
372 1753 580 1799 secrete
631 1744 989 1809 habebantur,
1024 1742 1302 1814 ejeravcre
1338 1759 1355 1791 ι
1395 1738 1664 1811 (Tertull.,
1697 1739 1735 1793 l.
1792 1739 1854 1794 de

254 1835 460 1904 Pallio,
493 1855 540 1890 c.
570 1839 624 1904 4,
657 1855 709 1906 ρ.
744 1836 896 1904 156).

329 1949 349 1982 ι
374 1929 678 1984 Cauacheni
707 1930 952 1983 obserata
972 1926 1267 1998 pandentes
1289 1923 1628 1979 remedorum
1651 1922 1849 1978 obseu-

248 2024 412 2082 ritate
460 2043 478 2075 ›
528 2023 770 2094 (Arnob.,
803 2023 840 2076 l.
871 2037 946 2084 v1,
979 2039 1032 2089 p.
1064 2019 1212 2088 108).
1246 2018 1422 2074 Verba
1452 2027 1578 2072 sunt
1617 2016 1854 2072 auctoris

247 2116 446 2180 nostri,
473 2130 595 2185 quae
621 2113 868 2184 pluribus
888 2114 1327 2184 plane'corrupta
1355 2123 1477 2164 esse
1506 2107 1642 2163 haud
1668 2109 1849 2162 imme-

247 2212 357 2267 rito
383 2209 653 2264 videntur.
687 2207 915 2275 Quidam
944 2207 1126 2275 itaque
1151 2219 1248 2274 pro
1273 2203 1611 2268 remedorum,
1642 2201 1850 2262 restitui

251 2304 441 2359 volunt
485 2302 826 2368 tenebrarum,
857 2301 953 2356 sed
984 2317 1088 2370 qua
1131 2299 1486 2356 auctoritate?
1519 2297 1596 2351 De
1635 2295 1849 2356 neruine

249 2405 428 2451 autem
461 2393 753 2450 Canacheni
797 2393 1147 2464 qumrendum
1194 2391 1424 2460 amplius
1453 2397 1699 2446 censent.
1742 2387 1848 2446 Sed

247 2488 342 2544 ubi
371 2487 422 2543 id
452 2487 825 2557 quaerendum,
870 2485 971 2539 nisi
1017 2485 1154 2537 alius
1186 2481 1427 2538 melioris
1455 2490 1596 2536 nota:
1623 2488 1678 2533 et
1708 2479 1845 2538 inte~

247 2581 395 2652 grior
433 2579 832 2648 manuscriptus
867 2576 1038 2630 codex
1086 2573 1384 2636 habeatur?
1431 2573 1498 2626 At
1539 2580 1685 2626 certe
1717 2570 1848 2626 nulli

247 2673 537 2728 obscurum
575 2687 696 2729 esse
737 2677 917 2742 potest
948 2668 1245 2723 Arnobium
1291 2665 1436 2736 loqui
1471 2665 1540 2722 de
1571 2663 1848 2720 nocturnis

245 2764 627 2838 prmdonibus,
677 2766 764 2832 qui
812 2763 1032 2817 deormn
1083 2760 1371 2816 simulacra
1426 2769 1518 2814 aut
1571 2761 1839 2830 spoliave-

247 2870 393 2927 rant,
423 2868 515 2916 aut
542 2875 609 2914 ex
638 2857 850 2929 templis
894 2855 1250 2912 abstulerant.
1285 2855 1369 2911 Au
1410 2863 1588 2910 autem
1620 2869 1714 2908 eos
1742 2853 1843 2908 de-

245 2954 451 3025 signet,
487 2954 579 3025 qui
610 2954 813 3023 magica
851 2959 968 3006 arte
993 2948 1045 3004 id
1075 2948 1346 3012 facerent,
1376 2947 1604 3006 aliorum
1639 2946 1840 3017 judicio

246 3044 628 3118 permittimus.

319 3137 699 3192 Chantharulus
728 3136 795 3190 ab
830 3135 1069 3194 Aruobio
1106 3133 1300 3188 dicitur
1330 3131 1518 3203 (Ibitl.,
1544 3149 1680 3202 .pag.
1707 3129 1842 3204 209)

246 3246 474 3303 parvum
503 3245 595 3283 vas
624 3229 890 3300 potorium
915 3269 931 3292 ,
961 3242 1081 3279 cmn
1121 3240 1227 3296 quo
1257 3222 1500 3282 Bacchus
1530 3221 1675 3294 pingi
1704 3222 1844 3278 sole-

245 3327 360 3382 bat.
393 3326 598 3381 Paucas
627 3325 769 3378 enim
797 3331 922 3376 ante
950 3321 1120 3375 lineas
1141 3319 1432 3386 scripserat
1460 3335 1471 3370 :
1504 3335 1521 3366 ι
1555 3316 1609 3370 In
1639 3315 1841 3381 Liberi,

246 3435 345 3478 seu
371 3420 587 3487 Bacchi,
611 3420 830 3474 dextera
862 3415 1104 3487 pendens
1129 3414 1331 3484 potoris
1361 3410 1708 3466 cantharus.)
1742 3409 1845 3466 Ra-

246 3515 451 3572 tionem
483 3513 527 3566 si
559 3527 801 3582 qureras,
840 3509 977 3564 hanc
1025 3507 1120 3562 tibi
1157 3506 1399 3560 Valerius
1429 3504 1687 3558 Maximus
1714 3519 1841 3572 sug-

245 3617 419 3680 geret.
453 3625 472 3658 ‹
504 3606 663 3661 Liber
693 3613 844 3676 pater
877 3618 941 3658 ex
975 3601 1100 3656 Asia
1132 3600 1336 3655 ducens
1367 3597 1716 3668 trimnphum,
1743 3600 1845 3654 hoc

246 3714 379 3756 usus
419 3699 597 3769 poculi
639 3711 838 3769 genere
877 3695 1148 3750 ferebatur
1182 3712 1200 3744 ι
1255 3690 1405 3764 (ναι.
1452 3689 1621 3754 Μαι,
1653 3691 1742 3745 lib.
1777 3707 1840 3757 II,

245 3809 366 3862 cap.
399 3793 453 3856 6.
481 3792 508 3863 ᾗ
539 3792 616 3862 7).
647 3789 812 3858 Cujus
839 3785 1108 3852 exemplo,
1137 3784 1214 3839 uti
1247 3783 1335 3839 ille
1364 3792 1416 3837 et
1446 3783 1650 3838 Plinius
1675 3798 1844 3838 anno-

245 3895 429 3941 tarunt
453 3883 646 3954 (Plin.,
673 3881 762 3935 lib.
785 3895 953 3935 xxxut
979 3877 1116 3932 Hist.
1159 3886 1290 3936 nat..
1317 3893 1432 3944 cap.
1459 3877 1548 3940 11,
1581 3893 1698 3947 pag.
1725 3875 1840 3948 75),

245 3980 314 4034 C.
343 3978 538 4032 Marius
562 3985 679 4045 post
708 3974 990 4028 victoriam
1025 3971 1363 4042 Cymbricam
1392 3969 1663 4024 cantharis
1696 3984 1840 4026 sem-

245 4087 348 4142 per
380 4068 605 4140 potavit.

323 4163 502 4232 Capite
545 4161 681 4215 censi
727 4159 976 4230 appellati
1025 4166 1183 4221 suut,
1230 4157 1430 4226 inquit,
1479 4165 1598 4224 post
1646 4155 1841 4210 .lulium

245 4255 508 4318 Paulum,
546 4255 607 4307 Α.
640 4252 878 4316 Gellius,
909 4251 999 4320 qui
1035 4250 1178 4302 nullo
1201 4293 1215 4312 ,
1258 4259 1350 4302 aut
1391 4264 1646 4318 perquam
1682 4265 1844 4317 parvo

248 4364 360 4404 rere
408 4349 800 4410 censebantur,
849 4360 911 4398 ac
961 4359 1179 4411 parvum
1227 4352 1318 4395 aut
1363 4343 1572 4396 nullttm
1617 4343 1841 4413 vectigal

1960 1724 2312 1796 quorumdam
2333 1724 2575 1779 ciborum
2600 1725 2650 1778 in
2674 1733 2932 1780 aeternum
2952 1723 3299 1791 abstinentia,
3321 1724 3551 1790 maxime

1937 1831 2082 1884 cum
2112 1817 2249 1886 apud
2284 1817 2402 1871 illos
2428 1817 2690 1886 jejunium
2724 1818 2897 1886 panis,
2927 1817 3110 1888 sagina
3137 1818 3380 1872 carnium
3407 1833 3553 1872 com-

1959 1919 2270 1981 pesceretur
2303 1929 2319 1961 ι
2358 1908 2542 1978 (lbid.,
2573 1926 2691 1980 pag.
2724 1908 2871 1980 101).
2904 1908 3092 1964 Nonne
3118 1911 3262 1964 enim
3298 1909 3427 1964 illud
3465 1913 3547 1983 je-

1948 2005 2157 2075 junium
2186 2005 2355 2074 panis,
2381 2003 2520 2060 idem
2545 2012 2627 2058 est
2653 2012 2813 2074 atque
2845 2013 3171 2073 temperatus,
3198 2013 3256 2058 ut
3277 2005 3551 2060 Arnobius

1957 2099 2113 2163 dixit,
2145 2098 2208 2152 ab
2243 2098 2487 2152 alimonio
2511 2097 2700 2167 panis?

2028 2191 2240 2245 Cimices
2268 2192 2544 2248 vermiculi
2573 2200 2700 2246 sunt
2730 2190 2899 2246 faetidi
2931 2206 2996 2247 ex
3027 2191 3203 2262 ligno.
3237 2191 3460 2261 chartis,
3493 2201 3548 2250 et
3629 2207 3634 2214 '

1957 2285 2128 2354 paleis
2159 2295 2462 2340 nascentes.
2497 2285 2728 2342 Isidorus
2761 2301 2888 2339 vero
2919 2304 2932 2340 :
2969 2304 2986 2338 ι
3025 2286 3244 2352 Cimex,
3284 2307 3304 2338 ι
3341 2289 3546 2358 inquit,

1963 2395 1981 2424 ι
2020 2377 2087 2431 de
2119 2377 2466 2434 similitudine
2493 2377 2771 2448 cujusdam
2800 2377 2981 2434 herbae
3010 2391 3253 2445 vocatur,
3281 2381 3435 2450 cujus
3457 2381 3547 2437 fte-

1958 2480 2128 2524 torem
2154 2469 2314 2524 habet
2345 2489 2364 2520 ι
2390 2470 2633 2542 (Arnob.,
2658 2470 2744 2524 lib.
2769 2486 2827 2537 ιι,
2852 2487 2968 2542 pag.
2992 2472 3082 2537 75;
3107 2470 3323 2540 Isidem,
3357 2474 3446 2528 lib.
3467 2491 3542 2532 ιιι

1960 2561 2131 2636 0rig.,
2163 2580 2277 2632 cap.
2311 2563 2388 2634 5).

2032 2675 2050 2708 ι
2082 2655 2320 2723 Cinnam,
2352 2677 2370 2709 ι
2405 2659 2480 2714 ait
2519 2666 2706 2714 auctor
2750 2667 2962 2725 noster,
3011 2678 3030 2711 ι
3064 2674 3354 2732 cyceonem
3385 2677 3545 2732 quem

1955 2761 2229 2822 nuncupat
2252 2753 2481 2817 Graircia,
2502 2753 2708 2824 oggerit
2742 2772 2760 2804 ι
2789 2754 3026 2823 (Arnob.,
3051 2755 3138 2810 lib.
3165 2771 3220 2822 v,
3249 2773 3368 2827 pag.
3395 2757 3542 2827 174).

1953 2843 2080 2898 llaec
2123 2854 2300 2898 autem
2333 2845 2420 2899 ille
2459 2854 2514 2899 et
2543 2846 2688 2916 plura
2727 2846 2866 2911 alia,
2904 2863 3024 2916 quae
3057 2848 3126 2902 ibi
3155 2847 3223 2903 de
3253 2849 3545 2904 Eleusiniis

1951 2938 2231 3008 mysteriis
2259 2947 2458 3001 narrat,
2488 2954 2553 2994 ex
2584 2939 2861 2998 Clemente
2887 2940 3270 3007 Alexandrino,
3299 2951 3354 2995 ut
3383 2956 3544 3012 supra

1872 3043 1920 3108 ρ
1952 3030 2291 3096 notavimus,
2340 3039 2611 3084 mutuatus
2650 3041 2752 3086 est.
2794 3032 2982 3086 Graece
3027 3033 3168 3087 enim
3231 3033 3421 3088 doctus
3465 3035 3546 3090 vir

1948 3123 2242 3192 scripserat
2269 3141 2281 3176 :
2315 3121 2453 3178 é'mov
2481 3126 2563 3179 τὸν
2591 3133 2829 3190 κυκεῶνα,
2860 3125 2974 3180 Bibi
3018 3142 3304 3197 cyceonem.
3338 3127 3544 3182 Cinnus

1947 3224 2150 3280 autem,
2184 3223 2318 3268 teste
2348 3215 2517 3272 Nonio
2549 3217 2818 3280 Marcello,
2853 3218 3087 3289 potionis
3111 3233 3280 3287 genus
3309 3228 3444 3284 erat,
3473 3232 3542 3274 ex

1947 3307 2132 3362 multis
2154 3309 2451 3378 liquoribus
2472 3311 2777 3366 confectura
2809 3312 3062 3382 (Clemens
3088 3313 3366 3368 Alexandr.
3389 3354 3402 3378 ,
3433 3313 3542 3367 Atl-

1948 3401 2127 3454 monit.
2155 3402 2221 3453 ad
2250 3413 2412 3471 gent.,
2453 3419 2570 3472 pag.
2601 3403 2689 3468 13;
2725 3401 2868 3456 Non.
2899 3402 3162 3470 Marcell.,
3191 3403 3252 3457 de
3279 3403 3536 3476 Propriet.

1947 3496 2108 3560 verb.,
2135 3513 2252 3566 cap.
2278 3497 2302 3551 1
2333 3508 2379 3550 et
2399 3496 2474 3568 6).
2502 3497 2730 3552 Monitos
2753 3513 2914 3568 porro
2937 3513 3035 3552 nos
3063 3498 3152 3551 ille
3177 3496 3303 3552 facit
3327 3513 3388 3552 ea
3411 3514 3544 3554 voce

1949 3604 2105 3644 usum
2155 3605 2276 3645 esse
2321 3588 2660 3645 Ciceronem.
2715 3590 2924 3645 Videsis
2961 3590 3306 3657 Turnebum,
3341 3591 3413 3645 lib
3468 3607 3542 3646 xu

1948 3683 2239 3738 Adversar.
2259 3724 2273 3749 ,
2301 3699 2422 3754 cap.
2453 3687 2507 3739 8.

2021 3776 2234 3829 Classici
2272 3777 2679 3845 appellabantur
2717 3778 2862 3832 cives
2899 3779 3124 3834 Romani
3181 3783 3269 3850 qui
3319 3781 3537 3852 quidem

1948 3869 2125 3926 varias
2171 3870 2222 3922 in
2253 3869 2454 3922 classes
2485 3869 2752 3940 quomodo
2781 3871 3051 3926 distributi
3083 3872 3310 3939 fuerint,
3356 3874 3538 3930 Livius

1948 3973 2003 4018 et
2052 3961 2336 4032 Dionysius
2392 3962 2829 4018 llalicaruasseus
2882 3965 3220 4034 descripsere
3268 3966 3541 4036 (Arnob.,

1948 4057 2038 4110 lib.
2065 4072 2120 4122 ιι,
2152 4072 2270 4125 pag.
2306 4054 2397 4122 65;
2427 4054 2563 4122 Liv.,
2601 4055 2688 4110 lib.
2721 4071 2778 4121 ιι,
2811 4073 2925 4129 cap.
2950 4058 3039 4120 45,
3070 4057 3286 4129 Dionys.
3341 4058 3541 4126 Halic.,

1949 4148 2038 4202 lib.
2063 4164 2136 4212 IV,
2160 4164 2278 4218 pag.
2312 4147 2410 4201 2'21
2439 4156 2485 4204 et
2510 4145 2696 4219 seqq).
2723 4147 2990 4220 Singulari
3015 4158 3192 4206 tamen
3213 4152 3537 4222 signiﬁcatu,

1950 4249 2008 4294 ut
2037 4239 2224 4302 refert.
2248 4241 2314 4294 A.
2346 4238 2572 4306 Gellius,
2605 4241 2817 4296 classici
2855 4243 3183 4322 vocabantur
3208 4245 3393 4316 prima:
3422 4258 3539 4303 tan-

1950 4344 2060 4388 tum
2092 4335 2280 4390 classis
2309 4335 2590 4402 homines,
2624 4338 2714 4407 qui
2742 4349 2956 4393 centum
2986 4349 3039 4394 et
3081 4342 3262 4412 viginti
3307 4342 3539 4413 quinque

248 4441 558 4513 pendebant
603 4440 817 4511 (Arnob.
841 4480 854 4500 ,
889 4437 978 4489 lia.
1037 4450 1092 4500 ιι,
1132 4452 1253 4505 pag.
1285 4435 1386 4498 U5;
1424 4433 1580 4500 Gell.,
1616 4435 1705 4488 lib.
1735 4450 1842 4501 xvr,
1872 4435 1925 4500 Ι)
1951 4431 2116 4485 millia
2133 4431 2255 4485 {eris
2278 4432 2575 4500 ampliusve
2595 4433 2742 4488 censi
2762 4443 2916 4488 erant
2938 4433 3122 4502 (Gell.,
3148 4437 3236 4490 lib.
3258 4453 3328 4491 vn
3379 4435 3535 4490 Noct.

250 4532 415 4589 Noct.
446 4535 624 4598 Attia,
654 4549 773 4602 cap.
806 4529 914 4596 10).

325 4625 507 4680 Castus
531 4623 788 4694 peculiari
809 4635 970 4676 sensu
990 4621 1056 4673 ab
1073 4618 1312 4674 Arnobio
1327 4619 1585 4688 accipitur
1603 4619 1814 4688 (Arnob.
1828 4662 1842 4684 ,

251 4719 344 4774 lib.
374 4735 429 4783 v,
464 4735 582 4787 pag.
616 4716 768 4781 167).
793 4715 878 4768 ubi
906 4713 1092 4767 matris
1115 4713 1272 4766 deum
1304 4727 1396 4765 seu
1423 4710 1675 4782 Cybeles,
1702 4728 1845 4784 mys-

250 4813 389 4867 teria
435 4811 579 4864 hunc
622 4807 859 4876 exagitat
903 4807 954 4859 in
999 4804 1212 4858 modum
1250 4824 1263 4856 :
1300 4823 1319 4855 ι
1353 4804 1496 4868 Quid
1522 4815 1845 4872 temperatus

253 4903 327 4958 ab
359 4903 614 4956 alimonio
644 4899 796 4968 panis
819 4941 832 4961 ,
865 4899 949 4951 cui
980 4899 1053 4950 rei
1083 4896 1311 4951 dedistis
1343 4911 1536 4950 nomen
1582 4905 1780 4950 castus.
1822 4917 1841 4948 ι

253 4997 409 5065 Quod
435 4997 650 5066 quidem
678 5003 734 5046 ut
756 4992 1104 5060 intelligatur,
1129 5007 1192 5044 ex
1219 4991 1466 5060 Apuleio,
1488 4991 1844 5054 Tcrtulliano,

254 5092 587 5161 Hieronymo
615 5097 670 5141 et
697 5087 837 5151 aliis,
879 5084 1413 5140 animadvertendum
1444 5093 1548 5146 est,
1579 5085 1630 5137 in
1659 5083 1845 5138 horum

258 5180 640 5254 mysteriorum
669 5177 1030 5234 celebratione
1059 5177 1398 5231 observatam
1429 5177 1622 5246 fuisse,
1657 5187 1850 5246 printer

257 5279 394 5344 alios
443 5275 626 5344 plures
672 5272 1075 5342 superstitiosos
1131 5271 1306 5333 ritus.
1358 5270 1602 5324 ciborqu
1659 5271 1846 5324 saltem

258 5369 624 5427 communium
675 5366 1050 5440 abstinentiam
1100 5365 1331 5434 (Apul.,
1382 5363 1467 5418 lib.
1514 5380 1568 5418 ιιι
1613 5362 1846 5422 Metam.

263 5482 386 5537 pag.
415 5464 521 5519 ‘206
549 5471 596 5516 et
625 5461 751 5525 209;
782 5459 1024 5523 Tertull.,
1054 5459 1141 5513 lib.
1172 5460 1235 5512 de
1261 5459 1464 5526 Jejun.,
1494 5474 1608 5527 cap.
1639 5459 1690 5526 2;
1728 5456 1849 5510 Ilie-

262 5576 490 5630 ronym.,
515 5560 657 5624 epist.
683 5558 712 5612 7
737 5555 803 5609 ad
831 5554 1044 5618 Lwtam,
1070 5569 1190 5624 pag.
1221 5553 1310 5619 59,
1344 5562 1390 5605 et
1425 5551 1512 5606 lib.
1545 5568 1582 5606 ιι
1636 5551 1846 5605 Adverti.

265 5650 410 5717 Jov.,
445 5665 562 5720 pag.
604 5645 716 5716 98).
749 5650 816 5703 At
846 5645 1082 5716 quidam,
1117 5645 1190 5700 uti
1222 5644 1498 5702 Martinius
1523 5655 1576 5700 et
1600 5642 1844 5712 Vossius,

1952 4531 2129 4595 Attia,
2161 4546 2276 4598 cap.
2298 4528 2413 4599 15).
2438 4530 2506 4583 At
2533 4544 2598 4584 eo
2625 4530 2928 4599 signiﬁcatu
2953 4532 3055 4586 hoc
3077 4547 3269 4586 nomen
3298 4533 3538 4588 classicus

1949 4621 2018 4674 ah
2047 4621 2285 4674 Arnobio
2312 4621 2564 4687 sumitur,
2597 4621 2642 4674 si
2675 4623 2880 4692 integer
2910 4633 2964 4676 et
2994 4623 3334 4692 incorruptus
3364 4625 3434 4678 sit
3461 4624 3535 4680 ibi

1951 4715 2092 4769 illius
2120 4724 2294 4768 textus
2317 4755 2330 4773 .
2372 4714 2460 4768 ubi
2500 4713 2651 4782 plura
2693 4715 2918 4784 turpiter
2963 4715 3158 4769 ftedata
3190 4716 3352 4769 fuisse
3380 4731 3539 4770 nemo

1955 4807 2173 4862 difﬁteri
2201 4815 2394 4875 potest.
2427 4807 2498 4862 De
2528 4806 2716 4862 iisdem
2741 4819 2916 4862 autem
2947 4809 3309 4863 Romanorum
3344 4809 3537 4866 civium

1955 4901 2216 4956 classibus
2245 4898 2516 4954 ArnObius
2545 4899 2660 4972 (lib.
2689 4917 2746 4961 ιι.
2778 4918 2895 4972 pag.
2926 4900 3051 4970 91),
3077 4902 3149 4955 uti
3178 4903 3425 4971 superius
3459 4904 3540 4958 vi-

1955 4993 2154 5057 dimus,
2187 4992 2400 5046 locutus
2424 5001 2578 5047 antea
2613 4994 2804 5048 luerat.
2831 4997 2896 5049 At
2927 4995 2994 5048 de
3024 4995 3105 5048 his
3129 5002 3384 5063 prwterea
3411 5011 3539 5052 con-

1954 5087 2132 5142 sulere
2179 5085 2417 5154 poteris,
2465 5088 2532 5140 Α.
2580 5085 2850 5153 Gellium,
2899 5087 2993 5140 lib.
3041 5103 3070 5140 x
3137 5087 3291 5142 Noct.
3332 5091 3534 5159 Attic.,

1954 5195 2076 5251 cap.
2103 5179 2195 5245 28,
2224 5186 2278 5233 et
2302 5177 2563 5249 Lipsium,
2589 5179 2683 5233 lib.
2720 5195 2733 5232 ι
2760 5178 2826 5234 de
2852 5178 3002 5233 Miltt.
3030 5178 3212 5245 Rom.,
3245 5180 3448 5254 Dialog.
3477 5183 3534 5250 2,

1953 5283 2085 5328 tom.
2111 5289 2189 5338 ιιι,
2219 5287 2338 5343 pag.
2375 5272 2455 5327 15.

2027 5363 2282 5430 Crateraz,
2331 5365 2375 5418 si
2407 5362 2578 5418 Nonio
2608 5363 2860 5418 Marcello
2884 5364 3210 5435 credideris,
3249 5380 3375 5422 vasa
3416 5376 3540 5422 sunt

1955 5457 2094 5522 vini;
2128 5468 2367 5512 crateres
2397 5472 2526 5512 vero
2559 5472 2684 5512 vasa
2716 5457 2949 5528 olearia;
2998 5474 3061 5514 ac
3108 5467 3393 5530 utrumque
3423 5459 3540 5513 Vir-

1955 5551 2065 5622 gilii
2097 5551 2420 5606 anctoritate
2446 5550 2677 5623 probare
2703 5552 2890 5610 nititur
2913 5552 3098 5624 (Ibid.,
3123 5569 3239 5624 pag.
3279 5554 3368 5618 56;
3396 5550 3540 5606 Mar-

1955 5643 2092 5711 cell.,
2125 5657 2238 5712 cap.
2271 5641 2382 5714 19).
