3986 6058
469 190 573 249 695

1736 208 2174 281 DlSSERTATlO
2199 215 2474 274 ΡΒΔΥΙΑ

3637 230 3744 287 696

494 309 679 381 :.Cupa
718 321 800 368 est
828 314 953 379 vas',
1001 317 1051 369 in
1079 332 1183 387 quo
1214 317 1441 385 bibitur;
1471 321 1589 385 vel,
1637 333 1693 379 ιιι
1729 325 2045 396 quibusdam
2073 332 2126 393 Α
2148 333 2260 387 sius
2289 332 2575 402 Hieroclis,
2625 346 2678 393 et
2724 337 3155 397 Elmenhorstius
3195 342 3444 401 Hieronis
3474 345 3741 407 Alexand.

467 401 658 470 placet,
697 419 790 459 vas
816 406 1073 461 vinarium
1102 409 1271 479 majus
1301 411 1539 482 (Arnob,
1562 415 1676 482 lib.,
1702 432 1760 485 ιι,
1785 435 1903 490 pag.
1925 419 2039 491 59).

533 495 792 562 Curculio,
826 514 919 556 seu
948 503 1220 573 curgulio,
1249 516 1340 561 aut
1378 508 1625 579 gurgulio
1646 552 1660 574 ,
1712 527 1931 580 parvum
1963 525 2046 571 est

461 588 657 644 animal
686 591 1008 648 frumentum
1038 597 1332 653 corrodeus
1359 598 1547 669 (lbid.,
1578 619 1698 673 pag.
1731 603 1846 675 75),
1874 614 1931 661 ut
1951 623 2046 678 pa-

464 691 540 737 tet
570 683 671 738 hoc
698 684 899 758 Virgilii
924 690 1161 745 carmine
1195 710 1209 747 :

552 860 589 911 Ο
715 861 744 909 Γ
801 799 1104 867 Populatque
1126 806 1381 868 ingentem
1408 806 1545 859 farris
1563 821 1794 861 acervum

590 873 708 910 urcu
733 874 795 911 to.

590 873 708 910 01⁵01]
715 873 795 912 ιιο.

951 927 1179 996 (Virgil.,
1206 927 1288 981 lib.
1312 945 1329 980 ι
1358 932 1552 997 Georg.,
1577 948 1698 986 vers.
1730 936 1854 998 185.)

456 1050 618 1121 Lege,
666 1055 711 1108 si
756 1057 908 1122 velis,
939 1057 1006 1113 de
1043 1058 1122 1114 Re
1152 1062 1349 1117 rustica
1382 1064 1694 1132 scriptores,
1721 1065 2044 1135 Varronem,

455 1159 571 1213 cap.
600 1145 689 1212 6'5;
718 1147 998 1217 Catonem,
1023 1166 1142 1223 cap.
1168 1153 1223 1217 2;
1250 1154 1626 1221 Columellam,
1651 1158 1743 1213 lib.
1773 1174 1810 1226 ι,
1845 1174 1963 1230 cap.
1987 1158 2043 1228 6;

455 1234 749 1292 Palladium
781 1256 1008 1312 quoque.
1044 1244 1137 1299 lib.
1173 1261 1211 1311 ι,
1248 1244 1326 1299 lit.
1359 1246 1445 1302 ιθ.
1790 1233 1801 1239 “

488 1329 782 1402 ‘Defanata
826 1335 1045 1399 apatiola
1087 1337 1214 1393 dicit
1254 1340 1523 1395 Arnobius
1564 1342 1802 1414 (Aruob.,
1832 1344 1922 1399 lib.
1962 1361 2047 1413 ιν,

453 1441 508 1493 p.
539 1424 687 1496 155),
734 1426 783 1479 id
816 1437 898 1481 est
929 1430 1203 1497 profanata
1246 1433 1494 1500 spatiola.
1529 1432 1658 1489 Nam
1693 1436 1765 1491 ibi
1801 1437 2045 1495 alludere

449 1517 665 1571 videtur
693 1518 758 1573 ad
790 1535 850 1575 ea
881 1537 1001 1591 quae
1032 1522 1098 1578 de
1126 1523 1340 1579 Tiberio
1369 1524 1613 1582 Graccho
1634 1571 1647 1591 ,
1681 1529 1872 1585 Cicero
1892 1572 1906 1597 ,
1943 1531 2044 1586 Va-

453 1607 614 1663 lerius
642 1608 922 1679 Maximus,
953 1626 1007 1668 et
1027 1615 1115 1670 alii
1142 1628 1441 1672 memorant
1463 1618 1614 1692 (Cia,
1641 1622 1728 1677 lib.
1756 1639 1791 1677 ιι
1841 1624 1905 1680 de
1928 1623 2043 1679 Na-

410 1750 427 1759 ,
451 1713 552 1757 tur.
579 1705 745 1771 deor.,
769 1724 823 1775 p.
849 1710 974 1773 215,
1004 1710 1091 1763 lib.
1118 1728 1132 1765 t
1180 1711 1242 1765 de

453 1795 540 1849 lib.
570 1813 607 1863 ι,
637 1815 752 1869 cap.
788 1800 839 1861 1,
868 1799 895 1872 §
927 1800 1001 1873 ὅ).
1029 1801 1163 1857 Cum
1196 1805 1304 1870 ille,
1337 1806 1603 1875 inquiunt,
1637 1809 2040 1868 tabernaculum

349 1956 366 1966 ι
450 1892 581 1946 vitio
618 1895 853 1961 cepisset
894 1895 1239 1967 imprudens,
1269 1907 1325 1953 et
1365 1901 1664 1970 pomarium
1709 1904 2041 1975 inauspicato

450 1991 815 2055 transgressus
841 1998 1004 2055 esset,
1035 1990 1154 2044 ideo
1183 1984 1311 2046 vitio
1332 2004 1542 2048 creatos
1571 1996 1819 2051 consules
1844 1999 1912 2053 ab
1944 2014 2043 2053 au-

449 2077 668 2146 guribus
691 2081 1110 2147 pronuntiatum.
1135 2083 1288 2151 Quod
1311 2083 1524 2154 q’uidem
1555 2088 1600 2142 si
1625 2089 1695 2143 ita
1723 2088 1813 2153 sit,
1851 2100 2041 2146 auctor

450 2182 638 2226 noster
666 2173 1071 2229 tabernaculum
1097 2176 1224 2230 illud
1254 2188 1306 2231 et
1330 2181 1625 2247 pomarium
1648 2181 1889 2253 defanata
1915 2199 2040 2252 spa-

450 2263 573 2316 tiola
615 2265 885 2335 appellare
933 2268 1162 2324 videtur.
1208 2270 1263 2324 Si
1292 2282 1471 2326 tamen
1501 2273 1568 2328 ad
1611 2274 1770 2329 aliam
1808 2275 2039 2332 similem

447 2355 724 2413 historiam
771 2377 892 2415 eum
929 2365 1232 2434 respexisse
1265 2368 1570 2436 probaveris
1592 2411 1605 2432 ,
1637 2370 1727 2424 tibi
1758 2381 1906 2426 certe
1931 2386 2039 2426 non

448 2452 861 2522 repugnabimus
891 2472 903 2507 :
935 2455 1028 2510 sed
1059 2456 1246 2513 eadem
1276 2474 1489 2531 semper
1525 2462 1943 2520 eritoverborum
1971 2465 2040 2519 il-

449 2540 552 2597 lius
571 2544 909 2612 signiﬁcatio.

526 2654 545 2685 ί
580 2633 908 2705 Desultores,
946 2659 964 2691 ι
1002 2640 1173 2712 inquit
1198 2642 1469 2711 Isidorus,
1509 2665 1527 2697 ‹
1559 2648 1860 2716 nominati,
1893 2651 2038 2721 quod

448 2727 610 2795 olim,
642 2738 799 2798 prout
838 2730 1063 2802 quisque
1092 2735 1157 2787 ad
1190 2733 1350 2791 linem
1389 2751 1579 2793 Cursus
1606 2752 1864 2808 Venerat,
1894 2743 2039 2798 desi-

448 2820 611 2876 liebal.
654 2838 717 2879 ac
762 2827 1010 2881 currebat
1053 2846 1066 2881 :
1121 2829 1235 2884 sive
1278 2831 1420 2900 quod
1471 2832 1539 2888 de
1565 2850 1704 2904 equo
1754 2837 1805 2891 in
1838 2853 2038 2908 equum

449 2916 779 2972 transiliebat
807 2936 826 2969 ι
856 2918 1092 2990 (Arnab.,
1118 2922 1208 2976 lib.
1234 2939 1291 2985 ιι,
1324 2942 1376 2993 p.
1403 2925 1501 2992 70;
1528 2926 1741 2995 Iat'dor.,
1768 2930 1856 2986 lib.
1906 2946 2035 2986 xvut

453 3007 677 3081 0rigin..
701 3029 816 3082 cap.
847 3013 954 3083 59).
988 3016 1165 3085 Atque
1194 3016 1298 3073 hoc
1326 3034 1487 3074 sensu
1518 3037 1545 3073 a
1575 3020 1725 3077 Livio
1753 3024 2034 3092 accipitur,

2147 426 2467 483 conﬁrmant
2491 430 2822 489 testimonio.

2216 519 2554 579 Euterocclici
2579 538 2835 583 vocantur
2880 528 2971 600 qui
3001 529 3241 585 intestini
3269 546 3299 585 a
3322 532 3540 603 proprio
3569 541 3625 588 et
3644 548 3744 588 na-

2150 615 2307 669 turali
2339 617 2460 673 loco
2482 617 2773 687 descensu,
2801 635 2896 677 seu
2917 620 3107 677 hernia
3129 623 3392 680 laborant.
3419 624 3500 680 Eo
3528 640 3745 697 quoque

2145 723 2323 779 graeco
2348 712 2568 767 nomine
2596 712 2800 768 Plinius
2825 731 2951 768 usus
2995 724 3097 782 est,
3127 726 3181 772 et
3211 717 3437 773 latinum
3465 717 3597 774 fecit
3623 716 3746 791 (Ar-

2146 803 2290 869 nob.,
2313 803 2401 857 lib.
2430 820 2591 877 vu,p.
2620 805 2765 876 240;
2804 806 2971 877 Plin.,
3002 809 3092 865 lib.
3125 826 3194 866 xx
3236 810 3429 868 Natur.
3448 813 3597 881 hist,
3621 829 3740 885 cap.

2145 893 2200 957 4,
2221 911 2275 965 p.
2309 894 2421 967 15).

2219 985 2570 1044 Exauctorare
2592 990 2723 1048 deos
2750 993 2897 1064 ipsos
2924 994 3060 1052 dixit
3080 997 3352 1054 Arnobius
3384 998 3741 1072 (Eodemlib.,

2146 1095 2200 1147 p.
2224 1078 2376 1152 236).
2400 1097 2499 1153 pro
2524 1086 2897 1142 auctoritatem
2918 1088 3000 1143 eis
3026 1090 3266 1147 adimere
3290 1101 3346 1147 et
3364 1107 3598 1165 eripere.

2217 1169 2461 1228 Fasciola
2490 1215 2505 1241 ,
2538 1174 2716 1231 fascia:
2740 1177 3116 1236 diminutivum
3140 1224 3153 1248 ,
3188 1181 3436 1256 idemque
3463 1197 3620 1241 sonat
3656 1194 3743 1241 at-

2146 1278 2250 1333 que
2276 1264 2556 1321 linteolum
2588 1265 2832 1340 (Arnob,
2862 1271 2950 1326 lib.
2980 1286 3039 1339 ιι,
3059 1290 3111 1344 p.
3137 1271 3270 1346 59),
3294 1276 3437 1346 quod
3469 1276 3534 1332 ad
3566 1277 3743 1349 ligan-

2145 1354 2271 1409 dum
2299 1356 2495 1426 aliquid
2525 1369 2707 1428 aptum
2729 1370 2834 1425 est,
2870 1364 2957 1419 vel
2986 1380 3092 1433 quo
3118 1368 3399 1437 speciatim
3418 1368 3638 1425 vulnera
3661 1369 3743 1424 al-

2146 1448 2400 1520 ligantur,
2450 1452 2607 1507 sicuti
2653 1454 2891 1512 Isidorus
2937 1460 3318 1517 animadvertit
3366 1462 3619 1533 (Isidem,
3648 1465 3740 1520 lib.

2147 1560 2237 1598 xix
2286 1544 2457 1618 0rig.,
2480 1564 2595 1618 cap.
2618 1550 2733 1617 55).
2755 1550 2821 1605 Et
2848 1551 3040 1608 Cicero
3060 1555 3273 1625 quidem
3293 1557 3344 1612 in
3363 1558 3593 1628 quadam
3614 1575 3739 1615 ora-

2147 1639 2292 1695 tione
2337 1643 2512 1712 primo
2566 1659 2729 1699 sensu
2776 1644 2912 1701 dixit
2944 1665 2958 1701 :
2994 1667 3012 1700 ι
3036 1648 3097 1705 P.
3132 1647 3352 1707 Clodius
3381 1669 3407 1706 a
3439 1665 3679 1721 crocota,
3718 1674 3739 1709 ι

1266 1711 1461 1780 υῖυίηη
1488 1732 1539 1782 P.
1565 1714 1703 1819 26k.
1728 1714 1845 1771 ναι.
1868 1718 2039 1819 Man.
2072 1724 2118 1785 Β
2146 1711 2351 1802 inquit,
2391 1753 2410 1785 ι
2435 1750 2462 1788 a
2496 1736 2676 1803 mitra,
2701 1754 2730 1792 a
2758 1740 3107 1797 muliebribus
3136 1743 3319 1813 soleis,
3351 1711 3744 1819 purpureisq’ue

2145 1826 2378 1883 fasciolis
2404 1847 2425 1880 ι
2452 1828 2635 1903 (Cicer.
2660 1830 2806 1887 Orat.
2830 1833 2900 1888 50
2929 1835 2993 1890 de
3046 1835 3274 1908 Harusp.
3300 1857 3462 1911 resp.,
3510 1861 3565 1915 p.
3586 1843 3740 1919 436).

2143 1916 2397 1975 Horatius
2425 1930 2605 1977 autem
2632 1924 2870 1981 secundo
2897 1941 3059 1982 sensu
3088 1930 3309 2002 scripsit
3339 1950 3354 1985 :

2881 2045 3045 2097 Pouas
3068 2049 3277 2112 insignia
3311 2052 3489 2115 morbi,

2239 2099 2496 2151 Fasciolas.

2397 2167 2616 2227 (Horat.,
2638 2166 2720 2219 lib.
2748 2185 2801 2231 ιι,
2822 2168 2959 2221 aatir.
2984 2173 3035 2234 5,
3066 2185 3193 2226 vera.
3217 2174 3311 2225 254
3331 2184 3379 2228 et
3396 2179 3554 2243 seqq.)

2216 2269 2520 2329 Fellitantes
2550 2291 2801 2332 mammas
2824 2290 3148 2349 exsuperent,
3181 2280 3414 2338 honesto
3445 2283 3747 2354 signiﬁcatu

2144 2364 2213 2420 ab
2252 2364 2489 2420 Aruobio
2523 2365 2719 2422 dicitur
2768 2367 3008 2441 (Arnob,
3043 2371 3131 2427 lib.
3173 2388 3229 2440 ιι,
3260 2391 3315 2444 p.
3356 2374 3469 2447 70).
3500 2376 3633 2432 Nam
3676 2379 3746 2435 de

2143 2456 2439 2512 infantibus
2466 2458 2728 2529 loquitur,
2760 2462 2847 2531 qui
2878 2474 3109 2518 matrum
3145 2474 3236 2520 aut
3264 2467 3530 2522 nutricum
3574 2484 3746 2525 mam-

2141 2565 2258 2605 mas
2287 2552 2567 2622 surgebant.
2596 2550 2814 2608 Solinus
2840 2570 2970 2609 vero
2991 2556 3125 2611 dixit
3152 2575 3166 2611 :
3203 2576 3222 2609 ι
3253 2558 3600 2632 Nequaquam
3624 2578 3745 2617 ma-

2144 2657 2225 2702 ter
2252 2647 2398 2717 pullo
2437 2648 2599 2704 ubera
2626 2650 2829 2721 praebet
2859 2651 3154 2709 fellitanda.
3186 2676 3205 2708 ›
3238 2656 3459 2726 (εοιὶη.,
3494 2676 3614 2731 cap.
3642 2661 3737 2718 45.

2140 2757 2194 2810 p.
2229 2740 2346 2808 74.)
2378 2740 2520 2813 Lege
2541 2742 2871 2810 Turnebum,
2916 2745 3013 2804 lib.
3046 2763 3186 2803 xxiv
3218 2750 3475 2821 Advers.,
3498 2768 3616 2823 cap.
3651 2756 3742 2821 15,

2141 2841 2197 2888 ει
2225 2832 2317 2887 lib.
2351 2849 2499 2901 xxix,
2530 2849 2648 2905 cap.
2680 2837 2766 2894 lt).

2212 2925 2565 2983 Fcruucnlum
2602 2929 2653 2984 in
2696 2930 2956 2987 librorum
2998 2936 3221 2991 Arnobii
3261 2941 3626 3011 manuscripto
3643 2956 3742 2996 co-

2140 3019 2260 3075 dice
2310 3023 2461 3093 regio
2497 3022 2725 3093 legimus
2755 3024 2995 3096 (Arnob,
3020 3029 3109 3084 lib.
3137 3046 3196 3097 ιι,
3226 3049 3278 3102 p.
3303 3031 3415 3105 47).
3446 3033 3547 3090 Sed
3598 3033 3743 3092 hanc

450 3102 538 3156 ubi
561 3104 628 3157 de
650 3098 995 3160 Numidarum
1019 3109 1259 3179 agilitate
1283 3112 1351 3165 ita
1382 3112 1621 3168 disserit.
1657 3134 1674 3164 ι
1710 3114 1818 3171 Νεε
1845 3133 2035 3173 omnes
2064 3114 2110 3177 C
2144 3130 2333 3171 vocem
2386 3117 2601 3187 quidam
2655 3132 2964 3191 corruptam
3012 3125 3214 3194 opinati
3245 3168 3260 3193 ,
3307 3128 3634 3197 furunculum
3684 3130 3744 3186 in

447 3194 691 3250 Numida‘
719 3199 769 3251 in
796 3198 987 3253 dextro
1031 3201 1187 3256 locati
1221 3218 1387 3257 cornu
1411 3248 1425 3269 ,
1459 3206 1553 3260 sed
1584 3208 1778 3277 quibus
1803 3208 2044 3266 desulto-

394 3342 401 3351 ,
448 3305 564 3343 rum
594 3292 643 3344 in
678 3293 913 3356 modum,
946 3294 1100 3350 binos
1132 3297 1469 3354 trahentibus
1497 3316 1690 3370 equos,
1721 3304 1861 3357 inter
1888 3320 2044 3360 acer-

446 3385 637 3437 rimam
665 3400 809 3456 saepe
839 3403 1097 3457 pugnam,
1153 3392 1203 3443 iu
1236 3406 1508 3447 recentem
1550 3411 1743 3464 equum
1787 3413 1853 3451 ex
1900 3397 2043 3453 fesso

446 3480 667 3532 armatis
696 3482 1013 3537 transultare
1058 3498 1173 3538 mus
1216 3496 1331 3539 erat
1366 3504 1379 3539 :
1411 3497 1556 3542 tanta
1584 3490 1842 3544 velocitas
1872 3491 2000 3560 ipsis
2026 3534 2041 3557 ,

449 3577 663 3640 tamque
705 3572 879 3626 docile
907 3587 1165 3642 equorum
1204 3591 1371 3646 genus
1423 3590 1504 3632 est
1540 3600 1559 3631 ι
1598 3579 1757 3651 (Liv.,
1790 3583 1877 3636 lib.
1915 3600 2044 3640 xxm

449 3678 566 3730 cap.
596 3661 709 3735 29).
761 3662 972 3718 Videsis
998 3663 1266 3737 Lipsiutn,
1302 3670 1392 3724 lib.
1447 3686 1501 3725 ιιι
1548 3673 1615 3727 de
1660 3674 1813 3729 milit.
1857 3675 2041 3743 Rom.,

448 3754 658 3826 Dialog.
688 3757 743 3822 8,
787 3772 906 3827 pug.
955 3758 1043 3821 95,
1087 3772 1217 3816 tom.
1266 3777 1344 3828 tu;
1391 3776 1446 3819 et
1486 3765 1615 3821 Cael.
1656 3767 2039 3840 Rhodiginum,

448 3848 543 3903 lib.
578 3865 730 3917 χχιιι,
761 3849 883 3905 lect.
915 3853 1119 3924 Antiq.,
1149 3870 1267 3925 cap.
1298 3857 1390 3913 30.

524 3940 684 3996 Dibua
724 3944 773 3996 in
809 3946 955 4015 regio
992 3946 1303 4003 Arnobiauo
1336 3949 1521 4006 codice
1558 3953 1752 4023 legitur
1787 3954 1999 4025 (Arnob.
2023 4002 2040 4026 ,

449 4034 538 4087 lib.
562 4050 619 4101 ιι,
643 4052 761 4107 pag.
793 4035 908 4108 60).
937 4037 1044 4093 Sed
1084 4039 1209 4110 quid
1240 4056 1303 4097 ea
1340 4058 1441 4096 vox
1483 4044 1777 4117 signiﬁcet,
1808 4049 1928 4120 quia
1956 4048 2041 4104 iu-

449 4144 779 4200 compertum
811 4144 947 4201 erat,
980 4151 1079 4206 pro
1105 4126 1169 4191 ea
1209 4138 1260 4191 in
1293 4140 1612 4209 quibusdam
1644 4142 1803 4198 editis
1842 4160 2039 4202 nomen

424 4224 604 4279 .cubus
630 4226 858 4294 positum
887 4238 990 4282 est.
1022 4229 1317 4284 Salmasius
1338 4248 1466 4288 vero
1490 4234 1645 4299 hanc,
1676 4252 1832 4307 quam
1854 4241 2042 4308 genui-

451 4334 574 4373 nam
607 4330 754 4387 putat
773 4321 1058 4377 lectioncm
1085 4336 1392 4394 corruptam
1421 4329 1584 4386 fuisse
1608 4332 1858 4401 opinatur
1880 4335 2041 4406 impe-

452 4411 573 4465 ritia
600 4411 963 4479 librariorum,
995 4416 1085 4486 qui
1116 4419 1403 4474 secundum
1434 4420 1593 4492 hujus
1625 4427 1856 4481 nominis
1890 4428 2038 4485 litte-

2147 3216 2292 3265 textu
2338 3210 2477 3266 haud
2521 3221 2699 3268 tamen
2750 3216 2940 3271 merito
2972 3217 3094 3287 jure
3138 3232 3455 3290 posuerunt.
3502 3223 3631 3279 Nam
3685 3234 3743 3280 ut

2146 3304 2402 3373 scriptum
2451 3302 2688 3361 Isidorus
2726 3309 2942 3380 reliquit
2976 3330 2988 3365 :
3026 3331 3045 3363 ‹
3084 3311 3421 3371 Furunculus
3447 3326 3532 3373 est
3561 3327 3741 3375 tumor

2147 3396 2198 3449 in
2227 3408 2438 3451 acutum
2468 3402 2926 3471 surgens,ilictns,
2959 3403 3102 3474 quod
3136 3405 3363 3474 ferveat,
3382 3410 3534 3479 quasi
3560 3409 3744 3467 lerun-

2145 3489 2316 3556 culus,
2348 3489 2485 3546 unde
2523 3507 2697 3562 graece
2727 3492 2910 3575 ἄνθραξ
2941 3496 3154 3564 dicitur,
3182 3500 3323 3570 quod
3356 3501 3426 3555 sit
3454 3502 3673 3573 ignitus.
3716 3525 3735 3556 ι

2147 3578 2385 3652 (Isidor.,
2420 3583 2507 3637 lib.
2539 3600 2591 3639 tv
2621 3584 2849 3655 0rigin.,
2876 3605 2993 3659 cap.
3019 3590 3101 3660 8.)
3123 3590 3226 3646 Sed
3246 3608 3459 3663 quoquo
3484 3595 3643 3650 modo
3659 3596 3741 3652 lc-

2143 3684 2319 3743 gatur,
2377 3676 2504 3731 illud
2546 3678 2745 3748 optime
2794 3685 3029 3736 auctoris
3081 3686 3248 3738 nostri
3287 3687 3564 3756 proposito
3606 3703 3744 3744 cou-

2144 3771 2304 3841 gruit.
2339 3770 2472 3826 Dicit
2492 3774 2633 3827 enim
2668 3774 2868 3828 nullum
2893 3776 2976 3829 vel
3009 3777 3347 3845 levissimum
3380 3782 3734 3850 furunculum,

2144 3865 2257 3919 sive
2275 3866 2600 3936 ferunculum
2626 3866 2695 3921 ab
2717 3868 2863 3923 nullo
2879 3886 3129 3941 umquam
3152 3871 3472 3942 philos0pho
3497 3889 3598 3928 una
3622 3875 3739 3931 sola

2143 3974 2276 4015 voce
2320 3970 2584 4017 sanatum.
2621 3959 2695 4017 De
2758 3963 3040 4021 furunculo
3082 3973 3261 4022 autem
3301 3968 3498 4038 szepius
3537 3968 3741 4025 Plinius

2144 4053 2239 4111 lib.
2269 4072 2359 4123 xx,
2392 4068 2445 4113 et
2474 4058 2585 4115 alii.

2216 4172 2429 4230 Flatare
2452 4178 2659 4232 calamo
2679 4219 2693 4243 ,
2717 4190 2765 4235 et
2786 4180 2898 4233 cmli
2917 4180 3133 4249 ﬂatura:
3154 4180 3287 4237 dixit
3311 4193 3500 4239 auctor
3525 4195 3734 4249 noster,

2146 4282 2243 4338 pro
2266 4269 2395 4325 ﬂare
2415 4271 2623 4326 calamo
2645 4286 2741 4326 seu
2767 4272 2914 4340 tibia,
2939 4283 2994 4329 et
3013 4274 3136 4332 coeli
3154 4274 3284 4331 ﬂatu
3310 4275 3549 4347 (Arnob.,
3581 4279 3670 4333 lib.
3696 4263 3764 4346 ι,’

2145 4378 2199 4430 p.
2224 4362 2278 4429 7,
2307 4372 2353 4418 el
2380 4362 2496 4417 libr.
2522 4380 2578 4431 ιι,
2610 4381 2662 4434 p.
2681 4364 2793 4437 69).

452 4521 567 4561 ram
615 4524 647 4560 ιι
688 4478 1025 4578 diviserunt;
1061 4526 1124 4566 ac
1154 4513 1389 4584 priorem
1433 4478 1550 4586 ejus
1594 4478 2035 4590 partemnprirn'te
2060 4508 2116 4568 D
2203 4478 2654 4585 .FluoquOque
2700 4484 2867 4539 verba
2896 4484 3036 4590 hang
3068 4486 3347 4590 sémcllle
3375 4487 3584 4590 uliwr.’
3627 4504 3738 4590 qu."

453 4602 647 4657 litterae
674 4619 700 4656 c
730 4604 1118 4675 coniungentes
1158 4607 1401 4664 fecerunt
1450 4611 1629 4668 Dibus.
1659 4612 1783 4668 Alio
1824 4627 2036 4685 autem,

452 4694 546 4750 sed
577 4711 680 4750 non
711 4697 927 4768 majoris
954 4702 1208 4756 momenti
1254 4704 1500 4775 exemplo
1526 4705 1575 4760 id
1601 4708 1829 4776 probare
1855 4711 2040 4766 conni-

452 4790 599 4845 titur.
629 4792 696 4845 At
722 4791 982 4849 Meursius
1007 4795 1230 4864 primam
1261 4797 1541 4853 lectionem
1570 4798 1750 4866 Dibus,
1780 4818 1883 4873 qua
1910 4819 2038 4861 usus

454 4895 537 4939 est
562 4886 835 4957 Agathias,
869 4897 922 4943 et
944 4906 1064 4960 qua:
1088 4891 1359 4947 binionem
1387 4894 1672 4963 signiﬁcat,
1702 4898 2039 4954 retinendam

452 4992 572 5034 esse
606 4982 819 5037 censuit
847 4982 1087 5054 (Meum,
1126 4984 1214 5039 lib.
1253 5002 1289 5039 ιι
1330 4984 1485 5050 Crit.,
1536 5003 1652 5057 cap.
1687 4987 1749 5052 6;
1786 4989 2037 5054 Salmas.,

453 5072 732 5128 Exercitat.
761 5077 812 5129 iu
837 5075 1034 5141 Solin.,
1059 5094 1177 5149 pag.
1200 5078 1308 5133 M7
1330 5092 1375 5133 et
1396 5078 1544 5151 699).
1569 5080 1671 5135 Alii
1704 5090 1878 5138 tamen
1909 5083 2040 5140 illud

453 5165 522 5219 ab
548 5180 613 5219 co
647 5166 939 5223 voluissent
964 5169 1084 5224 aliis
1118 5170 1380 5241 exemplis
1408 5172 1733 5227 conﬁrmari.
1764 5174 1832 5229 At
1861 5190 2039 5232 nonne

453 5257 520 5313 ad
552 5258 603 5313 id
638 5259 966 5328 probandum
997 5263 1127 5317 satis
1151 5274 1253 5331 est,
1282 5264 1422 5334 quod
1454 5263 1522 5318 ibi
1551 5263 1816 5321 Arnobius
1844 5267 1911 5322 de
1943 5284 2040 5323 nu-

456 5350 621 5404 meris
646 5349 898 5421 diSputet,
923 5370 985 5410 ac
1007 5356 1151 5411 varia
1176 5372 1523 5412 numerorum
1546 5358 1760 5413 nomina
1782 5361 2038 5419 continuo

455 5440 822 5513 subjunxerit?

453 5545 459 5581 :
532 5535 776 5607 Dynamis
801 5548 979 5594 autem
1006 5541 1072 5597 ab
1101 5543 1196 5599 illo
1226 5543 1422 5600 ibidem
1464 5555 1697 5616 notatur,
1726 5557 1780 5603 et
1818 5548 1870 5604 in
1917 5550 2037 5621 qni-

453 5627 672 5684 busdam
695 5630 1022 5687 editionibus
1047 5636 1290 5712 dymanis
1310 5680 1324 5704 ,
1352 5638 1447 5695 sed
1472 5641 1748 5698 mendose.
1777 5640 2040 5714 Dynamis

444 5733 621 5777 autent
637 5727 1050 5795 quaternionem
1062 5728 1358 5806 signiﬁcat,
1382 5735 1832 5804 quemadmodum
1859 5736 2034 5798 Meur-

2144 4572 2305 4628 etiam
2344 4576 2561 4630 nomine
2616 4590 2768 4631 usum
2822 4592 2943 4632 esse
2988 4578 3445 4652 Festum-(Fab,
3480 4581 3549 4635 ad
3592 4583 3730 4639 verb.

2142 4664 2456 4739 varom),
2514 4670 2819 4739 Apuleium,
2849 4672 3092 4726 Soliuutn
3118 4714 3133 4737 ,
3161 4687 3224 4728 ac
3257 4674 3528 4746 praecipue
3556 4674 3732 4731 medi-

2140 4774 2233 4816 cos
2257 4762 2505 4833 legimus,
2537 4772 2592 4818 ut
2618 4762 2820 4819 ﬂuxum
2848 4765 3170 4835 signiﬁcent.

2218 4854 2528 4910 Formatura
2550 4858 2691 4912 varia
2740 4875 2821 4912 re:
2859 4869 3114 4928 spectans,
3149 4863 3315 4917 verba
3350 4871 3477 4918 sunt
3505 4862 3733 4920 Arnobii

2144 4950 2255 5017 (lib.
2287 4967 2342 5015 ιι,
2372 4970 2425 5023 p.
2454 4950 2522 5006 59
2550 4951 2597 5024 ),
2638 4954 2729 5024 qui
2759 4968 2910 5010 more
2947 4968 3065 5021 suo,
3097 4964 3153 5010 ut
3172 4956 3302 5013 alibi
3332 4958 3588 5027 vidimus,
3624 4958 3733 5015 Lu-

2141 5043 2367 5099 cretium
2389 5044 2633 5114 sequitur
2664 5064 2679 5100 :

2234 5135 2618 5200 Formaturaque
2641 5136 2888 5189 labrorum
2914 5127 3004 5204 pro
3025 5148 3164 5204 parte
3186 5140 3364 5206 ﬁgurat

2237 5236 2249 5247 ο
2319 5236 2329 5247 ι
2400 5237 2412 5248 ι
2484 5239 2494 5249 ο
2565 5236 2577 5249 ο
2646 5237 2658 5249 ο
2729 5239 2739 5249 I
2810 5241 2821 5251 ι
2894 5239 2906 5250 ο
2977 5241 2989 5251 ο
3062 5242 3073 5253 ο
3143 5243 3153 5254 ι
3229 5243 3239 5252 ι

2232 5261 2409 5312 Servat
2428 5263 2559 5312 enim
2584 5260 2914 5322 formaturam,
2940 5273 3205 5331 servatque
3228 5267 3452 5331 ﬁguram.

2356 5332 2363 5345 “
2597 5346 2832 5408 (Lucrel.,
2859 5345 2941 5397 lib.
2969 5362 3033 5410 ιν,
3058 5361 3183 5401 vers.
3209 5350 3514 5415 55481560.)

2215 5449 2462 5504 Frustilla
2486 5450 2635 5523 ignea
2652 5452 2819 5508 stella:
2850 5453 2918 5510 ab
2943 5452 3181 5512 Arnobio
3203 5469 3461 5512 vocantur
3511 5457 3624 5531 (lib.
3650 5475 3728 5528 ιι,

2140 5561 2192 5611 p.
2225 5539 2339 5615 84),
2370 5542 2422 5599 id
2464 5556 2566 5610 est,
2586 5542 2755 5601 frusta
2788 5548 3005 5617 parvula
3032 5549 3205 5618 ignea.
3230 5551 3272 5605 A
3302 5550 3567 5607 diminuto
3581 5554 3731 5610 enim

2140 5638 2355 5694 nomine
2401 5638 2627 5695 frustum
2671 5640 2866 5697 factum
2895 5652 2979 5699 est
3008 5642 3319 5700 lrustillum.
3351 5644 3570 5703 Plautus
3597 5663 3732 5705 vero

2136 5732 2329 5790 alicubi
2358 5733 2547 5792 eodem
2579 5734 2738 5794 modo
2761 5735 2932 5796 dixit:
