3986 6058
190 155 296 212 697

1393 145 1459 202 ΙΝ
1497 143 1869 215 ARNOBIUM,
1909 147 2059 204 CAP.
2106 145 2294 202 XXVI.

3361 142 3467 199 698

281 275 388 325 1am
411 287 510 335 ego
533 279 584 323 te
608 274 780 323 faciam
801 277 854 321 ut
879 269 957 320 hic
975 269 1187 318 formicas
1211 264 1504 317 frustillatim
1532 260 1776 312 diﬂ‘erant.
1809 271 1858 329 Α
1959 263 2250 335 lnequitarc
2295 263 2436 319 haud
2481 260 2648 319 semel
2679 262 2893 332 scripsit
2921 259 3190 316 Arnobius
3213 301 3228 327 ,
3263 258 3468 331 proin-

605 355 812 419 (Plaut.,
833 353 882 407 in
909 351 1124 412 Curcul.,
1150 354 1242 401 act.
1261 351 1310 412 4,
1335 359 1463 398 scen.
1488 346 1560 409 ιι.)

192 469 307 525 lloe
330 477 414 524 est
437 510 450 533 ,
482 477 537 523 ut
577 465 813 522 formicae
864 473 916 519 te
955 463 1009 516 in
1059 458 1275 530 parvula
1305 457 1472 512 frusta
1501 455 1777 512 concisum

171 564 463 620 diversum
493 563 666 617 lerant
695 604 709 625 ,
741 569 898 629 atque
923 555 1242 612 distrahant.

267 657 589 729 Fulguritum
621 699 634 719 ,
689 654 828 710 idem
879 663 995 718 est,
1023 663 1242 706 auctore
1271 650 1456 716 Festo,
1491 657 1649 718 atque
1681 646 1783 700 lul-

192 753 340 809 mine
383 752 546 807 ictum
607 750 843 822 (Arnob,
869 748 957 802 lib.
991 763 1040 815 v,
1074 764 1126 817 p.
1163 745 1302 810 155;
1333 743 1505 808 Fest.,
1553 741 1777 795 adverb.

191 843 592 916 FULeuatruu).
621 844 798 899 Locus
827 854 1003 896 autem
1025 841 1245 895 fulmine
1269 853 1575 908 percussus,
1599 835 1779 890 statim

193 939 478 1009 religiosus
505 981 519 1004 ,
575 945 629 993 et
669 952 700 992 a
752 937 853 991 deo
893 935 994 990 sibi
1049 933 1324 990 dedicatus
1363 929 1593 987 ethnicis
1636 928 1783 984 vide-

196 1031 374 1086 batur.

270 1122 508 1193 Fuligine
557 1122 731 1176 oculos
783 1122 1080 1176 obumbrare
1104 1161 1118 1187 ,
1175 1130 1258 1175 est
1289 1133 1384 1174 eos
1422 1118 1573 1188 nigro
1601 1115 1785 1173 colore

194 1219 417 1288 pingere
445 1215 682 1285 (Arnob,
713 1215 799 1269 lib.
825 1230 882 1280 ιι,
911 1232 962 1283 p.
988 1213 1100 1286 72).
1133 1211 1284 1281 Quod
1310 1211 1525 1282 quidem
1552 1209 1634 1265 his
1661 1223 1783 1280 pro-

196 1311 355 1366 batur
380 1308 660 1366 Iuvenalis
680 1309 1010 1364 carminibus
1037 1325 1050 1362 :

291 1425 382 1487 Ille
406 1423 721 1487 supercilium
747 1421 944 1487 madida
957 1420 1163 1487 fuligine
1189 1422 1389 1469 tinctum

294 1486 501 1598 Obliqua
528 1487 747 1550 producit
768 1497 875 1545 acu,
903 1486 1176 1548 pingitque,
1203 1487 1478 1532 trementes

294 1550 428 1598 Attol
449 1563 538 1598 ens
555 1549 736 1598 oculos.

294 1549 538 1602 Attollens
555 1549 736 1600 oculos.

628 1632 889 1698 (Juvenal.,
915 1630 1052 1684 satir.
1077 1632 1124 1692 2,
1149 1644 1275 1683 vers.
1300 1631 1364 1681 95
1385 1634 1430 1680 et
1448 1629 1596 1693 seqq.)

274 1743 345 1798 De
366 1743 460 1798 illo
479 1751 654 1797 autem
681 1756 842 1811 pravo
872 1755 1021 1795 more
1036 1738 1388 1793 disseruimus
1406 1745 1533 1792 tom.
1563 1749 1580 1788 ι
1607 1733 1785 1804 Appa-

195 1846 326 1898 rat.,
351 1835 443 1891 lib.
468 1851 546 1900 ιιι,
578 1835 795 1889 dissert.
827 1849 842 1886 ι
869 1875 884 1897 ,
912 1847 1031 1902 cap.
1058 1831 1144 1896 12,
1168 1839 1268 1884 art.
1304 1845 1342 1893 ι,
1378 1845 1429 1898 p.
1460 1826 1584 1881 788.

273 1930 555 1985 Fuscinum
579 1930 707 1984 satis
733 1927 970 1983 auctoris
998 1925 1164 1981 nostri
1194 1934 1248 1978 et
1288 1919 1567 1992 Augustini
1609 1915 1790 1972 verbis

196 2025 500 2095 explicatur
531 2023 769 2095 (Arnob,
795 2021 954 2086 Iibv,
984 2037 1037 2090 p.
1070 2019 1171 2075 176
1192 2028 1238 2072 et
1267 2018 1391 2083 184,
1414 2025 1461 2070 et
1499 2013 1587 2068 lib.
1615 2027 1712 2078 vn,
1733 2027 1786 2080 p.

193 2119 328 2180 239;
359 2119 598 2189 August.,
625 2118 714 2171 lib.
733 2133 804 2171 vn
837 2117 901 2170 de
927 2115 1098 2177 Civiu,
1131 2131 1244 2186 cap.
1275 2111 1329 2173 9.
1351 2128 1406 2181 ρ.
1437 2107 1587 2180 157).

275 2210 547 2266 Gnariores
598 2211 649 2264 in
690 2208 1008 2280 quilmsdam
1062 2207 1254 2262 horum
1287 2204 1506 2260 Arnobii
1535 2203 1792 2257 librorum

200 2305 526 2362 editionibus
549 2305 792 2375 legimus.
827 2304 883 2357 lu
915 2303 1036 2357 aliis
1063 2317 1128 2357 ex
1155 2299 1436 2370 Scaligeri,
1471 2305 1528 2351 ut
1557 2295 1791 2360 videtur,

198 2397 578 2454 emendatione
631 2413 898 2468 gnarures.
934 2399 1003 2450 At
1060 2395 1112 2448 in
1151 2392 1516 2460 manuscripto
1571 2389 1796 2442 habetur

198 2493 483 2563 ignarores,
545 2491 686 2547 male
729 2489 985 2560 proiecto,
1036 2489 1109 2542 uti
1165 2486 1336 2542 vides.
1369 2487 1573 2540 Sensus
1617 2492 1796 2537 autem

201 2585 426 2640 Arnobii
477 2584 750 2652 postulare
815 2583 1030 2638 videtur
1089 2595 1334 2652 gnarores
1403 2588 1494 2632 aut
1517 2575 1800 2647 ignariores

201 2679 444 2749 (Arnob,
473 2677 561 2732 lib.
599 2694 678 2746 ιιι,
712 2695 764 2747 p.
797 2677 949 2748 115).
982 2677 1254 2732 Continuo
1279 2672 1545 2742 siquidem
1579 2669 1797 2740 adjecit,

202 2782 254 2826 et
280 2771 461 2826 habere
488 2771 725 2826 scientias
753 2772 807 2825 in
832 2769 1012 2841 quibus
1041 2768 1232 2840 singuli
1263 2767 1541 2821 emineant.

282 2863 542 2918 Grallator
595 2880 625 2917 a
681 2863 848 2934 gradu
880 2876 1074 2933 magno
1127 2861 1322 2923 dictus,
1346 2854 1801 2929 quemadmodum

206 2960 380 3015 Varro
407 2959 726 3015 testiﬁcatur
754 2956 942 3026 (lbid.,
975 2956 1063 3010 lib.
1097 2971 1155 3021 ιι,
1183 2973 1236 3024 ρ.
1283 2953 1384 3016 70;
1424 2951 1601 3017 Varr.,
1630 2949 1718 3004 lib.
1747 2965 1800 3004 vi

1821 1667 1868 1726 Β

1877 359 2070 413 sectari
2101 370 2153 412 et
2180 357 2448 428 persequi.

1951 450 2235 521 Inflexibus
2275 450 2542 520 ﬂexuosis,
2567 449 2735 520 inquit
2753 443 3023 502 Arnobius
3041 445 3174 518 (Lib.
3194 461 3252 512 ιι,
3267 463 3320 513 p.
3349 443 3468 518 57),

1881 543 1932 599 id
1973 557 2077 611 est,
2109 542 2439 599 anfractibus
2464 542 2564 597 via:
2585 584 2598 606 ,
2647 551 2738 595 aut
2764 540 2997 596 sinuosis
3027 547 3080 595 et
3105 537 3282 593 curvis
3306 537 3470 594 relie-

1882 637 2054 693 xibus.

1973 731 2151 804 lnfula
2215 730 2473 785 elicienda:
2525 727 2863 782 miserationis
2927 725 3221 794 oﬁ'erentem
3275 723 3467 779 Jovem

1884 825 2068 899 (lbid.,
2090 826 2246 888 libv,
2271 823 2468 894 p.172;
2501 821 2675 888 Varr.,
2693 821 2778 874 lib.
2801 836 2855 873 vt
2895 818 3122 892 deLing.
3141 819 3257 883 lat.,
3275 835 3328 887 ρ.
3351 817 3469 887 76),

1885 922 1938 978 id
1987 931 2092 987 est,
2123 921 2424 975 velamenta
2480 919 2660 982 lanea,
2695 924 2750 969 ut
2781 914 2952 969 Varro
3000 913 3197 983 aliique
3227 910 3421 966 docent
3451 951 3468 978 ,

1885 1015 2076 1087 quibus
2115 1022 2204 1067 aut
2263 1011 2408 1065 illius
2450 1021 2621 1064 mater
2649 1017 2950 1071 ornaretur,
2974 1016 3064 1060 aut
3094 1004 3268 1075 potius
3295 1003 3471 1059 scelus

1887 1111 2000 1177 ejus
2026 1113 2313 1176 tegeretur.
2344 1103 2602 1159 Examina
2634 1101 2834 1167 locum,
2858 1108 2912 1156 et
2945 1111 3091 1154 tuum
3119 1113 3182 1153 ea
3213 1096 3282 1153 de
3307 1112 3365 1152 re
3378 1095 3467 1166 ju-

1887 1200 2083 1255 dieium
2111 1197 2270 1252 feres.

1962 1295 2172 1349 Institor
2199 1302 2316 1347 erat
2359 1299 2673 1347 mercatum
2695 1299 2747 1345 et
2780 1285 3126 1359 negotiationi
3154 1283 3473 1354 pmpositus

1891 1389 2131 1462 (Arnob,
2156 1388 2244 1442 lib.
2268 1403 2325 1453 ιι,
2355 1405 2408 1458 p.
2441 1385 2509 1442 66
2537 1395 2588 1440 et
2622 1383 2973 1454 70).Ovidius
2999 1382 3142 1436 enim
3175 1378 3370 1435 cecinit
3397 1396 3411 1432 :

1987 1506 2182 1556 Institor
2206 1503 2263 1553 ad
2287 1503 2527 1552 dominam
2551 1501 2720 1550 veniet
2739 1497 3005 1548 discinctus
3029 1506 3250 1545 emacem
3277 1508 3288 1542 :

2077 1566 2323 1630 Expediet
2341 1577 2536 1614 merces
2553 1571 2702 1625 teque
2721 1561 2930 1610 sedente
2948 1571 3078 1608 suas.

2224 1648 2411 1715 (0vid.,
2436 1647 2523 1699 lib.
2544 1661 2555 1695 ι
2580 1647 2640 1697 de
2662 1647 2772 1696 Art.
2793 1642 3012 1704 amand.,
3041 1651 3164 1692 vers.
3190 1638 3327 1702 425.)

1890 1760 2168 1816 lnstitores
2190 1771 2399 1828 quoque
2427 1765 2694 1817 tonsores.
2728 1765 3017 1821 caupones,
3051 1756 3105 1804 et
3134 1747 3292 1819 coqui
3321 1758 3472 1801 voca.

1892 1855 2085 1910 bantur
2111 1859 2168 1906 ut
2193 1849 2408 1920 quidam
2451 1845 2517 1901 ad
2553 1844 2654 1900 hoe
2687 1843 2944 1898 Martialis
2980 1856 3196 1897 carmen
3226 1839 3481 1897 observav

1892 1955 2015 2001 runt
2049 1962 2061 1998 :

1986 2055 2272 2108 Abstulerat
2296 2059 2442 2104 totam
2469 2053 2761 2105 temerarius
2779 2050 2967 2098 institor
2986 2045 3180 2105 urbem,

2082 2118 2238 2182 Inque
2261 2130 2350 2169 suo
2367 2113 2552 2166 nullum
2573 2115 2743 2164 limine
2761 2113 2911 2162 limen
2931 2117 3055 2160 erat.

2503 2198 2766 2267 (Martial.,
2793 2199 2877 2250 lib.
2901 2214 2984 2260 vn,
3011 2193 3167 2262 epigr.
3191 2193 3254 2245 60
3277 2193 3298 2257 )

1895 2292 2168 2348 Iuvenalis
2197 2305 2321 2344 vero
2343 2307 2357 2343 :

1992 2387 2191 2436 Institor
2214 2385 2435 2434 hibernae
2453 2384 2640 2444 tegetis
2658 2383 2891 2444 niveique
2912 2378 3124 2428 cadurci.

2553 2464 2821 2533 (Juvenal.,
2846 2460 2984 2514 satir.
3009 2463 3058 2522 7,
3083 2458 3168 2510 sub
3191 2457 3304 2524 fin.)

1971 2580 2139 2650 Quem
2169 2580 2221 2633 in
2250 2591 2463 2633 versum
2492 2551 2693 2630 videsis
2723 2571 3006 2626 Variorum
3035 2565 3463 2623 observationes.

1910 2656 1926 2674 ι
1975 2673 2255 2729 Interibilis
2295 2686 2394 2742 pro
2433 2668 2672 2726 interitui
2702 2666 2968 2723 obnoxius
2997 2673 3052 2719 et
3083 2661 3325 2718 mortalis
3362 2661 3492 2735 (Ar-

1902 2771 2022 2824 nob.
2057 2768 2142 2822 lib
2180 2784 2252 2831 ιι,
2289 2783 2408 2838 pag.
2441 2763 2569 2837 65).

1977 2859 2157 2927 Isicia,
2187 2861 2306 2914 sive
2334 2859 2522 2914 insicia
2547 2898 2560 2920 ,
2599 2858 2662 2911 ab
2687 2872 2778 2921 eo,
2810 2854 2985 2926 inquit
3008 2853 3210 2919 Varro,
3246 2849 3384 2922 quod
3408 2849 3493 2903 in-

1904 2965 2038 3010 secta
2067 2971 2187 3008 caro
2207 2995 2222 3019 ,
2263 2962 2318 3006 ut
2357 2954 2408 3006 in
2440 2951 2664 3005 carmine
2691 2949 2957 3005 Saliorum
2984 2955 3092 3000 est:
3121 2943 3259 3016 quod
3281 2944 3335 2997 in
3363 2942 3495 2997 extis

207 3055 271 3108 de
300 3053 451 3125 Ling.
481 3054 596 3120 ιαιο,
644 3071 696 3123 p.
722 3052 832 3120 33).
862 3050 1050 3106 Festus
1094 3063 1222 3104 vero
1251 3065 1266 3100 ε
1302 3065 1322 3100 (
1347 3045 1678 3102 Gl‘allaml‘es
1707 3059 1802 3113 ap—
1831 3061 1874 3123 ρ
1907 3069 2040 3106 nunc
2071 3051 2261 3104 dicitur
2287 3058 2572 3119 prosectum
2604 3043 2793 3118 (Ibid.,
2821 3060 2940 3115 pag.
2967 3042 3074 3105 75;
3111 3038 3285 3104 Varr.,
3316 3037 3405 3090 lib.
3436 3051 3488 3090 tv

205 3147 546 3218 pellabantur
577 3144 914 3216 pantomimi,
935 3143 1025 3214 qui
1054 3152 1112 3197 ut
1143 3143 1194 3196 in
1222 3140 1507 3195 saltatione
1531 3139 1800 3192 imitaren-

212 3249 298 3293 tur
347 3238 663 3308 ngipanas,
691 3235 915 3306 adjectis
945 3235 1160 3304 perticis
1189 3231 1424 3286 furculas
1457 3229 1795 3296 habentibus,

211 3341 371 3402 atque
399 3332 450 3385 in
479 3329 562 3385 bis
602 3338 971 3400 supersmntes
999 3369 1014 3393 ,
1043 3326 1111 3380 ad
1152 3323 1554 3379 similitudinem
1586 3337 1801 3377 crurum

213 3425 330 3496 ejus
357 3425 569 3496 generis
607 3422 1024 3494 gradiebantur,
1055 3419 1241 3488 utique
1269 3425 1489 3488 propter
1518 3415 1804 3469 difﬁculta-

217 3531 324 3575 tem
344 3517 694 3572 coosistendi.
722 3515 939 3569 Plautus
968 3524 982 3567 :
1013 3508 1309 3566 Vinceretis
1329 3523 1489 3564 cursu
1512 3522 1721 3574 cervas,
1751 3515 1806 3560 et

213 3614 554 3685 grallatorem
589 3611 778 3681 gradu.
808 3628 826 3660 ι
866 3607 1058 3680 (Fest,
1102 3606 1170 3660 ad
1195 3605 1329 3659 verb.
1362 3599 1802 3670 Gnauarones.)

217 3707 331 3762 Hoc
372 3717 553 3761 autem
609 3703 782 3758 Plauti
813 3717 1032 3756 carmen
1066 3715 1131 3754 ex
1181 3699 1298 3767 ejus
1327 3696 1562 3758 Paenula,
1597 3694 1718 3748 Act.
1749 3695 1800 3756 5,

215 3818 364 3857 scen.
398 3817 438 3866 1,
461 3799 799 3868 desumptum
833 3806 932 3850 est.
961 3793 1172 3847 Videsis
1207 3790 1385 3845 adhuc
1412 3789 1637 3843 Nouium
1672 3787 1808 3839 Mar-

213 3896 410 3951 cellum
439 3934 454 3959 ,
499 3892 565 3948 de
618 3891 830 3946 verbor.
863 3887 1130 3958 Propriet.
1185 3899 1304 3954 cap.
1349 3883 1405 3947 2,
1461 3881 1529 3935 ad
1586 3879 1804 3935 verbum

216 3989 551 4044 Grallatores.

289 4083 664 4152 Hierophanta,
688 4091 861 4148 grzece
886 4076 1198 4152 ἱεροφάντης,
1232 4071 1278 4125 is
1323 4077 1426 4133 est,
1456 4068 1546 4136 qui
1577 4077 1728 4118 sacra
1757 4072 1810 4117 et

213 4176 536 4234 cerimonias
575 4175 802 4229 docebat
828 4215 844 4239 ,
889 4181 943 4227 et
983 4183 1258 4224 sacrorum
1288 4163 1514 4219 antistes
1544 4159 1758 4232 (Arnob.
1791 4200 1806 4226 ,

215 4273 306 4328 lib.
341 4289 395 4335 ν,
427 4289 480 4341 p.
517 4268 667 4340 174).

294 4363 658 4418 Honoralionis
689 4359 947 4418 ollicium,
977 4356 1083 4409 hoc
1130 4364 1254 4416 est,
1305 4349 1523 4405 honoris
1563 4357 1617 4403 et
1661 4360 1811 4402 reve-

219 4459 407 4516 rentia:
429 4455 616 4531 (Ibid.,
643 4454 730 4508 lib.
764 4467 859 4512 vn,
895 4467 947 4520 ρ.
981 4448 1133 4515 221).

293 4530 621 4608 Jecusculum
675 4558 758 4604 est
801 4530 1172 4600 diminutivum
1213 4540 1444 4594 nominis
1489 4538 1658 4608 jecur.
1692 4535 1808 4602 Quo

220 4649 384 4705 etiam
433 4645 650 4701 nomine
692 4641 859 4695 utitur
908 4637 1113 4691 Plinius
1148 4653 1160 4689 2
1197 4653 1215 4685 ι
1251 4633 1502 4696 Murium,
1535 4650 1554 4682 ›
1591 4620 1761 4699 inquit
1792 4671 1806 4693 ,

227 4764 248 4795 ι
284 4740 544 4812 jecusculi
587 4738 737 4793 libra:
770 4734 836 4789 ad
864 4746 1145 4787 numerum
1195 4729 1340 4782 luna:
1389 4727 1440 4780 in
1470 4738 1655 4778 mense
1684 4737 1814 4778 eou-

219 4850 416 4906 gruere
462 4832 728 4887 dicuntur.
770 4846 788 4878 ι
841 4824 908 4878 Ει
952 4824 1099 4891 prius
1148 4820 1377 4875 Cicero:
1419 4814 1812 4870 «Museulorum

215 4927 492 4998 jecuscula
546 4924 734 4978 bruma
766 4919 1017 4973 dicuntur
1038 4913 1220 4985 augeri
1250 4931 1269 4965 ι
1317 4909 1502 4983 (lbid.,
1526 4909 1614 4962 lib
1635 4923 1686 4961 tv
1710 4949 1724 4973 ,
1759 4925 1811 4978 p.

223 5021 335 5075 154
380 5017 592 5083 ;Plin.,
622 5015 787 5082 lib",
816 5030 932 5083 cap.
963 5012 1054 5077 57,
1078 5028 1132 5082 p.
1154 5010 1278 5075 571,
1309 5006 1495 5072 Cicer.,
1555 5004 1640 5058 lib.
1695 5019 1732 5058 ιι
1755 5004 1818 5058 de

223 5113 425 5180 Dit'in.,
459 5130 512 5182 p.
543 5108 693 5181 285).

300 5205 736 5265 immoderatum,
786 5202 838 5256 id
868 5209 950 5256 est
975 5242 989 5266 ,
1045 5200 1162 5254 sine
1203 5195 1386 5262 modo,
1420 5195 1504 5250 vel
1555 5192 1696 5261 line,
1724 5207 1821 5247 seu

224 5288 550 5354 immensum
577 5306 631 5350 et
662 5294 922 5349 inﬁnitum
957 5291 1198 5362 (Arnob,
1229 5290 1318 5344 lib.
1364 5305 1421 5353 ιι,
1454 5306 1507 5357 p.
1539 5287 1652 5359 97).
1675 5285 1818 5354 Qua-

224 5403 446 5464 propter
468 5390 655 5444 Cicero
685 5389 951 5458 quoddam
1001 5385 1266 5454 Euripidis
1308 5398 1524 5438 carmen
1586 5382 1770 5453 (Cicer.
1802 5421 1818 5447 ,

227 5488 323 5542 lib.
357 5502 388 5539 ιι
431 5485 493 5540 de
521 5483 714 5538 Natur.
762 5483 931 5543 deor.,
983 5497 1034 5549 ρ.
1063 5479 1216 5550 225),
1266 5479 1343 5534 sic
1372 5479 1533 5532 latine
1560 5477 1823 5547 interpre-

230 5588 376 5634 ιειιιιι·
407 5594 425 5631 .'

361 5691 512 5743 Vides
529 5690 757 5749 sublime,
780 5686 957 5746 fusum,
987 5684 1355 5737 immoderatum
1380 5682 1586 5732 aethera.

1905 3145 1970 3198 de
2000 3143 2152 3215 Ling.
2182 3144 2299 3209 lat.,
2335 3158 2454 3210 pag.
2487 3139 2618 3205 28).
2656 3136 2961 3193 Macrobius
2986 3134 3148 3190 etiam
3183 3147 3281 3185 nos
3311 3137 3499 3185 monet

1907 3237 2151 3293 insicimn
2178 3235 2246 3290 ab
2272 3233 2575 3289 insectione
2596 3231 2828 3286 derivari
2849 3272 2862 3290 ,
2889 3247 2908 3280 ι
2930 3227 3220 3282 amissione
3241 3244 3261 3277 ι
3286 3221 3494 3294 inquit,

1912 3328 2166 3395 (littera),
2197 3335 2385 3399 postea
2415 3325 2556 3396 quod
2599 3339 2741 3378 nunc
2781 3322 2979 3389 habet,
3022 3335 3217 3375 nomen
3263 3315 3500 3373 obtinuit

1909 3421 2182 3496 (Macrob.
2209 3462 2224 3486 ,
2265 3421 2352 3474 lib.
2388 3435 2458 3473 vn
2505 3419 2719 3474 Saturn.
2749 3458 2764 3482 ,
2797 3433 2914 3482 cap.
2960 3413 3050 3483 8).
3090 3413 3263 3468 Aliam
3314 3419 3497 3465 tamen

1911 3517 2067 3588 hujus
2093 3513 2326 3569 nominis
2351 3510 2735 3585 etymologiam
2762 3509 2844 3563 his
2866 3507 3102 3563 Isidorus
3125 3504 3276 3560 dedit
3295 3501 3496 3558 verbis:

1915 3627 1933 3658 ‹
1956 3608 2159 3662 Isonem
2194 3608 2393 3676 piscem
2422 3604 2711 3675 quemdam
2741 3609 2963 3661 vocant.
3008 3614 3075 3654 ex
3117 3613 3224 3668 quo
3264 3596 3499 3667 primum

1909 3700 2059 3754 ἰμὶεῑιι
2091 3699 2223 3753 facta
2253 3709 2406 3752 sunt:
2435 3705 2490 3750 et
2516 3695 2762 3767 quamvis
2791 3709 2856 3748 ex
2887 3692 2994 3746 alio
3025 3705 3226 3762 genere
3267 3689 3497 3759 piscium

1912 3794 2038 3848 {tam
2058 3835 2070 3856 ,
2097 3793 2308 3846 initium
2337 3801 2511 3846 tamen
2541 3791 2703 3860 piscis
2729 3785 3051 3844 vocabulum
3079 3783 3228 3839 dedit
3256 3782 3498 3854 (lsidor.,

1911 3887 2027 3940 libr.
2076 3902 2144 3940 xx
2191 3883 2334 3956 Orig.
2363 3925 2378 3950 ,
2422 3900 2539 3952 cap.
2573 3880 2661 3949 1).
2687 3899 2705 3932 ι
2728 3878 3071 3950 Lampridius
3114 3889 3277 3944 porro
3319 3882 3503 3928 narrat

1912 3979 2312 4050 Heliogabalum
2347 3977 2576 4048 primum
2618 3975 2686 4029 de
2729 3972 2998 4042 piscibus,
3033 3967 3264 4043 ostreis,
3297 3976 3351 4021 et
3382 3965 3502 4019 aliis

1911 4074 2177 4128 similibus
2203 4072 2426 4127 conchis
2453 4069 2647 4125 fecisse
2679 4067 2888 4121 insicia.
2920 4063 3084 4118 Plura
3113 4074 3242 4116 vero
3279 4059 3500 4130 Apicius

1915 4167 2223 4222 insieiorum
2255 4179 2455 4236 genera
2475 4205 2488 4228 ,
2519 4174 2818 4230 eorumque
2845 4153 3310 4212 conﬁeieudorum
3338 4153 3504 4208 ratio-

1915 4278 2037 4318 nem
2079 4261 2354 4317 describit.
2391 4257 2600 4313 Videsis
2630 4253 3009 4310 Casaubonum
3053 4250 3104 4304 in
3140 4249 3308 4303 libros
3338 4246 3507 4301 Athe-

1915 4357 2019 4412 nmi
2041 4397 2054 4420 ,
2088 4366 2140 4411 et
2169 4354 2452 4410 Variorum
2485 4352 2538 4406 in
2570 4350 2791 4405 citatum
2826 4344 2998 4414 Apicii
3041 4343 3218 4397 locum
3261 4337 3504 4394 animad-

1837 4457 1890 4516 D
1913 4451 2190 4508 versiones
2221 4446 2536 4520 (Lampritl.,
2567 4445 2621 4497 in
2658 4442 2762 4494 Vit.
2793 4437 3064 4508 Heliogab
3088 4453 3108 4501 ;
3138 4434 3312 4503 Apib,
3345 4430 3434 4486 lib.
3467 4445 3503 4484 ιι

1921 4547 1983 4600 de
2002 4547 2109 4599 Art.
2136 4543 2418 4613 coquinat.,
2443 4556 2558 4610 cap.
2587 4539 2638 4604 1;
2667 4534 2912 4598 Casaub,
2938 4534 2988 4585 in
3012 4529 3272 4592 Athena!”
3305 4525 3395 4580 lib.
3427 4539 3501 4590 ix,

1916 4659 2034 4714 cap.
2065 4640 2119 4706 5,
2151 4657 2269 4710 pag.
2303 4637 2402 4692 651
2431 4634 2469 4707 ).

1990 4733 2251 4787 Labeones
2294 4735 2692 4798 nuncupantur,
2721 4715 2935 4796 quibus'
2959 4733 3152 4789 magna
3185 4723 3312 4770 sunt
3339 4711 3501 4768 labia.

1922 4830 2156 4885 Plinius:
2196 4845 2214 4878 ι
2239 4825 2408 4881 Labra
2431 4843 2450 4875 ι
2478 4823 2571 4888 ait,
2597 4839 2616 4871 ι
2645 4835 2676 4875 a
2705 4819 2897 4890 quibus
2941 4811 3166 4870 Brocchi
3191 4852 3204 4872 ,
3248 4808 3506 4863 labeones

1922 4923 2050 4978 dicti
2085 4943 2102 4974 ι
2136 4921 2380 4992 (Arnob,
2413 4917 2502 4972 lib.
2538 4933 2620 4979 tn,
2648 4932 2764 4984 pag.
2807 4912 2932 4975 108;
2962 4907 3131 4972 Plin.,
3163 4903 3250 4959 lib
3283 4919 3337 4961 ιι
3366 4901 3504 4957 Hist.

1925 5024 2123 5080 natur.,
2155 5030 2270 5084 cap.
2306 5013 2396 5077 57,
2433 5027 2551 5080 pag.
2585 5007 2750 5080 555).

1997 5107 2306 5169 Lacernula,
2353 5120 2383 5158 a
2424 5103 2640 5158 nomine
2669 5101 2881 5155 lacerna
2913 5095 3056 5152 haud
3091 5093 3254 5150 dubie
3291 5089 3506 5146 deriva-

1923 5212 2055 5256 tum.
2082 5200 2318 5255 Lacerna
2349 5205 2530 5252 autem
2555 5195 2720 5250 vestis
2745 5203 2859 5248 erat
2883 5190 3042 5245 vilior
3065 5197 3121 5244 et
3143 5183 3503 5248 communior,

1925 5302 1998 5361 et,
2030 5296 2101 5348 uti
2140 5292 2214 5346 ait
2244 5291 2481 5346 Isidorus
2501 5333 2513 5352 .
2545 5308 2563 5340 ‹
2595 5287 2813 5357 pallium
2844 5283 3175 5338 ﬁmbriatum
3196 5321 3208 5344 ,
3239 5292 3346 5348 quo
3379 5275 3512 5329 olim

1925 5387 2024 5443 soli
2054 5387 2251 5439 milites
2292 5385 2595 5438 utebantur.
2633 5379 2784 5436 Unde
2813 5387 2868 5434 et
2901 5377 2952 5432 in
2985 5368 3365 5442 distinguenda
3392 5383 3513 5425 cas-

1928 5477 2099 5533 trensi
2139 5477 2449 5546 urbanaque
2475 5473 2626 5528 turba
2645 5516 2658 5537 ,
2684 5473 2781 5528 bos
2811 5482 3041 5543 togatos,
3068 5469 3190 5522 illos
3213 5466 3516 5520 lacernatus

1928 5569 2210 5627 vocabam.
2255 5567 2382 5623 Inde
2425 5576 2605 5622 autem
2635 5566 2896 5632 lacernas,
2925 5562 3076 5635 quasi
3106 5557 3394 5628 amputatis
3422 5569 3515 5608 ca—

1933 5665 2132 5739 pitibus
2160 5663 2492 5722 ﬁmbriarum
2515 5703 2530 5729 ,
2560 5675 2734 5732 neque
2765 5661 2836 5715 ita
2865 5659 3030 5726 laxis,
3062 5662 3118 5709 ut
3148 5660 3273 5708 sunt
3301 5645 3526 5719 penula-
