3986 6058
498 196 604 256 699

1759 203 2219 269 DISSERTATIO
2252 208 2532 275 PMVIA

3664 217 3772 275 700

494 324 611 367 rum
634 331 653 365 ι
674 312 912 388 (Arnob.,
938 319 1023 373 lib.
1048 335 1102 383 tt,
1129 337 1245 393 pag.
1270 321 1371 388 56;
1392 321 1714 392 lsidor.,lib.
1739 322 2076 397 xu‘Origin.,
2105 320 2157 383 Α
2182 322 2359 399 Atque
2384 329 2491 387 alio
2521 331 2577 387 in
2599 330 2776 391 libro:

493 422 610 477 cap.
642 405 763 480 24).
801 408 1077 482 Frequens
1104 423 1281 470 autem
1320 416 1457 486 apud
1487 419 1694 482 varios,
1725 434 1786 475 ac
1813 420 2079 490 praecipue

496 501 564 559 de
592 519 652 559 re
677 505 926 561 vestiaria
955 508 1278 576 scriptores,
1313 510 1471 579 hujus
1498 513 1730 569 nominis
1757 530 1902 571 usus.

564 596 743 665 Liena,
772 600 845 654 uti
872 601 1253 661 animadvertit
1276 603 1467 671 Varro,
1489 606 1626 678 quod
1651 608 1714 662 de
1746 609 1867 664 lana
1892 610 2077 675 multa;

493 689 709 744 duarum
737 693 871 746 enim
899 703 1137 764 togarum
1158 696 1352 751 instar:
1381 700 1869 780 utantiquissimum
1895 701 2076 757 mulie-

492 801 603 837 rum
628 786 863 840 ricinium
881 831 897 855 ,
927 790 1000 844 sic
1031 792 1123 844 hoc
1148 792 1338 859 duplex
1363 794 1586 847 virorum
1616 794 1859 867 (Arnobq
1886 796 1975 851 lib.
2004 812 2042 851 Il
2060 838 2074 858 ,

494 895 615 950 pag.
656 880 725 935 56
755 891 801 936 et
832 882 930 945 59;
970 882 1146 951 Varr.,
1174 887 1259 943 lib.
1295 904 1344 943 vt
1377 888 1441 942 de
1472 887 1619 960 Ling.
1655 890 1771 955 lat.,
1810 908 1929 962 pag.
1965 894 2072 957 35;

496 970 679 1027 Festus
704 1014 721 1040 ,
752 974 826 1029 ad
855 976 988 1030 verb.
1024 978 1238 1049 LENE).
1271 979 1440 1036 Addit
1467 980 1663 1049 Festus
1693 996 1720 1034 a
1754 982 2073 1053 quihusdam

491 1062 748 1119 traditum
792 1082 910 1123 eam
953 1071 1031 1124 sic
1080 1080 1260 1138 lusce,
1292 1074 1438 1127 etab
1475 1073 1595 1127 aliis
1637 1090 1812 1141 graece
1858 1078 2074 1149 χλαῖναν

491 1157 837 1226 appellatam.
882 1157 948 1215 A.
991 1160 1165 1216 Nonio
1192 1174 1374 1219 autem
1407 1164 1605 1221 dicitur
1633 1181 1752 1222 esse
1784 1166 2070 1224 vestimenv

493 1255 603 1301 tum
636 1248 902 1318 militare,
946 1253 1085 1322 quod
1129 1269 1293 1322 supra
1319 1268 1515 1311 caetera
1543 1258 1722 1312 omnia
1758 1258 2077 1319 induebatur

492 1339 749 1413 (Nonius,
770 1361 884 1412 cap.
911 1345 1033 1417 15).
1067 1350 1241 1419 Atque
1269 1350 1319 1404 in
1352 1351 1620 1420 opinionis
1647 1366 1759 1409 suae
1785 1356 2073 1414 confirma-

491 1431 693 1494 tionem
719 1437 789 1495 ab
819 1439 912 1494 illo
942 1438 1057 1496 haec
1082 1442 1273 1517 Virgili
1316 1446 1556 1503 carmina
1587 1447 1855 1503 citantur:

983 1556 1226 1622 Tyrioque
1250 1560 1452 1611 ardebat
1473 1562 1660 1615 murice
1683 1562 1827 1621 laena,

582 1613 804 1667 Demissa
829 1630 891 1668 ex
919 1613 1150 1671 bum'eris.‘

969 1680 1192 1749 (Virgil.,
1219 1682 1301 1734 lib.
1328 1700 1377 1736 rv
1400 1684 1605 1749 dinam,
1631 1699 1759 1739 vers.
1782 1686 1918 1750 262.)

489 1782 561 1838 At
580 1783 796 1840 Servius
820 1786 919 1842 hos
944 1789 994 1843 in
1019 1805 1208 1844 versus
1229 1791 1405 1847 varias
1432 1791 1598 1847 refert
1622 1792 1689 1849 de
1716 1794 1854 1848 laena
1877 1804 1931 1849 et
1957 1794 2076 1863 ejus

490 1877 777 1933 inventore
820 1883 1149 1949 sententias,
1195 1891 1355 1953 atque
1387 1883 1455 1938 ab
1496 1885 1614 1940 aliis
1655 1895 1830 1956 togam
1864 1886 2073 1942 censeri

456 1967 758 2039 'duplicem
782 1980 835 2026 et
869 1974 1122 2029 amictum
1144 1977 1477 2045 auguralem,
1513 1977 1566 2031 in
1602 1993 1730 2048 quo,
1765 1988 1821 2033 ut
1855 1979 2077 2049 quibus-

490 2061 615 2118 dam
648 2066 879 2134 placuit,
912 2067 1155 2123 ﬂamines
1187 2068 1395 2123 infulati
1424 2070 1828 2137 sacriﬁcabant,
1861 2072 1929 2126 ab
1956 2070 2077 2126 aliis

490 2173 621 2213 vero
643 2160 749 2214 dici
774 2162 1029 2217 amictum
1057 2163 1364 2219 rotundum.
1392 2164 1550 2225 Plura
1582 2166 1634 2221 in
1660 2165 1776 2241 ejus
1799 2180 2071 2222 commen-

489 2255 641 2309 tariis
668 2254 853 2327 legere
882 2257 1105 2329 poteris.

564 2349 807 2403 Laminas
830 2352 1140 2419 pertundunt
1158 2353 1360 2407 aurium
1377 2394 1391 2417 ,
1416 2353 1468 2408 id
1491 2362 1601 2419 est,
1627 2354 1764 2410 imas
1785 2353 2072 2420 auriculas,

492 2454 588 2495 seu
616 2441 923 2499 inferiorem
952 2458 1134 2501 earum
1163 2454 1368 2515 partem
1388 2489 1403 2510 ,
1436 2453 1497 2505 ut
1523 2460 1760 2515 gemmas
1790 2447 1962 2502 aliave
1996 2444 2075 2499 eis

490 2531 795 2591 insererent
836 2534 1073 2608 (Arnob.,
1114 2536 1200 2595 tib.
1233 2553 1298 2604 ιι,
1342 2555 1459 2610 pag.
1491 2538 1618 2608 72).
1662 2538 1875 2595 Videsis
1902 2536 2075 2593 Vossii

488 2626 886 2697 etymologicon
915 2628 981 2682 ad
1012 2644 1152 2684 vers.
1181 2628 1401 2686 Lamina
1434 2641 1481 2686 et
1509 2632 1693 2705 ligula.
2102 2694 2107 2699 ,

487 2738 491 2752 ι
559 2715 837 2773 Lancicula
858 2718 1237 2776 diminutivum
1258 2723 1466 2779 videtur
1484 2726 1715 2779 nominis
1741 2726 1865 2780 lanx
1886 2722 2071 2799 (lbid.,

488 2822 608 2878 pag.
628 2807 729 2879 59)
747 2851 761 2874 ,
794 2819 953 2882 atque
980 2812 1181 2866 idcirco
1207 2812 1347 2868 idem
1375 2828 1497 2871 esse
1524 2831 1584 2870 ac
1606 2831 1771 2887 parva
1795 2816 1941 2880 lanx,
1963 2815 2076 2871 sive

487 2902 664 2959 minus
684 2918 777 2954 vas
793 2905 1140 2973 escularium,
1161 2922 1267 2975 quo
1290 2922 1416 2962 caro
1441 2918 1600 2977 tosta,
1622 2909 1734 2964 sive
1757 2910 1899 2964 elixa
1924 2925 2075 2967 men-

487 2992 563 3048 sis
592 2993 940 3055 inferebatur.
976 2998 1049 3054 De
1079 3001 1230 3056 lance
1258 3012 1435 3058 autem
1466 3004 1609 3059 canit
1638 3004 1897 3061 Plautus:

908 3113 965 3162 In
987 3116 1212 3180 popinam
1230 3118 1569 3171 divortundum
1593 3127 1669 3170 est
1691 3121 1824 3171 mihi.

579 3170 768 3224 Lances
790 3170 1253 3245 deteggam'omnes,
1275 3170 1546 3245 omnesque
1572 3170 1740 3231 trullas
1762 3184 1995 3234 hauriam.

875 3238 1083 3304 (Plaut,
1108 3240 1159 3291 in
1181 3241 1427 3307 Amphyt.,
1454 3238 1550 3296 act.
1571 3260 1637 3307 tv,
1661 3257 1790 3297 scen.
1813 3245 1888 3307 '5.)

486 3340 658 3398 Varro
695 3354 875 3401 autem
918 3347 1008 3401 ubi
1047 3348 1114 3402 de
1142 3350 1285 3403 vasis
1313 3350 1566 3405 escariis:
1596 3369 1615 3403 ‹
1644 3351 1902 3420 Magidam
1928 3372 1947 3403 ι
1981 3352 2065 3405 in-

486 3435 632 3503 quit,
666 3445 756 3490 aut
788 3456 808 3488 ι
842 3437 1147 3507 langulam,
1178 3441 1405 3495 alteram
1436 3458 1466 3496 a
1496 3444 1899 3512 magnitudine,
1931 3445 2072 3499 alte-

486 3542 602 3581 ram
636 3529 704 3584 αἱ)
759 3530 1042 3586 latitudine
1074 3532 1343 3588 ﬂuxerunt
1372 3553 1389 3585 ι
1420 3534 1628 3606 (Varr.,
1662 3535 1750 3590 lib.
1783 3554 1797 3591 ι
1826 3537 1889 3591 de
1916 3536 2070 3609 Ling.

486 3622 605 3685 lat.,
647 3639 767 3693 pag.
821 3623 950 3696 '50).
987 3626 1145 3696 Atqui
1190 3627 1234 3680 si
1264 3627 1459 3681 Vossio
1498 3629 1828 3697 credideris,
1862 3630 2071 3702 langula

484 3716 639 3786 quasi
679 3716 892 3773 lancula
933 3718 1153 3774 dicitttr.
1186 3719 1323 3776 Vide
1361 3738 1490 3793 ergo
1520 3733 1699 3779 utrum
1741 3726 1807 3779 ab
1834 3726 2074 3780 Arnobio

485 3807 747 3877 scriptum
776 3809 980 3865 fuerint
1005 3814 1241 3875 lancula,
1268 3825 1359 3869 aut
1391 3816 1513 3871 inde
1536 3817 1673 3872 facta
1703 3819 1773 3872 sit
1798 3820 2070 3874 lancicula.

558 3900 733 3956 Laura
757 3919 933 3975 graece
959 3906 1119 3983 λαῦρα
1138 3951 1152 3975 ,
1184 3919 1234 3963 et
1266 3908 1432 3965 latine
1459 3911 1611 3965 vicus
1633 3954 1646 3974 ,
1674 3923 1825 3968 recte
1853 3912 2071 3982 dicitur,

484 4003 545 4050 ut
572 3995 869 4051 Athenaeus
901 4011 1085 4054 monet
1107 4041 1121 4065 ,
1153 4015 1216 4055 ac
1245 4001 1376 4057 satis
1410 4004 1653 4073 probavit
1688 4003 2036 4061 Casaubonus
2057 4049 2071 4072 ,

484 4101 668 4156 quem,
711 4091 756 4142 si
792 4089 961 4157 lubet,
993 4093 1216 4148 consule
1247 4093 1503 4166 (Arnob.,
1538 4095 1626 4149 lib.
1657 4112 1750 4163 ιιι,
1781 4114 1900 4169 pag.
1936 4098 2071 4163 124;

485 4178 731 4247 Casaub.,
762 4183 815 4235 in
845 4185 1102 4251 Athena,
1144 4186 1233 4241 lib.
1264 4203 1373 4253 xu,
1408 4204 1528 4259 cap.
1565 4189 1633 4244 10
1654 4189 1693 4259 ).

556 4275 833 4332 Lenocinio
873 4280 1088 4350 fulgoris
1127 4290 1369 4350 angustat
1395 4283 1603 4336 deorum
1632 4283 1908 4337 simulacra
1937 4292 2075 4338 exte-

486 4368 594 4421 rior
636 4370 867 4434 (levitas;
899 4373 972 4426 ita
1018 4373 1255 4443 loquitur
1300 4375 1600 4441 Arnobius,
1641 4391 1706 4432 ac
1746 4377 2071 4433 lenocinium

486 4472 647 4515 vocat
694 4463 955 4528 nitorem,
1009 4473 1379 4534 venustatem,
1433 4468 1831 4523 excellentiam.
1881 4470 2071 4527 Cicero

483 4538 700 4623 quoque
729 4570 1001 4625 corporum
1032 4556 1282 4611 lenocinia
1308 4559 1546 4629 appellat
1570 4567 1625 4615 et
1644 4559 1936 4616 Suetonius
1961 4561 2073 4617 Au-

481 4646 621 4716 gusti
668 4644 1020 4716 Imperatoris
1066 4650 1292 4704 formam
1342 4651 1435 4705 ubi
1488 4652 1780 4719 describit,
1828 4654 1905 4707 ait
1953 4670 2069 4709 eam

480 4735 650 4792 fuisse
680 4739 855 4793 omnis
887 4740 1134 4817 lenocinii
1166 4742 1279 4797 sive
1307 4743 1525 4797 adscitre
1555 4746 1852 4801 venustatis
1879 4762 2074 4817 exper-

482 4840 592 4888 tem
624 4830 879 4906 (Arnob.,
913 4835 1001 4889 lib.
1034 4815 1115 4901 ἐοι,
1148 4854 1268 4908 pag.
1300 4838 1427 4902 201;
1458 4836 1650 4906 Cicera,
1680 4840 1766 4896 lib.
1801 4857 1837 4897 ιι
1864 4842 1927 4896 de
1953 4815 2069 4897 Na-

483 4941 583 4982 tur.
624 4929 767 4984 deor.
793 4972 806 4996 ,
838 4947 961 5002 pag.
992 4929 1100 4987 956
1120 4972 1136 4998 ,
1167 4933 1261 4987 lin.
1296 4934 1364 4998 4;
1395 4931 1611 4989 Sueten.
1632 4977 1647 5001 ,
1681 4937 1734 4990 in
1770 4936 1869 4991 Vit.
1904 4938 2072 5009 Aug,

482 5035 601 5089 cap.
631 5021 700 5077 79

553 5111 811 5171 Lucanica
839 5133 1010 5188 genus
1033 5117 1329 5173 larciminis
1360 5127 1497 5187 erat,
1530 5136 1691 5191 quam
1724 5123 1803 5178 sic
1832 5124 2074 5195 appella-

483 5218 591 5263 tam
621 5208 795 5262 Varro
819 5219 875 5265 et
897 5209 1138 5265 Isidorus
1166 5220 1384 5281 putant,
1415 5214 1557 5281 quod
1586 5215 1637 5268 in
1668 5214 1897 5272 Lucania
1926 5218 2073 5289 prius

481 5302 655 5369 facta,
690 5304 770 5358 vel
801 5305 943 5372 quod
974 5305 1203 5371 milites,
1233 5310 1509 5376 quomodo
1538 5307 1721 5375 ﬁeret,
1754 5328 1784 5365 a
1806 5311 2072 5368 Lucaneis

482 5396 788 5451 didicerunt
817 5398 1053 5469 (Arnob,
1088 5399 1177 5454 lib.
1209 5415 1275 5463 tt,
1310 5416 1431 5471 pag.
1466 5402 1565 5469 75;
1606 5403 1782 5473 Varr.,
1816 5407 1906 5462 lib.
1932 5423 1985 5462 tv
2012 5408 2074 5463 de

482 5489 761 5561 Ling.‘lat.
787 5530 801 5554 ,
846 5508 964 5561 pag.
996 5493 1099 5557 28;
1134 5492 1325 5548 Isidor.
1350 5536 1364 5561 ,
1407 5495 1495 5550 lib.
1525 5514 1595 5553 xx
1626 5497 1795 5573 0rig.,
1828 5519 1943 5572 cap.
1978 5504 2070 5576 l).

482 5582 559 5637 De
586 5583 673 5637 illa
707 5583 821 5638 haec
846 5594 971 5637 sunt
997 5585 1253 5640 Martialis
1280 5590 1520 5644 carmina
1547 5609 1560 5645 :

668 5675 730 5727 Et
752 5675 993 5727 Lucanica
1018 5690 1127 5727 cum
1151 5687 1331 5729 ventre
1358 5679 1555 5733 Filtsco.

1065 5735 1332 5803 (Martial.,
1348 5743 1433 5797 lib.
1452 5758 1520 5804 tv,
1536 5743 1691 5813 epigr.
1716 5746 1829 5813 46.)

2273 439 2400 514 Filia
2416 442 2614 514 Picenae
2635 448 2780 514 yenio
2800 446 3041 514 Lucanica
3066 462 3240 514 pares,

2364 504 2584 579 Pultibus
2601 509 2711 559 hinc
2727 512 2887 561 niveis
2906 521 3045 573 grata
3067 504 3247 565 corona
3269 517 3430 573 datur.

2862 594 3053 658 (Mart,
3077 594 3158 648 lib.
3178 616 3245 661 tu,
3269 599 3425 667 epigr.
3448 605 3553 667 35.)

2177 690 2324 760 Quos
2371 695 2422 749 in
2467 712 2660 754 versus
2707 703 2951 757 nonnulli
2998 704 3287 763 observant
3328 709 3651 771 Lucanicam
3695 729 3763 771 ex
3850 724 3857 731 '

2177 784 2411 841 concisis
2458 791 2713 847 carnibus
2757 810 2966 863 parete,
3020 797 3075 852 in
3123 815 3253 870 agro
3297 801 3539 858 Piscaano
3582 817 3763 870 naue.

2179 877 2314 934 ﬁeri.
2360 881 2564 938 Tullius
2604 901 2766 959 porro
2806 889 3024 960 Papirio
3051 895 3271 950 scribit:
3298 915 3317 948 ο
3341 896 3589 956 Solebam
3617 904 3764 961 enim

2177 983 2332 1029 antea
2362 976 2617 1034 delectari
2647 982 2800 1047 oleis,
2845 994 2896 1040 et
2930 986 3188 1044 lucanicis
3213 991 3321 1045 tuis
3360 1010 3379 1044 ›
3414 992 3639 1063 (Cicer.,
3671 996 3786 1061 lib.,

2176 1082 2262 1133 ιχ,
2294 1070 2509 1137 epistola
2544 1074 2638 1138 l6,
2670 1093 2788 1146 pag.
2824 1078 2924 1132 102

2250 1161 2508 1228 Mantele,
2541 1182 2635 1221 seu
2669 1171 2979 1226 mantelium
3002 1214 3017 1237 ,
3048 1182 3103 1229 et
3130 1176 3379 1243 mantile,
3415 1194 3443 1232 a
3486 1181 3762 1253 tergendis

2176 1257 2424 1313 manibus
2450 1260 2650 1318 dictum
2669 1304 2683 1329 ,
2712 1264 2869 1321 sicuti
2897 1266 3117 1325 Servius
3138 1279 3364 1329 annotat
3390 1272 3445 1328 in
3470 1273 3614 1332 hunc
3640 1275 3763 1331 Vir-

2176 1350 2288 1420 gilii
2319 1368 2563 1408 versum:
3172 1341 3177 1347 ’

2667 1469 2943 1535 Tonsisque
2957 1472 3122 1527 ferunt
3146 1477 3310 1529 mantil
3318 1479 3363 1529 ia
3380 1478 3524 1533 villis.

2660 1550 2890 1621 (Virgil.,
2914 1552 2996 1606 lib.
3017 1572 3034 1607 ι
3054 1557 3268 1619 λΕηείά..
3289 1573 3415 1613 vers.
3440 1563 3583 1628 706.)

2179 1654 2351 1710 Varro
2388 1672 2601 1730 quoque
2638 1658 2881 1717 dixerat:
2912 1680 2931 1713 ‹
2960 1662 3271 1719 Mantelium
3293 1709 3309 1733 ,
3336 1669 3487 1737 quasi
3518 1681 3763 1728 manule-

2180 1748 2336 1815 rium,
2364 1749 2449 1805 ubi
2493 1767 2680 1806 manus
2717 1762 2994 1823 terguntur
3030 1775 3049 1807 ι
3077 1755 3286 1829 (Varr.,
3318 1759 3405 1813 lib.
3440 1778 3492 1817 tv
3524 1763 3589 1819 de
3609 1763 3765 1837 Ling.

2180 1840 2296 1909 lat.,
2318 1860 2436 1914 pag.
2467 1842 2600 1915 66).
2625 1843 2857 1900 Isidorus
2887 1862 3033 1911 vero,
3062 1850 3152 1920 qui
3180 1849 3310 1905 illud
3338 1853 3465 1907 olim
3491 1856 3615 1910 huic
3646 1859 3767 1913 usui

2179 1932 2348 1991 fuisse
2390 1936 2605 2001 fatetur,
2637 1954 2778 1993 nunc
2804 1941 3114 2010 operiendis
3144 1945 3346 1999 mensis
3376 1946 3636 2005 inservire
3665 1950 3767 2007 de-

2177 2025 2368 2082 clarat.
2393 2028 2552 2084 Plura
2576 2029 2644 2085 de
2664 2046 2731 2086 eo
2752 2031 2973 2087 Vossius
2998 2034 3051 2088 in
3074 2034 3448 2108 Etymologico
3470 2044 3765 2112 congessit:

2256 2121 2453 2188 Marsi,
2485 2122 2553 2178 de
2577 2124 2773 2194 quibus
2802 2124 2937 2181 infra
2966 2127 3033 2182 ad
3065 2130 3287 2184 verbum
3315 2129 3485 2203 Psylli
3515 2133 3765 2205 (Arnob,

2178 2214 2269 2270 lib.
2300 2231 2366 2279 ιι,
2400 2234 2518 2289 pag.
2552 2219 2621 2273 es
2639 2221 2678 2288 ).

2250 2309 2551 2380 Mastruca,
2607 2314 2694 2368 vel
2747 2321 3016 2386 mastruga
3068 2317 3237 2371 vestis
3291 2326 3409 2372 erat
3457 2316 3764 2377 Sardonum

2175 2402 2200 2475 (
2214 2401 2377 2469 Ibid.,
2404 2421 2521 2476 pag.
2547 2404 2617 2462 59
2632 2405 2674 2477 ),
2699 2422 2858 2471 quam
2885 2407 3127 2463 Isidorus
3151 2410 3230 2464 sic
3256 2411 3529 2479 explicat:
3558 2412 3769 2470 «Vestis

2176 2493 2492 2551 Germanica
2535 2512 2601 2553 ex
2645 2499 2860 2568 pellulis
2901 2500 3136 2555 terarum
3158 2544 3172 2567 ,
3202 2501 3270 2556 de
3309 2497 3411 2572 qua
3437 2500 3632 2560 Cicero
3667 2520 3769 2577 pro

2175 2588 2380 2645 Scauro
2413 2608 2427 2643 :
2458 2606 2615 2661 quem
2660 2607 2894 2662 purpura
2925 2594 3120 2665 regalis
3146 2610 3252 2649 non
3283 2601 3606 2665 commovit,
3640 2614 3763 2655 cum

2175 2684 2467 2739 Sardorum
2509 2696 2779 2758 mastruga
2819 2688 3071 2741 mutavit.
3112 2688 3380 2760 Mastruga
3412 2702 3592 2747 autem
3622 2693 3765 2749 dicta

2172 2779 2329 2849 quasi
2369 2788 2733 2844 monstruosa,
2763 2796 2830 2835 eo
2860 2780 3001 2850 quod
3029 2781 3123 2851 qui
3166 2797 3228 2837 ea
3257 2783 3572 2850 induuntur,
3608 2789 3766 2857 quasi

2175 2872 2229 2927 in
2258 2871 2491 2927 ferarum
2513 2874 2752 2929 habitum
2769 2874 3217 2930 transformentur
3240 2877 3480 2947 t(Cicer.,
3510 2880 3655 2936 Orat.
3682 2898 3767 2948 ιιι,

2175 2966 2240 3021 de
2280 2965 2439 3020 Prov.
2470 2969 2691 3034 consul.,
2723 2984 2842 3039 pag.
2876 2968 3039 3041 509).
3065 2969 3281 3025 Videsis
3304 2972 3630 3043 Turnebum,
3663 2975 3766 3031 lib.

2101 3095 2147 3165 ο
2178 3075 2211 3114 x
2238 3060 2527 3114 Adversar.
2555 3076 2675 3130 cap.
2702 3063 2753 3125 5,
2779 3072 2833 3117 et
2859 3062 2954 3117 lib.
2979 3078 3080 3128 xx,
3102 3076 3221 3132 cap.
3246 3063 3299 3119 9.

2250 3154 2473 3209 Mateola
2495 3154 2869 3210 diminutivum
2888 3198 2903 3223 ,
2927 3157 3061 3219 sive,
3084 3165 3147 3210 ut
3168 3158 3258 3212 alii
3286 3161 3589 3231 opinantur,
3619 3161 3768 3219 idem

2175 3262 2237 3302 ac
2258 3255 2479 3313 mattea,
2510 3248 2593 3302 vel
2617 3258 2819 3322 mattya
2849 3264 3044 3320 graece,
3075 3256 3306 3325 ματτύα,
3335 3255 3420 3308 vel
3446 3257 3612 3330 ματύη
3643 3255 3769 3324 (Ar-

2174 3341 2320 3404 nob.,
2346 3341 2432 3394 lib.
2458 3356 2552 3404 vu,
2586 3357 2706 3412 pag.
2738 3342 2838 3397 231
2864 3343 2903 3412 ).
2939 3343 3206 3400 Delicatus
3233 3357 3317 3400 est
3344 3346 3499 3403 cibus
3520 3388 3533 3412 ,
3565 3356 3656 3402 aut
3680 3347 3731 3402 ci
3751 3381 3764 3389 -

2174 3432 2364 3487 borum
2392 3432 2618 3488 deliciae.
2651 3433 2805 3490 Unde
2828 3435 3122 3492 Martialis:

2267 3544 2422 3611 Dives
2446 3555 2498 3596 et.
2523 3561 2584 3597 ex
2611 3550 2743 3597 omni
2770 3551 2923 3611 posita
2948 3560 3025 3602 est
3049 3553 3285 3604 instructa
3309 3555 3517 3606 macello

2360 3609 2501 3660 (Stena
2526 3611 2633 3670 tibi,
2659 3612 2749 3661 sed
2771 3609 2822 3662 te
2843 3613 3020 3677 Mattya
3038 3616 3140 3666 sola
3159 3618 3346 3678 juvant.
3464 3618 3468 3631 '

2827 3695 3084 3760 (Πανδαίη
3118 3697 3204 3750 lib.
3223 3713 3283 3762 x,
3301 3699 3458 3766 epigr.
3478 3704 3582 3760 59.)

2173 3774 2365 3831 Postea
2393 3790 2555 3831 vero:

2268 3866 2406 3940 Inter
2424 3881 2547 3940 aves
2567 3870 2737 3940 turdus
2758 3873 2798 3940 si
2820 3875 2946 3940 quis,
2972 3887 3053 3925 me
3071 3875 3259 3940 judice,
3283 3883 3467 3940 certet,

2360 3928 2495 3982 Inter
2515 3928 2859 3999 quadrupedes
2876 3928 3050 4001 Mattya
3071 3928 3223 4000 prima
3247 3928 3406 4004 lepus.

2845 4020 3036 4083 (Mart,
3060 4016 3142 4069 lib.
3168 4035 3270 4085 xm,
3290 4023 3447 4090 epigr.

2175 4120 2316 4195 Lege
2346 4122 2660 4180 Athenaeum
2682 4164 2697 4188 ,
2731 4124 2827 4181 lib.
2858 4141 2945 4181 XIV
2992 4127 3426 4200 Deipnosophist.
3452 4172 3471 4200 ,
3500 4146 3622 4206 pag.
3658 4131 3768 4189 662

2210 4225 2231 4271 ι
2260 4218 2384 4272 665.

2210 4225 2231 4271 ι
2260 4218 2328 4273 66
2370 4256 2384 4271 .

2175 4232 2217 4386 εἴ
2248 4218 2454 4365 Μεῗαεο
2488 4314 2755 4383 sapientia:
2785 4314 2927 4369 tincti
2963 4322 3010 4369 et
3038 4319 3199 4371 saturi
3230 4327 3351 4389 potu
3382 4319 3627 4397 (Arnob,
3669 4322 3761 4379 lib.

2175 4418 2244 4469 ιι,
2275 4420 2392 4477 pag.
2424 4404 2489 4458 47
2509 4403 2549 4475 ).
2581 4404 2851 4463 Meracum
2877 4407 3140 4479 adjective
3178 4411 3465 4481 aliquando
3506 4412 3761 4479 sumitur,

2102 4483 2155 4543 D
2180 4511 2242 4551 ac
2270 4498 2537 4568 significat
2560 4500 2733 4554 solum
2759 4517 2822 4557 ac
2849 4517 3080 4574 purum:
3113 4505 3401 4576 aliquando
3427 4508 3766 4566 substantive

2176 4590 2318 4649 idem
2350 4608 2413 4651 ac
2442 4593 2623 4649 vinum
2656 4607 2828 4653 sonat.
2860 4597 3092 4666 Audias,
3123 4601 3316 4669 velim,
3350 4602 3665 4666 Horatium;

2229 4742 2237 4751 ι
2269 4710 2469 4775 Expulit
2492 4710 2713 4765 elleboro
2735 4714 2980 4773 morbum,
3005 4715 3261 4782 bilemque
3278 4733 3498 4773 meraco.

2647 4796 2863 4862 (Horat.,
2884 4797 2968 4850 lib.
2992 4815 3042 4860 ιι,
3066 4799 3206 4866 epist.
3227 4802 3275 4865 2,
3294 4816 3421 4857 vers.
3445 4805 3579 4871 137.)

2249 4900 2496 4956 Miculam
2522 4901 2655 4958 dixit
2684 4902 2825 4957 haud
2848 4905 3014 4959 semel
3035 4905 3304 4965 Arnobius
3320 4908 3563 4981 (Arnob,
3583 4911 3674 4966 lib.
3702 4929 3771 4982 tt,

2060 4993 2072 5041 f
2177 5009 2231 5063 ρ.
2261 4993 2351 5059 77,
2375 5002 2423 5048 et
2448 4994 2536 5049 lib.
2555 5009 2650 5062 vu,
2671 5012 2723 5064 p.
2751 4994 2911 5067 236);
2935 4995 3077 5066 quod
3103 5013 3298 5054 nomen
3326 5015 3355 5053 a
3383 5001 3518 5056 mica
3545 5003 3771 5060 desum-

2173 5095 2344 5156 ptum,
2376 5103 2495 5155 quae
2524 5089 2766 5158 exiguam
2793 5088 2876 5144 rei
2892 5090 3121 5160 alicujus
3146 5092 3310 5148 arida:
3338 5102 3393 5149 et
3417 5094 3577 5152 sicca:
3604 5099 3774 5167 parti-

2174 5178 2349 5233 culam
2388 5179 2668 5249 signiﬁcat.
2696 5179 2939 5235 Miculam
2982 5182 3142 5253 igitur
3176 5193 3332 5240 vocat
3370 5187 3644 5244 minimam
3690 5193 3775 5249 rei

2174 5271 2367 5331 micam
2406 5280 2463 5329 et
2490 5280 2716 5340 partem.
2744 5271 2921 5344 Atque
2950 5273 3020 5328 ita
3049 5290 3195 5331 sana:
3223 5278 3549 5347 nominibus,
3581 5290 3639 5336 ut
3657 5280 3772 5352 jam

2175 5364 2371 5434 saepius
2397 5362 2793 5431 admonuimus,
2824 5364 3154 5422 diminutivis
3185 5367 3263 5424 uti
3290 5378 3456 5425 amat.

2254 5457 2638 5511 Minimisst'mus
2683 5456 2862 5525 itaque
2898 5458 3094 5528 digitus
3134 5458 3204 5513 ab
3241 5460 3334 5515 illo
3370 5460 3612 5518 eamdem
3640 5479 3780 5523 sane

2177 5551 2248 5606 ob
2277 5553 2539 5606 rationem
2570 5549 2786 5617 dicitur,
2816 5552 3062 5622 quamvis
3104 5553 3382 5608 minimum
3410 5554 3614 5612 dixisse
3638 5559 3777 5615 Satis

2178 5643 2279 5714 ipsi
2309 5642 2494 5698 fuisset
2522 5641 2737 5715 (Idem,
2765 5641 2851 5696 lib.
2882 5658 2937 5709 v,
2966 5661 3020 5714 p.
3044 5642 3153 5700 260
3181 5654 3227 5699 et
3255 5644 3406 5719 266).

2253 5731 2434 5803 Mitra,
2465 5742 2524 5792 ut
2566 5733 2725 5795 docet
2756 5732 3000 5801 Servius,
3033 5735 3206 5807 pileus
3248 5736 3503 5797 incurvus
3529 5749 3663 5810 erat,
3694 5757 3771 5799 ex
