  <div class='ocr_page' id='page_1' title='image "/cluster/home/n/w/nwhite01/storage/ocr_20150623/5/hvd.32044073505083/356.png"; bbox 0 0 3986 6058; ppageno 0'>
   <div class='ocr_carea' id='block_1_1' title="bbox 239 120 339 176">
    <p class='ocr_par' dir='ltr' id='par_1_1' title="bbox 239 120 339 176">
     <span class='ocr_line' id='line_1_1' title="bbox 239 120 339 176; baseline 0 0"><span class='ocrx_word' id='word_1_1' title='bbox 239 120 339 176; x_wconf 77' lang='grc' dir='ltr'><strong>’ΖΜ</strong></span> 
     </span>
    </p>
   </div>
   <div class='ocr_carea' id='block_1_2' title="bbox 1472 109 2379 182">
    <p class='ocr_par' dir='ltr' id='par_1_2' title="bbox 1472 109 2379 182">
     <span class='ocr_line' id='line_1_2' title="bbox 1472 109 2379 182; baseline -0.011 -5"><span class='ocrx_word' id='word_1_2' title='bbox 1472 117 1539 177; x_wconf 73' lang='lat' dir='ltr'>IN</span> <span class='ocrx_word' id='word_1_3' title='bbox 1577 111 1953 182; x_wconf 68' lang='grc' dir='ltr'><strong>ΑΒΝΟΒΗΞΜ,</strong></span> <span class='ocrx_word' id='word_1_4' title='bbox 1982 110 2147 173; x_wconf 62' lang='lat' dir='ltr'><strong>tC-AP.</strong></span> <span class='ocrx_word' id='word_1_5' title='bbox 2191 109 2379 171; x_wconf 73' lang='lat' dir='ltr'><strong>XXVI.</strong></span> 
     </span>
    </p>
   </div>
   <div class='ocr_carea' id='block_1_3' title="bbox 3411 111 3515 167">
    <p class='ocr_par' dir='ltr' id='par_1_3' title="bbox 3411 111 3515 167">
     <span class='ocr_line' id='line_1_3' title="bbox 3411 111 3515 167; baseline 0 0"><span class='ocrx_word' id='word_1_6' title='bbox 3411 111 3515 167; x_wconf 79' lang='grc'><strong>702</strong></span> 
     </span>
    </p>
   </div>
   <div class='ocr_carea' id='block_1_4' title="bbox 232 228 3515 315">
    <p class='ocr_par' dir='ltr' id='par_1_4' title="bbox 232 228 3515 315">
     <span class='ocr_line' id='line_1_4' title="bbox 232 228 3515 315; baseline -0.003 -20"><span class='ocrx_word' id='word_1_7' title='bbox 232 252 345 306; x_wconf 79' lang='lat' dir='ltr'><strong>quo</strong></span> <span class='ocrx_word' id='word_1_8' title='bbox 388 236 661 308; x_wconf 76' lang='lat' dir='ltr'><strong>pendebat</strong></span> <span class='ocrx_word' id='word_1_9' title='bbox 710 236 995 301; x_wconf 82' lang='lat' dir='ltr'><strong>baccarum</strong></span> <span class='ocrx_word' id='word_1_10' title='bbox 1038 236 1301 315; x_wconf 81' lang='lat' dir='ltr'><strong>tegimen,</strong></span> <span class='ocrx_word' id='word_1_11' title='bbox 1351 250 1457 306; x_wconf 82' lang='lat' dir='ltr'><strong>quo</strong></span> <span class='ocrx_word' id='word_1_12' title='bbox 1498 234 1741 309; x_wconf 81' lang='lat' dir='ltr'><strong>Phryges</strong></span> <span class='ocrx_word' id='word_1_13' title='bbox 1775 243 1831 295; x_wconf 85' lang='lat' dir='ltr'><strong>et</strong></span> <span class='ocrx_word' id='word_1_14' title='bbox 1855 233 1910 298; x_wconf 83' lang='lat' dir='ltr'><strong>A</strong></span> <span class='ocrx_word' id='word_1_15' title='bbox 2003 228 2382 294; x_wconf 72' lang='lat' dir='ltr'><strong>Nebulositalc,</strong></span> <span class='ocrx_word' id='word_1_16' title='bbox 2414 231 2583 302; x_wconf 89' lang='lat' dir='ltr'><strong>inquit</strong></span> <span class='ocrx_word' id='word_1_17' title='bbox 2610 231 2902 295; x_wconf 84' lang='lat' dir='ltr'><strong>Arnobius,</strong></span> <span class='ocrx_word' id='word_1_18' title='bbox 2929 230 3329 289; x_wconf 74' lang='lat' dir='ltr'><strong>redundantiam</strong></span> <span class='ocrx_word' id='word_1_19' title='bbox 3360 244 3515 299; x_wconf 76' lang='lat' dir='ltr'><strong>vapo-</strong></span> 
     </span>
    </p>
   </div>
   <div class='ocr_carea' id='block_1_5' title="bbox 236 324 1823 416">
    <p class='ocr_par' dir='ltr' id='par_1_5' title="bbox 236 324 1823 416">
     <span class='ocr_line' id='line_1_5' title="bbox 236 324 1823 416; baseline -0.004 -30"><span class='ocrx_word' id='word_1_20' title='bbox 236 329 395 403; x_wconf 81' lang='lat' dir='ltr'><strong>Lydii</strong></span> <span class='ocrx_word' id='word_1_21' title='bbox 431 328 718 395; x_wconf 84' lang='lat' dir='ltr'><strong>utebantur</strong></span> <span class='ocrx_word' id='word_1_22' title='bbox 718 372 748 416; x_wconf 45' lang='lat' dir='ltr'><em>I</em></span> <span class='ocrx_word' id='word_1_23' title='bbox 781 339 834 386; x_wconf 88' lang='lat' dir='ltr'><strong>et</strong></span> <span class='ocrx_word' id='word_1_24' title='bbox 861 344 995 401; x_wconf 88' lang='lat' dir='ltr'><strong>quos</strong></span> <span class='ocrx_word' id='word_1_25' title='bbox 1022 328 1239 398; x_wconf 84' lang='lat' dir='ltr'><strong>Trojani</strong></span> <span class='ocrx_word' id='word_1_26' title='bbox 1268 327 1454 385; x_wconf 86' lang='lat' dir='ltr'><strong>imitati</strong></span> <span class='ocrx_word' id='word_1_27' title='bbox 1486 337 1611 382; x_wconf 85' lang='lat' dir='ltr'><strong>sunt</strong></span> <span class='ocrx_word' id='word_1_28' title='bbox 1631 324 1823 392; x_wconf 83' lang='lat' dir='ltr'><strong>(Idem,</strong></span> 
     </span>
    </p>
   </div>
   <div class='ocr_carea' id='block_1_6' title="bbox 236 418 1827 497">
    <p class='ocr_par' dir='ltr' id='par_1_6' title="bbox 236 418 1827 497">
     <span class='ocr_line' id='line_1_6' title="bbox 236 418 1827 497; baseline -0.004 -19"><span class='ocrx_word' id='word_1_29' title='bbox 236 423 330 478; x_wconf 97' lang='lat' dir='ltr'><strong>lib.</strong></span> <span class='ocrx_word' id='word_1_30' title='bbox 376 439 434 489; x_wconf 82' lang='grc' dir='ltr'><strong>ιι,</strong></span> <span class='ocrx_word' id='word_1_31' title='bbox 463 440 518 495; x_wconf 84' lang='lat' dir='ltr'><strong>p.</strong></span> <span class='ocrx_word' id='word_1_32' title='bbox 553 423 641 489; x_wconf 86' lang='lat'><strong>57;</strong></span> <span class='ocrx_word' id='word_1_33' title='bbox 671 422 847 497; x_wconf 56' lang='lat' dir='ltr'><strong>Serm,</strong></span> <span class='ocrx_word' id='word_1_34' title='bbox 876 421 931 475; x_wconf 85' lang='lat' dir='ltr'><strong>in</strong></span> <span class='ocrx_word' id='word_1_35' title='bbox 962 420 1055 475; x_wconf 87' lang='lat' dir='ltr'><strong>lib.</strong></span> <span class='ocrx_word' id='word_1_36' title='bbox 1092 435 1145 475; x_wconf 84' lang='lat' dir='ltr'><strong>tv</strong></span> <span class='ocrx_word' id='word_1_37' title='bbox 1172 418 1392 479; x_wconf 60' lang='lat' dir='ltr'><strong>dineid.</strong></span> <span class='ocrx_word' id='word_1_38' title='bbox 1419 460 1434 487; x_wconf 89' lang='lat'><strong>,</strong></span> <span class='ocrx_word' id='word_1_39' title='bbox 1464 436 1595 475; x_wconf 83' lang='lat' dir='ltr'><strong>vers.</strong></span> <span class='ocrx_word' id='word_1_40' title='bbox 1623 418 1750 483; x_wconf 81' lang='grc'><strong>215,</strong></span> <span class='ocrx_word' id='word_1_41' title='bbox 1780 427 1827 472; x_wconf 89' lang='lat' dir='ltr'><strong>et</strong></span> 
     </span>
    </p>
   </div>
   <div class='ocr_carea' id='block_1_7' title="bbox 237 511 1825 585">
    <p class='ocr_par' dir='ltr' id='par_1_7' title="bbox 237 511 1825 585">
     <span class='ocr_line' id='line_1_7' title="bbox 237 511 1825 585; baseline -0.003 -15"><span class='ocrx_word' id='word_1_42' title='bbox 237 515 331 570; x_wconf 89' lang='lat' dir='ltr'><strong>lib.</strong></span> <span class='ocrx_word' id='word_1_43' title='bbox 360 530 436 580; x_wconf 81' lang='lat' dir='ltr'><strong>rx,</strong></span> <span class='ocrx_word' id='word_1_44' title='bbox 464 531 594 570; x_wconf 78' lang='lat' dir='ltr'><strong>vers.</strong></span> <span class='ocrx_word' id='word_1_45' title='bbox 615 512 770 585; x_wconf 75' lang='grc'><strong>216).</strong></span> <span class='ocrx_word' id='word_1_46' title='bbox 796 513 958 569; x_wconf 79' lang='lat' dir='ltr'><strong>Addit</strong></span> <span class='ocrx_word' id='word_1_47' title='bbox 978 523 1155 569; x_wconf 86' lang='lat' dir='ltr'><strong>autem</strong></span> <span class='ocrx_word' id='word_1_48' title='bbox 1178 513 1494 582; x_wconf 76' lang='lat' dir='ltr'><strong>quibusdam</strong></span> <span class='ocrx_word' id='word_1_49' title='bbox 1524 513 1693 568; x_wconf 87' lang='lat' dir='ltr'><strong>visum</strong></span> <span class='ocrx_word' id='word_1_50' title='bbox 1723 511 1825 565; x_wconf 81' lang='lat' dir='ltr'><strong>mi-</strong></span> 
     </span>
    </p>
   </div>
   <div class='ocr_carea' id='block_1_8' title="bbox 236 602 1824 678">
    <p class='ocr_par' dir='ltr' id='par_1_8' title="bbox 236 602 1824 678">
     <span class='ocr_line' id='line_1_8' title="bbox 236 602 1824 678; baseline -0.004 -15"><span class='ocrx_word' id='word_1_51' title='bbox 236 619 378 667; x_wconf 78' lang='lat' dir='ltr'><strong>iram</strong></span> <span class='ocrx_word' id='word_1_52' title='bbox 408 610 746 673; x_wconf 72' lang='lat' dir='ltr'><strong>meretricum</strong></span> <span class='ocrx_word' id='word_1_53' title='bbox 774 622 912 675; x_wconf 89' lang='lat' dir='ltr'><strong>esse,</strong></span> <span class='ocrx_word' id='word_1_54' title='bbox 944 618 999 662; x_wconf 91' lang='lat' dir='ltr'><strong>et</strong></span> <span class='ocrx_word' id='word_1_55' title='bbox 1028 606 1092 660; x_wconf 91' lang='lat' dir='ltr'><strong>iis</strong></span> <span class='ocrx_word' id='word_1_56' title='bbox 1119 605 1440 678; x_wconf 83' lang='lat' dir='ltr'><strong>adscriptam</strong></span> <span class='ocrx_word' id='word_1_57' title='bbox 1470 605 1663 676; x_wconf 82' lang='lat' dir='ltr'><strong>quibus</strong></span> <span class='ocrx_word' id='word_1_58' title='bbox 1692 602 1824 659; x_wconf 73' lang='lat' dir='ltr'><strong>clie-</strong></span> 
     </span>
    </p>
   </div>
   <div class='ocr_carea' id='block_1_9' title="bbox 237 696 1828 759">
    <p class='ocr_par' dir='ltr' id='par_1_9' title="bbox 237 696 1828 759">
     <span class='ocr_line' id='line_1_9' title="bbox 237 696 1828 759; baseline -0.004 -1"><span class='ocrx_word' id='word_1_59' title='bbox 237 702 463 758; x_wconf 88' lang='lat' dir='ltr'><strong>minatio</strong></span> <span class='ocrx_word' id='word_1_60' title='bbox 493 702 704 756; x_wconf 85' lang='lat' dir='ltr'><strong>crimini</strong></span> <span class='ocrx_word' id='word_1_61' title='bbox 746 700 991 759; x_wconf 76' lang='lat' dir='ltr'><strong>dabatur.</strong></span> <span class='ocrx_word' id='word_1_62' title='bbox 1028 699 1391 755; x_wconf 81' lang='lat' dir='ltr'><strong>Romanarum</strong></span> <span class='ocrx_word' id='word_1_63' title='bbox 1422 710 1605 759; x_wconf 73' lang='lat' dir='ltr'><strong>autem</strong></span> <span class='ocrx_word' id='word_1_64' title='bbox 1639 696 1828 752; x_wconf 86' lang='lat' dir='ltr'><strong>mulie-</strong></span> 
     </span>
    </p>
   </div>
   <div class='ocr_carea' id='block_1_10' title="bbox 233 789 1827 864">
    <p class='ocr_par' dir='ltr' id='par_1_10' title="bbox 233 789 1827 864">
     <span class='ocr_line' id='line_1_10' title="bbox 233 789 1827 864; baseline -0.004 -14"><span class='ocrx_word' id='word_1_65' title='bbox 233 811 355 855; x_wconf 85' lang='lat' dir='ltr'><strong>rum</strong></span> <span class='ocrx_word' id='word_1_66' title='bbox 409 805 529 850; x_wconf 89' lang='lat' dir='ltr'><strong>erat</strong></span> <span class='ocrx_word' id='word_1_67' title='bbox 576 795 1028 864; x_wconf 73' lang='lat' dir='ltr'><strong>integumentum,</strong></span> <span class='ocrx_word' id='word_1_68' title='bbox 1082 793 1158 847; x_wconf 88' lang='lat' dir='ltr'><strong>uti</strong></span> <span class='ocrx_word' id='word_1_69' title='bbox 1203 792 1373 862; x_wconf 82' lang='lat' dir='ltr'><strong>liquet</strong></span> <span class='ocrx_word' id='word_1_70' title='bbox 1419 806 1485 845; x_wconf 80' lang='lat' dir='ltr'><strong>ex</strong></span> <span class='ocrx_word' id='word_1_71' title='bbox 1538 790 1624 847; x_wconf 87' lang='lat' dir='ltr'><strong>his</strong></span> <span class='ocrx_word' id='word_1_72' title='bbox 1669 789 1827 847; x_wconf 87' lang='lat' dir='ltr'><strong>Plinii</strong></span> 
     </span>
    </p>
   </div>
   <div class='ocr_carea' id='block_1_11' title="bbox 231 885 1826 962">
    <p class='ocr_par' dir='ltr' id='par_1_11' title="bbox 231 885 1826 962">
     <span class='ocr_line' id='line_1_11' title="bbox 231 885 1826 962; baseline -0.002 -20"><span class='ocrx_word' id='word_1_73' title='bbox 231 887 416 944; x_wconf 80' lang='lat' dir='ltr'><strong>verbis</strong></span> <span class='ocrx_word' id='word_1_74' title='bbox 446 905 460 942; x_wconf 89' lang='lat'><strong>:</strong></span> <span class='ocrx_word' id='word_1_75' title='bbox 492 906 512 940; x_wconf 81' lang='grc' dir='ltr'><strong>ι</strong></span> <span class='ocrx_word' id='word_1_76' title='bbox 543 887 869 962; x_wconf 78' lang='lat' dir='ltr'><strong>Polygnotus</strong></span> <span class='ocrx_word' id='word_1_77' title='bbox 894 886 1125 942; x_wconf 87' lang='lat' dir='ltr'><strong>Thasius</strong></span> <span class='ocrx_word' id='word_1_78' title='bbox 1146 887 1350 957; x_wconf 86' lang='lat' dir='ltr'><strong>primus</strong></span> <span class='ocrx_word' id='word_1_79' title='bbox 1381 886 1632 941; x_wconf 84' lang='lat' dir='ltr'><strong>mulieres</strong></span> <span class='ocrx_word' id='word_1_80' title='bbox 1654 885 1826 941; x_wconf 90' lang='lat' dir='ltr'><strong>lucida</strong></span> 
     </span>
    </p>
   </div>
   <div class='ocr_carea' id='block_1_12' title="bbox 233 977 1828 1051">
    <p class='ocr_par' dir='ltr' id='par_1_12' title="bbox 233 977 1828 1051">
     <span class='ocr_line' id='line_1_12' title="bbox 233 977 1828 1051; baseline -0.004 -14"><span class='ocrx_word' id='word_1_81' title='bbox 233 992 386 1037; x_wconf 91' lang='lat' dir='ltr'><strong>veste</strong></span> <span class='ocrx_word' id='word_1_82' title='bbox 416 981 607 1051; x_wconf 84' lang='lat' dir='ltr'><strong>pinxit,</strong></span> <span class='ocrx_word' id='word_1_83' title='bbox 644 981 815 1050; x_wconf 84' lang='lat' dir='ltr'><strong>capita</strong></span> <span class='ocrx_word' id='word_1_84' title='bbox 846 995 1030 1034; x_wconf 90' lang='lat' dir='ltr'><strong>earum</strong></span> <span class='ocrx_word' id='word_1_85' title='bbox 1063 980 1235 1035; x_wconf 89' lang='lat' dir='ltr'><strong>mitris</strong></span> <span class='ocrx_word' id='word_1_86' title='bbox 1256 977 1671 1035; x_wconf 88' lang='lat' dir='ltr'><strong>versicoloribus</strong></span> <span class='ocrx_word' id='word_1_87' title='bbox 1699 991 1828 1047; x_wconf 81' lang='lat' dir='ltr'><strong>ope—</strong></span> 
     </span>
    </p>
   </div>
   <div class='ocr_carea' id='block_1_13' title="bbox 231 1070 1824 1144">
    <p class='ocr_par' dir='ltr' id='par_1_13' title="bbox 231 1070 1824 1144">
     <span class='ocr_line' id='line_1_13' title="bbox 231 1070 1824 1144; baseline -0.006 -13"><span class='ocrx_word' id='word_1_88' title='bbox 231 1076 363 1131; x_wconf 85' lang='lat' dir='ltr'><strong>ruit.</strong></span> <span class='ocrx_word' id='word_1_89' title='bbox 400 1094 418 1128; x_wconf 78' lang='grc' dir='ltr'><strong>ι</strong></span> <span class='ocrx_word' id='word_1_90' title='bbox 450 1074 689 1137; x_wconf 83' lang='lat' dir='ltr'><strong>lsidorus</strong></span> <span class='ocrx_word' id='word_1_91' title='bbox 720 1088 846 1129; x_wconf 83' lang='lat' dir='ltr'><strong>vero</strong></span> <span class='ocrx_word' id='word_1_92' title='bbox 882 1092 895 1128; x_wconf 89' lang='lat'><strong>:</strong></span> <span class='ocrx_word' id='word_1_93' title='bbox 931 1092 950 1125; x_wconf 77' lang='grc' dir='ltr'><strong>ι</strong></span> <span class='ocrx_word' id='word_1_94' title='bbox 984 1073 1135 1128; x_wconf 83' lang='lat' dir='ltr'><strong>Mitra</strong></span> <span class='ocrx_word' id='word_1_95' title='bbox 1162 1084 1245 1127; x_wconf 90' lang='lat' dir='ltr'><strong>est</strong></span> <span class='ocrx_word' id='word_1_96' title='bbox 1270 1073 1468 1144; x_wconf 89' lang='lat' dir='ltr'><strong>pileum</strong></span> <span class='ocrx_word' id='word_1_97' title='bbox 1501 1070 1785 1144; x_wconf 79' lang='lat' dir='ltr'><strong>Phrygium</strong></span> <span class='ocrx_word' id='word_1_98' title='bbox 1809 1110 1824 1134; x_wconf 93' lang='lat'><strong>,</strong></span> 
     </span>
    </p>
   </div>
   <div class='ocr_carea' id='block_1_14' title="bbox 236 1162 1828 1245">
    <p class='ocr_par' dir='ltr' id='par_1_14' title="bbox 236 1162 1828 1245">
     <span class='ocr_line' id='line_1_14' title="bbox 236 1162 1828 1245; baseline -0.004 -21"><span class='ocrx_word' id='word_1_99' title='bbox 236 1178 401 1239; x_wconf 92' lang='lat' dir='ltr'><strong>caput</strong></span> <span class='ocrx_word' id='word_1_100' title='bbox 428 1177 737 1245; x_wconf 77' lang='lat' dir='ltr'><strong>protegens,</strong></span> <span class='ocrx_word' id='word_1_101' title='bbox 766 1168 923 1238; x_wconf 88' lang='lat' dir='ltr'><strong>quale</strong></span> <span class='ocrx_word' id='word_1_102' title='bbox 950 1177 1031 1221; x_wconf 90' lang='lat' dir='ltr'><strong>est</strong></span> <span class='ocrx_word' id='word_1_103' title='bbox 1052 1177 1427 1221; x_wconf 86' lang='lat' dir='ltr'><strong>ornamentum</strong></span> <span class='ocrx_word' id='word_1_104' title='bbox 1455 1163 1643 1236; x_wconf 88' lang='lat' dir='ltr'><strong>capitis</strong></span> <span class='ocrx_word' id='word_1_105' title='bbox 1671 1162 1828 1218; x_wconf 86' lang='lat' dir='ltr'><strong>devo-</strong></span> 
     </span>
    </p>
   </div>
   <div class='ocr_carea' id='block_1_15' title="bbox 232 1256 1826 1333">
    <p class='ocr_par' dir='ltr' id='par_1_15' title="bbox 232 1256 1826 1333">
     <span class='ocr_line' id='line_1_15' title="bbox 232 1256 1826 1333; baseline -0.004 -16"><span class='ocrx_word' id='word_1_106' title='bbox 232 1271 435 1317; x_wconf 89' lang='lat' dir='ltr'><strong>tarnm.</strong></span> <span class='ocrx_word' id='word_1_107' title='bbox 467 1261 574 1318; x_wconf 92' lang='lat' dir='ltr'><strong>Sed</strong></span> <span class='ocrx_word' id='word_1_108' title='bbox 604 1261 806 1333; x_wconf 89' lang='lat' dir='ltr'><strong>pileum</strong></span> <span class='ocrx_word' id='word_1_109' title='bbox 842 1262 1077 1317; x_wconf 89' lang='lat' dir='ltr'><strong>virorum</strong></span> <span class='ocrx_word' id='word_1_110' title='bbox 1107 1269 1225 1325; x_wconf 89' lang='lat' dir='ltr'><strong>est,</strong></span> <span class='ocrx_word' id='word_1_111' title='bbox 1258 1260 1415 1321; x_wconf 87' lang='lat' dir='ltr'><strong>mitra</strong></span> <span class='ocrx_word' id='word_1_112' title='bbox 1452 1268 1634 1319; x_wconf 89' lang='lat' dir='ltr'><strong>autem</strong></span> <span class='ocrx_word' id='word_1_113' title='bbox 1672 1256 1826 1313; x_wconf 82' lang='lat' dir='ltr'><strong>femi-</strong></span> 
     </span>
    </p>
   </div>
   <div class='ocr_carea' id='block_1_16' title="bbox 233 1348 1822 1425">
    <p class='ocr_par' dir='ltr' id='par_1_16' title="bbox 233 1348 1822 1425">
     <span class='ocr_line' id='line_1_16' title="bbox 233 1348 1822 1425; baseline -0.003 -16"><span class='ocrx_word' id='word_1_114' title='bbox 233 1370 450 1410; x_wconf 85' lang='lat' dir='ltr'><strong>narum.</strong></span> <span class='ocrx_word' id='word_1_115' title='bbox 511 1372 532 1406; x_wconf 78' lang='grc' dir='ltr'><strong>ι</strong></span> <span class='ocrx_word' id='word_1_116' title='bbox 595 1352 803 1425; x_wconf 88' lang='lat' dir='ltr'><strong>(Plin.,</strong></span> <span class='ocrx_word' id='word_1_117' title='bbox 849 1352 938 1408; x_wconf 89' lang='lat' dir='ltr'><strong>lib.</strong></span> <span class='ocrx_word' id='word_1_118' title='bbox 1000 1368 1110 1407; x_wconf 82' lang='lat' dir='ltr'><strong>xxv</strong></span> <span class='ocrx_word' id='word_1_119' title='bbox 1159 1351 1352 1407; x_wconf 89' lang='lat' dir='ltr'><strong>Natur.</strong></span> <span class='ocrx_word' id='word_1_120' title='bbox 1398 1353 1557 1418; x_wconf 83' lang='lat' dir='ltr'><strong>hist.,</strong></span> <span class='ocrx_word' id='word_1_121' title='bbox 1597 1367 1710 1423; x_wconf 86' lang='lat' dir='ltr'><strong>cap.</strong></span> <span class='ocrx_word' id='word_1_122' title='bbox 1753 1348 1822 1415; x_wconf 88' lang='lat'><strong>9,</strong></span> 
     </span>
    </p>
   </div>
   <div class='ocr_carea' id='block_1_17' title="bbox 233 1444 1479 1520">
    <p class='ocr_par' dir='ltr' id='par_1_17' title="bbox 233 1444 1479 1520">
     <span class='ocr_line' id='line_1_17' title="bbox 233 1444 1479 1520; baseline -0.004 -15"><span class='ocrx_word' id='word_1_123' title='bbox 233 1466 291 1520; x_wconf 81' lang='grc' dir='ltr'><strong>ρ.</strong></span> <span class='ocrx_word' id='word_1_124' title='bbox 321 1449 453 1513; x_wconf 84' lang='grc'><strong>197;</strong></span> <span class='ocrx_word' id='word_1_125' title='bbox 482 1447 701 1513; x_wconf 83' lang='lat' dir='ltr'><strong>lsidor.,</strong></span> <span class='ocrx_word' id='word_1_126' title='bbox 731 1447 818 1503; x_wconf 87' lang='lat' dir='ltr'><strong>lib.</strong></span> <span class='ocrx_word' id='word_1_127' title='bbox 844 1464 933 1503; x_wconf 76' lang='grc' dir='ltr'>χιιι</span> <span class='ocrx_word' id='word_1_128' title='bbox 957 1446 1182 1518; x_wconf 80' lang='lat' dir='ltr'><strong>0rigin.,</strong></span> <span class='ocrx_word' id='word_1_129' title='bbox 1213 1463 1328 1518; x_wconf 91' lang='lat' dir='ltr'><strong>cap.</strong></span> <span class='ocrx_word' id='word_1_130' title='bbox 1359 1444 1479 1519; x_wconf 80' lang='grc'><strong>51.)</strong></span> 
     </span>
    </p>
   </div>
   <div class='ocr_carea' id='block_1_18' title="bbox 1928 322 3519 391">
    <p class='ocr_par' dir='ltr' id='par_1_18' title="bbox 1928 322 3519 391">
     <span class='ocr_line' id='line_1_18' title="bbox 1928 322 3519 391; baseline -0.001 -13"><span class='ocrx_word' id='word_1_131' title='bbox 1928 342 2044 379; x_wconf 90' lang='lat' dir='ltr'><strong>rum</strong></span> <span class='ocrx_word' id='word_1_132' title='bbox 2075 334 2233 380; x_wconf 84' lang='lat' dir='ltr'><strong>totum</strong></span> <span class='ocrx_word' id='word_1_133' title='bbox 2262 325 2441 380; x_wconf 68' lang='lat' dir='ltr'><strong>malum</strong></span> <span class='ocrx_word' id='word_1_134' title='bbox 2491 326 2795 391; x_wconf 81' lang='lat' dir='ltr'><strong>claudatur,</strong></span> <span class='ocrx_word' id='word_1_135' title='bbox 2844 324 2895 381; x_wconf 88' lang='lat' dir='ltr'><strong>id</strong></span> <span class='ocrx_word' id='word_1_136' title='bbox 2945 335 3049 391; x_wconf 80' lang='lat' dir='ltr'><strong>est,</strong></span> <span class='ocrx_word' id='word_1_137' title='bbox 3092 322 3519 381; x_wconf 75' lang='lat' dir='ltr'><strong>redundantibus</strong></span> 
     </span>
    </p>
   </div>
   <div class='ocr_carea' id='block_1_19' title="bbox 1927 415 3519 491">
    <p class='ocr_par' dir='ltr' id='par_1_19' title="bbox 1927 415 3519 491">
     <span class='ocr_line' id='line_1_19' title="bbox 1927 415 3519 491; baseline -0.001 -19"><span class='ocrx_word' id='word_1_138' title='bbox 1927 417 2133 472; x_wconf 89' lang='lat' dir='ltr'><strong>incensi</strong></span> <span class='ocrx_word' id='word_1_139' title='bbox 2177 416 2347 473; x_wconf 88' lang='lat' dir='ltr'><strong>thuris</strong></span> <span class='ocrx_word' id='word_1_140' title='bbox 2397 419 2719 488; x_wconf 80' lang='lat' dir='ltr'><strong>vaporibus,</strong></span> <span class='ocrx_word' id='word_1_141' title='bbox 2776 418 2972 491; x_wconf 84' lang='lat' dir='ltr'><strong>quibus</strong></span> <span class='ocrx_word' id='word_1_142' title='bbox 3026 429 3278 487; x_wconf 88' lang='lat' dir='ltr'><strong>tanquam</strong></span> <span class='ocrx_word' id='word_1_143' title='bbox 3321 415 3519 471; x_wconf 84' lang='lat' dir='ltr'><strong>nebula</strong></span> 
     </span>
    </p>
   </div>
   <div class='ocr_carea' id='block_1_20' title="bbox 1929 511 3519 583">
    <p class='ocr_par' dir='ltr' id='par_1_20' title="bbox 1929 511 3519 583">
     <span class='ocr_line' id='line_1_20' title="bbox 1929 511 3519 583; baseline 0 -16"><span class='ocrx_word' id='word_1_144' title='bbox 1929 519 2099 567; x_wconf 87' lang='lat' dir='ltr'><strong>totum</strong></span> <span class='ocrx_word' id='word_1_145' title='bbox 2129 511 2321 571; x_wconf 74' lang='lat' dir='ltr'><strong>ctelum</strong></span> <span class='ocrx_word' id='word_1_146' title='bbox 2340 552 2355 576; x_wconf 92' lang='lat'><strong>,</strong></span> <span class='ocrx_word' id='word_1_147' title='bbox 2398 527 2495 569; x_wconf 89' lang='lat' dir='ltr'><strong>seu</strong></span> <span class='ocrx_word' id='word_1_148' title='bbox 2520 513 2700 583; x_wconf 82' lang='lat' dir='ltr'><strong>potius</strong></span> <span class='ocrx_word' id='word_1_149' title='bbox 2730 522 2873 569; x_wconf 91' lang='lat' dir='ltr'><strong>totus</strong></span> <span class='ocrx_word' id='word_1_150' title='bbox 2901 529 2994 569; x_wconf 87' lang='lat' dir='ltr'><strong>aer</strong></span> <span class='ocrx_word' id='word_1_151' title='bbox 3038 512 3318 571; x_wconf 80' lang='lat' dir='ltr'><strong>claudatur</strong></span> <span class='ocrx_word' id='word_1_152' title='bbox 3342 519 3399 568; x_wconf 79' lang='lat' dir='ltr'><strong>et</strong></span> <span class='ocrx_word' id='word_1_153' title='bbox 3435 520 3519 567; x_wconf 91' lang='lat' dir='ltr'><strong>te-</strong></span> 
     </span>
    </p>
   </div>
   <div class='ocr_carea' id='block_1_21' title="bbox 1926 606 2877 681">
    <p class='ocr_par' dir='ltr' id='par_1_21' title="bbox 1926 606 2877 681">
     <span class='ocr_line' id='line_1_21' title="bbox 1926 606 2877 681; baseline -0.002 -20"><span class='ocrx_word' id='word_1_154' title='bbox 1926 616 2083 678; x_wconf 87' lang='lat' dir='ltr'><strong>gatur</strong></span> <span class='ocrx_word' id='word_1_155' title='bbox 2115 606 2291 677; x_wconf 81' lang='lat' dir='ltr'><strong>(Arn.,</strong></span> <span class='ocrx_word' id='word_1_156' title='bbox 2322 608 2412 665; x_wconf 88' lang='lat' dir='ltr'><strong>lib.</strong></span> <span class='ocrx_word' id='word_1_157' title='bbox 2447 623 2543 675; x_wconf 86' lang='lat' dir='ltr'><strong>vn,</strong></span> <span class='ocrx_word' id='word_1_158' title='bbox 2572 626 2691 680; x_wconf 82' lang='lat' dir='ltr'><strong>pag.</strong></span> <span class='ocrx_word' id='word_1_159' title='bbox 2723 609 2877 681; x_wconf 70' lang='grc'><strong>254.)</strong></span> 
     </span>
    </p>
   </div>
   <div class='ocr_carea' id='block_1_22' title="bbox 2001 699 3513 775">
    <p class='ocr_par' dir='ltr' id='par_1_22' title="bbox 2001 699 3513 775">
     <span class='ocr_line' id='line_1_22' title="bbox 2001 699 3513 775; baseline 0.002 -21"><span class='ocrx_word' id='word_1_160' title='bbox 2001 699 2315 757; x_wconf 86' lang='lat' dir='ltr'><strong>Nidamenta</strong></span> <span class='ocrx_word' id='word_1_161' title='bbox 2361 719 2543 771; x_wconf 86' lang='lat' dir='ltr'><strong>ponere</strong></span> <span class='ocrx_word' id='word_1_162' title='bbox 2571 703 2708 759; x_wconf 78' lang='lat' dir='ltr'><strong>dixit</strong></span> <span class='ocrx_word' id='word_1_163' title='bbox 2745 702 3017 761; x_wconf 76' lang='lat' dir='ltr'><strong>Arnobius</strong></span> <span class='ocrx_word' id='word_1_164' title='bbox 3046 702 3278 775; x_wconf 68' lang='lat' dir='ltr'><strong>(Idem,</strong></span> <span class='ocrx_word' id='word_1_165' title='bbox 3318 701 3411 758; x_wconf 84' lang='lat' dir='ltr'><strong>lib.</strong></span> <span class='ocrx_word' id='word_1_166' title='bbox 3441 716 3513 767; x_wconf 76' lang='grc' dir='ltr'>νι,</span> 
     </span>
    </p>
   </div>
   <div class='ocr_carea' id='block_1_23' title="bbox 1926 786 3064 869">
    <p class='ocr_par' dir='ltr' id='par_1_23' title="bbox 1926 786 3064 869">
     <span class='ocr_line' id='line_1_23' title="bbox 1926 786 3064 869; baseline 0.004 -19"><span class='ocrx_word' id='word_1_167' title='bbox 1926 812 2048 867; x_wconf 81' lang='lat' dir='ltr'><strong>pag.</strong></span> <span class='ocrx_word' id='word_1_168' title='bbox 2073 786 2229 869; x_wconf 86' lang='grc'><strong>202),</strong></span> <span class='ocrx_word' id='word_1_169' title='bbox 2263 798 2427 855; x_wconf 84' lang='lat' dir='ltr'><strong>verbo</strong></span> <span class='ocrx_word' id='word_1_170' title='bbox 2456 797 2663 855; x_wconf 82' lang='lat' dir='ltr'><strong>scilicet</strong></span> <span class='ocrx_word' id='word_1_171' title='bbox 2684 798 3023 855; x_wconf 87' lang='lat' dir='ltr'><strong>Plautiniano</strong></span> <span class='ocrx_word' id='word_1_172' title='bbox 3050 817 3064 853; x_wconf 89' lang='lat'><strong>:</strong></span> 
     </span>
    </p>
   </div>
   <div class='ocr_carea' id='block_1_24' title="bbox 2050 887 3257 967">
    <p class='ocr_par' dir='ltr' id='par_1_24' title="bbox 2050 887 3257 967">
     <span class='ocr_line' id='line_1_24' title="bbox 2050 887 3257 967; baseline 0.003 -31"><span class='ocrx_word' id='word_1_173' title='bbox 2050 887 2337 967; x_wconf 29' lang='lat' dir='ltr'><strong>in’nervum</strong></span> <span class='ocrx_word' id='word_1_174' title='bbox 2360 888 2496 943; x_wconf 79' lang='lat' dir='ltr'><strong>mille</strong></span> <span class='ocrx_word' id='word_1_175' title='bbox 2522 890 2668 940; x_wconf 89' lang='lat' dir='ltr'><strong>hodie</strong></span> <span class='ocrx_word' id='word_1_176' title='bbox 2694 887 2974 941; x_wconf 84' lang='lat' dir='ltr'><strong>nidamenta</strong></span> <span class='ocrx_word' id='word_1_177' title='bbox 2998 896 3257 953; x_wconf 82' lang='lat' dir='ltr'><strong>congeret.</strong></span> 
     </span>
    </p>
   </div>
   <div class='ocr_carea' id='block_1_25' title="bbox 2416 968 3333 1036">
    <p class='ocr_par' dir='ltr' id='par_1_25' title="bbox 2416 968 3333 1036">
     <span class='ocr_line' id='line_1_25' title="bbox 2416 968 3333 1036; baseline 0 -16"><span class='ocrx_word' id='word_1_178' title='bbox 2416 968 2627 1034; x_wconf 84' lang='lat' dir='ltr'><strong>(Plaut.,</strong></span> <span class='ocrx_word' id='word_1_179' title='bbox 2652 971 2886 1030; x_wconf 67' lang='lat' dir='ltr'><strong>Rudens,</strong></span> <span class='ocrx_word' id='word_1_180' title='bbox 2903 978 2999 1025; x_wconf 83' lang='lat' dir='ltr'><strong>act.</strong></span> <span class='ocrx_word' id='word_1_181' title='bbox 3020 985 3091 1030; x_wconf 88' lang='grc' dir='ltr'>ιιι,</span> <span class='ocrx_word' id='word_1_182' title='bbox 3111 984 3239 1022; x_wconf 86' lang='lat' dir='ltr'><strong>scen.</strong></span> <span class='ocrx_word' id='word_1_183' title='bbox 3257 969 3333 1036; x_wconf 84' lang='lat'><strong>6.)</strong></span> 
     </span>
    </p>
   </div>
   <div class='ocr_carea' id='block_1_26' title="bbox 1948 1077 3517 1151">
    <p class='ocr_par' dir='ltr' id='par_1_26' title="bbox 1948 1077 3517 1151">
     <span class='ocr_line' id='line_1_26' title="bbox 1948 1077 3517 1151; baseline -0.001 -18"><span class='ocrx_word' id='word_1_184' title='bbox 1948 1104 1951 1105; x_wconf 53' lang='grc' dir='ltr'><em>ν</em></span> <span class='ocrx_word' id='word_1_185' title='bbox 1996 1078 2114 1147; x_wconf 78' lang='lat' dir='ltr'><strong>Quo</strong></span> <span class='ocrx_word' id='word_1_186' title='bbox 2138 1080 2304 1141; x_wconf 85' lang='lat' dir='ltr'><strong>verbo</strong></span> <span class='ocrx_word' id='word_1_187' title='bbox 2330 1078 2659 1151; x_wconf 80' lang='lat' dir='ltr'><strong>signiﬁcatur</strong></span> <span class='ocrx_word' id='word_1_188' title='bbox 2691 1079 2840 1141; x_wconf 83' lang='lat' dir='ltr'><strong>locus</strong></span> <span class='ocrx_word' id='word_1_189' title='bbox 2871 1079 2961 1139; x_wconf 80' lang='lat' dir='ltr'><strong>ubi</strong></span> <span class='ocrx_word' id='word_1_190' title='bbox 3001 1093 3128 1133; x_wconf 83' lang='lat' dir='ltr'><strong>aves</strong></span> <span class='ocrx_word' id='word_1_191' title='bbox 3152 1077 3517 1135; x_wconf 86' lang='lat' dir='ltr'><strong>nidiﬁcantur.</strong></span> 
     </span>
    </p>
   </div>
   <div class='ocr_carea' id='block_1_27' title="bbox 2000 1167 3515 1242">
    <p class='ocr_par' dir='ltr' id='par_1_27' title="bbox 2000 1167 3515 1242">
     <span class='ocr_line' id='line_1_27' title="bbox 2000 1167 3515 1242; baseline -0.001 -19"><span class='ocrx_word' id='word_1_192' title='bbox 2000 1167 2270 1236; x_wconf 83' lang='lat' dir='ltr'><strong>Nitedula,</strong></span> <span class='ocrx_word' id='word_1_193' title='bbox 2304 1171 2360 1225; x_wconf 84' lang='lat' dir='ltr'><strong>in</strong></span> <span class='ocrx_word' id='word_1_194' title='bbox 2388 1187 2487 1229; x_wconf 81' lang='lat' dir='ltr'><strong>ms.</strong></span> <span class='ocrx_word' id='word_1_195' title='bbox 2517 1172 2665 1241; x_wconf 71' lang='lat' dir='ltr'><strong>regio</strong></span> <span class='ocrx_word' id='word_1_196' title='bbox 2701 1169 2950 1235; x_wconf 79' lang='lat' dir='ltr'><strong>Niletula,</strong></span> <span class='ocrx_word' id='word_1_197' title='bbox 2991 1169 3085 1225; x_wconf 85' lang='lat' dir='ltr'><strong>sed</strong></span> <span class='ocrx_word' id='word_1_198' title='bbox 3110 1170 3248 1227; x_wconf 86' lang='lat' dir='ltr'><strong>male</strong></span> <span class='ocrx_word' id='word_1_199' title='bbox 3271 1168 3515 1242; x_wconf 77' lang='lat' dir='ltr'><strong>(Arnob.,</strong></span> 
     </span>
    </p>
   </div>
   <div class='ocr_carea' id='block_1_28' title="bbox 1927 1262 3521 1337">
    <p class='ocr_par' dir='ltr' id='par_1_28' title="bbox 1927 1262 3521 1337">
     <span class='ocr_line' id='line_1_28' title="bbox 1927 1262 3521 1337; baseline -0.003 -18"><span class='ocrx_word' id='word_1_200' title='bbox 1927 1264 2017 1319; x_wconf 88' lang='lat' dir='ltr'><strong>lib.</strong></span> <span class='ocrx_word' id='word_1_201' title='bbox 2051 1280 2108 1337; x_wconf 83' lang='grc' dir='ltr'><strong>ιι,</strong></span> <span class='ocrx_word' id='word_1_202' title='bbox 2140 1282 2262 1337; x_wconf 79' lang='lat' dir='ltr'><strong>pag.</strong></span> <span class='ocrx_word' id='word_1_203' title='bbox 2295 1265 2406 1336; x_wconf 86' lang='grc'><strong>75).</strong></span> <span class='ocrx_word' id='word_1_204' title='bbox 2436 1264 2680 1323; x_wconf 81' lang='lat' dir='ltr'><strong>Nitcdnla</strong></span> <span class='ocrx_word' id='word_1_205' title='bbox 2715 1264 3012 1327; x_wconf 84' lang='lat' dir='ltr'><strong>enimvero,</strong></span> <span class='ocrx_word' id='word_1_206' title='bbox 3045 1278 3140 1318; x_wconf 90' lang='lat' dir='ltr'><strong>seu</strong></span> <span class='ocrx_word' id='word_1_207' title='bbox 3184 1262 3368 1321; x_wconf 87' lang='lat' dir='ltr'><strong>nitella</strong></span> <span class='ocrx_word' id='word_1_208' title='bbox 3401 1276 3521 1316; x_wconf 78' lang='lat' dir='ltr'><strong>nius</strong></span> 
     </span>
    </p>
   </div>
   <div class='ocr_carea' id='block_1_29' title="bbox 1926 1355 3516 1429">
    <p class='ocr_par' dir='ltr' id='par_1_29' title="bbox 1926 1355 3516 1429">
     <span class='ocr_line' id='line_1_29' title="bbox 1926 1355 3516 1429; baseline -0.004 -16"><span class='ocrx_word' id='word_1_209' title='bbox 1926 1367 2008 1421; x_wconf 83' lang='lat' dir='ltr'><strong>est</strong></span> <span class='ocrx_word' id='word_1_210' title='bbox 2026 1357 2323 1429; x_wconf 80' lang='lat' dir='ltr'><strong>sylvestris,</strong></span> <span class='ocrx_word' id='word_1_211' title='bbox 2356 1372 2513 1426; x_wconf 78' lang='lat' dir='ltr'><strong>quem</strong></span> <span class='ocrx_word' id='word_1_212' title='bbox 2540 1357 2735 1428; x_wconf 88' lang='lat' dir='ltr'><strong>gallice</strong></span> <span class='ocrx_word' id='word_1_213' title='bbox 2756 1356 2916 1411; x_wconf 83' lang='lat' dir='ltr'><strong>mulot</strong></span> <span class='ocrx_word' id='word_1_214' title='bbox 2936 1356 3138 1411; x_wconf 89' lang='lat' dir='ltr'><strong>dictum</strong></span> <span class='ocrx_word' id='word_1_215' title='bbox 3165 1355 3516 1410; x_wconf 84' lang='lat' dir='ltr'><strong>arbitrantur.</strong></span> 
     </span>
    </p>
   </div>
   <div class='ocr_carea' id='block_1_30' title="bbox 1926 1448 3516 1523">
    <p class='ocr_par' dir='ltr' id='par_1_30' title="bbox 1926 1448 3516 1523">
     <span class='ocr_line' id='line_1_30' title="bbox 1926 1448 3516 1523; baseline -0.002 -18"><span class='ocrx_word' id='word_1_216' title='bbox 1926 1450 2285 1523; x_wconf 80' lang='lat' dir='ltr'><strong>Quamobrem</strong></span> <span class='ocrx_word' id='word_1_217' title='bbox 2311 1450 2540 1513; x_wconf 85' lang='lat' dir='ltr'><strong>Cicero:</strong></span> <span class='ocrx_word' id='word_1_218' title='bbox 2570 1470 2589 1503; x_wconf 85' lang='grc'><em>‹</em></span> <span class='ocrx_word' id='word_1_219' title='bbox 2618 1450 2674 1515; x_wconf 77' lang='lat' dir='ltr'><strong>id</strong></span> <span class='ocrx_word' id='word_1_220' title='bbox 2706 1452 2887 1519; x_wconf 86' lang='lat' dir='ltr'><strong>etiam,</strong></span> <span class='ocrx_word' id='word_1_221' title='bbox 2921 1470 2940 1503; x_wconf 73' lang='grc' dir='ltr'><strong>ι</strong></span> <span class='ocrx_word' id='word_1_222' title='bbox 2969 1451 3158 1521; x_wconf 77' lang='lat' dir='ltr'><strong>inquit,</strong></span> <span class='ocrx_word' id='word_1_223' title='bbox 3196 1466 3215 1499; x_wconf 75' lang='grc' dir='ltr'><strong>ι</strong></span> <span class='ocrx_word' id='word_1_224' title='bbox 3247 1448 3410 1505; x_wconf 83' lang='lat' dir='ltr'><strong>latum</strong></span> <span class='ocrx_word' id='word_1_225' title='bbox 3438 1448 3516 1503; x_wconf 85' lang='lat' dir='ltr'><strong>ci-</strong></span> 
     </span>
    </p>
   </div>
   <div class='ocr_carea' id='block_1_31' title="bbox 312 1537 3517 1615">
    <p class='ocr_par' dir='ltr' id='par_1_31' title="bbox 312 1537 3517 1615">
     <span class='ocr_line' id='line_1_31' title="bbox 312 1537 3517 1615; baseline -0.002 -17"><span class='ocrx_word' id='word_1_226' title='bbox 312 1542 622 1598; x_wconf 68' lang='lat' dir='ltr'><strong>Muccinium</strong></span> <span class='ocrx_word' id='word_1_227' title='bbox 664 1543 732 1596; x_wconf 92' lang='lat' dir='ltr'><strong>ab</strong></span> <span class='ocrx_word' id='word_1_228' title='bbox 766 1541 1006 1596; x_wconf 86' lang='lat' dir='ltr'><strong>Arnobio</strong></span> <span class='ocrx_word' id='word_1_229' title='bbox 1049 1539 1178 1595; x_wconf 91' lang='lat' dir='ltr'><strong>illud</strong></span> <span class='ocrx_word' id='word_1_230' title='bbox 1217 1540 1514 1610; x_wconf 91' lang='lat' dir='ltr'><strong>nuncupari</strong></span> <span class='ocrx_word' id='word_1_231' title='bbox 1542 1537 1826 1594; x_wconf 84' lang='lat' dir='ltr'><strong>Turnebus</strong></span> <span class='ocrx_word' id='word_1_232' title='bbox 1928 1545 2114 1601; x_wconf 83' lang='lat' dir='ltr'><strong>vitatis</strong></span> <span class='ocrx_word' id='word_1_233' title='bbox 2142 1543 2259 1609; x_wconf 84' lang='lat' dir='ltr'><strong>fuit,</strong></span> <span class='ocrx_word' id='word_1_234' title='bbox 2308 1555 2365 1599; x_wconf 93' lang='lat' dir='ltr'><strong>ut</strong></span> <span class='ocrx_word' id='word_1_235' title='bbox 2392 1543 2483 1605; x_wconf 84' lang='lat' dir='ltr'><strong>illa</strong></span> <span class='ocrx_word' id='word_1_236' title='bbox 2527 1560 2593 1601; x_wconf 79' lang='lat' dir='ltr'><strong>ex</strong></span> <span class='ocrx_word' id='word_1_237' title='bbox 2630 1542 2935 1615; x_wconf 86' lang='lat' dir='ltr'><strong>vepreculis</strong></span> <span class='ocrx_word' id='word_1_238' title='bbox 2976 1552 3239 1607; x_wconf 78' lang='lat' dir='ltr'><strong>extracta,</strong></span> <span class='ocrx_word' id='word_1_239' title='bbox 3280 1537 3517 1595; x_wconf 57' lang='lat' dir='ltr'><strong>nited’ula</strong></span> 
     </span>
    </p>
   </div>
   <div class='ocr_carea' id='block_1_32' title="bbox 235 1626 3521 1710">
    <p class='ocr_par' dir='ltr' id='par_1_32' title="bbox 235 1626 3521 1710">
     <span class='ocr_line' id='line_1_32' title="bbox 235 1626 3521 1710; baseline -0.001 -18"><span class='ocrx_word' id='word_1_240' title='bbox 235 1636 568 1708; x_wconf 79' lang='lat' dir='ltr'><strong>Vossiusque</strong></span> <span class='ocrx_word' id='word_1_241' title='bbox 590 1638 948 1710; x_wconf 66' lang='lat' dir='ltr'><strong>suspicantur,</strong></span> <span class='ocrx_word' id='word_1_242' title='bbox 975 1648 1081 1704; x_wconf 91' lang='lat' dir='ltr'><strong>quo</strong></span> <span class='ocrx_word' id='word_1_243' title='bbox 1100 1647 1339 1696; x_wconf 85' lang='lat' dir='ltr'><strong>mucum,</strong></span> <span class='ocrx_word' id='word_1_244' title='bbox 1358 1631 1460 1685; x_wconf 88' lang='lat' dir='ltr'><strong>hoc</strong></span> <span class='ocrx_word' id='word_1_245' title='bbox 1483 1640 1586 1694; x_wconf 79' lang='lat' dir='ltr'><strong>est,</strong></span> <span class='ocrx_word' id='word_1_246' title='bbox 1614 1631 1820 1685; x_wconf 89' lang='lat' dir='ltr'><strong>narium</strong></span> <span class='ocrx_word' id='word_1_247' title='bbox 1850 1626 1899 1686; x_wconf 90' lang='lat' dir='ltr'><strong>B</strong></span> <span class='ocrx_word' id='word_1_248' title='bbox 1925 1637 2325 1706; x_wconf 77' lang='lat' dir='ltr'><strong>Rempublicam</strong></span> <span class='ocrx_word' id='word_1_249' title='bbox 2354 1649 2639 1695; x_wconf 80' lang='lat' dir='ltr'><strong>conaretur</strong></span> <span class='ocrx_word' id='word_1_250' title='bbox 2665 1637 2919 1695; x_wconf 82' lang='lat' dir='ltr'><strong>arroderc</strong></span> <span class='ocrx_word' id='word_1_251' title='bbox 2946 1655 2967 1695; x_wconf 85' lang='grc'><strong><em>›</em></strong></span> <span class='ocrx_word' id='word_1_252' title='bbox 3010 1636 3028 1707; x_wconf 91' lang='lat'><strong>(</strong></span> <span class='ocrx_word' id='word_1_253' title='bbox 3057 1634 3243 1701; x_wconf 66' lang='lat' dir='ltr'><strong>Ciam,</strong></span> <span class='ocrx_word' id='word_1_254' title='bbox 3283 1644 3418 1689; x_wconf 74' lang='lat' dir='ltr'><strong>orat.</strong></span> <span class='ocrx_word' id='word_1_255' title='bbox 3451 1634 3521 1689; x_wconf 77' lang='grc'><strong>52</strong></span> 
     </span>
    </p>
   </div>
   <div class='ocr_carea' id='block_1_33' title="bbox 232 1720 1827 1797">
    <p class='ocr_par' dir='ltr' id='par_1_33' title="bbox 232 1720 1827 1797">
     <span class='ocr_line' id='line_1_33' title="bbox 232 1720 1827 1797; baseline -0.006 -14"><span class='ocrx_word' id='word_1_256' title='bbox 232 1727 634 1794; x_wconf 81' lang='lat' dir='ltr'><strong>humiditatem,</strong></span> <span class='ocrx_word' id='word_1_257' title='bbox 666 1726 993 1797; x_wconf 87' lang='lat' dir='ltr'><strong>detergimus</strong></span> <span class='ocrx_word' id='word_1_258' title='bbox 1019 1724 1258 1795; x_wconf 81' lang='lat' dir='ltr'><strong>(Arnob.,</strong></span> <span class='ocrx_word' id='word_1_259' title='bbox 1286 1724 1375 1778; x_wconf 87' lang='lat' dir='ltr'><strong>lib.</strong></span> <span class='ocrx_word' id='word_1_260' title='bbox 1406 1740 1463 1789; x_wconf 91' lang='grc' dir='ltr'>ιι,</span> <span class='ocrx_word' id='word_1_261' title='bbox 1491 1741 1545 1792; x_wconf 90' lang='lat' dir='ltr'><strong>p.</strong></span> <span class='ocrx_word' id='word_1_262' title='bbox 1578 1720 1666 1787; x_wconf 83' lang='lat'><strong>59;</strong></span> <span class='ocrx_word' id='word_1_263' title='bbox 1703 1720 1827 1774; x_wconf 87' lang='lat' dir='ltr'><strong>Tur-</strong></span> 
     </span>
    </p>
   </div>
   <div class='ocr_carea' id='block_1_34' title="bbox 231 1814 1821 1890">
    <p class='ocr_par' dir='ltr' id='par_1_34' title="bbox 231 1814 1821 1890">
     <span class='ocr_line' id='line_1_34' title="bbox 231 1814 1821 1890; baseline -0.008 -10"><span class='ocrx_word' id='word_1_264' title='bbox 231 1825 375 1890; x_wconf 88' lang='lat' dir='ltr'><strong>neb.,</strong></span> <span class='ocrx_word' id='word_1_265' title='bbox 407 1821 496 1877; x_wconf 89' lang='lat' dir='ltr'><strong>lib.</strong></span> <span class='ocrx_word' id='word_1_266' title='bbox 523 1837 652 1877; x_wconf 74' lang='lat' dir='ltr'><strong>um</strong></span> <span class='ocrx_word' id='word_1_267' title='bbox 690 1822 900 1883; x_wconf 77' lang='lat' dir='ltr'><strong>Advers.</strong></span> <span class='ocrx_word' id='word_1_268' title='bbox 923 1861 939 1885; x_wconf 93' lang='lat'><strong>,</strong></span> <span class='ocrx_word' id='word_1_269' title='bbox 967 1835 1083 1887; x_wconf 85' lang='lat' dir='ltr'><strong>cap.</strong></span> <span class='ocrx_word' id='word_1_270' title='bbox 1119 1819 1206 1883; x_wconf 66' lang='lat' dir='ltr'><strong>li;</strong></span> <span class='ocrx_word' id='word_1_271' title='bbox 1250 1816 1396 1872; x_wconf 84' lang='lat' dir='ltr'><strong>Voss.</strong></span> <span class='ocrx_word' id='word_1_272' title='bbox 1424 1858 1437 1877; x_wconf 94' lang='lat'><strong>,</strong></span> <span class='ocrx_word' id='word_1_273' title='bbox 1469 1817 1521 1869; x_wconf 89' lang='lat' dir='ltr'><strong>in</strong></span> <span class='ocrx_word' id='word_1_274' title='bbox 1550 1814 1821 1886; x_wconf 78' lang='lat' dir='ltr'><strong>Etgmol.).</strong></span> 
     </span>
    </p>
   </div>
   <div class='ocr_carea' id='block_1_35' title="bbox 308 1906 1824 1979">
    <p class='ocr_par' dir='ltr' id='par_1_35' title="bbox 308 1906 1824 1979">
     <span class='ocr_line' id='line_1_35' title="bbox 308 1906 1824 1979; baseline -0.006 -10"><span class='ocrx_word' id='word_1_275' title='bbox 308 1914 640 1979; x_wconf 69' lang='lat' dir='ltr'><strong>Mmtacium,</strong></span> <span class='ocrx_word' id='word_1_276' title='bbox 680 1928 775 1975; x_wconf 81' lang='lat' dir='ltr'><strong>seu</strong></span> <span class='ocrx_word' id='word_1_277' title='bbox 806 1922 1137 1967; x_wconf 84' lang='lat' dir='ltr'><strong>mustaceum</strong></span> <span class='ocrx_word' id='word_1_278' title='bbox 1166 1910 1325 1965; x_wconf 86' lang='lat' dir='ltr'><strong>docet</strong></span> <span class='ocrx_word' id='word_1_279' title='bbox 1346 1909 1477 1963; x_wconf 83' lang='lat' dir='ltr'><strong>Cato</strong></span> <span class='ocrx_word' id='word_1_280' title='bbox 1507 1908 1622 1962; x_wconf 78' lang='lat' dir='ltr'><strong>ﬁeri</strong></span> <span class='ocrx_word' id='word_1_281' title='bbox 1654 1906 1824 1962; x_wconf 73' lang='lat' dir='ltr'><strong>farina</strong></span> 
     </span>
    </p>
   </div>
   <div class='ocr_carea' id='block_1_36' title="bbox 234 1999 1822 2080">
    <p class='ocr_par' dir='ltr' id='par_1_36' title="bbox 234 1999 1822 2080">
     <span class='ocr_line' id='line_1_36' title="bbox 234 1999 1822 2080; baseline -0.007 -17"><span class='ocrx_word' id='word_1_282' title='bbox 234 2009 498 2080; x_wconf 79' lang='lat' dir='ltr'><strong>siligena,</strong></span> <span class='ocrx_word' id='word_1_283' title='bbox 529 2015 707 2062; x_wconf 85' lang='lat' dir='ltr'><strong>musto</strong></span> <span class='ocrx_word' id='word_1_284' title='bbox 749 2019 1075 2074; x_wconf 83' lang='lat' dir='ltr'><strong>conspersa,</strong></span> <span class='ocrx_word' id='word_1_285' title='bbox 1120 2018 1309 2075; x_wconf 87' lang='lat' dir='ltr'><strong>anyso,</strong></span> <span class='ocrx_word' id='word_1_286' title='bbox 1366 2001 1602 2068; x_wconf 87' lang='lat' dir='ltr'><strong>cumino,</strong></span> <span class='ocrx_word' id='word_1_287' title='bbox 1644 1999 1822 2069; x_wconf 89' lang='lat' dir='ltr'><strong>adipe,</strong></span> 
     </span>
    </p>
   </div>
   <div class='ocr_carea' id='block_1_37' title="bbox 233 2093 1823 2170">
    <p class='ocr_par' dir='ltr' id='par_1_37' title="bbox 233 2093 1823 2170">
     <span class='ocr_line' id='line_1_37' title="bbox 233 2093 1823 2170; baseline -0.004 -14"><span class='ocrx_word' id='word_1_288' title='bbox 233 2115 417 2166; x_wconf 76' lang='lat' dir='ltr'><strong>caseo,</strong></span> <span class='ocrx_word' id='word_1_289' title='bbox 447 2108 504 2156; x_wconf 88' lang='lat' dir='ltr'><strong>et</strong></span> <span class='ocrx_word' id='word_1_290' title='bbox 527 2100 690 2170; x_wconf 71' lang='lat' dir='ltr'><strong>virga:</strong></span> <span class='ocrx_word' id='word_1_291' title='bbox 717 2099 848 2153; x_wconf 86' lang='lat' dir='ltr'><strong>lauri</strong></span> <span class='ocrx_word' id='word_1_292' title='bbox 878 2096 1136 2153; x_wconf 82' lang='lat' dir='ltr'><strong>rameutis</strong></span> <span class='ocrx_word' id='word_1_293' title='bbox 1173 2094 1411 2167; x_wconf 81' lang='lat' dir='ltr'><strong>(Arnob.,</strong></span> <span class='ocrx_word' id='word_1_294' title='bbox 1438 2094 1529 2149; x_wconf 85' lang='lat' dir='ltr'><strong>lib.</strong></span> <span class='ocrx_word' id='word_1_295' title='bbox 1554 2110 1613 2161; x_wconf 93' lang='grc' dir='ltr'><strong>ιι,</strong></span> <span class='ocrx_word' id='word_1_296' title='bbox 1648 2111 1703 2163; x_wconf 87' lang='lat' dir='ltr'><strong>p.</strong></span> <span class='ocrx_word' id='word_1_297' title='bbox 1733 2093 1823 2158; x_wconf 84' lang='lat'><strong>59;</strong></span> 
     </span>
    </p>
   </div>
   <div class='ocr_carea' id='block_1_38' title="bbox 237 2186 1822 2260">
    <p class='ocr_par' dir='ltr' id='par_1_38' title="bbox 237 2186 1822 2260">
     <span class='ocr_line' id='line_1_38' title="bbox 237 2186 1822 2260; baseline -0.004 -13"><span class='ocrx_word' id='word_1_298' title='bbox 237 2191 383 2259; x_wconf 80' lang='lat' dir='ltr'><strong>Cato,</strong></span> <span class='ocrx_word' id='word_1_299' title='bbox 403 2192 469 2251; x_wconf 81' lang='lat' dir='ltr'><strong>de</strong></span> <span class='ocrx_word' id='word_1_300' title='bbox 487 2190 565 2247; x_wconf 85' lang='lat' dir='ltr'><strong><em>Re</em></strong></span> <span class='ocrx_word' id='word_1_301' title='bbox 583 2191 782 2257; x_wconf 85' lang='lat' dir='ltr'><strong>rustic.,</strong></span> <span class='ocrx_word' id='word_1_302' title='bbox 808 2207 926 2260; x_wconf 86' lang='lat' dir='ltr'><strong>cap.</strong></span> <span class='ocrx_word' id='word_1_303' title='bbox 957 2188 1102 2260; x_wconf 83' lang='grc'><strong>121).</strong></span> <span class='ocrx_word' id='word_1_304' title='bbox 1127 2188 1286 2245; x_wconf 83' lang='lat' dir='ltr'><strong>Canit</strong></span> <span class='ocrx_word' id='word_1_305' title='bbox 1310 2198 1487 2243; x_wconf 88' lang='lat' dir='ltr'><strong>autem</strong></span> <span class='ocrx_word' id='word_1_306' title='bbox 1510 2186 1822 2245; x_wconf 71' lang='lat' dir='ltr'><strong>Iuvenalis:</strong></span> 
     </span>
    </p>
   </div>
   <div class='ocr_carea' id='block_1_39' title="bbox 576 2305 1731 2371">
    <p class='ocr_par' dir='ltr' id='par_1_39' title="bbox 576 2305 1731 2371">
     <span class='ocr_line' id='line_1_39' title="bbox 576 2305 1731 2371; baseline -0.003 -13"><span class='ocrx_word' id='word_1_307' title='bbox 576 2307 681 2358; x_wconf 91' lang='lat' dir='ltr'><strong>Nec</strong></span> <span class='ocrx_word' id='word_1_308' title='bbox 703 2315 779 2359; x_wconf 87' lang='lat' dir='ltr'><strong>est</strong></span> <span class='ocrx_word' id='word_1_309' title='bbox 800 2321 952 2371; x_wconf 88' lang='lat' dir='ltr'><strong>quare</strong></span> <span class='ocrx_word' id='word_1_310' title='bbox 977 2320 1165 2357; x_wconf 81' lang='lat' dir='ltr'><strong>comam</strong></span> <span class='ocrx_word' id='word_1_311' title='bbox 1188 2314 1243 2357; x_wconf 86' lang='lat' dir='ltr'><strong>et</strong></span> <span class='ocrx_word' id='word_1_312' title='bbox 1270 2312 1517 2356; x_wconf 81' lang='lat' dir='ltr'><strong>mustacea</strong></span> <span class='ocrx_word' id='word_1_313' title='bbox 1537 2305 1731 2369; x_wconf 79' lang='lat' dir='ltr'><strong>perdas.</strong></span> 
     </span>
    </p>
   </div>
   <div class='ocr_carea' id='block_1_40' title="bbox 840 2388 1643 2455">
    <p class='ocr_par' dir='ltr' id='par_1_40' title="bbox 840 2388 1643 2455">
     <span class='ocr_line' id='line_1_40' title="bbox 840 2388 1643 2455; baseline -0.002 -14"><span class='ocrx_word' id='word_1_314' title='bbox 840 2390 1113 2455; x_wconf 77' lang='lat' dir='ltr'><strong>(Juvenal.,</strong></span> <span class='ocrx_word' id='word_1_315' title='bbox 1132 2388 1271 2441; x_wconf 79' lang='lat' dir='ltr'><strong>satir.</strong></span> <span class='ocrx_word' id='word_1_316' title='bbox 1291 2390 1341 2452; x_wconf 84' lang='lat'><strong>6,</strong></span> <span class='ocrx_word' id='word_1_317' title='bbox 1364 2402 1489 2440; x_wconf 81' lang='lat' dir='ltr'><strong>vers.</strong></span> <span class='ocrx_word' id='word_1_318' title='bbox 1507 2390 1643 2451; x_wconf 82' lang='grc'><strong>201.)</strong></span> 
     </span>
    </p>
   </div>
   <div class='ocr_carea' id='block_1_41' title="bbox 236 2493 1829 2569">
    <p class='ocr_par' dir='ltr' id='par_1_41' title="bbox 236 2493 1829 2569">
     <span class='ocr_line' id='line_1_41' title="bbox 236 2493 1829 2569; baseline -0.005 -13"><span class='ocrx_word' id='word_1_319' title='bbox 236 2500 406 2569; x_wconf 83' lang='lat' dir='ltr'><strong>Quem</strong></span> <span class='ocrx_word' id='word_1_320' title='bbox 433 2499 491 2554; x_wconf 86' lang='lat' dir='ltr'><strong>in</strong></span> <span class='ocrx_word' id='word_1_321' title='bbox 525 2513 740 2555; x_wconf 89' lang='lat' dir='ltr'><strong>versum</strong></span> <span class='ocrx_word' id='word_1_322' title='bbox 783 2496 1099 2553; x_wconf 87' lang='lat' dir='ltr'><strong>scholiastes</strong></span> <span class='ocrx_word' id='word_1_323' title='bbox 1126 2495 1242 2551; x_wconf 70' lang='lat' dir='ltr'><strong>hine</strong></span> <span class='ocrx_word' id='word_1_324' title='bbox 1280 2495 1595 2549; x_wconf 86' lang='lat' dir='ltr'><strong>annotavit:</strong></span> <span class='ocrx_word' id='word_1_325' title='bbox 1625 2493 1829 2548; x_wconf 81' lang='lat' dir='ltr'><strong>Cibaria</strong></span> 
     </span>
    </p>
   </div>
   <div class='ocr_carea' id='block_1_42' title="bbox 238 2588 1829 2661">
    <p class='ocr_par' dir='ltr' id='par_1_42' title="bbox 238 2588 1829 2661">
     <span class='ocr_line' id='line_1_42' title="bbox 238 2588 1829 2661; baseline -0.003 -15"><span class='ocrx_word' id='word_1_326' title='bbox 238 2593 411 2647; x_wconf 79' lang='lat' dir='ltr'><strong>dulcia</strong></span> <span class='ocrx_word' id='word_1_327' title='bbox 437 2601 602 2647; x_wconf 86' lang='lat' dir='ltr'><strong>musto</strong></span> <span class='ocrx_word' id='word_1_328' title='bbox 626 2607 918 2661; x_wconf 84' lang='lat' dir='ltr'><strong>conspersa,</strong></span> <span class='ocrx_word' id='word_1_329' title='bbox 960 2605 1072 2661; x_wconf 70' lang='lat' dir='ltr'><strong>quae</strong></span> <span class='ocrx_word' id='word_1_330' title='bbox 1095 2589 1184 2645; x_wconf 83' lang='lat' dir='ltr'><strong>sub</strong></span> <span class='ocrx_word' id='word_1_331' title='bbox 1210 2589 1363 2657; x_wconf 79' lang='lat' dir='ltr'><strong>ﬁnem</strong></span> <span class='ocrx_word' id='word_1_332' title='bbox 1389 2590 1601 2642; x_wconf 82' lang='lat' dir='ltr'><strong>convivii</strong></span> <span class='ocrx_word' id='word_1_333' title='bbox 1627 2588 1740 2642; x_wconf 89' lang='lat' dir='ltr'><strong>dari</strong></span> <span class='ocrx_word' id='word_1_334' title='bbox 1773 2588 1829 2642; x_wconf 86' lang='lat' dir='ltr'><strong>in</strong></span> 
     </span>
    </p>
   </div>
   <div class='ocr_carea' id='block_1_43' title="bbox 236 2680 1828 2755">
    <p class='ocr_par' dir='ltr' id='par_1_43' title="bbox 236 2680 1828 2755">
     <span class='ocr_line' id='line_1_43' title="bbox 236 2680 1828 2755; baseline -0.002 -17"><span class='ocrx_word' id='word_1_335' title='bbox 236 2685 550 2755; x_wconf 80' lang='lat' dir='ltr'><strong>nuptialibus</strong></span> <span class='ocrx_word' id='word_1_336' title='bbox 592 2685 745 2738; x_wconf 79' lang='lat' dir='ltr'><strong>comis</strong></span> <span class='ocrx_word' id='word_1_337' title='bbox 778 2684 949 2738; x_wconf 83' lang='lat' dir='ltr'><strong>solita.</strong></span> <span class='ocrx_word' id='word_1_338' title='bbox 984 2682 1194 2737; x_wconf 77' lang='lat' dir='ltr'><strong>Videsis</strong></span> <span class='ocrx_word' id='word_1_339' title='bbox 1234 2682 1442 2736; x_wconf 88' lang='lat' dir='ltr'><strong>Erasmi</strong></span> <span class='ocrx_word' id='word_1_340' title='bbox 1485 2681 1669 2752; x_wconf 85' lang='lat' dir='ltr'><strong>adagia</strong></span> <span class='ocrx_word' id='word_1_341' title='bbox 1708 2680 1828 2736; x_wconf 85' lang='lat' dir='ltr'><strong>chi-</strong></span> 
     </span>
    </p>
   </div>
   <div class='ocr_carea' id='block_1_44' title="bbox 238 2775 1791 2848">
    <p class='ocr_par' dir='ltr' id='par_1_44' title="bbox 238 2775 1791 2848">
     <span class='ocr_line' id='line_1_44' title="bbox 238 2775 1791 2848; baseline -0.001 -15"><span class='ocrx_word' id='word_1_342' title='bbox 238 2778 366 2833; x_wconf 84' lang='lat' dir='ltr'><strong>liad.</strong></span> <span class='ocrx_word' id='word_1_343' title='bbox 394 2778 450 2841; x_wconf 78' lang='grc'><strong>4,</strong></span> <span class='ocrx_word' id='word_1_344' title='bbox 484 2787 690 2832; x_wconf 91' lang='lat' dir='ltr'><strong>centur.</strong></span> <span class='ocrx_word' id='word_1_345' title='bbox 720 2776 774 2844; x_wconf 90' lang='lat'><strong>9,</strong></span> <span class='ocrx_word' id='word_1_346' title='bbox 802 2777 957 2848; x_wconf 85' lang='lat' dir='ltr'><strong>adag.</strong></span> <span class='ocrx_word' id='word_1_347' title='bbox 988 2776 1080 2844; x_wconf 76' lang='lat'><strong>87,</strong></span> <span class='ocrx_word' id='word_1_348' title='bbox 1115 2791 1233 2847; x_wconf 88' lang='lat' dir='ltr'><strong>pag.</strong></span> <span class='ocrx_word' id='word_1_349' title='bbox 1265 2775 1371 2831; x_wconf 71' lang='grc'><strong>942</strong></span> <span class='ocrx_word' id='word_1_350' title='bbox 1396 2784 1449 2830; x_wconf 90' lang='lat' dir='ltr'><strong>et</strong></span> <span class='ocrx_word' id='word_1_351' title='bbox 1477 2790 1598 2847; x_wconf 89' lang='lat' dir='ltr'><strong>pag.</strong></span> <span class='ocrx_word' id='word_1_352' title='bbox 1628 2776 1791 2845; x_wconf 79' lang='grc'><strong>1215.</strong></span> 
     </span>
    </p>
   </div>
   <div class='ocr_carea' id='block_1_45' title="bbox 312 2868 1829 2938">
    <p class='ocr_par' dir='ltr' id='par_1_45' title="bbox 312 2868 1829 2938">
     <span class='ocr_line' id='line_1_45' title="bbox 312 2868 1829 2938; baseline -0.002 -13"><span class='ocrx_word' id='word_1_353' title='bbox 312 2869 534 2926; x_wconf 78' lang='lat' dir='ltr'><strong>Nasicas</strong></span> <span class='ocrx_word' id='word_1_354' title='bbox 562 2885 593 2925; x_wconf 90' lang='lat' dir='ltr'><strong>a</strong></span> <span class='ocrx_word' id='word_1_355' title='bbox 629 2884 760 2924; x_wconf 86' lang='lat' dir='ltr'><strong>naso</strong></span> <span class='ocrx_word' id='word_1_356' title='bbox 788 2879 943 2925; x_wconf 85' lang='lat' dir='ltr'><strong>vocat</strong></span> <span class='ocrx_word' id='word_1_357' title='bbox 970 2868 1239 2923; x_wconf 83' lang='lat' dir='ltr'><strong>Arnobius</strong></span> <span class='ocrx_word' id='word_1_358' title='bbox 1279 2883 1407 2935; x_wconf 86' lang='lat' dir='ltr'><strong>eos,</strong></span> <span class='ocrx_word' id='word_1_359' title='bbox 1444 2869 1568 2938; x_wconf 90' lang='lat' dir='ltr'><strong>qui,</strong></span> <span class='ocrx_word' id='word_1_360' title='bbox 1616 2869 1689 2921; x_wconf 89' lang='lat' dir='ltr'><strong>uti</strong></span> <span class='ocrx_word' id='word_1_361' title='bbox 1737 2868 1829 2923; x_wconf 92' lang='lat' dir='ltr'><strong>ille</strong></span> 
     </span>
    </p>
   </div>
   <div class='ocr_carea' id='block_1_46' title="bbox 223 2944 1828 3034">
    <p class='ocr_par' dir='ltr' id='par_1_46' title="bbox 223 2944 1828 3034">
     <span class='ocr_line' id='line_1_46' title="bbox 223 2944 1828 3034; baseline -0.001 -17"><span class='ocrx_word' id='word_1_362' title='bbox 223 2963 504 3034; x_wconf 81' lang='lat' dir='ltr'><strong>loquitur,</strong></span> <span class='ocrx_word' id='word_1_363' title='bbox 536 2977 696 3018; x_wconf 88' lang='lat' dir='ltr'><strong>nares</strong></span> <span class='ocrx_word' id='word_1_364' title='bbox 723 2962 923 3017; x_wconf 86' lang='lat' dir='ltr'><strong>habent</strong></span> <span class='ocrx_word' id='word_1_365' title='bbox 947 2944 1211 3030; x_wconf 82' lang='lat' dir='ltr'><strong>displosas</strong></span> <span class='ocrx_word' id='word_1_366' title='bbox 1231 3002 1243 3022; x_wconf 89' lang='lat'><strong>,</strong></span> <span class='ocrx_word' id='word_1_367' title='bbox 1268 2960 1382 3014; x_wconf 84' lang='lat' dir='ltr'><strong>sive</strong></span> <span class='ocrx_word' id='word_1_368' title='bbox 1404 2961 1636 3014; x_wconf 85' lang='lat' dir='ltr'><strong>sonitum</strong></span> <span class='ocrx_word' id='word_1_369' title='bbox 1663 2959 1828 3015; x_wconf 85' lang='lat' dir='ltr'><strong>eden-</strong></span> 
     </span>
    </p>
   </div>
   <div class='ocr_carea' id='block_1_47' title="bbox 235 3052 1590 3126">
    <p class='ocr_par' dir='ltr' id='par_1_47' title="bbox 235 3052 1590 3126">
     <span class='ocr_line' id='line_1_47' title="bbox 235 3052 1590 3126; baseline -0.004 -16"><span class='ocrx_word' id='word_1_370' title='bbox 235 3066 318 3111; x_wconf 88' lang='lat' dir='ltr'><strong>tes</strong></span> <span class='ocrx_word' id='word_1_371' title='bbox 344 3055 587 3125; x_wconf 80' lang='lat' dir='ltr'><strong>(Arnob.,</strong></span> <span class='ocrx_word' id='word_1_372' title='bbox 617 3054 704 3109; x_wconf 89' lang='lat' dir='ltr'><strong>lib.</strong></span> <span class='ocrx_word' id='word_1_373' title='bbox 731 3070 806 3117; x_wconf 88' lang='grc' dir='ltr'>ιιι,</span> <span class='ocrx_word' id='word_1_374' title='bbox 830 3072 884 3126; x_wconf 92' lang='lat' dir='ltr'><strong>p.</strong></span> <span class='ocrx_word' id='word_1_375' title='bbox 916 3054 1037 3119; x_wconf 84' lang='grc'><strong>108,</strong></span> <span class='ocrx_word' id='word_1_376' title='bbox 1065 3062 1111 3107; x_wconf 86' lang='lat' dir='ltr'><strong>et</strong></span> <span class='ocrx_word' id='word_1_377' title='bbox 1136 3052 1225 3108; x_wconf 89' lang='lat' dir='ltr'><strong>lib.</strong></span> <span class='ocrx_word' id='word_1_378' title='bbox 1253 3068 1323 3115; x_wconf 82' lang='lat' dir='ltr'><strong>vr,</strong></span> <span class='ocrx_word' id='word_1_379' title='bbox 1357 3071 1409 3122; x_wconf 89' lang='lat' dir='ltr'><strong>p.</strong></span> <span class='ocrx_word' id='word_1_380' title='bbox 1443 3052 1590 3123; x_wconf 86' lang='grc'><strong>196).</strong></span> 
     </span>
    </p>
   </div>
   <div class='ocr_carea' id='block_1_48' title="bbox 309 3150 1825 3218">
    <p class='ocr_par' dir='ltr' id='par_1_48' title="bbox 309 3150 1825 3218">
     <span class='ocr_line' id='line_1_48' title="bbox 309 3150 1825 3218; baseline -0.001 -13"><span class='ocrx_word' id='word_1_381' title='bbox 309 3150 656 3205; x_wconf 87' lang='lat' dir='ltr'><strong>Nebridarum</strong></span> <span class='ocrx_word' id='word_1_382' title='bbox 703 3151 957 3218; x_wconf 65' lang='lat' dir='ltr'><strong>[annuam</strong></span> <span class='ocrx_word' id='word_1_383' title='bbox 1015 3160 1169 3203; x_wconf 88' lang='lat' dir='ltr'><strong>vocat</strong></span> <span class='ocrx_word' id='word_1_384' title='bbox 1228 3159 1417 3203; x_wconf 91' lang='lat' dir='ltr'><strong>auctor</strong></span> <span class='ocrx_word' id='word_1_385' title='bbox 1463 3161 1685 3215; x_wconf 87' lang='lat' dir='ltr'><strong>noster,</strong></span> <span class='ocrx_word' id='word_1_386' title='bbox 1739 3150 1825 3204; x_wconf 91' lang='lat' dir='ltr'><strong>ubi</strong></span> 
     </span>
    </p>
   </div>
   <div class='ocr_carea' id='block_1_49' title="bbox 236 3242 1823 3318">
    <p class='ocr_par' dir='ltr' id='par_1_49' title="bbox 236 3242 1823 3318">
     <span class='ocr_line' id='line_1_49' title="bbox 236 3242 1823 3318; baseline -0.003 -14"><span class='ocrx_word' id='word_1_387' title='bbox 236 3247 305 3304; x_wconf 90' lang='lat' dir='ltr'><strong>de</strong></span> <span class='ocrx_word' id='word_1_388' title='bbox 333 3246 621 3302; x_wconf 85' lang='lat' dir='ltr'><strong>Eleusiniis</strong></span> <span class='ocrx_word' id='word_1_389' title='bbox 651 3245 923 3318; x_wconf 83' lang='lat' dir='ltr'><strong>mysteriis</strong></span> <span class='ocrx_word' id='word_1_390' title='bbox 951 3258 1240 3301; x_wconf 88' lang='lat' dir='ltr'><strong>sermonen</strong></span> <span class='ocrx_word' id='word_1_391' title='bbox 1275 3244 1402 3299; x_wconf 79' lang='lat' dir='ltr'><strong>facit</strong></span> <span class='ocrx_word' id='word_1_392' title='bbox 1429 3242 1618 3316; x_wconf 85' lang='lat' dir='ltr'><strong>(lbid.,</strong></span> <span class='ocrx_word' id='word_1_393' title='bbox 1649 3245 1738 3299; x_wconf 89' lang='lat' dir='ltr'><strong>lib.</strong></span> <span class='ocrx_word' id='word_1_394' title='bbox 1772 3262 1823 3311; x_wconf 89' lang='lat' dir='ltr'><strong>v,</strong></span> 
     </span>
    </p>
   </div>
   <div class='ocr_carea' id='block_1_50' title="bbox 238 3336 1826 3410">
    <p class='ocr_par' dir='ltr' id='par_1_50' title="bbox 238 3336 1826 3410">
     <span class='ocr_line' id='line_1_50' title="bbox 238 3336 1826 3410; baseline 0.001 -15"><span class='ocrx_word' id='word_1_395' title='bbox 238 3359 292 3409; x_wconf 87' lang='lat' dir='ltr'><strong>p.</strong></span> <span class='ocrx_word' id='word_1_396' title='bbox 322 3339 474 3410; x_wconf 79' lang='grc'><strong>185).</strong></span> <span class='ocrx_word' id='word_1_397' title='bbox 502 3338 728 3408; x_wconf 86' lang='lat' dir='ltr'><strong>Quidam</strong></span> <span class='ocrx_word' id='word_1_398' title='bbox 770 3347 951 3392; x_wconf 86' lang='lat' dir='ltr'><strong>autem</strong></span> <span class='ocrx_word' id='word_1_399' title='bbox 978 3346 1166 3407; x_wconf 85' lang='lat' dir='ltr'><strong>putant</strong></span> <span class='ocrx_word' id='word_1_400' title='bbox 1209 3336 1452 3392; x_wconf 64' lang='lat' dir='ltr'><strong>Nebridii:</strong></span> <span class='ocrx_word' id='word_1_401' title='bbox 1480 3353 1674 3395; x_wconf 88' lang='lat' dir='ltr'><strong>nomen</strong></span> <span class='ocrx_word' id='word_1_402' title='bbox 1705 3354 1826 3396; x_wconf 87' lang='lat' dir='ltr'><strong>esse</strong></span> 
     </span>
    </p>
   </div>
   <div class='ocr_carea' id='block_1_51' title="bbox 236 3430 1825 3507">
    <p class='ocr_par' dir='ltr' id='par_1_51' title="bbox 236 3430 1825 3507">
     <span class='ocr_line' id='line_1_51' title="bbox 236 3430 1825 3507; baseline 0.001 -21"><span class='ocrx_word' id='word_1_403' title='bbox 236 3432 541 3503; x_wconf 83' lang='lat' dir='ltr'><strong>proprium.</strong></span> <span class='ocrx_word' id='word_1_404' title='bbox 573 3432 680 3489; x_wconf 75' lang='lat' dir='ltr'><strong>Alii</strong></span> <span class='ocrx_word' id='word_1_405' title='bbox 709 3447 837 3491; x_wconf 89' lang='lat' dir='ltr'><strong>vero</strong></span> <span class='ocrx_word' id='word_1_406' title='bbox 866 3433 1153 3507; x_wconf 79' lang='lat' dir='ltr'><strong>apinantur</strong></span> <span class='ocrx_word' id='word_1_407' title='bbox 1179 3430 1474 3493; x_wconf 77' lang='lat' dir='ltr'><strong>Arnobium</strong></span> <span class='ocrx_word' id='word_1_408' title='bbox 1502 3446 1570 3486; x_wconf 91' lang='lat' dir='ltr'><strong>eo</strong></span> <span class='ocrx_word' id='word_1_409' title='bbox 1608 3433 1825 3488; x_wconf 86' lang='lat' dir='ltr'><strong>nomine</strong></span> 
     </span>
    </p>
   </div>
   <div class='ocr_carea' id='block_1_52' title="bbox 237 3523 1822 3596">
    <p class='ocr_par' dir='ltr' id='par_1_52' title="bbox 237 3523 1822 3596">
     <span class='ocr_line' id='line_1_52' title="bbox 237 3523 1822 3596; baseline 0 -17"><span class='ocrx_word' id='word_1_410' title='bbox 237 3526 549 3595; x_wconf 81' lang='lat' dir='ltr'><strong>designasse</strong></span> <span class='ocrx_word' id='word_1_411' title='bbox 573 3525 857 3596; x_wconf 88' lang='lat' dir='ltr'><strong>quamdam</strong></span> <span class='ocrx_word' id='word_1_412' title='bbox 882 3526 1023 3596; x_wconf 89' lang='lat' dir='ltr'><strong>apud</strong></span> <span class='ocrx_word' id='word_1_413' title='bbox 1049 3525 1405 3579; x_wconf 84' lang='lat' dir='ltr'><strong>Athenienses</strong></span> <span class='ocrx_word' id='word_1_414' title='bbox 1428 3523 1705 3590; x_wconf 82' lang='lat' dir='ltr'><strong>familiam,</strong></span> <span class='ocrx_word' id='word_1_415' title='bbox 1730 3528 1822 3582; x_wconf 77' lang='lat' dir='ltr'><strong>sei</strong></span> 
     </span>
    </p>
   </div>
   <div class='ocr_carea' id='block_1_53' title="bbox 235 3617 1822 3691">
    <p class='ocr_par' dir='ltr' id='par_1_53' title="bbox 235 3617 1822 3691">
     <span class='ocr_line' id='line_1_53' title="bbox 235 3617 1822 3691; baseline -0.001 -17"><span class='ocrx_word' id='word_1_416' title='bbox 235 3618 384 3674; x_wconf 89' lang='lat' dir='ltr'><strong>illum</strong></span> <span class='ocrx_word' id='word_1_417' title='bbox 412 3617 515 3674; x_wconf 89' lang='lat' dir='ltr'><strong>hac</strong></span> <span class='ocrx_word' id='word_1_418' title='bbox 542 3618 595 3673; x_wconf 92' lang='lat' dir='ltr'><strong>in</strong></span> <span class='ocrx_word' id='word_1_419' title='bbox 629 3633 685 3673; x_wconf 91' lang='lat' dir='ltr'><strong>re</strong></span> <span class='ocrx_word' id='word_1_420' title='bbox 712 3619 1017 3690; x_wconf 89' lang='lat' dir='ltr'><strong>deceptum.</strong></span> <span class='ocrx_word' id='word_1_421' title='bbox 1047 3621 1115 3673; x_wconf 84' lang='lat' dir='ltr'><strong>At</strong></span> <span class='ocrx_word' id='word_1_422' title='bbox 1141 3619 1293 3673; x_wconf 81' lang='lat' dir='ltr'><strong>nobis</strong></span> <span class='ocrx_word' id='word_1_423' title='bbox 1318 3634 1346 3672; x_wconf 91' lang='lat' dir='ltr'><strong>a</strong></span> <span class='ocrx_word' id='word_1_424' title='bbox 1369 3634 1497 3673; x_wconf 86' lang='lat' dir='ltr'><strong>vero</strong></span> <span class='ocrx_word' id='word_1_425' title='bbox 1525 3634 1627 3673; x_wconf 88' lang='lat' dir='ltr'><strong>non</strong></span> <span class='ocrx_word' id='word_1_426' title='bbox 1668 3635 1822 3691; x_wconf 79' lang='lat' dir='ltr'><strong>pror-</strong></span> 
     </span>
    </p>
   </div>
   <div class='ocr_carea' id='block_1_54' title="bbox 234 3712 1825 3784">
    <p class='ocr_par' dir='ltr' id='par_1_54' title="bbox 234 3712 1825 3784">
     <span class='ocr_line' id='line_1_54' title="bbox 234 3712 1825 3784; baseline 0.001 -15"><span class='ocrx_word' id='word_1_427' title='bbox 234 3728 328 3770; x_wconf 89' lang='lat' dir='ltr'><strong>sus</strong></span> <span class='ocrx_word' id='word_1_428' title='bbox 369 3714 417 3769; x_wconf 89' lang='lat' dir='ltr'><strong>is</strong></span> <span class='ocrx_word' id='word_1_429' title='bbox 454 3713 707 3769; x_wconf 85' lang='lat' dir='ltr'><strong>aberrare</strong></span> <span class='ocrx_word' id='word_1_430' title='bbox 748 3714 957 3769; x_wconf 89' lang='lat' dir='ltr'><strong>videtur</strong></span> <span class='ocrx_word' id='word_1_431' title='bbox 994 3715 1084 3784; x_wconf 90' lang='lat' dir='ltr'><strong>qui</strong></span> <span class='ocrx_word' id='word_1_432' title='bbox 1128 3712 1325 3767; x_wconf 76' lang='lat' dir='ltr'><strong>dixerit</strong></span> <span class='ocrx_word' id='word_1_433' title='bbox 1367 3713 1661 3767; x_wconf 80' lang='lat' dir='ltr'><strong>Arnobium</strong></span> <span class='ocrx_word' id='word_1_434' title='bbox 1722 3714 1825 3770; x_wconf 88' lang='lat' dir='ltr'><strong>hoc</strong></span> 
     </span>
    </p>
   </div>
   <div class='ocr_carea' id='block_1_55' title="bbox 234 3804 1821 3876">
    <p class='ocr_par' dir='ltr' id='par_1_55' title="bbox 234 3804 1821 3876">
     <span class='ocr_line' id='line_1_55' title="bbox 234 3804 1821 3876; baseline 0.001 -15"><span class='ocrx_word' id='word_1_435' title='bbox 234 3807 353 3876; x_wconf 89' lang='lat' dir='ltr'><strong>ipso</strong></span> <span class='ocrx_word' id='word_1_436' title='bbox 380 3804 598 3861; x_wconf 87' lang='lat' dir='ltr'><strong>nomine</strong></span> <span class='ocrx_word' id='word_1_437' title='bbox 627 3806 747 3861; x_wconf 89' lang='lat' dir='ltr'><strong>illos</strong></span> <span class='ocrx_word' id='word_1_438' title='bbox 792 3807 1209 3876; x_wconf 85' lang='lat' dir='ltr'><strong>nuncupavisse,</strong></span> <span class='ocrx_word' id='word_1_439' title='bbox 1255 3806 1340 3861; x_wconf 87' lang='lat' dir='ltr'><strong>vel</strong></span> <span class='ocrx_word' id='word_1_440' title='bbox 1386 3807 1604 3862; x_wconf 80' lang='lat' dir='ltr'><strong>forsitan</strong></span> <span class='ocrx_word' id='word_1_441' title='bbox 1636 3824 1821 3863; x_wconf 90' lang='lat' dir='ltr'><strong>eorum</strong></span> 
     </span>
    </p>
   </div>
   <div class='ocr_carea' id='block_1_56' title="bbox 232 3895 1822 3969">
    <p class='ocr_par' dir='ltr' id='par_1_56' title="bbox 232 3895 1822 3969">
     <span class='ocr_line' id='line_1_56' title="bbox 232 3895 1822 3969; baseline 0.001 -16"><span class='ocrx_word' id='word_1_442' title='bbox 232 3895 568 3962; x_wconf 83' lang='lat' dir='ltr'><strong>sacerdotes,</strong></span> <span class='ocrx_word' id='word_1_443' title='bbox 592 3901 680 3969; x_wconf 92' lang='lat' dir='ltr'><strong>qui</strong></span> <span class='ocrx_word' id='word_1_444' title='bbox 708 3897 922 3955; x_wconf 90' lang='lat' dir='ltr'><strong>Cereris</strong></span> <span class='ocrx_word' id='word_1_445' title='bbox 944 3898 1244 3968; x_wconf 87' lang='lat' dir='ltr'><strong>Bacchique</strong></span> <span class='ocrx_word' id='word_1_446' title='bbox 1271 3898 1431 3969; x_wconf 81' lang='lat' dir='ltr'><strong>Orgia</strong></span> <span class='ocrx_word' id='word_1_447' title='bbox 1457 3898 1822 3955; x_wconf 88' lang='lat' dir='ltr'><strong>celebrabant.</strong></span> 
     </span>
    </p>
   </div>
   <div class='ocr_carea' id='block_1_57' title="bbox 230 3991 1824 4067">
    <p class='ocr_par' dir='ltr' id='par_1_57' title="bbox 230 3991 1824 4067">
     <span class='ocr_line' id='line_1_57' title="bbox 230 3991 1824 4067; baseline 0.002 -20"><span class='ocrx_word' id='word_1_448' title='bbox 230 3991 298 4048; x_wconf 76' lang='lat' dir='ltr'><strong>Ili</strong></span> <span class='ocrx_word' id='word_1_449' title='bbox 339 3993 481 4047; x_wconf 92' lang='lat' dir='ltr'><strong>enim</strong></span> <span class='ocrx_word' id='word_1_450' title='bbox 525 3992 880 4047; x_wconf 73' lang='lat' dir='ltr'><strong>induebamur</strong></span> <span class='ocrx_word' id='word_1_451' title='bbox 925 3992 1130 4046; x_wconf 90' lang='lat' dir='ltr'><strong>hinnuli</strong></span> <span class='ocrx_word' id='word_1_452' title='bbox 1173 3994 1286 4047; x_wconf 83' lang='lat' dir='ltr'><strong>sive</strong></span> <span class='ocrx_word' id='word_1_453' title='bbox 1329 3995 1475 4048; x_wconf 86' lang='lat' dir='ltr'><strong>cervi</strong></span> <span class='ocrx_word' id='word_1_454' title='bbox 1514 3995 1675 4064; x_wconf 90' lang='lat' dir='ltr'><strong>pelle,</strong></span> <span class='ocrx_word' id='word_1_455' title='bbox 1703 4011 1824 4067; x_wconf 69' lang='lat' dir='ltr'><strong>qua:</strong></span> 
     </span>
    </p>
   </div>
   <div class='ocr_carea' id='block_1_58' title="bbox 230 4083 1824 4163">
    <p class='ocr_par' dir='ltr' id='par_1_58' title="bbox 230 4083 1824 4163">
     <span class='ocr_line' id='line_1_58' title="bbox 230 4083 1824 4163; baseline 0.003 -24"><span class='ocrx_word' id='word_1_456' title='bbox 230 4102 409 4161; x_wconf 66' lang='lat' dir='ltr'><strong>graece</strong></span> <span class='ocrx_word' id='word_1_457' title='bbox 431 4086 599 4163; x_wconf 75' lang='grc' dir='ltr'><strong>νεϐρὶς</strong></span> <span class='ocrx_word' id='word_1_458' title='bbox 628 4083 841 4139; x_wconf 90' lang='lat' dir='ltr'><strong>dicitur.</strong></span> <span class='ocrx_word' id='word_1_459' title='bbox 870 4084 998 4139; x_wconf 83' lang='lat' dir='ltr'><strong>Inde</strong></span> <span class='ocrx_word' id='word_1_460' title='bbox 1027 4084 1277 4139; x_wconf 87' lang='lat' dir='ltr'><strong>Clemens</strong></span> <span class='ocrx_word' id='word_1_461' title='bbox 1310 4084 1728 4156; x_wconf 83' lang='lat' dir='ltr'><strong>Alexandrinus,</strong></span> <span class='ocrx_word' id='word_1_462' title='bbox 1757 4104 1824 4145; x_wconf 81' lang='lat' dir='ltr'><strong>ex</strong></span> 
     </span>
    </p>
   </div>
   <div class='ocr_carea' id='block_1_59' title="bbox 230 4175 1843 4256">
    <p class='ocr_par' dir='ltr' id='par_1_59' title="bbox 230 4175 1843 4256">
     <span class='ocr_line' id='line_1_59' title="bbox 230 4175 1843 4256; baseline 0.002 -23"><span class='ocrx_word' id='word_1_463' title='bbox 230 4194 341 4252; x_wconf 91' lang='lat' dir='ltr'><strong>quo</strong></span> <span class='ocrx_word' id='word_1_464' title='bbox 392 4179 685 4233; x_wconf 86' lang='lat' dir='ltr'><strong>Arnobium</strong></span> <span class='ocrx_word' id='word_1_465' title='bbox 732 4176 880 4246; x_wconf 90' lang='lat' dir='ltr'><strong>plura</strong></span> <span class='ocrx_word' id='word_1_466' title='bbox 928 4175 1195 4231; x_wconf 87' lang='lat' dir='ltr'><strong>delibasse</strong></span> <span class='ocrx_word' id='word_1_467' title='bbox 1238 4176 1591 4246; x_wconf 82' lang='lat' dir='ltr'><strong>ostendimus,</strong></span> <span class='ocrx_word' id='word_1_468' title='bbox 1628 4180 1679 4234; x_wconf 90' lang='lat' dir='ltr'><strong>in</strong></span> <span class='ocrx_word' id='word_1_469' title='bbox 1728 4197 1843 4256; x_wconf 37' lang='lat' dir='ltr'><strong>sua,</strong></span> 
     </span>
    </p>
   </div>
   <div class='ocr_carea' id='block_1_60' title="bbox 229 4267 1820 4349">
    <p class='ocr_par' dir='ltr' id='par_1_60' title="bbox 229 4267 1820 4349">
     <span class='ocr_line' id='line_1_60' title="bbox 229 4267 1820 4349; baseline 0.003 -23"><span class='ocrx_word' id='word_1_470' title='bbox 229 4269 617 4328; x_wconf 77' lang='lat' dir='ltr'><strong>Admoniliune</strong></span> <span class='ocrx_word' id='word_1_471' title='bbox 664 4268 731 4324; x_wconf 91' lang='lat' dir='ltr'><strong>ad</strong></span> <span class='ocrx_word' id='word_1_472' title='bbox 760 4281 951 4339; x_wconf 82' lang='lat' dir='ltr'><strong>gentes</strong></span> <span class='ocrx_word' id='word_1_473' title='bbox 981 4269 1239 4339; x_wconf 86' lang='lat' dir='ltr'><strong>scripsit:</strong></span> <span class='ocrx_word' id='word_1_474' title='bbox 1270 4269 1377 4335; x_wconf 76' lang='grc' dir='ltr'><strong>ἧκε,</strong></span> <span class='ocrx_word' id='word_1_475' title='bbox 1424 4267 1464 4324; x_wconf 79' lang='grc' dir='ltr'>ὦ</span> <span class='ocrx_word' id='word_1_476' title='bbox 1504 4276 1776 4349; x_wconf 56' lang='lat' dir='ltr'><strong>«apart-ing</strong></span> <span class='ocrx_word' id='word_1_477' title='bbox 1804 4317 1820 4343; x_wconf 95' lang='lat'><strong>,</strong></span> 
     </span>
    </p>
   </div>
   <div class='ocr_carea' id='block_1_61' title="bbox 228 4363 1903 4458">
    <p class='ocr_par' dir='ltr' id='par_1_61' title="bbox 228 4363 1903 4458">
     <span class='ocr_line' id='line_1_61' title="bbox 228 4363 1903 4458; baseline -0.001 -40"><span class='ocrx_word' id='word_1_478' title='bbox 228 4371 305 4443; x_wconf 74' lang='grc' dir='ltr'><strong>μή</strong></span> <span class='ocrx_word' id='word_1_479' title='bbox 346 4366 523 4442; x_wconf 78' lang='grc' dir='ltr'><strong>θύρσῳ</strong></span> <span class='ocrx_word' id='word_1_480' title='bbox 567 4364 982 4439; x_wconf 80' lang='grc' dir='ltr'><strong>σκηριπτόμενος,</strong></span> <span class='ocrx_word' id='word_1_481' title='bbox 1012 4367 1080 4435; x_wconf 78' lang='grc' dir='ltr'><strong>μή</strong></span> <span class='ocrx_word' id='word_1_482' title='bbox 1107 4371 1263 4436; x_wconf 77' lang='grc' dir='ltr'>κιττῷ</span> <span class='ocrx_word' id='word_1_483' title='bbox 1288 4363 1642 4437; x_wconf 76' lang='grc' dir='ltr'><strong>ἀναδούμενος.</strong></span> <span class='ocrx_word' id='word_1_484' title='bbox 1675 4368 1823 4442; x_wconf 67' lang='grc' dir='ltr'><strong>ῥίψω</strong></span> <span class='ocrx_word' id='word_1_485' title='bbox 1850 4398 1903 4458; x_wconf 83' lang='lat' dir='ltr'><strong>D</strong></span> 
     </span>
    </p>
   </div>
   <div class='ocr_carea' id='block_1_62' title="bbox 228 4453 1821 4535">
    <p class='ocr_par' dir='ltr' id='par_1_62' title="bbox 228 4453 1821 4535">
     <span class='ocr_line' id='line_1_62' title="bbox 228 4453 1821 4535; baseline 0.001 -23"><span class='ocrx_word' id='word_1_486' title='bbox 228 4466 321 4520; x_wconf 73' lang='grc' dir='ltr'><strong>τήν</strong></span> <span class='ocrx_word' id='word_1_487' title='bbox 357 4462 560 4535; x_wconf 75' lang='grc' dir='ltr'><strong>μίτραν,</strong></span> <span class='ocrx_word' id='word_1_488' title='bbox 609 4456 756 4533; x_wconf 56' lang='lat' dir='ltr'><strong>piabo»</strong></span> <span class='ocrx_word' id='word_1_489' title='bbox 792 4461 881 4515; x_wconf 74' lang='grc' dir='ltr'><strong>τήν</strong></span> <span class='ocrx_word' id='word_1_490' title='bbox 918 4453 1141 4530; x_wconf 75' lang='grc' dir='ltr'><strong>νεϐρίδα,</strong></span> <span class='ocrx_word' id='word_1_491' title='bbox 1171 4456 1533 4531; x_wconf 73' lang='grc' dir='ltr'><strong>σωφρονισσον.</strong></span> <span class='ocrx_word' id='word_1_492' title='bbox 1567 4457 1821 4528; x_wconf 86' lang='lat' dir='ltr'><strong>(Clemens</strong></span> 
     </span>
    </p>
   </div>
   <div class='ocr_carea' id='block_1_63' title="bbox 230 4545 1816 4619">
    <p class='ocr_par' dir='ltr' id='par_1_63' title="bbox 230 4545 1816 4619">
     <span class='ocr_line' id='line_1_63' title="bbox 230 4545 1816 4619; baseline -0.001 -11"><span class='ocrx_word' id='word_1_493' title='bbox 230 4551 540 4616; x_wconf 72' lang='lat' dir='ltr'><strong>Alexandr.,</strong></span> <span class='ocrx_word' id='word_1_494' title='bbox 571 4548 831 4604; x_wconf 81' lang='lat' dir='ltr'><strong>Admonit.</strong></span> <span class='ocrx_word' id='word_1_495' title='bbox 860 4546 928 4599; x_wconf 90' lang='lat' dir='ltr'><strong>ad</strong></span> <span class='ocrx_word' id='word_1_496' title='bbox 953 4555 1113 4616; x_wconf 60' lang='lat' dir='ltr'><strong>gent,</strong></span> <span class='ocrx_word' id='word_1_497' title='bbox 1146 4564 1199 4612; x_wconf 81' lang='grc' dir='ltr'><strong>ρ,</strong></span> <span class='ocrx_word' id='word_1_498' title='bbox 1234 4545 1350 4619; x_wconf 75' lang='grc'><strong>74.)</strong></span> <span class='ocrx_word' id='word_1_499' title='bbox 1391 4547 1532 4617; x_wconf 86' lang='lat' dir='ltr'><strong>Veni,</strong></span> <span class='ocrx_word' id='word_1_500' title='bbox 1560 4567 1590 4604; x_wconf 86' lang='grc' dir='ltr'><strong>ο</strong></span> <span class='ocrx_word' id='word_1_501' title='bbox 1618 4567 1816 4617; x_wconf 82' lang='lat' dir='ltr'><strong>vesane,</strong></span> 
     </span>
    </p>
   </div>
   <div class='ocr_carea' id='block_1_64' title="bbox 228 4641 1822 4717">
    <p class='ocr_par' dir='ltr' id='par_1_64' title="bbox 228 4641 1822 4717">
     <span class='ocr_line' id='line_1_64' title="bbox 228 4641 1822 4717; baseline -0.002 -14"><span class='ocrx_word' id='word_1_502' title='bbox 228 4663 338 4703; x_wconf 83' lang='lat' dir='ltr'><strong>non</strong></span> <span class='ocrx_word' id='word_1_503' title='bbox 387 4646 559 4717; x_wconf 82' lang='lat' dir='ltr'><strong>thyrso</strong></span> <span class='ocrx_word' id='word_1_504' title='bbox 605 4644 836 4708; x_wconf 68' lang='lat' dir='ltr'><strong>innixus,</strong></span> <span class='ocrx_word' id='word_1_505' title='bbox 884 4657 1041 4710; x_wconf 83' lang='lat' dir='ltr'><strong>neque</strong></span> <span class='ocrx_word' id='word_1_506' title='bbox 1088 4641 1275 4694; x_wconf 84' lang='lat' dir='ltr'><strong>hedera</strong></span> <span class='ocrx_word' id='word_1_507' title='bbox 1320 4642 1585 4698; x_wconf 84' lang='lat' dir='ltr'><strong>redimitus</strong></span> <span class='ocrx_word' id='word_1_508' title='bbox 1613 4660 1632 4697; x_wconf 82' lang='lat'><strong>.&#39;</strong></span> <span class='ocrx_word' id='word_1_509' title='bbox 1661 4646 1822 4716; x_wconf 84' lang='lat' dir='ltr'><strong>abjice</strong></span> 
     </span>
    </p>
   </div>
   <div class='ocr_carea' id='block_1_65' title="bbox 229 4732 1817 4807">
    <p class='ocr_par' dir='ltr' id='par_1_65' title="bbox 229 4732 1817 4807">
     <span class='ocr_line' id='line_1_65' title="bbox 229 4732 1817 4807; baseline -0.001 -14"><span class='ocrx_word' id='word_1_510' title='bbox 229 4740 470 4801; x_wconf 86' lang='lat' dir='ltr'><strong>mitram,</strong></span> <span class='ocrx_word' id='word_1_511' title='bbox 507 4735 669 4807; x_wconf 80' lang='lat' dir='ltr'><strong>obiice</strong></span> <span class='ocrx_word' id='word_1_512' title='bbox 696 4732 952 4788; x_wconf 84' lang='lat' dir='ltr'><strong>nebridem</strong></span> <span class='ocrx_word' id='word_1_513' title='bbox 989 4734 1060 4786; x_wconf 88' lang='lat' dir='ltr'><strong>sis</strong></span> <span class='ocrx_word' id='word_1_514' title='bbox 1096 4742 1380 4803; x_wconf 83' lang='lat' dir='ltr'><strong>temperans</strong></span> <span class='ocrx_word' id='word_1_515' title='bbox 1419 4743 1464 4787; x_wconf 91' lang='lat' dir='ltr'><strong>et</strong></span> <span class='ocrx_word' id='word_1_516' title='bbox 1510 4734 1817 4793; x_wconf 77' lang='lat' dir='ltr'><strong>moderatus.</strong></span> 
     </span>
    </p>
   </div>
   <div class='ocr_carea' id='block_1_66' title="bbox 227 4828 931 4891">
    <p class='ocr_par' dir='ltr' id='par_1_66' title="bbox 227 4828 931 4891">
     <span class='ocr_line' id='line_1_66' title="bbox 227 4828 931 4891; baseline -0.016 -1"><span class='ocrx_word' id='word_1_517' title='bbox 227 4833 434 4891; x_wconf 87' lang='lat' dir='ltr'><strong>Statius</strong></span> <span class='ocrx_word' id='word_1_518' title='bbox 473 4840 651 4887; x_wconf 90' lang='lat' dir='ltr'><strong>autem</strong></span> <span class='ocrx_word' id='word_1_519' title='bbox 688 4828 883 4885; x_wconf 89' lang='lat' dir='ltr'><strong>cecinit</strong></span> <span class='ocrx_word' id='word_1_520' title='bbox 917 4846 931 4879; x_wconf 87' lang='lat'><strong>:</strong></span> 
     </span>
    </p>
   </div>
   <div class='ocr_carea' id='block_1_67' title="bbox 975 4937 1482 5000">
    <p class='ocr_par' dir='ltr' id='par_1_67' title="bbox 975 4937 1482 5000">
     <span class='ocr_line' id='line_1_67' title="bbox 975 4937 1482 5000; baseline 0.002 -12"><span class='ocrx_word' id='word_1_521' title='bbox 975 4938 1115 4989; x_wconf 85' lang='lat' dir='ltr'><strong>Nunc</strong></span> <span class='ocrx_word' id='word_1_522' title='bbox 1147 4937 1293 5000; x_wconf 74' lang='lat' dir='ltr'><strong>Orgia</strong></span> <span class='ocrx_word' id='word_1_523' title='bbox 1316 4939 1482 4991; x_wconf 86' lang='lat' dir='ltr'><strong>Cadmi</strong></span> 
     </span>
    </p>
   </div>
   <div class='ocr_carea' id='block_1_68' title="bbox 329 5001 1667 5068">
    <p class='ocr_par' dir='ltr' id='par_1_68' title="bbox 329 5001 1667 5068">
     <span class='ocr_line' id='line_1_68' title="bbox 329 5001 1667 5068; baseline -0.004 -9"><span class='ocrx_word' id='word_1_524' title='bbox 329 5008 560 5068; x_wconf 88' lang='lat' dir='ltr'><strong>Cernitis,</strong></span> <span class='ocrx_word' id='word_1_525' title='bbox 584 5013 669 5056; x_wconf 91' lang='lat' dir='ltr'><strong>aut</strong></span> <span class='ocrx_word' id='word_1_526' title='bbox 692 5002 855 5068; x_wconf 79' lang='lat' dir='ltr'><strong>avidas</strong></span> <span class='ocrx_word' id='word_1_527' title='bbox 879 5002 1121 5068; x_wconf 82' lang='lat' dir='ltr'><strong>Bacchum</strong></span> <span class='ocrx_word' id='word_1_528' title='bbox 1143 5001 1396 5051; x_wconf 84' lang='lat' dir='ltr'><strong>scelerare</strong></span> <span class='ocrx_word' id='word_1_529' title='bbox 1422 5010 1667 5068; x_wconf 60' lang='lat' dir='ltr'><strong>terentes,</strong></span> 
     </span>
    </p>
   </div>
   <div class='ocr_carea' id='block_1_69' title="bbox 326 5065 1543 5139">
    <p class='ocr_par' dir='ltr' id='par_1_69' title="bbox 326 5065 1543 5139">
     <span class='ocr_line' id='line_1_69' title="bbox 326 5065 1543 5139; baseline -0.007 -15"><span class='ocrx_word' id='word_1_530' title='bbox 326 5065 586 5139; x_wconf 55' lang='lat' dir='ltr'><strong>ﬁebridas,</strong></span> <span class='ocrx_word' id='word_1_531' title='bbox 614 5077 665 5139; x_wconf 75' lang='lat' dir='ltr'><strong>et</strong></span> <span class='ocrx_word' id='word_1_532' title='bbox 686 5066 885 5139; x_wconf 77' lang='lat' dir='ltr'><strong>fragiles</strong></span> <span class='ocrx_word' id='word_1_533' title='bbox 903 5065 1093 5128; x_wconf 85' lang='lat' dir='ltr'><strong>thyrsos</strong></span> <span class='ocrx_word' id='word_1_534' title='bbox 1115 5072 1312 5129; x_wconf 84' lang='lat' dir='ltr'><strong>portare</strong></span> <span class='ocrx_word' id='word_1_535' title='bbox 1338 5066 1543 5128; x_wconf 83' lang='lat' dir='ltr'><strong>putastis</strong></span> 
     </span>
    </p>
   </div>
   <div class='ocr_carea' id='block_1_70' title="bbox 328 5131 908 5185">
    <p class='ocr_par' dir='ltr' id='par_1_70' title="bbox 328 5131 908 5185">
     <span class='ocr_line' id='line_1_70' title="bbox 328 5131 908 5185; baseline -0.014 0"><span class='ocrx_word' id='word_1_536' title='bbox 328 5132 585 5185; x_wconf 86' lang='lat' dir='ltr'><strong>Imbellem</strong></span> <span class='ocrx_word' id='word_1_537' title='bbox 605 5131 663 5180; x_wconf 85' lang='lat' dir='ltr'><strong>ad</strong></span> <span class='ocrx_word' id='word_1_538' title='bbox 680 5131 908 5179; x_wconf 87' lang='lat' dir='ltr'><strong>sonitum.</strong></span> 
     </span>
    </p>
   </div>
   <div class='ocr_carea' id='block_1_71' title="bbox 612 5205 1640 5278">
    <p class='ocr_par' dir='ltr' id='par_1_71' title="bbox 612 5205 1640 5278">
     <span class='ocr_line' id='line_1_71' title="bbox 612 5205 1640 5278; baseline -0.001 -15"><span class='ocrx_word' id='word_1_539' title='bbox 612 5212 775 5278; x_wconf 66' lang='lat' dir='ltr'><strong>(Stal,</strong></span> <span class='ocrx_word' id='word_1_540' title='bbox 797 5206 880 5261; x_wconf 84' lang='lat' dir='ltr'><strong>lib.</strong></span> <span class='ocrx_word' id='word_1_541' title='bbox 906 5225 940 5259; x_wconf 92' lang='grc' dir='ltr'><strong>ιι</strong></span> <span class='ocrx_word' id='word_1_542' title='bbox 968 5205 1221 5270; x_wconf 65' lang='lat' dir='ltr'><strong>Thebaid,</strong></span> <span class='ocrx_word' id='word_1_543' title='bbox 1244 5208 1391 5273; x_wconf 87' lang='lat' dir='ltr'><strong>paulo</strong></span> <span class='ocrx_word' id='word_1_544' title='bbox 1407 5215 1515 5262; x_wconf 84' lang='lat' dir='ltr'><strong>ante</strong></span> <span class='ocrx_word' id='word_1_545' title='bbox 1534 5210 1640 5277; x_wconf 82' lang='lat' dir='ltr'><strong>ﬁn.)</strong></span> 
     </span>
    </p>
   </div>
   <div class='ocr_carea' id='block_1_72' title="bbox 196 5319 568 5379">
    <p class='ocr_par' dir='ltr' id='par_1_72' title="bbox 196 5319 568 5379">
     <span class='ocr_line' id='line_1_72' title="bbox 196 5319 568 5379; baseline -0.013 0"><span class='ocrx_word' id='word_1_546' title='bbox 196 5354 203 5359; x_wconf 61' lang='grc' dir='ltr'><strong>ν</strong></span> <span class='ocrx_word' id='word_1_547' title='bbox 309 5323 376 5379; x_wconf 83' lang='lat' dir='ltr'><strong>Et</strong></span> <span class='ocrx_word' id='word_1_548' title='bbox 400 5319 526 5377; x_wconf 85' lang='lat' dir='ltr'><strong>alibi</strong></span> <span class='ocrx_word' id='word_1_549' title='bbox 554 5338 568 5374; x_wconf 90' lang='lat'><strong>:</strong></span> 
     </span>
    </p>
   </div>
   <div class='ocr_carea' id='block_1_73' title="bbox 610 5431 1637 5497">
    <p class='ocr_par' dir='ltr' id='par_1_73' title="bbox 610 5431 1637 5497">
     <span class='ocr_line' id='line_1_73' title="bbox 610 5431 1637 5497; baseline 0.001 -13"><span class='ocrx_word' id='word_1_550' title='bbox 610 5434 736 5497; x_wconf 89' lang='lat' dir='ltr'><strong>Quid</strong></span> <span class='ocrx_word' id='word_1_551' title='bbox 763 5431 987 5497; x_wconf 81' lang='lat' dir='ltr'><strong>imbelles</strong></span> <span class='ocrx_word' id='word_1_552' title='bbox 1001 5432 1191 5495; x_wconf 82' lang='lat' dir='ltr'><strong>thyrsos</strong></span> <span class='ocrx_word' id='word_1_553' title='bbox 1212 5440 1457 5484; x_wconf 82' lang='lat' dir='ltr'><strong>mercatus</strong></span> <span class='ocrx_word' id='word_1_554' title='bbox 1478 5440 1528 5486; x_wconf 88' lang='lat' dir='ltr'><strong>et</strong></span> <span class='ocrx_word' id='word_1_555' title='bbox 1543 5449 1637 5487; x_wconf 74' lang='lat' dir='ltr'><strong>tera</strong></span> 
     </span>
    </p>
   </div>
   <div class='ocr_carea' id='block_1_74' title="bbox 333 5494 1649 5563">
    <p class='ocr_par' dir='ltr' id='par_1_74' title="bbox 333 5494 1649 5563">
     <span class='ocr_line' id='line_1_74' title="bbox 333 5494 1649 5563; baseline 0 -14"><span class='ocrx_word' id='word_1_556' title='bbox 333 5500 546 5563; x_wconf 75' lang='lat' dir='ltr'><strong>Urbibus</strong></span> <span class='ocrx_word' id='word_1_557' title='bbox 568 5498 618 5563; x_wconf 86' lang='lat' dir='ltr'><strong>in</strong></span> <span class='ocrx_word' id='word_1_558' title='bbox 631 5494 833 5563; x_wconf 77' lang='lat' dir='ltr'><strong>mediis,</strong></span> <span class='ocrx_word' id='word_1_559' title='bbox 858 5494 1171 5557; x_wconf 76' lang='lat' dir='ltr'><strong>baccbeaque</strong></span> <span class='ocrx_word' id='word_1_560' title='bbox 1197 5504 1355 5563; x_wconf 81' lang='lat' dir='ltr'><strong>terga,</strong></span> <span class='ocrx_word' id='word_1_561' title='bbox 1379 5498 1649 5563; x_wconf 80' lang='lat' dir='ltr'><strong>mitrasque.</strong></span> 
     </span>
    </p>
   </div>
   <div class='ocr_carea' id='block_1_75' title="bbox 336 5560 1603 5620">
    <p class='ocr_par' dir='ltr' id='par_1_75' title="bbox 336 5560 1603 5620">
     <span class='ocr_line' id='line_1_75' title="bbox 336 5560 1603 5620; baseline -0.002 -7"><span class='ocrx_word' id='word_1_562' title='bbox 336 5562 445 5612; x_wconf 81' lang='lat' dir='ltr'><strong>Huc</strong></span> <span class='ocrx_word' id='word_1_563' title='bbox 467 5560 657 5619; x_wconf 88' lang='lat' dir='ltr'><strong>tuleris,</strong></span> <span class='ocrx_word' id='word_1_564' title='bbox 677 5561 936 5620; x_wconf 84' lang='lat' dir='ltr'><strong>variosque</strong></span> <span class='ocrx_word' id='word_1_565' title='bbox 958 5569 1185 5620; x_wconf 74' lang='lat' dir='ltr'><strong>aspersas</strong></span> <span class='ocrx_word' id='word_1_566' title='bbox 1216 5560 1445 5609; x_wconf 85' lang='lat' dir='ltr'><strong>nebridas</strong></span> <span class='ocrx_word' id='word_1_567' title='bbox 1467 5560 1603 5611; x_wconf 84' lang='lat' dir='ltr'><strong>auro.</strong></span> 
     </span>
    </p>
   </div>
   <div class='ocr_carea' id='block_1_76' title="bbox 671 5636 1580 5709">
    <p class='ocr_par' dir='ltr' id='par_1_76' title="bbox 671 5636 1580 5709">
     <span class='ocr_line' id='line_1_76' title="bbox 671 5636 1580 5709; baseline 0.007 -17"><span class='ocrx_word' id='word_1_568' title='bbox 671 5640 856 5706; x_wconf 79' lang='lat' dir='ltr'><strong>(Idem,</strong></span> <span class='ocrx_word' id='word_1_569' title='bbox 873 5636 955 5692; x_wconf 89' lang='lat' dir='ltr'><strong>lib.</strong></span> <span class='ocrx_word' id='word_1_570' title='bbox 978 5654 995 5691; x_wconf 88' lang='grc' dir='ltr'><strong>ι</strong></span> <span class='ocrx_word' id='word_1_571' title='bbox 1015 5636 1295 5703; x_wconf 60' lang='lat' dir='ltr'><strong>Achillam,</strong></span> <span class='ocrx_word' id='word_1_572' title='bbox 1315 5655 1426 5709; x_wconf 77' lang='lat' dir='ltr'><strong>pag.</strong></span> <span class='ocrx_word' id='word_1_573' title='bbox 1444 5643 1580 5708; x_wconf 71' lang='grc'><strong>254.)</strong></span> 
     </span>
    </p>
   </div>
   <div class='ocr_carea' id='block_1_77' title="bbox 1855 3009 1899 3071">
    <p class='ocr_par' dir='ltr' id='par_1_77' title="bbox 1855 3009 1899 3071">
     <span class='ocr_line' id='line_1_77' title="bbox 1855 3009 1899 3071; baseline 0 0"><span class='ocrx_word' id='word_1_574' title='bbox 1855 3009 1899 3071; x_wconf 88' lang='lat' dir='ltr'>C</span> 
     </span>
    </p>
   </div>
   <div class='ocr_carea' id='block_1_78' title="bbox 1928 1726 3534 1807">
    <p class='ocr_par' dir='ltr' id='par_1_78' title="bbox 1928 1726 3534 1807">
     <span class='ocr_line' id='line_1_78' title="bbox 1928 1726 3534 1807; baseline -0.002 -22"><span class='ocrx_word' id='word_1_575' title='bbox 1928 1747 2020 1802; x_wconf 82' lang='lat' dir='ltr'><strong>pro</strong></span> <span class='ocrx_word' id='word_1_576' title='bbox 2049 1730 2117 1793; x_wconf 84' lang='grc' dir='ltr'><strong>Ρ.</strong></span> <span class='ocrx_word' id='word_1_577' title='bbox 2150 1729 2348 1795; x_wconf 72' lang='lat' dir='ltr'><strong>Sextia,</strong></span> <span class='ocrx_word' id='word_1_578' title='bbox 2381 1747 2501 1807; x_wconf 81' lang='lat' dir='ltr'><strong>pag.</strong></span> <span class='ocrx_word' id='word_1_579' title='bbox 2533 1729 2681 1801; x_wconf 70' lang='grc'><strong>471).</strong></span> <span class='ocrx_word' id='word_1_580' title='bbox 2710 1728 2867 1789; x_wconf 83' lang='lat' dir='ltr'><strong>Putat</strong></span> <span class='ocrx_word' id='word_1_581' title='bbox 2888 1738 3071 1789; x_wconf 81' lang='lat' dir='ltr'><strong>autem</strong></span> <span class='ocrx_word' id='word_1_582' title='bbox 3105 1728 3327 1785; x_wconf 86' lang='lat' dir='ltr'><strong>Servius</strong></span> <span class='ocrx_word' id='word_1_583' title='bbox 3366 1726 3534 1782; x_wconf 91' lang='lat' dir='ltr'><strong>illum.</strong></span> 
     </span>
    </p>
   </div>
   <div class='ocr_carea' id='block_1_79' title="bbox 1927 1820 3520 1896">
    <p class='ocr_par' dir='ltr' id='par_1_79' title="bbox 1927 1820 3520 1896">
     <span class='ocr_line' id='line_1_79' title="bbox 1927 1820 3520 1896; baseline -0.003 -16"><span class='ocrx_word' id='word_1_584' title='bbox 1927 1840 1959 1880; x_wconf 89' lang='lat' dir='ltr'><strong>a</strong></span> <span class='ocrx_word' id='word_1_585' title='bbox 1987 1824 2210 1896; x_wconf 77' lang='lat' dir='ltr'><strong>Virgilio</strong></span> <span class='ocrx_word' id='word_1_586' title='bbox 2236 1824 2486 1894; x_wconf 81' lang='lat' dir='ltr'><strong>exiguum</strong></span> <span class='ocrx_word' id='word_1_587' title='bbox 2512 1839 2719 1883; x_wconf 88' lang='lat' dir='ltr'><strong>murem</strong></span> <span class='ocrx_word' id='word_1_588' title='bbox 2759 1822 3016 1894; x_wconf 87' lang='lat' dir='ltr'><strong>appel!ari</strong></span> <span class='ocrx_word' id='word_1_589' title='bbox 3071 1822 3269 1892; x_wconf 52' lang='lat' dir='ltr'><strong>(Seria,</strong></span> <span class='ocrx_word' id='word_1_590' title='bbox 3302 1820 3474 1875; x_wconf 76' lang='lat' dir='ltr'><strong>iirlib.</strong></span> <span class='ocrx_word' id='word_1_591' title='bbox 3502 1836 3520 1875; x_wconf 90' lang='lat' dir='ltr'><strong>t</strong></span> 
     </span>
    </p>
   </div>
   <div class='ocr_carea' id='block_1_80' title="bbox 1930 1915 3516 1995">
    <p class='ocr_par' dir='ltr' id='par_1_80' title="bbox 1930 1915 3516 1995">
     <span class='ocr_line' id='line_1_80' title="bbox 1930 1915 3516 1995; baseline -0.003 -22"><span class='ocrx_word' id='word_1_592' title='bbox 1930 1916 2115 1990; x_wconf 84' lang='lat' dir='ltr'><strong>Georg.</strong></span> <span class='ocrx_word' id='word_1_593' title='bbox 2155 1917 2362 1995; x_wconf 82' lang='lat' dir='ltr'><strong>Virgil.,</strong></span> <span class='ocrx_word' id='word_1_594' title='bbox 2412 1934 2532 1989; x_wconf 86' lang='lat' dir='ltr'><strong>pag.</strong></span> <span class='ocrx_word' id='word_1_595' title='bbox 2580 1918 2695 1984; x_wconf 73' lang='lat'><strong>75}.</strong></span> <span class='ocrx_word' id='word_1_596' title='bbox 2737 1916 2944 1973; x_wconf 83' lang='lat' dir='ltr'><strong>Videsis</strong></span> <span class='ocrx_word' id='word_1_597' title='bbox 2976 1916 3227 1980; x_wconf 83' lang='lat' dir='ltr'><strong>Plinium,</strong></span> <span class='ocrx_word' id='word_1_598' title='bbox 3264 1915 3359 1971; x_wconf 82' lang='lat' dir='ltr'><strong>lib.</strong></span> <span class='ocrx_word' id='word_1_599' title='bbox 3402 1930 3516 1970; x_wconf 81' lang='lat' dir='ltr'><strong>vrtt.</strong></span> 
     </span>
    </p>
   </div>
   <div class='ocr_carea' id='block_1_81' title="bbox 1928 2006 3398 2080">
    <p class='ocr_par' dir='ltr' id='par_1_81' title="bbox 1928 2006 3398 2080">
     <span class='ocr_line' id='line_1_81' title="bbox 1928 2006 3398 2080; baseline -0.003 -16"><span class='ocrx_word' id='word_1_600' title='bbox 1928 2009 2062 2065; x_wconf 80' lang='lat' dir='ltr'><strong>Hist.</strong></span> <span class='ocrx_word' id='word_1_601' title='bbox 2096 2019 2234 2076; x_wconf 91' lang='lat' dir='ltr'><strong>nat.,</strong></span> <span class='ocrx_word' id='word_1_602' title='bbox 2263 2026 2382 2080; x_wconf 86' lang='lat' dir='ltr'><strong>cap.</strong></span> <span class='ocrx_word' id='word_1_603' title='bbox 2413 2010 2503 2076; x_wconf 80' lang='lat'><strong>58,</strong></span> <span class='ocrx_word' id='word_1_604' title='bbox 2534 2024 2654 2080; x_wconf 89' lang='lat' dir='ltr'><strong>pag.</strong></span> <span class='ocrx_word' id='word_1_605' title='bbox 2677 2008 2803 2062; x_wconf 70' lang='grc'><strong>247.</strong></span> <span class='ocrx_word' id='word_1_606' title='bbox 2834 2006 3131 2063; x_wconf 85' lang='lat' dir='ltr'><strong>Gesnerum</strong></span> <span class='ocrx_word' id='word_1_607' title='bbox 3161 2014 3215 2061; x_wconf 92' lang='lat' dir='ltr'><strong>et</strong></span> <span class='ocrx_word' id='word_1_608' title='bbox 3243 2006 3398 2060; x_wconf 89' lang='lat' dir='ltr'><strong>alios.</strong></span> 
     </span>
    </p>
   </div>
   <div class='ocr_carea' id='block_1_82' title="bbox 2002 2101 3519 2171">
    <p class='ocr_par' dir='ltr' id='par_1_82' title="bbox 2002 2101 3519 2171">
     <span class='ocr_line' id='line_1_82' title="bbox 2002 2101 3519 2171; baseline -0.003 -12"><span class='ocrx_word' id='word_1_609' title='bbox 2002 2103 2367 2171; x_wconf 73' lang='lat' dir='ltr'><strong>Nominaliter,</strong></span> <span class='ocrx_word' id='word_1_610' title='bbox 2414 2113 2470 2160; x_wconf 91' lang='lat' dir='ltr'><strong>et</strong></span> <span class='ocrx_word' id='word_1_611' title='bbox 2512 2103 2819 2163; x_wconf 86' lang='lat' dir='ltr'><strong>nominitare</strong></span> <span class='ocrx_word' id='word_1_612' title='bbox 2846 2101 3061 2171; x_wconf 84' lang='lat' dir='ltr'><strong>scripsit</strong></span> <span class='ocrx_word' id='word_1_613' title='bbox 3101 2111 3287 2165; x_wconf 83' lang='lat' dir='ltr'><strong>auctor</strong></span> <span class='ocrx_word' id='word_1_614' title='bbox 3330 2109 3519 2159; x_wconf 79' lang='lat' dir='ltr'><strong>noster</strong></span> 
     </span>
    </p>
   </div>
   <div class='ocr_carea' id='block_1_83' title="bbox 1929 2183 3514 2269">
    <p class='ocr_par' dir='ltr' id='par_1_83' title="bbox 1929 2183 3514 2269">
     <span class='ocr_line' id='line_1_83' title="bbox 1929 2183 3514 2269; baseline -0.001 -16"><span class='ocrx_word' id='word_1_615' title='bbox 1929 2213 2028 2267; x_wconf 90' lang='lat' dir='ltr'><strong>pro</strong></span> <span class='ocrx_word' id='word_1_616' title='bbox 2054 2197 2369 2257; x_wconf 88' lang='lat' dir='ltr'><strong>nominatim</strong></span> <span class='ocrx_word' id='word_1_617' title='bbox 2400 2205 2455 2259; x_wconf 83' lang='lat' dir='ltr'><strong>et</strong></span> <span class='ocrx_word' id='word_1_618' title='bbox 2480 2183 2756 2257; x_wconf 31' lang='lat' dir='ltr'><strong>namin‘are</strong></span> <span class='ocrx_word' id='word_1_619' title='bbox 2785 2194 3022 2267; x_wconf 79' lang='lat' dir='ltr'><strong>(Arnob.,</strong></span> <span class='ocrx_word' id='word_1_620' title='bbox 3058 2192 3148 2253; x_wconf 80' lang='lat' dir='ltr'><strong>lib.</strong></span> <span class='ocrx_word' id='word_1_621' title='bbox 3174 2209 3234 2260; x_wconf 87' lang='grc' dir='ltr'><strong>ιι,</strong></span> <span class='ocrx_word' id='word_1_622' title='bbox 3266 2211 3392 2269; x_wconf 82' lang='lat' dir='ltr'><strong>pag.</strong></span> <span class='ocrx_word' id='word_1_623' title='bbox 3423 2192 3514 2260; x_wconf 82' lang='lat'><strong>80,</strong></span> 
     </span>
    </p>
   </div>
   <div class='ocr_carea' id='block_1_84' title="bbox 1929 2286 2551 2365">
    <p class='ocr_par' dir='ltr' id='par_1_84' title="bbox 1929 2286 2551 2365">
     <span class='ocr_line' id='line_1_84' title="bbox 1929 2286 2551 2365; baseline 0.003 -23"><span class='ocrx_word' id='word_1_624' title='bbox 1929 2299 1976 2342; x_wconf 87' lang='lat' dir='ltr'><strong>et</strong></span> <span class='ocrx_word' id='word_1_625' title='bbox 2005 2289 2092 2343; x_wconf 90' lang='lat' dir='ltr'><strong>lib.</strong></span> <span class='ocrx_word' id='word_1_626' title='bbox 2118 2305 2212 2359; x_wconf 86' lang='lat' dir='ltr'><strong>vn,</strong></span> <span class='ocrx_word' id='word_1_627' title='bbox 2246 2306 2365 2365; x_wconf 82' lang='lat' dir='ltr'><strong>pag.</strong></span> <span class='ocrx_word' id='word_1_628' title='bbox 2396 2286 2551 2360; x_wconf 81' lang='grc'><strong>251).</strong></span> 
     </span>
    </p>
   </div>
   <div class='ocr_carea' id='block_1_85' title="bbox 2005 2377 3518 2454">
    <p class='ocr_par' dir='ltr' id='par_1_85' title="bbox 2005 2377 3518 2454">
     <span class='ocr_line' id='line_1_85' title="bbox 2005 2377 3518 2454; baseline -0.001 -18"><span class='ocrx_word' id='word_1_629' title='bbox 2005 2380 2359 2454; x_wconf 75' lang='lat' dir='ltr'><strong>Obsolefacere</strong></span> <span class='ocrx_word' id='word_1_630' title='bbox 2388 2382 2548 2439; x_wconf 89' lang='lat' dir='ltr'><strong>etiam</strong></span> <span class='ocrx_word' id='word_1_631' title='bbox 2587 2380 2656 2439; x_wconf 88' lang='lat' dir='ltr'><strong>ab</strong></span> <span class='ocrx_word' id='word_1_632' title='bbox 2684 2395 2751 2437; x_wconf 90' lang='lat' dir='ltr'><strong>eo</strong></span> <span class='ocrx_word' id='word_1_633' title='bbox 2780 2380 2996 2447; x_wconf 91' lang='lat' dir='ltr'><strong>dicitur,</strong></span> <span class='ocrx_word' id='word_1_634' title='bbox 3025 2394 3122 2451; x_wconf 88' lang='lat' dir='ltr'><strong>pro</strong></span> <span class='ocrx_word' id='word_1_635' title='bbox 3152 2377 3394 2448; x_wconf 82' lang='lat' dir='ltr'><strong>abolere,</strong></span> <span class='ocrx_word' id='word_1_636' title='bbox 3424 2378 3518 2435; x_wconf 88' lang='lat' dir='ltr'><strong>de-</strong></span> 
     </span>
    </p>
   </div>
   <div class='ocr_carea' id='block_1_86' title="bbox 1928 2471 3516 2547">
    <p class='ocr_par' dir='ltr' id='par_1_86' title="bbox 1928 2471 3516 2547">
     <span class='ocr_line' id='line_1_86' title="bbox 1928 2471 3516 2547; baseline 0.001 -20"><span class='ocrx_word' id='word_1_637' title='bbox 1928 2472 2060 2542; x_wconf 88' lang='lat' dir='ltr'><strong>lere,</strong></span> <span class='ocrx_word' id='word_1_638' title='bbox 2100 2473 2290 2533; x_wconf 84' lang='lat' dir='ltr'><strong>tollere</strong></span> <span class='ocrx_word' id='word_1_639' title='bbox 2317 2471 2385 2531; x_wconf 87' lang='lat' dir='ltr'><strong>de</strong></span> <span class='ocrx_word' id='word_1_640' title='bbox 2426 2472 2627 2543; x_wconf 87' lang='lat' dir='ltr'><strong>medio,</strong></span> <span class='ocrx_word' id='word_1_641' title='bbox 2678 2481 2733 2529; x_wconf 90' lang='lat' dir='ltr'><strong>et</strong></span> <span class='ocrx_word' id='word_1_642' title='bbox 2761 2474 3073 2537; x_wconf 86' lang='lat' dir='ltr'><strong>oblitterare</strong></span> <span class='ocrx_word' id='word_1_643' title='bbox 3100 2471 3303 2547; x_wconf 85' lang='lat' dir='ltr'><strong>(lbid.,</strong></span> <span class='ocrx_word' id='word_1_644' title='bbox 3333 2472 3422 2529; x_wconf 86' lang='lat' dir='ltr'><strong>lib.</strong></span> <span class='ocrx_word' id='word_1_645' title='bbox 3458 2486 3516 2540; x_wconf 68' lang='grc' dir='ltr'><strong>ν,</strong></span> 
     </span>
    </p>
   </div>
   <div class='ocr_carea' id='block_1_87' title="bbox 1929 2566 2228 2640">
    <p class='ocr_par' dir='ltr' id='par_1_87' title="bbox 1929 2566 2228 2640">
     <span class='ocr_line' id='line_1_87' title="bbox 1929 2566 2228 2640; baseline 0.007 -19"><span class='ocrx_word' id='word_1_646' title='bbox 1929 2585 2050 2640; x_wconf 82' lang='lat' dir='ltr'><strong>pag.</strong></span> <span class='ocrx_word' id='word_1_647' title='bbox 2079 2566 2228 2640; x_wconf 72' lang='lat' dir='ltr'><strong>reo).</strong></span> 
     </span>
    </p>
   </div>
   <div class='ocr_carea' id='block_1_88' title="bbox 2009 2662 3518 2739">
    <p class='ocr_par' dir='ltr' id='par_1_88' title="bbox 2009 2662 3518 2739">
     <span class='ocr_line' id='line_1_88' title="bbox 2009 2662 3518 2739; baseline 0.001 -22"><span class='ocrx_word' id='word_1_648' title='bbox 2009 2662 2334 2727; x_wconf 74' lang='lat' dir='ltr'><strong>Obtentiones</strong></span> <span class='ocrx_word' id='word_1_649' title='bbox 2370 2665 2669 2739; x_wconf 81' lang='lat' dir='ltr'><strong>allegoricos</strong></span> <span class='ocrx_word' id='word_1_650' title='bbox 2699 2672 2856 2720; x_wconf 88' lang='lat' dir='ltr'><strong>vocat</strong></span> <span class='ocrx_word' id='word_1_651' title='bbox 2886 2663 3108 2737; x_wconf 85' lang='lat' dir='ltr'><strong>mystica</strong></span> <span class='ocrx_word' id='word_1_652' title='bbox 3137 2672 3190 2719; x_wconf 89' lang='lat' dir='ltr'><strong>et</strong></span> <span class='ocrx_word' id='word_1_653' title='bbox 3230 2662 3518 2733; x_wconf 81' lang='lat' dir='ltr'><strong>allegorica</strong></span> 
     </span>
    </p>
   </div>
   <div class='ocr_carea' id='block_1_89' title="bbox 1930 2755 3516 2831">
    <p class='ocr_par' dir='ltr' id='par_1_89' title="bbox 1930 2755 3516 2831">
     <span class='ocr_line' id='line_1_89' title="bbox 1930 2755 3516 2831; baseline 0.001 -22"><span class='ocrx_word' id='word_1_654' title='bbox 1930 2755 2219 2812; x_wconf 89' lang='lat' dir='ltr'><strong>verborum</strong></span> <span class='ocrx_word' id='word_1_655' title='bbox 2254 2756 2634 2831; x_wconf 81' lang='lat' dir='ltr'><strong>integumenta,</strong></span> <span class='ocrx_word' id='word_1_656' title='bbox 2676 2766 2731 2812; x_wconf 88' lang='lat' dir='ltr'><strong>et</strong></span> <span class='ocrx_word' id='word_1_657' title='bbox 2772 2757 3069 2822; x_wconf 69' lang='lat' dir='ltr'><strong>inwilucra,</strong></span> <span class='ocrx_word' id='word_1_658' title='bbox 3102 2756 3216 2815; x_wconf 80' lang='lat' dir='ltr'><strong>sive</strong></span> <span class='ocrx_word' id='word_1_659' title='bbox 3244 2769 3354 2819; x_wconf 89' lang='lat' dir='ltr'><strong>res,</strong></span> <span class='ocrx_word' id='word_1_660' title='bbox 3398 2769 3516 2824; x_wconf 70' lang='lat' dir='ltr'><strong>quin</strong></span> 
     </span>
    </p>
   </div>
   <div class='ocr_carea' id='block_1_90' title="bbox 1930 2848 3022 2925">
    <p class='ocr_par' dir='ltr' id='par_1_90' title="bbox 1930 2848 3022 2925">
     <span class='ocr_line' id='line_1_90' title="bbox 1930 2848 3022 2925; baseline -0.002 -21"><span class='ocrx_word' id='word_1_661' title='bbox 1930 2848 2200 2925; x_wconf 80' lang='lat' dir='ltr'><strong>allegoriis</strong></span> <span class='ocrx_word' id='word_1_662' title='bbox 2233 2857 2484 2921; x_wconf 71' lang='lat' dir='ltr'><strong>teguntur</strong></span> <span class='ocrx_word' id='word_1_663' title='bbox 2512 2848 2702 2918; x_wconf 67' lang='lat' dir='ltr'><strong>(Ibid,</strong></span> <span class='ocrx_word' id='word_1_664' title='bbox 2727 2867 2846 2921; x_wconf 69' lang='lat' dir='ltr'><strong>pag.</strong></span> <span class='ocrx_word' id='word_1_665' title='bbox 2874 2849 3022 2920; x_wconf 88' lang='grc'><strong>181).</strong></span> 
     </span>
    </p>
   </div>
   <div class='ocr_carea' id='block_1_91' title="bbox 2005 2939 3515 3013">
    <p class='ocr_par' dir='ltr' id='par_1_91' title="bbox 2005 2939 3515 3013">
     <span class='ocr_line' id='line_1_91' title="bbox 2005 2939 3515 3013; baseline 0.001 -19"><span class='ocrx_word' id='word_1_666' title='bbox 2005 2939 2437 2997; x_wconf 82' lang='lat' dir='ltr'><strong>Punchristiarias</strong></span> <span class='ocrx_word' id='word_1_667' title='bbox 2480 2942 2618 3012; x_wconf 90' lang='lat' dir='ltr'><strong>apud</strong></span> <span class='ocrx_word' id='word_1_668' title='bbox 2662 2950 2938 3003; x_wconf 85' lang='lat' dir='ltr'><strong>auctorem</strong></span> <span class='ocrx_word' id='word_1_669' title='bbox 2990 2950 3233 3003; x_wconf 84' lang='lat' dir='ltr'><strong>nostrum</strong></span> <span class='ocrx_word' id='word_1_670' title='bbox 3289 2940 3515 3013; x_wconf 85' lang='lat' dir='ltr'><strong>legimus</strong></span> 
     </span>
    </p>
   </div>
   <div class='ocr_carea' id='block_1_92' title="bbox 1932 3033 3515 3104">
    <p class='ocr_par' dir='ltr' id='par_1_92' title="bbox 1932 3033 3515 3104">
     <span class='ocr_line' id='line_1_92' title="bbox 1932 3033 3515 3104; baseline -0.001 -16"><span class='ocrx_word' id='word_1_671' title='bbox 1932 3033 2169 3104; x_wconf 89' lang='lat' dir='ltr'><strong>quidem,</strong></span> <span class='ocrx_word' id='word_1_672' title='bbox 2219 3034 2312 3089; x_wconf 86' lang='lat' dir='ltr'><strong>sed</strong></span> <span class='ocrx_word' id='word_1_673' title='bbox 2359 3035 2608 3097; x_wconf 86' lang='lat' dir='ltr'><strong>mendum</strong></span> <span class='ocrx_word' id='word_1_674' title='bbox 2659 3035 2881 3091; x_wconf 78' lang='lat' dir='ltr'><strong>subesse</strong></span> <span class='ocrx_word' id='word_1_675' title='bbox 2933 3035 3269 3104; x_wconf 81' lang='lat' dir='ltr'><strong>suspicamur</strong></span> <span class='ocrx_word' id='word_1_676' title='bbox 3309 3033 3515 3104; x_wconf 65' lang='lat' dir='ltr'><strong>(Ibid,</strong></span> 
     </span>
    </p>
   </div>
   <div class='ocr_carea' id='block_1_93' title="bbox 1931 3118 3517 3199">
    <p class='ocr_par' dir='ltr' id='par_1_93' title="bbox 1931 3118 3517 3199">
     <span class='ocr_line' id='line_1_93' title="bbox 1931 3118 3517 3199; baseline 0.001 -20"><span class='ocrx_word' id='word_1_677' title='bbox 1931 3125 2019 3179; x_wconf 88' lang='lat' dir='ltr'><strong>lib.</strong></span> <span class='ocrx_word' id='word_1_678' title='bbox 2047 3141 2125 3191; x_wconf 73' lang='grc' dir='ltr'>ιιι,</span> <span class='ocrx_word' id='word_1_679' title='bbox 2158 3142 2277 3198; x_wconf 83' lang='lat' dir='ltr'><strong>pag.</strong></span> <span class='ocrx_word' id='word_1_680' title='bbox 2305 3126 2375 3183; x_wconf 81' lang='lat'><strong>&#39;70</strong></span> <span class='ocrx_word' id='word_1_681' title='bbox 2404 3129 2441 3199; x_wconf 93' lang='lat'><strong>),</strong></span> <span class='ocrx_word' id='word_1_682' title='bbox 2491 3144 2553 3181; x_wconf 82' lang='lat' dir='ltr'><strong>ex</strong></span> <span class='ocrx_word' id='word_1_683' title='bbox 2586 3118 2741 3193; x_wconf 76' lang='lat' dir='ltr'><strong>sblim</strong></span> <span class='ocrx_word' id='word_1_684' title='bbox 2767 3128 2994 3193; x_wconf 84' lang='lat' dir='ltr'><strong>librarii,</strong></span> <span class='ocrx_word' id='word_1_685' title='bbox 3032 3143 3190 3197; x_wconf 82' lang='lat' dir='ltr'><strong>quam</strong></span> <span class='ocrx_word' id='word_1_686' title='bbox 3219 3127 3517 3198; x_wconf 67' lang='lat' dir='ltr'><strong>smpissitne</strong></span> 
     </span>
    </p>
   </div>
   <div class='ocr_carea' id='block_1_94' title="bbox 1932 3219 3515 3288">
    <p class='ocr_par' dir='ltr' id='par_1_94' title="bbox 1932 3219 3515 3288">
     <span class='ocr_line' id='line_1_94' title="bbox 1932 3219 3515 3288; baseline 0.001 -16"><span class='ocrx_word' id='word_1_687' title='bbox 1932 3219 2269 3282; x_wconf 79' lang='lat' dir='ltr'><strong>notavimus,</strong></span> <span class='ocrx_word' id='word_1_688' title='bbox 2321 3220 2586 3288; x_wconf 72' lang='lat' dir='ltr'><strong>imperitia</strong></span> <span class='ocrx_word' id='word_1_689' title='bbox 2637 3231 2836 3277; x_wconf 87' lang='lat' dir='ltr'><strong>ortum.</strong></span> <span class='ocrx_word' id='word_1_690' title='bbox 2891 3220 3252 3287; x_wconf 77' lang='lat' dir='ltr'><strong>Quamobrem</strong></span> <span class='ocrx_word' id='word_1_691' title='bbox 3304 3219 3515 3277; x_wconf 87' lang='lat' dir='ltr'><strong>illorum</strong></span> 
     </span>
    </p>
   </div>
   <div class='ocr_carea' id='block_1_95' title="bbox 1930 3309 3517 3387">
    <p class='ocr_par' dir='ltr' id='par_1_95' title="bbox 1930 3309 3517 3387">
     <span class='ocr_line' id='line_1_95' title="bbox 1930 3309 3517 3387; baseline -0.001 -22"><span class='ocrx_word' id='word_1_692' title='bbox 1930 3309 2209 3369; x_wconf 83' lang='lat' dir='ltr'><strong>sententiae</strong></span> <span class='ocrx_word' id='word_1_693' title='bbox 2256 3309 2396 3365; x_wconf 89' lang='lat' dir='ltr'><strong>haud</strong></span> <span class='ocrx_word' id='word_1_694' title='bbox 2440 3312 2591 3373; x_wconf 85' lang='lat' dir='ltr'><strong>inviti</strong></span> <span class='ocrx_word' id='word_1_695' title='bbox 2634 3314 3057 3387; x_wconf 84' lang='lat' dir='ltr'><strong>subscribemus,</strong></span> <span class='ocrx_word' id='word_1_696' title='bbox 3104 3313 3193 3382; x_wconf 92' lang='lat' dir='ltr'><strong>qui</strong></span> <span class='ocrx_word' id='word_1_697' title='bbox 3237 3311 3517 3379; x_wconf 70' lang='lat' dir='ltr'><strong>pane/ires-</strong></span> 
     </span>
    </p>
   </div>
   <div class='ocr_carea' id='block_1_96' title="bbox 1930 3402 3514 3477">
    <p class='ocr_par' dir='ltr' id='par_1_96' title="bbox 1930 3402 3514 3477">
     <span class='ocr_line' id='line_1_96' title="bbox 1930 3402 3514 3477; baseline 0.002 -21"><span class='ocrx_word' id='word_1_698' title='bbox 1930 3406 2084 3456; x_wconf 85' lang='lat' dir='ltr'><strong>tarios</strong></span> <span class='ocrx_word' id='word_1_699' title='bbox 2111 3404 2310 3473; x_wconf 85' lang='lat' dir='ltr'><strong>potius,</strong></span> <span class='ocrx_word' id='word_1_700' title='bbox 2342 3420 2499 3474; x_wconf 91' lang='lat' dir='ltr'><strong>quam</strong></span> <span class='ocrx_word' id='word_1_701' title='bbox 2526 3404 2839 3467; x_wconf 88' lang='lat' dir='ltr'><strong>crustarios,</strong></span> <span class='ocrx_word' id='word_1_702' title='bbox 2874 3404 2947 3457; x_wconf 89' lang='lat' dir='ltr'><strong>uti</strong></span> <span class='ocrx_word' id='word_1_703' title='bbox 2978 3404 3181 3477; x_wconf 87' lang='lat' dir='ltr'><strong>putavit</strong></span> <span class='ocrx_word' id='word_1_704' title='bbox 3209 3402 3514 3468; x_wconf 88' lang='lat' dir='ltr'><strong>Turnebus,</strong></span> 
     </span>
    </p>
   </div>
   <div class='ocr_carea' id='block_1_97' title="bbox 1928 3496 3519 3564">
    <p class='ocr_par' dir='ltr' id='par_1_97' title="bbox 1928 3496 3519 3564">
     <span class='ocr_line' id='line_1_97' title="bbox 1928 3496 3519 3564; baseline -0.002 -12"><span class='ocrx_word' id='word_1_705' title='bbox 1928 3496 2319 3553; x_wconf 79' lang='lat' dir='ltr'><strong>emendandum</strong></span> <span class='ocrx_word' id='word_1_706' title='bbox 2341 3498 2668 3551; x_wconf 66' lang='lat' dir='ltr'><strong>eximimant.</strong></span> <span class='ocrx_word' id='word_1_707' title='bbox 2695 3496 3088 3551; x_wconf 90' lang='lat' dir='ltr'><strong>Panchrestarii</strong></span> <span class='ocrx_word' id='word_1_708' title='bbox 3115 3506 3293 3549; x_wconf 83' lang='lat' dir='ltr'><strong>autem</strong></span> <span class='ocrx_word' id='word_1_709' title='bbox 3320 3510 3519 3564; x_wconf 83' lang='lat' dir='ltr'><strong>cogno-</strong></span> 
     </span>
    </p>
   </div>
   <div class='ocr_carea' id='block_1_98' title="bbox 1928 3576 3521 3661">
    <p class='ocr_par' dir='ltr' id='par_1_98' title="bbox 1928 3576 3521 3661">
     <span class='ocr_line' id='line_1_98' title="bbox 1928 3576 3521 3661; baseline -0.002 -16"><span class='ocrx_word' id='word_1_710' title='bbox 1928 3576 2229 3657; x_wconf 74' lang='lat' dir='ltr'><strong>minantur,</strong></span> <span class='ocrx_word' id='word_1_711' title='bbox 2247 3589 2339 3661; x_wconf 81' lang='lat' dir='ltr'><strong>qui</strong></span> <span class='ocrx_word' id='word_1_712' title='bbox 2381 3591 2784 3660; x_wconf 83' lang='lat' dir='ltr'><strong>panchrestum,</strong></span> <span class='ocrx_word' id='word_1_713' title='bbox 2818 3591 2972 3660; x_wconf 80' lang='lat' dir='ltr'><strong>cujus</strong></span> <span class='ocrx_word' id='word_1_714' title='bbox 3010 3588 3201 3644; x_wconf 88' lang='lat' dir='ltr'><strong>Cicero</strong></span> <span class='ocrx_word' id='word_1_715' title='bbox 3224 3599 3277 3644; x_wconf 89' lang='lat' dir='ltr'><strong>et</strong></span> <span class='ocrx_word' id='word_1_716' title='bbox 3314 3589 3521 3643; x_wconf 87' lang='lat' dir='ltr'><strong>Plinilts</strong></span> 
     </span>
    </p>
   </div>
   <div class='ocr_carea' id='block_1_99' title="bbox 1928 3686 3521 3758">
    <p class='ocr_par' dir='ltr' id='par_1_99' title="bbox 1928 3686 3521 3758">
     <span class='ocr_line' id='line_1_99' title="bbox 1928 3686 3521 3758; baseline -0.001 -17"><span class='ocrx_word' id='word_1_717' title='bbox 1928 3687 2258 3751; x_wconf 84' lang='lat' dir='ltr'><strong>meminere,</strong></span> <span class='ocrx_word' id='word_1_718' title='bbox 2305 3686 2358 3751; x_wconf 81' lang='lat' dir='ltr'><strong>id</strong></span> <span class='ocrx_word' id='word_1_719' title='bbox 2403 3697 2507 3755; x_wconf 80' lang='lat' dir='ltr'><strong>est,</strong></span> <span class='ocrx_word' id='word_1_720' title='bbox 2566 3695 2893 3758; x_wconf 75' lang='lat' dir='ltr'><strong>unguentum</strong></span> <span class='ocrx_word' id='word_1_721' title='bbox 2946 3687 3423 3756; x_wconf 80' lang='lat' dir='ltr'><strong>benignissimum.</strong></span> <span class='ocrx_word' id='word_1_722' title='bbox 3457 3702 3521 3742; x_wconf 89' lang='lat' dir='ltr'><strong>ac</strong></span> 
     </span>
    </p>
   </div>
   <div class='ocr_carea' id='block_1_100' title="bbox 1927 3777 3518 3847">
    <p class='ocr_par' dir='ltr' id='par_1_100' title="bbox 1927 3777 3518 3847">
     <span class='ocr_line' id='line_1_100' title="bbox 1927 3777 3518 3847; baseline 0.001 -16"><span class='ocrx_word' id='word_1_723' title='bbox 1927 3778 2183 3841; x_wconf 79' lang='lat' dir='ltr'><strong>sanandis</strong></span> <span class='ocrx_word' id='word_1_724' title='bbox 2230 3777 2474 3847; x_wconf 85' lang='lat' dir='ltr'><strong>pluribus</strong></span> <span class='ocrx_word' id='word_1_725' title='bbox 2523 3780 2726 3837; x_wconf 86' lang='lat' dir='ltr'><strong>morbis</strong></span> <span class='ocrx_word' id='word_1_726' title='bbox 2767 3778 3111 3837; x_wconf 86' lang='lat' dir='ltr'><strong>utilissimum</strong></span> <span class='ocrx_word' id='word_1_727' title='bbox 3157 3778 3518 3833; x_wconf 88' lang='lat' dir='ltr'><strong>conliciehant</strong></span> 
     </span>
    </p>
   </div>
   <div class='ocr_carea' id='block_1_101' title="bbox 1927 3867 3517 3941">
    <p class='ocr_par' dir='ltr' id='par_1_101' title="bbox 1927 3867 3517 3941">
     <span class='ocr_line' id='line_1_101' title="bbox 1927 3867 3517 3941; baseline 0.002 -20"><span class='ocrx_word' id='word_1_728' title='bbox 1927 3867 2198 3941; x_wconf 87' lang='lat' dir='ltr'><strong>(Turneb.,</strong></span> <span class='ocrx_word' id='word_1_729' title='bbox 2231 3870 2320 3922; x_wconf 88' lang='lat' dir='ltr'><strong>lib.</strong></span> <span class='ocrx_word' id='word_1_730' title='bbox 2352 3885 2447 3923; x_wconf 75' lang='lat' dir='ltr'><strong>xm</strong></span> <span class='ocrx_word' id='word_1_731' title='bbox 2478 3870 2719 3936; x_wconf 83' lang='lat' dir='ltr'><strong>Advers.,</strong></span> <span class='ocrx_word' id='word_1_732' title='bbox 2760 3886 2875 3937; x_wconf 86' lang='lat' dir='ltr'><strong>cap.</strong></span> <span class='ocrx_word' id='word_1_733' title='bbox 2911 3867 3012 3932; x_wconf 68' lang='lat'><strong>14&#39;;</strong></span> <span class='ocrx_word' id='word_1_734' title='bbox 3054 3868 3242 3934; x_wconf 83' lang='lat' dir='ltr'><strong>Cicer.,</strong></span> <span class='ocrx_word' id='word_1_735' title='bbox 3279 3868 3426 3923; x_wconf 83' lang='lat' dir='ltr'><strong>Orat.</strong></span> <span class='ocrx_word' id='word_1_736' title='bbox 3461 3869 3517 3933; x_wconf 77' lang='grc'><strong>5,</strong></span> 
     </span>
    </p>
   </div>
   <div class='ocr_carea' id='block_1_102' title="bbox 1925 3958 3514 4030">
    <p class='ocr_par' dir='ltr' id='par_1_102' title="bbox 1925 3958 3514 4030">
     <span class='ocr_line' id='line_1_102' title="bbox 1925 3958 3514 4030; baseline 0.001 -18"><span class='ocrx_word' id='word_1_737' title='bbox 1925 3960 1980 4013; x_wconf 87' lang='lat' dir='ltr'><strong>in</strong></span> <span class='ocrx_word' id='word_1_738' title='bbox 2026 3976 2183 4026; x_wconf 73' lang='lat' dir='ltr'><strong>rem,</strong></span> <span class='ocrx_word' id='word_1_739' title='bbox 2229 3976 2347 4030; x_wconf 88' lang='lat' dir='ltr'><strong>pag.</strong></span> <span class='ocrx_word' id='word_1_740' title='bbox 2406 3960 2538 4026; x_wconf 73' lang='lat' dir='ltr'><strong>MS;</strong></span> <span class='ocrx_word' id='word_1_741' title='bbox 2586 3959 2769 4025; x_wconf 87' lang='lat' dir='ltr'><strong>Plin.,</strong></span> <span class='ocrx_word' id='word_1_742' title='bbox 2831 3959 2917 4013; x_wconf 87' lang='lat' dir='ltr'><strong>lib.</strong></span> <span class='ocrx_word' id='word_1_743' title='bbox 2969 3975 3090 4014; x_wconf 79' lang='lat' dir='ltr'><strong>xxvr</strong></span> <span class='ocrx_word' id='word_1_744' title='bbox 3126 3958 3318 4021; x_wconf 82' lang='lat' dir='ltr'><strong>Natur.</strong></span> <span class='ocrx_word' id='word_1_745' title='bbox 3365 3960 3514 4025; x_wconf 85' lang='lat' dir='ltr'><strong>Itist.,</strong></span> 
     </span>
    </p>
   </div>
   <div class='ocr_carea' id='block_1_103' title="bbox 1926 4046 3511 4125">
    <p class='ocr_par' dir='ltr' id='par_1_103' title="bbox 1926 4046 3511 4125">
     <span class='ocr_line' id='line_1_103' title="bbox 1926 4046 3511 4125; baseline -0.001 -19"><span class='ocrx_word' id='word_1_746' title='bbox 1926 4068 2043 4119; x_wconf 87' lang='lat' dir='ltr'><strong>cap.</strong></span> <span class='ocrx_word' id='word_1_747' title='bbox 2070 4050 2161 4117; x_wconf 85' lang='grc'><strong>20,</strong></span> <span class='ocrx_word' id='word_1_748' title='bbox 2196 4069 2316 4123; x_wconf 87' lang='lat' dir='ltr'><strong>pag.</strong></span> <span class='ocrx_word' id='word_1_749' title='bbox 2349 4050 2500 4125; x_wconf 78' lang='grc'><strong>526).</strong></span> <span class='ocrx_word' id='word_1_750' title='bbox 2542 4051 2652 4106; x_wconf 81' lang='lat' dir='ltr'><strong>Nec</strong></span> <span class='ocrx_word' id='word_1_751' title='bbox 2681 4052 2906 4107; x_wconf 89' lang='lat' dir='ltr'><strong>multum</strong></span> <span class='ocrx_word' id='word_1_752' title='bbox 2938 4052 3122 4117; x_wconf 86' lang='lat' dir='ltr'><strong>refert,</strong></span> <span class='ocrx_word' id='word_1_753' title='bbox 3150 4051 3291 4121; x_wconf 90' lang='lat' dir='ltr'><strong>quod</strong></span> <span class='ocrx_word' id='word_1_754' title='bbox 3331 4046 3511 4105; x_wconf 84' lang='lat' dir='ltr'><strong>Arno-</strong></span> 
     </span>
    </p>
   </div>
   <div class='ocr_carea' id='block_1_104' title="bbox 1926 4142 3518 4215">
    <p class='ocr_par' dir='ltr' id='par_1_104' title="bbox 1926 4142 3518 4215">
     <span class='ocr_line' id='line_1_104' title="bbox 1926 4142 3518 4215; baseline 0 -16"><span class='ocrx_word' id='word_1_755' title='bbox 1926 4145 2046 4200; x_wconf 89' lang='lat' dir='ltr'><strong>bius</strong></span> <span class='ocrx_word' id='word_1_756' title='bbox 2078 4146 2550 4215; x_wconf 83' lang='lat' dir='ltr'><strong>unguentariorum</strong></span> <span class='ocrx_word' id='word_1_757' title='bbox 2580 4143 2909 4199; x_wconf 87' lang='lat' dir='ltr'><strong>mentionem</strong></span> <span class='ocrx_word' id='word_1_758' title='bbox 2944 4144 3094 4215; x_wconf 89' lang='lat' dir='ltr'><strong>prius</strong></span> <span class='ocrx_word' id='word_1_759' title='bbox 3115 4143 3385 4209; x_wconf 85' lang='lat' dir='ltr'><strong>habuerit.</strong></span> <span class='ocrx_word' id='word_1_760' title='bbox 3413 4142 3518 4199; x_wconf 88' lang='lat' dir='ltr'><strong>Ne-</strong></span> 
     </span>
    </p>
   </div>
   <div class='ocr_carea' id='block_1_105' title="bbox 1926 4237 3517 4310">
    <p class='ocr_par' dir='ltr' id='par_1_105' title="bbox 1926 4237 3517 4310">
     <span class='ocr_line' id='line_1_105' title="bbox 1926 4237 3517 4310; baseline 0.001 -20"><span class='ocrx_word' id='word_1_761' title='bbox 1926 4255 2030 4310; x_wconf 86' lang='lat' dir='ltr'><strong>que</strong></span> <span class='ocrx_word' id='word_1_762' title='bbox 2059 4240 2202 4293; x_wconf 90' lang='lat' dir='ltr'><strong>enim</strong></span> <span class='ocrx_word' id='word_1_763' title='bbox 2230 4238 2503 4292; x_wconf 88' lang='lat' dir='ltr'><strong>insolitum</strong></span> <span class='ocrx_word' id='word_1_764' title='bbox 2531 4237 2607 4293; x_wconf 91' lang='lat' dir='ltr'><strong>illi</strong></span> <span class='ocrx_word' id='word_1_765' title='bbox 2640 4247 2743 4300; x_wconf 89' lang='lat' dir='ltr'><strong>est,</strong></span> <span class='ocrx_word' id='word_1_766' title='bbox 2772 4246 2862 4291; x_wconf 88' lang='lat' dir='ltr'><strong>aut</strong></span> <span class='ocrx_word' id='word_1_767' title='bbox 2887 4237 3075 4292; x_wconf 88' lang='lat' dir='ltr'><strong>eadem</strong></span> <span class='ocrx_word' id='word_1_768' title='bbox 3110 4246 3375 4307; x_wconf 83' lang='lat' dir='ltr'><strong>repetere,</strong></span> <span class='ocrx_word' id='word_1_769' title='bbox 3426 4248 3517 4292; x_wconf 87' lang='lat' dir='ltr'><strong>aut</strong></span> 
     </span>
    </p>
   </div>
   <div class='ocr_carea' id='block_1_106' title="bbox 1924 4330 3344 4401">
    <p class='ocr_par' dir='ltr' id='par_1_106' title="bbox 1924 4330 3344 4401">
     <span class='ocr_line' id='line_1_106' title="bbox 1924 4330 3344 4401; baseline -0.002 -14"><span class='ocrx_word' id='word_1_770' title='bbox 1924 4334 2130 4387; x_wconf 87' lang='lat' dir='ltr'><strong>nullum</strong></span> <span class='ocrx_word' id='word_1_771' title='bbox 2157 4334 2207 4386; x_wconf 91' lang='lat' dir='ltr'><strong>in</strong></span> <span class='ocrx_word' id='word_1_772' title='bbox 2236 4332 2347 4386; x_wconf 84' lang='lat' dir='ltr'><strong>suis</strong></span> <span class='ocrx_word' id='word_1_773' title='bbox 2370 4330 2866 4386; x_wconf 83' lang='lat' dir='ltr'><strong>enutnerationibns</strong></span> <span class='ocrx_word' id='word_1_774' title='bbox 2893 4330 3042 4401; x_wconf 87' lang='lat' dir='ltr'><strong>sequi</strong></span> <span class='ocrx_word' id='word_1_775' title='bbox 3076 4330 3344 4384; x_wconf 84' lang='lat' dir='ltr'><strong>ordinem.</strong></span> 
     </span>
    </p>
   </div>
   <div class='ocr_carea' id='block_1_107' title="bbox 2004 4422 3519 4496">
    <p class='ocr_par' dir='ltr' id='par_1_107' title="bbox 2004 4422 3519 4496">
     <span class='ocr_line' id='line_1_107' title="bbox 2004 4422 3519 4496; baseline -0.002 -18"><span class='ocrx_word' id='word_1_776' title='bbox 2004 4445 2022 4478; x_wconf 77' lang='grc' dir='ltr'><strong>ι</strong></span> <span class='ocrx_word' id='word_1_777' title='bbox 2058 4425 2289 4496; x_wconf 89' lang='lat' dir='ltr'><strong>Papula,</strong></span> <span class='ocrx_word' id='word_1_778' title='bbox 2326 4445 2345 4478; x_wconf 72' lang='grc' dir='ltr'><strong>ι</strong></span> <span class='ocrx_word' id='word_1_779' title='bbox 2376 4427 2548 4495; x_wconf 88' lang='lat' dir='ltr'><strong>inquit</strong></span> <span class='ocrx_word' id='word_1_780' title='bbox 2579 4424 2831 4489; x_wconf 91' lang='lat' dir='ltr'><strong>Isidorus,</strong></span> <span class='ocrx_word' id='word_1_781' title='bbox 2861 4442 2879 4474; x_wconf 82' lang='lat'><strong>(</strong></span> <span class='ocrx_word' id='word_1_782' title='bbox 2920 4432 3003 4479; x_wconf 88' lang='lat' dir='ltr'><strong>est</strong></span> <span class='ocrx_word' id='word_1_783' title='bbox 3034 4425 3347 4492; x_wconf 82' lang='lat' dir='ltr'><strong>parvissima</strong></span> <span class='ocrx_word' id='word_1_784' title='bbox 3378 4422 3519 4476; x_wconf 89' lang='lat' dir='ltr'><strong>cutis</strong></span> 
     </span>
    </p>
   </div>
   <div class='ocr_carea' id='block_1_108' title="bbox 1924 4514 3516 4588">
    <p class='ocr_par' dir='ltr' id='par_1_108' title="bbox 1924 4514 3516 4588">
     <span class='ocr_line' id='line_1_108' title="bbox 1924 4514 3516 4588; baseline -0.006 -12"><span class='ocrx_word' id='word_1_785' title='bbox 1924 4521 2150 4584; x_wconf 90' lang='lat' dir='ltr'><strong>erectio,</strong></span> <span class='ocrx_word' id='word_1_786' title='bbox 2200 4519 2602 4588; x_wconf 88' lang='lat' dir='ltr'><strong>circumscripta</strong></span> <span class='ocrx_word' id='word_1_787' title='bbox 2643 4532 2763 4571; x_wconf 90' lang='lat' dir='ltr'><strong>cum</strong></span> <span class='ocrx_word' id='word_1_788' title='bbox 2808 4517 3026 4581; x_wconf 88' lang='lat' dir='ltr'><strong>rubore,</strong></span> <span class='ocrx_word' id='word_1_789' title='bbox 3076 4525 3131 4571; x_wconf 90' lang='lat' dir='ltr'><strong>et</strong></span> <span class='ocrx_word' id='word_1_790' title='bbox 3178 4517 3296 4570; x_wconf 81' lang='lat' dir='ltr'><strong>ideo</strong></span> <span class='ocrx_word' id='word_1_791' title='bbox 3327 4514 3516 4585; x_wconf 87' lang='lat' dir='ltr'><strong>papula</strong></span> 
     </span>
    </p>
   </div>
   <div class='ocr_carea' id='block_1_109' title="bbox 1924 4613 3514 4687">
    <p class='ocr_par' dir='ltr' id='par_1_109' title="bbox 1924 4613 3514 4687">
     <span class='ocr_line' id='line_1_109' title="bbox 1924 4613 3514 4687; baseline -0.005 -15"><span class='ocrx_word' id='word_1_792' title='bbox 1924 4616 2087 4684; x_wconf 90' lang='lat' dir='ltr'><strong>dicta,</strong></span> <span class='ocrx_word' id='word_1_793' title='bbox 2117 4615 2267 4687; x_wconf 86' lang='lat' dir='ltr'><strong>quasi</strong></span> <span class='ocrx_word' id='word_1_794' title='bbox 2299 4616 2492 4685; x_wconf 89' lang='lat' dir='ltr'><strong>pupula</strong></span> <span class='ocrx_word' id='word_1_795' title='bbox 2526 4615 2787 4682; x_wconf 82' lang='lat' dir='ltr'><strong>sirimpia.</strong></span> <span class='ocrx_word' id='word_1_796' title='bbox 2820 4631 2839 4664; x_wconf 81' lang='grc'>›</span> <span class='ocrx_word' id='word_1_797' title='bbox 2889 4613 3018 4667; x_wconf 87' lang='lat' dir='ltr'><strong>Eam</strong></span> <span class='ocrx_word' id='word_1_798' title='bbox 3050 4625 3227 4668; x_wconf 82' lang='lat' dir='ltr'><strong>autem</strong></span> <span class='ocrx_word' id='word_1_799' title='bbox 3257 4629 3286 4667; x_wconf 93' lang='lat' dir='ltr'><strong>a</strong></span> <span class='ocrx_word' id='word_1_800' title='bbox 3321 4622 3514 4682; x_wconf 88' lang='lat' dir='ltr'><strong>pustu-</strong></span> 
     </span>
    </p>
   </div>
   <div class='ocr_carea' id='block_1_110' title="bbox 1924 4704 3517 4776">
    <p class='ocr_par' dir='ltr' id='par_1_110' title="bbox 1924 4704 3517 4776">
     <span class='ocr_line' id='line_1_110' title="bbox 1924 4704 3517 4776; baseline -0.003 -11"><span class='ocrx_word' id='word_1_801' title='bbox 1924 4709 1998 4776; x_wconf 89' lang='lat' dir='ltr'><strong>la,</strong></span> <span class='ocrx_word' id='word_1_802' title='bbox 2024 4709 2183 4765; x_wconf 87' lang='lat' dir='ltr'><strong>sicuti</strong></span> <span class='ocrx_word' id='word_1_803' title='bbox 2211 4710 2413 4764; x_wconf 89' lang='lat' dir='ltr'><strong>Auctor</strong></span> <span class='ocrx_word' id='word_1_804' title='bbox 2442 4716 2645 4773; x_wconf 88' lang='lat' dir='ltr'><strong>noster,</strong></span> <span class='ocrx_word' id='word_1_805' title='bbox 2690 4707 2953 4767; x_wconf 80' lang='lat' dir='ltr'><strong>distinxit,</strong></span> <span class='ocrx_word' id='word_1_806' title='bbox 3002 4707 3247 4776; x_wconf 71' lang='lat' dir='ltr'><strong>hancque</strong></span> <span class='ocrx_word' id='word_1_807' title='bbox 3277 4709 3355 4760; x_wconf 90' lang='lat' dir='ltr'><strong>sic</strong></span> <span class='ocrx_word' id='word_1_808' title='bbox 3384 4704 3517 4761; x_wconf 82' lang='lat' dir='ltr'><strong>deli-</strong></span> 
     </span>
    </p>
   </div>
   <div class='ocr_carea' id='block_1_111' title="bbox 1926 4799 3517 4871">
    <p class='ocr_par' dir='ltr' id='par_1_111' title="bbox 1926 4799 3517 4871">
     <span class='ocr_line' id='line_1_111' title="bbox 1926 4799 3517 4871; baseline -0.003 -11"><span class='ocrx_word' id='word_1_809' title='bbox 1926 4805 2090 4860; x_wconf 90' lang='lat' dir='ltr'><strong>nivit:</strong></span> <span class='ocrx_word' id='word_1_810' title='bbox 2122 4823 2141 4855; x_wconf 79' lang='grc' dir='ltr'><strong>ι</strong></span> <span class='ocrx_word' id='word_1_811' title='bbox 2172 4804 2387 4859; x_wconf 89' lang='lat' dir='ltr'><strong>Pustula</strong></span> <span class='ocrx_word' id='word_1_812' title='bbox 2413 4811 2497 4857; x_wconf 89' lang='lat' dir='ltr'><strong>est</strong></span> <span class='ocrx_word' id='word_1_813' title='bbox 2526 4803 2575 4855; x_wconf 93' lang='lat' dir='ltr'><strong>in</strong></span> <span class='ocrx_word' id='word_1_814' title='bbox 2605 4802 2892 4871; x_wconf 86' lang='lat' dir='ltr'><strong>snperlicie</strong></span> <span class='ocrx_word' id='word_1_815' title='bbox 2919 4802 3163 4870; x_wconf 87' lang='lat' dir='ltr'><strong>corporis</strong></span> <span class='ocrx_word' id='word_1_816' title='bbox 3194 4799 3398 4870; x_wconf 84' lang='lat' dir='ltr'><strong>turgida</strong></span> <span class='ocrx_word' id='word_1_817' title='bbox 3428 4815 3517 4856; x_wconf 88' lang='lat' dir='ltr'><strong>ve-</strong></span> 
     </span>
    </p>
   </div>
   <div class='ocr_carea' id='block_1_112' title="bbox 1924 4891 3518 4963">
    <p class='ocr_par' dir='ltr' id='par_1_112' title="bbox 1924 4891 3518 4963">
     <span class='ocr_line' id='line_1_112' title="bbox 1924 4891 3518 4963; baseline -0.001 -13"><span class='ocrx_word' id='word_1_818' title='bbox 1924 4897 2020 4951; x_wconf 85' lang='lat' dir='ltr'><strong>luti</strong></span> <span class='ocrx_word' id='word_1_819' title='bbox 2063 4895 2309 4951; x_wconf 87' lang='lat' dir='ltr'><strong>collectio</strong></span> <span class='ocrx_word' id='word_1_820' title='bbox 2359 4913 2378 4946; x_wconf 78' lang='grc'><strong>»</strong></span> <span class='ocrx_word' id='word_1_821' title='bbox 2428 4892 2695 4963; x_wconf 86' lang='lat' dir='ltr'><strong>(Arnob.,</strong></span> <span class='ocrx_word' id='word_1_822' title='bbox 2747 4892 2836 4947; x_wconf 87' lang='lat' dir='ltr'><strong>lib.</strong></span> <span class='ocrx_word' id='word_1_823' title='bbox 2889 4908 2926 4960; x_wconf 93' lang='lat' dir='ltr'><strong>I,</strong></span> <span class='ocrx_word' id='word_1_824' title='bbox 2977 4908 3096 4962; x_wconf 67' lang='grc' dir='ltr'><strong>ραι).</strong></span> <span class='ocrx_word' id='word_1_825' title='bbox 3143 4891 3245 4958; x_wconf 75' lang='grc'><strong>51;</strong></span> <span class='ocrx_word' id='word_1_826' title='bbox 3296 4891 3518 4957; x_wconf 88' lang='lat' dir='ltr'><strong>lsidor.,</strong></span> 
     </span>
    </p>
   </div>
   <div class='ocr_carea' id='block_1_113' title="bbox 1928 4984 3516 5060">
    <p class='ocr_par' dir='ltr' id='par_1_113' title="bbox 1928 4984 3516 5060">
     <span class='ocr_line' id='line_1_113' title="bbox 1928 4984 3516 5060; baseline -0.003 -16"><span class='ocrx_word' id='word_1_827' title='bbox 1928 4989 2013 5045; x_wconf 90' lang='lat' dir='ltr'><strong>lib.</strong></span> <span class='ocrx_word' id='word_1_828' title='bbox 2044 4988 2354 5060; x_wconf 58' lang='lat' dir='ltr'><strong>tv;0rlgin.,</strong></span> <span class='ocrx_word' id='word_1_829' title='bbox 2396 5002 2514 5057; x_wconf 88' lang='lat' dir='ltr'><strong>cap.</strong></span> <span class='ocrx_word' id='word_1_830' title='bbox 2568 4984 2646 5057; x_wconf 90' lang='lat'><strong>8).</strong></span> <span class='ocrx_word' id='word_1_831' title='bbox 2680 4985 2931 5057; x_wconf 84' lang='lat' dir='ltr'><strong>Virgilius</strong></span> <span class='ocrx_word' id='word_1_832' title='bbox 2963 4999 3090 5039; x_wconf 86' lang='lat' dir='ltr'><strong>vero</strong></span> <span class='ocrx_word' id='word_1_833' title='bbox 3119 4984 3373 5040; x_wconf 80' lang='lat' dir='ltr'><strong>ardentes</strong></span> <span class='ocrx_word' id='word_1_834' title='bbox 3420 5003 3516 5055; x_wconf 89' lang='lat' dir='ltr'><strong>pu-</strong></span> 
     </span>
    </p>
   </div>
   <div class='ocr_carea' id='block_1_114' title="bbox 1928 5076 3514 5151">
    <p class='ocr_par' dir='ltr' id='par_1_114' title="bbox 1928 5076 3514 5151">
     <span class='ocr_line' id='line_1_114' title="bbox 1928 5076 3514 5151; baseline -0.001 -16"><span class='ocrx_word' id='word_1_835' title='bbox 1928 5082 2077 5151; x_wconf 88' lang='lat' dir='ltr'><strong>pulas</strong></span> <span class='ocrx_word' id='word_1_836' title='bbox 2101 5081 2255 5145; x_wconf 86' lang='lat' dir='ltr'><strong>dixit,</strong></span> <span class='ocrx_word' id='word_1_837' title='bbox 2288 5093 2421 5150; x_wconf 87' lang='lat' dir='ltr'><strong>quas</strong></span> <span class='ocrx_word' id='word_1_838' title='bbox 2443 5080 2663 5134; x_wconf 87' lang='lat' dir='ltr'><strong>Servius</strong></span> <span class='ocrx_word' id='word_1_839' title='bbox 2711 5076 3065 5135; x_wconf 84' lang='lat' dir='ltr'><strong>carbunculus</strong></span> <span class='ocrx_word' id='word_1_840' title='bbox 3099 5091 3219 5135; x_wconf 76' lang='lat' dir='ltr'><strong>eSSe</strong></span> <span class='ocrx_word' id='word_1_841' title='bbox 3257 5076 3514 5135; x_wconf 79' lang='lat' dir='ltr'><strong>afﬁrmat.</strong></span> 
     </span>
    </p>
   </div>
   <div class='ocr_carea' id='block_1_115' title="bbox 1926 5168 3514 5245">
    <p class='ocr_par' dir='ltr' id='par_1_115' title="bbox 1926 5168 3514 5245">
     <span class='ocr_line' id='line_1_115' title="bbox 1926 5168 3514 5245; baseline -0.004 -15"><span class='ocrx_word' id='word_1_842' title='bbox 1926 5173 2146 5245; x_wconf 86' lang='lat' dir='ltr'><strong>Legesis</strong></span> <span class='ocrx_word' id='word_1_843' title='bbox 2192 5172 2405 5228; x_wconf 89' lang='lat' dir='ltr'><strong>Celsum</strong></span> <span class='ocrx_word' id='word_1_844' title='bbox 2454 5180 2510 5225; x_wconf 93' lang='lat' dir='ltr'><strong>et</strong></span> <span class='ocrx_word' id='word_1_845' title='bbox 2557 5172 2691 5224; x_wconf 88' lang='lat' dir='ltr'><strong>alios</strong></span> <span class='ocrx_word' id='word_1_846' title='bbox 2739 5168 2976 5223; x_wconf 89' lang='lat' dir='ltr'><strong>medicos</strong></span> <span class='ocrx_word' id='word_1_847' title='bbox 3029 5168 3047 5243; x_wconf 88' lang='lat'><strong>(</strong></span> <span class='ocrx_word' id='word_1_848' title='bbox 3092 5168 3300 5239; x_wconf 62' lang='lat' dir='ltr'><strong>Virgil,</strong></span> <span class='ocrx_word' id='word_1_849' title='bbox 3333 5169 3420 5224; x_wconf 89' lang='lat' dir='ltr'><strong>lib.</strong></span> <span class='ocrx_word' id='word_1_850' title='bbox 3458 5186 3514 5224; x_wconf 89' lang='grc' dir='ltr'><strong>ιιι</strong></span> 
     </span>
    </p>
   </div>
   <div class='ocr_carea' id='block_1_116' title="bbox 1931 5259 3051 5335">
    <p class='ocr_par' dir='ltr' id='par_1_116' title="bbox 1931 5259 3051 5335">
     <span class='ocr_line' id='line_1_116' title="bbox 1931 5259 3051 5335; baseline -0.004 -16"><span class='ocrx_word' id='word_1_851' title='bbox 1931 5263 2139 5335; x_wconf 63' lang='lat' dir='ltr'><strong>Georg,</strong></span> <span class='ocrx_word' id='word_1_852' title='bbox 2165 5266 2219 5317; x_wconf 88' lang='lat' dir='ltr'><strong>in</strong></span> <span class='ocrx_word' id='word_1_853' title='bbox 2247 5262 2376 5333; x_wconf 82' lang='lat' dir='ltr'><strong>ﬁn.;</strong></span> <span class='ocrx_word' id='word_1_854' title='bbox 2403 5260 2560 5321; x_wconf 88' lang='lat' dir='ltr'><strong>Cels.,</strong></span> <span class='ocrx_word' id='word_1_855' title='bbox 2592 5262 2680 5314; x_wconf 89' lang='lat' dir='ltr'><strong>lib.</strong></span> <span class='ocrx_word' id='word_1_856' title='bbox 2714 5276 2792 5324; x_wconf 88' lang='grc' dir='ltr'>ιιι,</span> <span class='ocrx_word' id='word_1_857' title='bbox 2825 5260 2879 5313; x_wconf 83' lang='lat' dir='ltr'><strong>in</strong></span> <span class='ocrx_word' id='word_1_858' title='bbox 2908 5259 3051 5330; x_wconf 83' lang='lat' dir='ltr'><strong>ﬁn.).</strong></span> 
     </span>
    </p>
   </div>
   <div class='ocr_carea' id='block_1_117' title="bbox 2003 5353 3517 5428">
    <p class='ocr_par' dir='ltr' id='par_1_117' title="bbox 2003 5353 3517 5428">
     <span class='ocr_line' id='line_1_117' title="bbox 2003 5353 3517 5428; baseline -0.001 -15"><span class='ocrx_word' id='word_1_859' title='bbox 2003 5358 2288 5424; x_wconf 85' lang='lat' dir='ltr'><strong>Partiliter,</strong></span> <span class='ocrx_word' id='word_1_860' title='bbox 2318 5366 2371 5412; x_wconf 88' lang='lat' dir='ltr'><strong>et</strong></span> <span class='ocrx_word' id='word_1_861' title='bbox 2406 5355 2661 5427; x_wconf 82' lang='lat' dir='ltr'><strong>partilitas</strong></span> <span class='ocrx_word' id='word_1_862' title='bbox 2682 5353 2751 5409; x_wconf 89' lang='lat' dir='ltr'><strong>ab</strong></span> <span class='ocrx_word' id='word_1_863' title='bbox 2779 5354 3017 5411; x_wconf 80' lang='lat' dir='ltr'><strong>Arnobio</strong></span> <span class='ocrx_word' id='word_1_864' title='bbox 3042 5353 3238 5411; x_wconf 88' lang='lat' dir='ltr'><strong>dicitur</strong></span> <span class='ocrx_word' id='word_1_865' title='bbox 3266 5371 3363 5425; x_wconf 90' lang='lat' dir='ltr'><strong>pro</strong></span> <span class='ocrx_word' id='word_1_866' title='bbox 3388 5372 3517 5428; x_wconf 79' lang='lat' dir='ltr'><strong>par—</strong></span> 
     </span>
    </p>
   </div>
   <div class='ocr_carea' id='block_1_118' title="bbox 1934 5447 3515 5521">
    <p class='ocr_par' dir='ltr' id='par_1_118' title="bbox 1934 5447 3515 5521">
     <span class='ocr_line' id='line_1_118' title="bbox 1934 5447 3515 5521; baseline -0.003 -13"><span class='ocrx_word' id='word_1_867' title='bbox 1934 5455 2050 5518; x_wconf 89' lang='lat' dir='ltr'><strong>tim,</strong></span> <span class='ocrx_word' id='word_1_868' title='bbox 2073 5461 2129 5507; x_wconf 90' lang='lat' dir='ltr'><strong>et</strong></span> <span class='ocrx_word' id='word_1_869' title='bbox 2152 5461 2303 5521; x_wconf 88' lang='lat' dir='ltr'><strong>parte</strong></span> <span class='ocrx_word' id='word_1_870' title='bbox 2331 5451 2508 5521; x_wconf 86' lang='lat' dir='ltr'><strong>aliqua</strong></span> <span class='ocrx_word' id='word_1_871' title='bbox 2533 5447 2774 5519; x_wconf 65' lang='lat' dir='ltr'><strong>(Arnob,</strong></span> <span class='ocrx_word' id='word_1_872' title='bbox 2801 5449 2888 5502; x_wconf 86' lang='lat' dir='ltr'><strong>lib.</strong></span> <span class='ocrx_word' id='word_1_873' title='bbox 2922 5464 3092 5520; x_wconf 83' lang='lat' dir='ltr'><strong>t,pag.</strong></span> <span class='ocrx_word' id='word_1_874' title='bbox 3124 5449 3158 5504; x_wconf 74' lang='grc' dir='ltr'><strong>Ξ)</strong></span> <span class='ocrx_word' id='word_1_875' title='bbox 3178 5458 3228 5503; x_wconf 85' lang='lat' dir='ltr'><strong>et</strong></span> <span class='ocrx_word' id='word_1_876' title='bbox 3255 5449 3323 5514; x_wconf 90' lang='lat'><strong>8;</strong></span> <span class='ocrx_word' id='word_1_877' title='bbox 3353 5450 3444 5503; x_wconf 88' lang='lat' dir='ltr'><strong>lib.</strong></span> <span class='ocrx_word' id='word_1_878' title='bbox 3474 5465 3515 5515; x_wconf 85' lang='lat' dir='ltr'><strong>t,</strong></span> 
     </span>
    </p>
   </div>
   <div class='ocr_carea' id='block_1_119' title="bbox 1939 5542 2463 5618">
    <p class='ocr_par' dir='ltr' id='par_1_119' title="bbox 1939 5542 2463 5618">
     <span class='ocr_line' id='line_1_119' title="bbox 1939 5542 2463 5618; baseline -0.008 -17"><span class='ocrx_word' id='word_1_879' title='bbox 1939 5564 2058 5618; x_wconf 83' lang='lat' dir='ltr'><strong>pag.</strong></span> <span class='ocrx_word' id='word_1_880' title='bbox 2094 5544 2198 5601; x_wconf 76' lang='lat' dir='ltr'><strong>tua</strong></span> <span class='ocrx_word' id='word_1_881' title='bbox 2219 5553 2273 5600; x_wconf 86' lang='lat' dir='ltr'><strong>et</strong></span> <span class='ocrx_word' id='word_1_882' title='bbox 2290 5543 2417 5599; x_wconf 79' lang='lat' dir='ltr'><strong>aet.</strong></span> <span class='ocrx_word' id='word_1_883' title='bbox 2441 5542 2463 5613; x_wconf 64' lang='grc' dir='ltr'><strong>ι</strong></span> 
     </span>
    </p>
   </div>
   <div class='ocr_carea' id='block_1_120' title="bbox 2006 5632 3525 5708">
    <p class='ocr_par' dir='ltr' id='par_1_120' title="bbox 2006 5632 3525 5708">
     <span class='ocr_line' id='line_1_120' title="bbox 2006 5632 3525 5708; baseline -0.005 -14"><span class='ocrx_word' id='word_1_884' title='bbox 2006 5635 2403 5695; x_wconf 80' lang='lat' dir='ltr'><strong>Passibilitatsm</strong></span> <span class='ocrx_word' id='word_1_885' title='bbox 2424 5649 2635 5708; x_wconf 86' lang='lat' dir='ltr'><strong>quoque</strong></span> <span class='ocrx_word' id='word_1_886' title='bbox 2656 5634 2797 5693; x_wconf 72' lang='lat' dir='ltr'><strong>dixit</strong></span> <span class='ocrx_word' id='word_1_887' title='bbox 2821 5645 2867 5691; x_wconf 85' lang='lat' dir='ltr'><strong>et</strong></span> <span class='ocrx_word' id='word_1_888' title='bbox 2907 5635 3197 5707; x_wconf 82' lang='lat' dir='ltr'><strong>passivum,</strong></span> <span class='ocrx_word' id='word_1_889' title='bbox 3236 5634 3378 5706; x_wconf 85' lang='lat' dir='ltr'><strong>quod</strong></span> <span class='ocrx_word' id='word_1_890' title='bbox 3416 5632 3525 5687; x_wconf 74' lang='lat' dir='ltr'><strong>ali-</strong></span> 
     </span>
    </p>
   </div>
  </div>
