3986 6058
509 206 614 264 705

1763 206 2207 264 DISSERTATIO
2235 206 2510 263 ΡΒΑΞῊᾹ

3691 205 3800 262 701

507 326 633 397 quid
662 325 771 399 pati
813 333 1008 396 potest.
1039 325 1192 382 Unde
1223 325 1382 381 etiam
1415 327 1585 398 passio
1629 324 1782 391 illud,
1827 325 1970 396 quod
1999 325 2096 379 ali-
2124 337 2175 396 Α
2200 334 2531 380 mortuorum
2555 338 2783 397 corpora
2823 327 3090 393 lavabant,
3122 327 3282 398 atque
3305 327 3564 382 curabant
3609 326 3802 380 fasciis

506 420 634 491 quid
685 421 910 492 patitur,
956 430 1009 475 et
1038 420 1250 487 tolerat,
1299 436 1398 476 seu
1449 421 1786 476 tolerantiam
1824 420 2096 492 significat

507 514 529 588 (
560 514 750 577 Idem,
781 514 868 568 lib.
900 530 956 582 ιι,
991 532 1111 586 pag.
1139 515 1202 570 61
1234 524 1278 569 et
1305 514 1490 585 seqq).

582 609 988 675 Peniculanlem,
1003 598 1250 666 decurtdn
1263 611 1649 666 temcantltcrios
1670 609 1906 665 Liberum
1945 610 2054 680 (Id.
2069 653 2084 678 ,

507 706 597 760 lib.
630 720 686 767 v,
718 722 840 775 pag.
869 705 1020 778 165),
1055 699 1151 760 seu
1179 705 1466 769 Bacchum,
1507 705 1674 758 videre
1703 705 1899 770 vellem,
1931 705 2095 759 verba

506 799 624 855 hzec
649 809 775 854 sunt
803 799 1046 865 Arnobii,
1071 800 1164 854 sed
1193 798 1510 869 quihusdam
1543 808 1794 869 corrupta
1833 798 1954 868 jure
1982 813 2088 850 non

507 892 763 948 immeriti
831 892 1100 947 videnlur.
1164 891 1574 947 Restitnendum
1632 903 1810 945 autem
1879 891 2092 957 quidam

506 986 814 1038 ominantur
855 985 1306 1054 peuiculameuta;
1355 985 1440 1038 alii
1486 985 1723 1054 peniculo
1755 986 2097 1037 decurtantem

505 1079 900 1133 cantheriorum.
944 1078 1220 1133 Martinius
1259 1093 1424 1144 vero,
1471 1078 1560 1149 qui
1591 1077 1733 1132 favet
1776 1078 1939 1148 priori
1991 1076 2098 1130 lec-

507 1173 671 1239 tioni,
721 1173 971 1248 opinatur
1018 1172 1508 1243 peniculamentum
1561 1171 1866 1241 significare
1915 1172 2098 1225 vincu-

505 1265 615 1321 lum
661 1281 728 1322 ex
773 1268 902 1322 setis
931 1267 1366 1329 cantheriorum;
1402 1264 1603 1319 Nonius
1647 1281 1776 1319 vero
1825 1263 1967 1318 idem
2009 1277 2096 1317 so-

507 1375 634 1414 nare
677 1375 738 1415 ac
781 1361 947 1414 vestis
991 1359 1292 1422 limbriam,
1335 1360 1449 1413 sive
1493 1369 1697 1428 partem
1745 1357 1928 1422 illius,
1979 1373 2098 1427 quae

505 1459 705 1508 terram
746 1451 958 1523 attingit
991 1450 1249 1526 (Nonius,
1283 1469 1397 1522 cap.
1427 1452 1481 1518 2,
1526 1452 1594 1505 ad
1630 1451 1764 1505 verb.
1812 1467 2100 1507 remouea-

506 1547 770 1618 ιιίειιτυιι).
799 1547 904 1604 Sed
928 1548 1042 1602 huic
1072 1563 1262 1619 parum
1304 1547 1502 1602 faciunt
1532 1546 1597 1601 ad
1632 1545 1851 1601 Arnobii
1899 1562 2098 1618 propo-

504 1643 690 1706 situm,
724 1643 824 1697 nisi
857 1641 1096 1696 Bacchus
1124 1642 1237 1710 ipse
1263 1655 1546 1712 equorum,
1576 1640 1769 1711 quibus
1797 1654 1827 1694 e
1863 1639 2003 1696 coelo
2043 1639 2096 1692 in

505 1747 702 1790 terram
749 1734 1062 1801 vehebatur,
1109 1750 1292 1790 curam
1340 1734 1588 1788 habuisse
1633 1734 1862 1788 dicatur.
1920 1733 2100 1787 Potuit
2131 1771 2178 1830 Β

503 1826 718 1898 quidem
765 1828 1032 1883 Arnobius
1063 1825 1192 1881 illud
1224 1825 1453 1881 ethnicis
1486 1825 1622 1879 haud
1669 1825 1824 1895 plane
1855 1824 2089 1880 infaceto

503 1923 673 1977 ironia
696 1921 1023 1992 exprobrare
1048 1937 1062 1972 ι
1087 1919 1180 1975 sed
1211 1919 1327 1974 sine
1354 1919 1583 1987 alicujus
1608 1918 1952 1973 correctioris
1985 1933 2098 1972 ma-

504 2014 764 2086 nuscripti
807 2012 1011 2070 codicis
1047 2011 1248 2068 auxilio
1289 2011 1420 2066 nihil
1464 2023 1616 2067 certo
1653 2010 1879 2068 definire
1919 2010 2088 2066 aude-

577 2201 837 2257 Pestilitas
875 2200 1112 2256 Arnobio
1161 2200 1300 2256 idem
1347 2210 1430 2256 est
1455 2215 1520 2256 ac
1562 2201 1764 2271 pestis,
1819 2210 1981 2272 atque
2027 2201 2100 2256 ibi

510 2297 844 2362 Lucretium,
877 2304 934 2349 ut
955 2294 1082 2350 alibi
1117 2295 1332 2364 saepius,
1359 2295 1496 2348 sicut
1523 2309 1552 2348 a
1584 2294 1737 2349 nobis
1757 2295 2099 2348 observatum

504 2399 607 2455 cst,
638 2388 896 2454 imitatus,
927 2387 1029 2442 hoc
1059 2387 1278 2442 verbum
1308 2385 1551 2440 adhibuit
1599 2384 1848 2458 (Arnob.,
1883 2387 1970 2440 lib.
2005 2403 2098 2452 vn,

505 2497 628 2553 pag.
675 2480 815 2544 248;
844 2479 1181 2546 Lucret.,lib.
1215 2495 1285 2547 vr,
1315 2495 1445 2535 vers.
1493 2480 1651 2544 1096,
1707 2479 1864 2547 1125,
1913 2480 2096 2550 1150).

577 2574 896 2646 Phrygiones
919 2575 952 2628 ii
975 2583 1254 2639 vocantur,
1283 2574 1372 2641 qui
1417 2581 1594 2629 vestes
1639 2584 1729 2626 aut
1757 2574 1981 2643 pingunt
2011 2584 2103 2627 aut

506 2666 768 2722 intexunt.
825 2665 1014 2721 Testes
1054 2666 1098 2720 si
1127 2665 1291 2728 velis,
1342 2664 1588 2719 Servium
1640 2663 1731 2718 tibi
1781 2665 2094 2728 citabimus,

511 2761 764 2825 Nonium,
792 2771 846 2814 et
871 2759 1133 2815 lsidorum
1164 2759 1404 2826 (Arnob.,
1428 2759 1516 2812 lib.
1550 2775 1606 2824 ιι,
1646 2775 1767 2828 pag.
1797 2759 1898 2824 7t);
1929 2759 2098 2821 Serv.,

505 2856 560 2909 in
589 2855 678 2910 lib.
714 2870 770 2909 ιιι
799 2852 1038 2918 ΛΕηείάη
1071 2869 1202 2907 vers.
1232 2853 1372 2916 484;
1426 2851 1651 2915 Nonius,
1688 2869 1803 2922 cap.
1845 2855 1898 2917 1,
1957 2871 2097 2908 num.

509 2947 610 3011 10;
637 2945 854 3008 lsidor.,
883 2945 972 3001 lib.
1001 2961 1088 3000 XI:
1120 2944 1343 3016 0rigin.,
1369 2959 1481 3014 cap.
1528 2943 1646 3016 22).
1674 2943 1902 2998 Plinium
1929 2945 2102 3001 adhuc

509 3039 592 3094 his
612 3040 983 3112 adiungemus,
1007 3041 1159 3110 cujus
1186 3039 1300 3094 haec
1327 3049 1451 3092 sunt
1476 3039 1637 3094 verba
1674 3058 1685 3092 :
1722 3059 1738 3090 ‹
1778 3041 1953 3095 Pietas
1983 3057 2100 3096 ves-

507 3143 588 3190 tes
611 3134 721 3205 jam
766 3134 906 3206 apud
969 3134 1254 3189 Homerum
1305 3132 1506 3198 fuisse,
1561 3133 1700 3188 unde
1748 3135 2098 3204 triumphales
2126 3164 2170 3226 Ο

505 3243 667 3286 natas.
723 3233 832 3288 Aut
883 3233 1059 3288 facere
1087 3233 1138 3288 id
1197 3234 1434 3306 Phryges
1479 3233 1818 3295 invenerunt,
1871 3231 2100 3300 ideoque

504 3322 872 3395 Phrygionicae
944 3325 1226 3395 appellata:
1281 3346 1300 3378 ι
1355 3325 1582 3398 (Plin.,
1631 3325 1719 3380 lib.
1796 3339 1887 3378 vnt
1957 3321 2094 3377 Hist.

507 3427 703 3483 natur.,
729 3435 871 3489 cap.,
900 3420 993 3486 48,
1015 3439 1068 3491 ρ.
1096 3419 1246 3492 250).
1272 3421 1342 3475 At
1368 3419 1684 3491 Phrygionis
1707 3417 1920 3472 nomine
1941 3417 2097 3472 Plau-

505 3524 590 3568 tus
619 3528 760 3584 saepe
790 3529 918 3569 usus
943 3523 1026 3570 est
1055 3533 1068 3568 :

601 3649 787 3699 Pallam
812 3649 961 3711 illam,
990 3663 1136 3712 quam
1160 3649 1340 3702 dudum
1363 3653 1594 3713 dederas,
1619 3652 1678 3702 ad
1695 3650 2024 3761 Phrygignpm
2043 3660 2098 3701 ut

1915 3727 1942 3761 e
1967 3728 2094 3761 eras.

605 3773 668 3824 Ut
693 3779 1090 3835 reconcinnetur,
1115 3786 1264 3838 atque
1289 3783 1346 3826 ut
1366 3790 1517 3842 Opera
1551 3778 1803 3834 addantur,
1832 3713 2094 3839 (ἓξὲξ)ῗᾶ

569 3855 778 3919 (Pluut.,
800 3856 848 3909 in
866 3860 1123 3921 Menwch.,
1147 3867 1239 3911 act.
1265 3877 1296 3922 I,
1317 3874 1444 3912 scen.
1464 3863 1510 3922 8,
1534 3869 1578 3912 et
1598 3867 1689 3912 act.
1717 3875 1785 3921 ιιι,
1809 3872 1936 3911 scen.
1960 3859 2032 3923 2.)

507 3966 572 4023 Ει
596 3967 721 4023 alibi
757 3987 770 4022 :

599 4084 711 4136 Stas
733 4085 869 4149 fullo,
887 4085 1120 4152 Phrygio,
1139 4087 1353 4149 aurifex,
1379 4090 1603 4142 lanarius.

1097 4171 1276 4236 (Idem,
1296 4172 1346 4222 in
1365 4170 1590 4235 Aulular,
1611 4187 1723 4238 pag.
1753 4175 1882 4238 176.)

580 4272 869 4346 Pinguitias
909 4278 1204 4333 hostiarum
1258 4279 1393 4335 dixit
1436 4281 1703 4337 Arnobius
1732 4281 1860 4354 (lib.
1894 4298 1965 4337 vn
1991 4324 2005 4350 ,
2039 4301 2092 4355 ρ.

515 4363 679 4435 226),
705 4382 800 4436 pro
826 4383 1009 4424 earum
1039 4372 1375 4441 pinguedine.

582 4457 740 4513 Plaui
765 4470 892 4516 sunt
933 4461 1092 4518 iidem
1123 4478 1187 4518 ac
1211 4465 1577 4536 sycophantae,
1610 4465 1849 4530 fallaces,
1899 4467 2095 4524 seduc-

413 4591 427 4606 .
507 4562 672 4621 tores,
729 4567 784 4610 et
833 4557 1152 4627 impostores
1201 4557 1400 4626 (Idem,
1429 4562 1519 4615 tib.
1549 4577 1619 4624 ιι,
1662 4579 1714 4631 p.
1758 4562 1872 4630 66).
1933 4563 2093 4630 Antii,
2125 4563 2178 4623 D

507 4663 712 4720 quaeso,
738 4650 804 4706 Α.
829 4649 1058 4706 Gellium
1093 4671 1106 4706 :
1137 4671 1154 4704 ι
1188 4641 1409 4708 Planum
1437 4669 1533 4723 pro
1558 4653 1885 4726 sycophanta
1913 4655 1982 4710 M.
2007 4654 2098 4711 Ci-

508 4757 636 4797 cero
667 4743 718 4797 in
749 4745 994 4798 oratione
1023 4746 1280 4814 scriptum
1313 4746 1547 4817 reliquit,
1579 4763 1735 4816 quam
1781 4763 1875 4816 pro
1904 4749 2101 4806 Cluen-

508 4836 584 4890 tio
613 4835 744 4891 dixit
790 4856 809 4890 ι
862 4836 1040 4910 (Gell.,
1087 4840 1176 4894 lib.
1229 4856 1315 4894 xvr
1367 4839 1522 4894 Noct.
1572 4841 1703 4910 Att.,
1759 4857 1872 4911 cap.
1934 4843 1965 4895 7
1995 4885 2010 4908 ,
2041 4861 2092 4912 p.

509 4929 645 4997 880;
676 4928 864 4997 Cicer.,
888 4944 998 4986 orat
1043 4935 1132 5000 li,
1158 4951 1211 5003 ν.
1243 4934 1399 4995 264).
1431 4936 1496 4990 Et
1538 4951 1594 4991 re
1620 4935 1834 5006 quidem
1882 4936 1998 5006 ipsa
2045 4937 2100 4993 id

511 5023 564 5077 in
596 5038 658 5078 ea
684 5027 926 5082 oratione
957 5027 1170 5098 legitur.
1203 5026 1449 5082 Horatius
1475 5043 1688 5098 quoque
1721 5029 1918 5084 cecinit
1944 5047 1957 5084 :

602 5162 707 5226 Nec
723 5166 878 5214 semel
902 5168 1092 5226 irrisus,
1110 5169 1265 5219 triviis
1286 5170 1515 5220 attollere
1538 5179 1676 5220 curat

605 5225 776 5276 Fracto
795 5243 940 5278 crure
968 5225 1180 5292 planum.

822 5291 1040 5356 (Hor-aL,
1068 5293 1151 5344 lib.
1173 5311 1206 5354 ι,
1231 5294 1367 5359 epist.
1392 5295 1465 5355 l7,
1490 5308 1614 5348 vers.
1636 5295 1697 5346 52
1719 5302 1762 5346 et
1786 5297 1944 5360 seqq.)

509 5416 711 5473 Eodem
767 5434 980 5490 quoque
1007 5423 1170 5479 verbo
1197 5425 1492 5496 eodemque
1543 5425 1841 5496 signiﬁcatu
1890 5425 2097 5482 Plinius

509 5508 672 5565 utitur
699 5511 895 5583 (Plin..
920 5513 1008 5568 lib.
1039 5533 1187 5573 xxxv
1218 5518 1358 5574 Hist.
1386 5529 1583 5586 natur.,
1609 5537 1726 5589 cap.
1757 5519 1844 5579 10.
1871 5537 1924 5590 p.
1943 5519 2089 5590 210).

588 5604 958 5666 Pollinctorum
979 5652 992 5673 .
1025 5613 1097 5666 ait
1139 5614 1439 5681 Arnobius,
1487 5616 1825 5670 uoluminibus
1863 5616 2094 5684 expediri

502 5721 688 5763 eorum
711 5719 938 5774 corpora
963 5749 975 5772 ,
1001 5705 1092 5778 qui
1120 5708 1300 5763 divina
1331 5710 1530 5764 Christi
1556 5712 1723 5781 gratia
1753 5726 1784 5765 a
1815 5719 1989 5766 morte
2024 5710 2091 5764 ad

496 5802 652 5854 vitam
700 5803 941 5862 revocati
980 5802 1201 5866 fuerant
1234 5841 1248 5866 ,
1280 5803 1329 5858 id
1357 5812 1467 5869 est,
1495 5819 1656 5872 opera
1705 5804 1919 5861 illorum
1940 5848 1956 5873 ,
1999 5804 2089 5875 qui

2199 419 2588 490 scpulcralibus
2608 429 2660 474 et
2689 420 2884 474 institis
2907 422 3037 474 solvi
3069 431 3122 475 et
3155 423 3396 492 expediri
3425 421 3678 493 (Arnob.,
3701 421 3800 475 lib.

2199 531 2266 576 tt,
2299 533 2350 585 p.
2383 513 2474 584 26)
2536 514 2640 570 Eas
2663 525 2841 570 autem
2888 515 3080 570 fascias
3107 515 3372 570 volumina
3405 515 3642 585 appellat
3685 515 3797 569 Ar-

2201 612 2410 674 nobiUs,
2439 613 2561 682 quia
2592 612 2655 666 iis
2676 628 2873 684 corpus
2905 626 3174 668 mortuum
3207 614 3600 670 iuvolvebalur.

2271 702 2552 756 Polubrum
2585 719 2676 755 vas
2704 714 2785 758 est
2807 747 2821 772 ,
2861 714 2997 760 teste
3026 704 3206 768 Festo,
3237 705 3378 772 quod
3433 719 3531 760 nos
3573 703 3793 774 pelvim,

2201 797 2285 850 vel
2318 839 2330 860 ,
2383 807 2439 851 ut
2486 797 2561 851 ait
2609 796 2812 852 Nonius
2863 798 3182 864 Marcellus,
3240 798 3490 853 trulleum
3540 811 3798 853 voramus

2199 887 2391 960 (Idem,
2420 890 2505 943 lib.
2530 907 2596 957 ιι,
2628 909 2679 960 ρ.
2705 891 2808 946 59;
2839 889 3000 952 Fest.,
3033 891 3102 944 ad
3123 892 3254 945 verb.
3283 907 3594 957 POLUBRUM;
3624 889 3793 956 Nom,

2198 1000 2311 1053 cap.
2347 986 2432 1050 l9,
2464 1003 2598 1038 num.
2637 983 2747 1056 ll).
2793 985 2921 1050 Hos,
2952 985 2996 1038 si
3034 986 3197 1050 lubet,
3230 986 3471 1050 consule,
3505 995 3558 1041 et
3581 985 3796 1039 Turne-

2200 1079 2323 1132 hum
2346 1121 2359 1141 ,
2393 1079 2486 1133 lib.
2521 1095 2689 1135 xxvm
2725 1081 3036 1144 Adversar.,
3068 1095 3187 1148 cap.
3218 1079 3268 1134 7.

2273 1171 2498 1227 Pori-ina
2521 1189 2692 1244 genus
2721 1183 2803 1228 est
2831 1173 2995 1228 oleris
3035 1174 3296 1242 porracei,
3336 1188 3437 1229 nec
3482 1173 3586 1228 alio
3631 1187 3798 1228 sensu

2199 1269 2265 1322 ab
2296 1268 2534 1322 Arnohio
2582 1270 2749 1336 accipi
2792 1268 3002 1324 videtur
3030 1269 3380 1338 (Arnob.,lib.
3425 1283 3479 1333 ιι,
3511 1287 3563 1339 p.
3612 1269 3702 1333 85,
3752 1277 3799 1321 et

2200 1360 2286 1414 lib.
2317 1376 2406 1420 vn.
2433 1377 2484 1428 p.
2505 1358 2650 1432 225).
2677 1360 2846 1416 Abeo
2874 1372 3051 1414 autem
3076 1359 3268 1414 dicitur
3290 1376 3497 1430 porrum
3525 1360 3788 1424 seclirum,

2199 1452 2361 1520 quod,
2396 1453 2658 1521 inquiunt,
2692 1452 2888 1522 smpius
2920 1453 2970 1506 in
2999 1453 3192 1507 culina:
3216 1468 3368 1507 usum
3398 1462 3630 1509 secatur.
3664 1450 3790 1508 Ju--

2202 1545 2402 1601 venalis
2434 1560 2563 1600 vero
2590 1546 2722 1600 dixit
2755 1565 2767 1600 :

2325 1679 2530 1744 Filaque
2555 1683 2728 1733 sectivi
2752 1691 3002 1732 numerata
3024 1683 3279 1734 includere
3307 1685 3456 1747 porri.

2763 1763 3034 1828 (Juvenal.,
3056 1765 3195 1818 satir.
3219 1767 3294 1826 14,
3320 1779 3446 1817 vers.
3475 1765 3610 1828 135.)

2206 1870 2411 1927 Videsis
2455 1872 2708 1938 Plinium,
2735 1874 2826 1929 lib.
2873 1891 2986 1940 χιλ,
3017 1890 3135 1944 cap.
3166 1874 3220 1941 6,
3256 1889 3372 1946 pag.
3408 1872 3515 1928 595
3538 1885 3591 1928 et
3619 1887 3796 1944 seqq.,

2201 1978 2264 2018 ac
2289 1963 2663 2034 Columellam,
2712 1967 2802 2021 lib.
2833 1983 2852 2022 ι
2889 1967 2957 2022 de
2985 1968 3058 2023 Re
3084 1969 3300 2034 rustica,
3334 1982 3452 2037 cap.
3483 1968 3537 2033 5,
3569 1975 3624 2020 et
3669 1966 3798 2036 quid

2204 2071 2420 2126 porrum
2452 2061 2710 2114 sectivum
2752 2076 2782 2115 a
2811 2062 3045 2130 capitato
3079 2061 3311 2127 differat,
3346 2060 3632 2130 intelliges.

2283 2155 2657 2225 Postergoneus
2685 2156 2746 2209 ab
2769 2157 2876 2209 sole
2891 2172 3118 2213 occasus.
3147 2154 3195 2209 id
3215 2165 3316 2219 est,
3359 2155 3440 2222 sol
3463 2154 3644 2209 oriens
3674 2162 3797 2223 post

2203 2262 2410 2321 tergum
2460 2249 2600 2302 illius
2647 2247 2895 2310 habetur,
2925 2248 3016 2317 qui
3053 2240 3387 2302 occidentem
3429 2246 3646 2316 respicit
3675 2243 3799 2313 (Ar-

2203 2343 2346 2408 nob.,
2387 2343 2476 2396 lib.
2504 2359 2574 2405 tv,
2616 2359 2669 2412 p.
2698 2339 2844 2412 150.)

2279 2438 2594 2495 Prwsidatus
2621 2439 2688 2494 ab
2741 2438 2980 2494 Arnobio
3018 2447 3257 2505 vocatur,
3308 2435 3647 2508 praefectura,
3697 2449 3796 2491 seu

2203 2530 2436 2585 officium
2459 2531 2724 2602 pra-sidiis
2745 2574 2759 2598 ,
2792 2531 3100 2601 praepositi,
3141 2539 3196 2585 et
3216 2528 3454 2599 praefecti
3483 2525 3674 2600 (Idem,
3699 2529 3793 2582 lib.

2204 2638 2296 2687 ιιι,
2326 2642 2378 2693 ρ.
2411 2623 2534 2690 lli,
2557 2634 2601 2678 et
2625 2623 2712 2678 lib.
2738 2640 2811 2690 IV,
2837 2640 2890 2693 p.
2922 2624 3070 2694 150).

2279 2717 2456 2782 Priva,
2489 2735 2581 2770 seu
2644 2734 2730 2772 res
2783 2719 3086 2788 singularis,
3142 2731 3244 2771 una
3269 2726 3324 2771 et
3370 2717 3505 2770 sola.
3547 2715 3678 2770 Nam
3737 2725 3798 2771 ut

2206 2810 2360 2864 docet
2409 2811 2598 2865 Festus
2634 2829 2645 2863 :
2678 2832 2696 2862 ‹
2733 2811 2919 2866 l’rivos
2970 2812 3251 2881 privasque
3287 2809 3493 2879 antiqui
3547 2809 3798 2864 dicebant

2208 2918 2301 2972 pro
2341 2904 2564 2974 singulis
2591 2922 2602 2956 :
2628 2905 2698 2959 ob
2723 2921 2880 2974 quam
2909 2918 3122 2959 Causam
3173 2913 3227 2957 et
3274 2903 3477 2972 privata
3521 2901 3795 2966 dicuntur,

2204 3012 2322 3066 quae
2354 2998 2767 3068 tmiuscujusque
2797 2999 2906 3052 sint
2942 3016 2960 3047 ι
2995 2995 3226 3064 (Festus,
3273 2997 3340 3049 ad
3385 2995 3514 3050 verb.
3560 2996 3796 3064 parvus).

2206 3091 2271 3146 Et
2297 3092 2346 3146 id
2377 3093 2592 3163 quidem
2646 3093 2834 3163 probat
2875 3092 3193 3162 quibusdam
3235 3091 3422 3147 Lucilii
3455 3088 3642 3160 (Nam,
3668 3106 3795 3155 cap.

2201 3185 2256 3252 2,
2289 3205 2428 3243 num.
2447 3189 2559 3256 69),
2589 3198 2643 3242 et
2672 3189 2750 3242 his
2779 3187 3011 3243 Lucretii
3041 3187 3367 3242 carminibus
3402 3203 3416 3240 :

2296 3327 2433 3386 Quod
2458 3328 2498 3375 si
2518 3327 2644 3376 forte
2671 3330 2856 3377 animas
2879 3329 3188 3376 extrinsecus
3208 3326 3444 3375 insinuari

2293 3391 2573 3503 Feralibus,
2599 3398 2652 3440 et
2676 3394 2839 3454 privas
2864 3393 2908 3440 in
2933 3403 3133 3453 corpora
3159 3402 3300 3452 posse
3330 3391 3499 3438 venire

2321 3467 2385 3502 .rc
2428 3467 2482 3502 IS.

2321 3467 2482 3502 .rcots.
2698 3516 2934 3578 (Lucret,
2958 3513 3040 3565 lib.
3065 3531 3133 3575 In,
3157 3527 3284 3564 vers.
3309 3513 3402 3564 722
3421 3519 3467 3563 α
3483 3512 3640 3576 seqq.)

2201 3643 2305 3698 Sed
2337 3660 2440 3699 non
2473 3645 2644 3699 solum
2670 3645 2738 3700 ibi
2762 3687 2776 3708 ,
2805 3643 2898 3699 sed
2920 3643 3045 3699 alibi
3072 3643 3244 3697 adhuc
3271 3643 3397 3698 illud
3418 3658 3610 3697 nomen
3641 3655 3800 3696 usur-

2201 3741 2343 3810 pavit
2370 3737 2556 3810 (Ibid.,
2583 3756 2710 3793 vers.
2737 3740 2862 3804 590,
2894 3749 2936 3790 et
2969 3739 3055 3792 lib.
3086 3755 3153 3800 tv,
3189 3755 3316 3792 vers.
3341 3736 3441 3792 261
3469 3747 3514 3791 et
3538 3734 3687 3806 570).

2277 3833 2546 3888 Proteiarii
2568 3878 2582 3900 ,
2617 3850 2709 3889 seu
2741 3835 3013 3904 proletarii
3043 3834 3170 3888 dicti
3203 3843 3346 3895 sunt,
3377 3834 3548 3903 inquit
3578 3835 3640 3886 A.
3669 3830 3801 3885 Gel-

2200 3928 2324 3991 lius,
2348 3929 2434 3998 qui
2479 3929 2529 3982 in
2567 3928 2721 3998 plebe
2753 3928 2991 3983 Romana
3021 3928 3316 3982 tenuissimi
3365 3924 3802 3997 pauperrimique

2199 4033 2386 4088 erant,
2418 4036 2592 4092 neque
2637 4021 2865 4090 amplius
2890 4064 2903 4086 ,
2936 4037 3091 4090 quam
3126 4021 3290 4075 millia
3339 4021 3626 4090 quingenta
3671 4019 3797 4073 teris

2201 4116 2253 4172 in
2283 4133 2502 4172 censum
2532 4117 2846 4172 deferebant
2865 4117 3104 4189 (Arnob,
3139 4117 3226 4170 lib.
3252 4132 3309 4182 ιι,
3336 4133 3388 4185 p.
3417 4115 3531 4185 05).
3557 4117 3596 4168 Α
3632 4112 3801 4166 Paulo

2200 4223 2400 4278 autem,
2433 4222 2487 4267 et
2511 4211 2684 4267 Nonio
2716 4211 2967 4268 Marcello
2993 4213 3255 4282 proletarii
3278 4211 3568 4280 nuncupati
3599 4208 3799 4263 dicun-

2201 4313 2305 4372 tur,
2341 4307 2429 4374 qui
2453 4305 2778 4373 Reipublicae
2803 4305 3004 4375 prolem
3031 4316 3232 4359 tantum
3260 4303 3617 4358 sufficiebant.
3640 4300 3799 4356 Unde

2203 4401 2570 4471 Augustinus:
2609 4421 2626 4452 ‹
2661 4400 2974 4466 Proletarii,
3023 4417 3087 4455 eo
3132 4400 3271 4470 quod
3331 4399 3465 4469 proli
3512 4397 3800 4468 gignenda:

2203 4495 2496 4562 vacabant,
2525 4494 2594 4547 ob
2619 4503 2910 4563 egestatem
2963 4493 3192 4547 militare
3241 4508 3346 4546 non
3388 4490 3661 4550 valentes.
3691 4488 3800 4544 hoc

2206 4601 2398 4641 nonien
2427 4597 2764 4657 acceperant.
2806 4607 2824 4637 ι
2845 4586 3200 4654 Quamobrem
3235 4584 3555 4654 proletarius
3577 4597 3758 4637 sermo
3780 4622 3796 4646 ,

2203 4681 2340 4752 apud
2368 4671 2634 4746 Plautum,
2668 4682 2827 4736 vilem
2858 4691 2911 4734 et
2940 4679 3205 4750 plebeium
3247 4694 3555 4734 sermonem
3591 4679 3797 4747 signiti-

2203 4785 2288 4829 cat
2331 4773 2598 4846 (Paulus,
2652 4775 2719 4827 ad
2754 4773 2885 4826 verb.
2917 4787 3322 4834 PROLETARIUM;
3367 4769 3531 4836 Nam,
3579 4787 3695 4840 cap.
3729 4771 3797 4837 1,

2206 4885 2348 4920 num.
2376 4869 2500 4932 512,
2534 4879 2580 4921 et
2601 4884 2716 4937 cap.
2749 4865 2803 4929 2,
2857 4883 2998 4918 mu».
3045 4865 3111 4917 66
3169 4863 3455 4934 ;August.,
3499 4864 3586 4917 lib.
3630 4879 3684 4917 ιιι
3736 4864 3802 4916 de

2207 4960 2380 5026 Civil.,
2404 4978 2518 5031 cap.
2553 4960 2640 5027 l7,
2665 4979 2715 5030 p.
2755 4959 2851 5020 73;
2887 4957 3088 5022 Plaut.,
3113 4958 3163 5011 iu
3197 4956 3312 5012 Mil.
3347 4957 3582 5027 glarios.,
3607 4966 3706 5010 act.
3735 4957 3794 5022 5,

2205 5072 2342 5110 scen.
2373 5056 2448 5124 1).

2279 5140 2576 5218 Psyllorum
2602 5191 2616 5215 ,
2645 5157 2698 5203 et
2729 5147 3018 5203 Marsorum
3047 5149 3132 5204 ubi
3167 5147 3492 5204 mentionem
3524 5143 3800 5200 Arnobius

2205 5241 2329 5296 facit
2377 5241 2614 5311 (Arnob.,
2645 5241 2731 5296 lib.
2787 5259 2852 5304 Il,
2900 5261 2952 5312 p.
2982 5242 3098 5308 66),
3131 5241 3201 5295 ibi
3231 5247 3512 5308 corruptus
3551 5247 3633 5292 est
3675 5236 3800 5304 ejus

2206 5342 2403 5389 textus.
2423 5334 2511 5388 Sic
2531 5345 2708 5388 autem
2734 5335 2784 5388 in
2812 5333 3046 5389 editione
3076 5332 3216 5386 illius
3249 5333 3434 5385 ultima
3465 5327 3754 5384 exhibetur
3780 5346 3795 5382 :

2207 5447 2224 5478 ι
2261 5428 2514 5482 adversus
2564 5429 2699 5483 ictus
2731 5429 2952 5491 noxios,
2981 5435 3035 5482 et
3079 5435 3371 5481 venenatos
3445 5423 3792 5479 colubrarum

2202 5536 2411 5575 morsus
2441 5521 2674 5575 remedia
2724 5538 2867 5590 sa‘pe
2914 5519 3314 5590 eonquirinms,
3362 5527 3415 5572 et
3460 5515 3794 5586 protegimus

2197 5629 2295 5668 nos
2317 5614 2547 5676 laminis,
2580 5615 2766 5686 Psyllis
2796 5617 2919 5688 (ms.
2946 5616 3065 5670 COll.
3097 5632 3210 5685 reg.
3245 5612 3512 5669 lamminis
3542 5608 3787 5680 phyllis)

2196 5705 2383 5762 Marsis
2429 5708 2784 5764 vendentibus
2833 5711 3059 5780 aliisque
3103 5706 3432 5764 institoribus
3465 5703 3604 5776 (ms.
3656 5700 3783 5757 cod.

2195 5816 2306 5868 reg.
2362 5802 2790 5873 insntntoribus)
2841 5816 2892 5859 et
2953 5804 3140 5872 planis.
3180 5822 3197 5854 ι
3230 5799 3544 5855 Theodorus
3598 5806 3781 5850 autem
