3986 6058
178 150 285 207 705
374 182 379 186 ι

1358 146 1426 205 ΙΝ
1450 139 1825 217 ARNOBIUM,
1866 147 2019 205 CAP.
2060 141 2251 205 XXVI.

3357 150 3460 210 706

178 266 442 324 Canterus
466 265 608 322 hunc
631 267 807 321 locum
837 266 913 323 sic
935 267 1308 339 corrigendum
1332 268 1612 340 Opinatur:
1640 267 1770 321 Pro-
1798 269 1851 329 Α
1874 267 1941 323 de
1967 266 2069 333 his,
2101 268 2176 322 uti
2206 263 2458 333 diximus,
2492 264 2687 337 Psyllis
2732 272 2787 320 et
2809 264 3000 321 Marsis
3029 264 3223 322 fecisse
3254 278 3461 323 sermo-

177 362 387 433 tcgimus
414 377 507 415 nos
529 360 672 415 labiis
716 360 914 432 Psyllis
938 405 950 425 ,
984 362 1232 418 Marsisve
1269 364 1520 417 dentibus.
1550 364 1767 433 Optimo

174 452 391 535 quidem
440 468 598 509 sensu
644 454 687 508 si
739 452 1028 526 Psyllorum
1055 465 1109 511 et
1139 456 1430 510 Marsorum
1473 457 1761 527 legeretur.

174 546 477 602 Salmasius
499 560 678 602 autem
708 547 822 604 hac
852 549 923 604 ita
952 550 1065 604 vult
1105 549 1417 615 emendari,
1447 549 1642 622 Psyllis
1688 552 1767 606 la—

175 637 342 706 binis,
390 638 638 694 Manisve
663 640 910 695 dentibus.
938 640 1140 695 Eodem
1173 658 1305 698 sane
1349 657 1531 698 sensu.
1563 644 1766 710 Quibus

171 733 316 787 enim
342 743 622 802 serpentes
670 734 896 789 mortale
924 734 1235 790 infuderant
1280 735 1573 791 mordendo
1602 752 1764 792 vene-

172 836 300 879 num
326 866 343 892 ,
386 823 486 880 bos
516 824 680 897 Psylli
726 835 779 881 et
807 826 964 881 Marsi
993 817 1233 899 sugendo
1270 828 1549 882 sanabant.
1582 827 1767 882 Nullus

172 927 354 973 autem
402 918 557 987 plane
586 918 859 974 dubitandi
893 920 1041 975 locus
1084 920 1293 975 videtur
1328 922 1454 991 quin
1502 920 1768 975 Arnobius

172 1010 422 1081 loquatur
459 1010 527 1067 de
548 1011 695 1068 hisce
720 1013 914 1085 Psyllis
943 1012 1155 1081 Africae,
1188 1023 1242 1069 et
1266 1013 1455 1070 Marsis
1482 1013 1648 1069 Italiae
1675 1028 1770 1085 po-

170 1103 335 1175 polis,
364 1103 455 1175 qui
487 1106 661 1174 reipsa
690 1098 972 1161 venenatis
995 1107 1326 1176 serpentium
1349 1106 1617 1162 morsibus
1657 1120 1768 1160 me-

170 1197 460 1253 debantur.
489 1199 715 1268 Scriptis
737 1200 938 1270 quippe
963 1215 991 1253 a
1024 1199 1198 1275 Plinio
1223 1201 1474 1256 traditum
1505 1199 1765 1270 legimus:

175 1307 197 1342 ι
229 1290 417 1347 Crates
449 1290 813 1362 Pergamenus
842 1292 895 1347 in
930 1292 1300 1364 Hellesponto,
1333 1293 1473 1349 circa
1504 1292 1766 1360 Parrium,

166 1400 341 1456 genus
361 1384 636 1442 hominum
668 1388 832 1443 fuisse
861 1387 1042 1456 tradit,
1069 1404 1205 1460 quos
1224 1388 1567 1458 Ophiogenes
1592 1397 1767 1455 vocat,

165 1480 501 1551 serpentium
552 1482 689 1537 ictus
712 1493 962 1538 contactu
991 1482 1171 1539 levare
1218 1483 1442 1551 solitos,
1505 1492 1561 1539 et
1608 1498 1770 1538 manu

164 1575 443 1646 imposita,
477 1590 681 1632 venena
705 1577 988 1633 extrahere
1014 1579 1247 1647 corpori.
1282 1575 1453 1631 Varro
1475 1579 1769 1633 etiamnum

164 1682 290 1723 esse
321 1683 520 1739 paucos
548 1670 641 1738 ibi,
667 1686 892 1741 quorum
945 1672 1128 1726 saliva:
1156 1680 1341 1726 contra
1373 1670 1505 1726 ictus
1538 1685 1765 1740 serpen-
1797 1675 1844 1736 B

164 1769 303 1815 tmm
335 1761 672 1816 medeantur.
705 1761 906 1817 Similis
949 1762 1002 1817 in
1048 1760 1228 1818 Africa
1277 1778 1409 1833 gens
1456 1761 1760 1834 Psyllorum

162 1850 301 1919 fuit,
336 1863 392 1907 ut
438 1852 867 1924 Agatharchides
897 1855 1105 1920 scribit,
1138 1872 1166 1908 a
1198 1855 1375 1927 Psyllo
1420 1870 1547 1925 rege
1590 1855 1728 1910 dicta
1749 1898 1763 1922 ,

164 1947 322 2018 cujus
386 1948 733 2015 sepulchrum
777 1950 829 2004 in
869 1958 1022 2021 parte
1072 1948 1309 2021 Syrtium
1358 1949 1618 2021 majorum
1659 1965 1762 2010 cst.

165 2039 374 2097 Horum
397 2045 610 2114 corpori
639 2046 934 2115 ingenitum
965 2043 1063 2098 fuit
1089 2044 1233 2100 virus
1262 2047 1477 2102 exitiale
1502 2050 1768 2119 serpenti—

164 2134 293 2202 bus,
318 2147 371 2193 et
400 2139 552 2208 cujus
574 2151 741 2195 odore
765 2141 1008 2211 supirent
1031 2155 1239 2198 eos.....
1282 2140 1467 2198 Simile
1497 2153 1552 2198 et
1578 2144 1629 2198 in
1662 2143 1767 2198 Ita-

166 2231 242 2287 lia
275 2232 573 2289 Marsorum
614 2249 785 2305 genus
813 2234 1000 2301 durat,
1034 2252 1170 2306 quos
1214 2251 1242 2289 a
1284 2235 1453 2293 Circze
1483 2238 1590 2292 lilio
1620 2247 1768 2294 ortos

168 2338 410 2397 servant,
426 2339 480 2383 et
506 2328 626 2384 idco
654 2331 826 2385 inesse
846 2330 909 2384 iis
927 2330 1030 2384 vim
1060 2330 1353 2387 naturalem
1383 2346 1503 2386 eam
1532 2352 1551 2384 ι
1571 2332 1766 2404 (Plin.,

168 2421 263 2477 lib.
312 2439 382 2478 vu
438 2422 577 2478 Hist.
623 2434 794 2479 natur.
838 2441 953 2494 cap.
976 2423 1035 2489 2,
1060 2443 1113 2495 p.
1139 2426 1170 2479 7
1200 2435 1244 2480 et
1270 2426 1347 2497 8).
1379 2424 1503 2481 Alio
1530 2426 1581 2481 in
1632 2427 1770 2482 libro

168 2514 314 2571 idem
340 2517 517 2573 adhuc
541 2519 738 2582 retulit,
767 2518 947 2588 aitque
970 2517 1067 2573 hos
1091 2519 1313 2589 populos
1335 2528 1471 2572 tactu
1497 2519 1631 2587 ipso,
1658 2535 1771 2572 suc-

172 2618 292 2664 tuve
313 2610 511 2665 modico
537 2610 717 2666 levare
743 2626 772 2664 a
801 2610 1143 2679 serpentibus
1167 2611 1437 2679 perculsos
1460 2608 1643 2683 (Ibitt.,
1679 2609 1769 2663 lib.

168 2721 338 2761 xxviii
356 2747 371 2769 ,
395 2723 508 2777 cap.
536 2707 590 2773 5,
616 2724 650 2776 ρ
689 2705 840 2777 566).
864 2705 1223 2775 Quamobrem
1254 2705 1382 2761 alibi
1409 2705 1614 2760 Marsos
1654 2720 1771 2759 ser-

168 2799 415 2870 petilium
444 2799 736 2853 domitores
768 2808 917 2853 vocat
964 2796 1172 2867 (lbid.,
1215 2797 1303 2852 lib.
1347 2814 1472 2863 xxv,
1498 2814 1611 2867 cap.
1634 2796 1689 2859 2,
1716 2813 1767 2867 p.

169 2890 329 2963 3'76).
364 2892 601 2963 Denique
627 2892 734 2947 alio
752 2891 928 2946 adhuc
957 2891 1009 2946 in
1070 2892 1189 2947 loco
1213 2890 1458 2947 eamdem
1487 2903 1534 2947 et
1568 2890 1773 2945 Marso-

169 3003 295 3043 rum
325 2995 378 3041 et
406 2986 706 3058 Psyllorum
743 2992 1009 3042 memorat
1059 2986 1305 3041 virtutem
1338 2984 1464 3058 (lib.
1494 3000 1584 3040 xxi
1606 3026 1622 3053 ,
1654 3000 1771 3055 cap.

174 3081 269 3145 13,
306 3097 360 3151 p.
391 3078 541 3153 154).

248 3171 491 3227 xEliunus
520 3187 649 3228 vero
678 3181 858 3226 narrat
885 3170 1107 3227 eosdem
1138 3171 1472 3240 serpentium
1500 3184 1712 3226 morsus
1741 3185 1772 3224 a

172 3266 360 3338 Psyllo
388 3266 584 3329 curari,
616 3266 663 3320 si
683 3263 905 3320 salivam
928 3265 1099 3319 solum
1124 3263 1337 3334 inSpuat
1362 3262 1652 3334 (Elianus,
1684 3263 1771 3317 lib.

175 3376 198 3416 ι
230 3360 292 3414 de
334 3359 533 3426 Auim.,
557 3376 672 3430 cap.
704 3358 819 3432 57),
862 3366 953 3414 aut
981 3373 1104 3413 cum
1142 3373 1340 3428 carpus
1370 3372 1585 3413 veneno
1616 3358 1777 3412 nimis

174 3456 440 3513 imbutum
468 3454 659 3521 fuerit,
691 3454 734 3509 si
778 3469 969 3521 aquam
1019 3454 1262 3517 multam,
1307 3453 1363 3507 in
1412 3468 1507 3509 ore
1544 3460 1598 3507 et
1635 3452 1775 3507 intra

176 3551 371 3607 dentes
397 3551 485 3604 diu
513 3550 787 3621 agitatam,
814 3565 877 3604 ac
902 3561 1082 3618 postea
1107 3550 1157 3603 in
1188 3547 1462 3619 speculum
1491 3547 1766 3618 injectam,

177 3643 462 3699 vulneran
490 3643 768 3712 prapinet,
802 3654 1082 3713 postquam
1104 3656 1166 3696 ea
1196 3654 1389 3696 manus
1419 3638 1565 3695 illius
1593 3639 1778 3696 ablue-

178 3738 275 3795 rit.
298 3736 532 3807 Denique
554 3737 597 3791 si
624 3735 814 3791 veneni
832 3735 911 3789 vis
932 3737 1107 3790 acrius
1130 3733 1425 3789 invalescat
1440 3775 1455 3801 ,
1482 3743 1591 3787 tum
1626 3732 1777 3804 Psyl-

180 3831 271 3889 lus
312 3832 591 3903 mgrotanti
623 3830 768 3887 nudo
818 3830 992 3885 nudus
1020 3829 1298 3893 incumbit,
1330 3837 1385 3884 et
1426 3829 1640 3898 proprio
1680 3842 1777 3882 suo

180 3941 414 3996 curpore
441 3925 515 3980 illi
541 3925 808 3981 medetur.
837 3924 938 3978 Alii
960 3938 1121 3995 porro
1151 3922 1368 3977 tradunt
1398 3920 1606 3993 Psyllos
1632 3921 1776 3975 virus

180 4023 305 4094 ipso
332 4036 431 4077 suo
451 4036 546 4076 ore
562 4020 794 4088 suxisse,
818 4029 871 4075 et
892 4018 1346 4075 incantationibus
1367 4015 1651 4072 bebetasse
1672 4029 1776 4070 ser-
1816 4006 1823 4016 “

182 4127 392 4190 pentcs.
426 4114 582 4171 Unde
613 4113 728 4170 hmo
756 4114 953 4170 cecinit
976 4111 1225 4169 Lucanus
1255 4129 1269 4165 :

958 4250 1093 4302 Gens
1115 4250 1259 4301 unica
1277 4257 1439 4300 terras

228 4317 238 4353 ῖ
280 4316 457 4369 Incolit
479 4330 507 4365 a
523 4329 651 4367 saevo
673 4320 961 4379 serpentum
980 4314 1180 4363 innoxia
1203 4325 1395 4379 morsu;

223 4383 239 4444 ἱ
281 4381 583 4431 Marmaridas
609 4372 774 4444 Psylli,
803 4391 886 4444 par
911 4376 1078 4439 lingua
1106 4372 1599 4444 pot_entihus_herbis,

279 4445 395 4517 ipse
417 4457 562 4517 cruor
585 4438 745 4517 tutus,
762 4438 1048 4517 uiiiuimque
1062 4438 1505 4517 admittet-evntis,

226 4530 235 4567 ρ
280 4499 373 4558 Vel
394 4514 536 4557 cantu
559 4512 805 4564 cessante,
831 4499 993 4565 potest
1019 4514 1031 4548 :
1061 4509 1235 4567 natura
1256 4499 1471 4550 locorum

281 4570 433 4621 Jussit
451 4577 504 4620 ut
524 4569 765 4618 immunes
789 4564 931 4614 mixti
951 4564 1266 4627 serpentibus
1288 4569 1474 4611 essent.

653 4650 877 4716 (Lucau.,
905 4645 990 4699 lib.
1012 4661 1083 4708 ιχ,
1107 4658 1231 4697 vers.
1256 4644 1346 4696 891
1374 4651 1418 4696 et
1441 4648 1600 4709 seqq.)

183 4785 407 4846 Videsis
449 4780 795 4839 Plutarchum
825 4780 877 4834 in
908 4777 1014 4832 vita
1045 4754 1264 4833 Catonis
1299 4773 1553 4839 Minoris,
1583 4781 1714 4828 tom.
1736 4788 1785 4841 ι,

186 4897 315 4958 pag.
340 4879 442 4935 7:27
463 4897 478 4946 ;
500 4877 844 4935 Strabonem,
871 4871 965 4927 lib.
994 4887 1107 4927 xvn
1133 4868 1465 4941 Geograph.,
1490 4883 1610 4938 pag.
1642 4866 1747 4958 81d
1768 4909 1784 4932 ,

186 4956 542 5033 Stietonium,
579 4968 634 5023 in
670 4965 784 5021 Vita
806 4962 1083 5020 Octaviani
1109 4961 1369 5027 Caesaris,
1402 4975 1522 5031 cap.
1558 4959 1656 5025 l7;
1690 4956 1790 5013 80-

184 5066 384 5130 linum,
412 5078 532 5133 cap.
573 5061 666 5125 27,
702 5073 821 5131 pag.
839 5057 937 5123 5‘2;
968 5055 1353 5127 Hieronymum
1381 5049 1588 5123 pra-fat.
1622 5051 1672 5104 in
1699 5049 1790 5105 Jo-

192 5161 374 5218 helem
404 5155 721 5230 prophetam
746 5153 812 5208 ad
844 5151 1269 5209 Pammachium.
1307 5149 1382 5203 De
1422 5147 1612 5202 Marsis
1639 5145 1793 5201 deni-

192 5272 301 5329 que
330 5259 426 5311 hos
458 5251 646 5308 Lucilii
674 5264 861 5306 versus
884 5248 1052 5303 citant
1079 5267 1091 5302 :

288 5373 399 5422 Jam
422 5370 751 5432 disrumpatur
768 5367 976 5428 medius,
993 5366 1091 5429 jam
1116 5370 1171 5416 ut
1186 5362 1393 5432 Marsius
1415 5363 1638 5415 colubras

292 5434 563 5499 Disrumpit
581 5429 745 5495 cantu,
773 5444 925 5482 venas
944 5443 1055 5480 cum
1080 5429 1380 5479 extenderet
1397 5441 1586 5478 omnes.

1035 5509 1232 5575 (LuciL,
1258 5510 1340 5563 lib.
1363 5525 1394 5562 x
1416 5510 1579 5574 satir.)

198 5652 270 5714 Et
300 5649 417 5707 haec
455 5648 672 5721 quidem
699 5645 983 5704 manifeste
1010 5642 1141 5699 satis
1161 5640 1456 5699 ostendunt
1499 5637 1792 5696 Arnobium

1873 378 2014 418 nem.
2034 362 2222 417 Uti‘um
2246 375 2374 417 vero
2398 375 2553 415 voces
2568 360 2791 427 taurinis,
2807 359 3195 416 etvendentibus
3214 361 3463 431 genuina:

1869 458 1995 517 sint,
2015 467 2104 511 aut
2130 455 2256 527 quid
2283 470 2379 526 pro
2409 455 2487 510 eis
2509 455 2902 524 reponendum,
2931 456 3049 512 sine
3073 455 3257 527 aliquo
3275 454 3463 513 Codice
3479 491 3492 502 ο

1871 551 2082 622 integro
2110 561 2165 605 et
2209 551 2518 620 incorrupto
2545 549 2666 622 quis
2695 564 2941 605 asserere
2982 548 3217 604 audeat?
3266 550 3333 603 At
3366 562 3464 618 pro

1870 644 2240 699 institutoribus
2288 654 2432 699 recte
2461 641 2773 697 institoribus
2802 643 3129 709 restitutum,
3156 656 3221 697 ex
3244 640 3329 696 his
3350 640 3465 697 col-

1869 740 2037 811 ligere
2062 751 2145 794 est
2165 782 2179 806 ,
2212 754 2332 809 qua:
2364 753 2523 809 supra
2553 736 2619 793 ad
2650 752 2844 792 nomen
2875 737 3078 792 institor
3100 734 3354 792 diximus.

1943 833 2225 895 Pulticula,
2257 831 2306 886 id
2337 841 2441 897 est,
2468 830 2584 901 puis
2608 845 2793 900 parva,
2823 829 2909 884 vel
2932 828 3172 895 minima,
3197 827 3339 898 quod
3369 841 3467 883 no-

1870 945 1993 984 men
2025 945 2054 984 a
2081 928 2255 983 Plinio
2275 925 2646 983 etColumella
2678 924 2963 981 adhibetur
2983 923 3231 993 (Arnob.,
3265 923 3353 979 lib.
3378 939 3464 992 Vl,

1870 1019 1924 1093 p.
1952 1019 2093 1084 242;
2143 1018 2309 1084 Plin.,
2341 1020 2429 1073 lib.
2465 1035 2595 1073 xxvr
2628 1016 2819 1072 Natur.
2852 1019 2996 1083 ltist.,
3029 1034 3145 1090 cap.
3168 1017 3225 1082 8,
3254 1033 3310 1087 p.
3337 1015 3465 1086 460,

1872 1111 2175 1187 δαίνυται,
2197 1111 2287 1167 lib.
2314 1127 2429 1178 vm,
2459 1112 2522 1165 de
2554 1111 2628 1167 Re
2656 1112 2832 1166 rustic.
2862 1108 3126 1184 cap.12).

1942 1205 2181 1275 Pupulus
2207 1204 2581 1260 diminutivum
2612 1204 2842 1258 nominis
2869 1218 3061 1274 pupus,
3093 1217 3155 1258 ac
3187 1203 3466 1275 parvulum

1871 1315 2095 1371 puerum
2124 1299 2391 1369 significat
2421 1297 2677 1370 (Arnob.,
2720 1298 2808 1352 lib.
2841 1314 2935 1365 vn,
2970 1316 3024 1371 p.
3052 1293 3212 1368 2l5).
3246 1295 3469 1353 Catulus

1872 1393 1977 1451 hoc
2003 1409 2166 1450 sensu
2193 1392 2260 1448 ad
2288 1392 2548 1448 Catonem
2579 1392 2713 1446 dixit
2744 1408 2758 1445 :

2061 1507 2316 1570 Deprendi
2340 1506 2482 1558 modo
2501 1506 2729 1570 populum
2748 1505 2928 1570 puellae

2059 1570 2374 1621 Trusantem.

2751 1649 2972 1717 (CatulL,
2996 1648 3150 1719 epigr.
3175 1652 3283 1713 57.)

1869 1762 2172 1834 Aliquando
2192 1777 2321 1818 vero
2347 1777 2445 1833 pro
2472 1761 2704 1832 imagine
2729 1760 2906 1832 aliqua
2935 1760 3215 1829 accipitur,
3253 1774 3354 1831 qua
3383 1758 3471 1816 in-

1869 1858 2046 1914 fantes
2070 1869 2125 1913 et
2150 1857 2298 1927 pueri
2327 1854 2518 1911 ludere
2544 1854 2742 1920 solent,
2771 1863 2822 1908 et
2840 1869 2871 1907 a
2904 1852 3059 1908 nobis
3081 1852 3273 1924 gallice
3301 1866 3468 1908 voca-

1856 1943 1958 2007 ‘tur
1989 1944 2205 2022 poupée.
2252 1951 2430 2020 Atque
2450 1964 2517 2005 eo
2543 1963 2704 2023 sensu
2727 1946 2795 2001 ab
2820 1945 3059 2001 Arnobio
3090 1955 3397 2014 usurpatur.

1945 2044 2241 2113 Querquera
2271 2041 2435 2096 febris
2456 2049 2540 2096 est
2560 2055 2680 2096 cum
2709 2053 2903 2110 magno
2928 2037 3127 2109 frigore
3153 2047 3205 2092 et
3235 2044 3473 2092 tremore

1872 2135 2113 2209 (Arnob.,
2144 2135 2229 2189 lib.
2263 2150 2302 2201 ι,
2334 2151 2386 2205 ρ.
2415 2131 2530 2207 28).
2569 2131 2696 2187 Inde
2725 2130 2772 2186 A
2819 2129 3062 2186 Gellius:
3097 2147 3116 2181 ‹
3148 2131 3231 2184 An
3255 2138 3308 2183 tu
3357 2127 3469 2184 for-

1870 2242 1925 2288 te
1948 2273 1963 2295 ,
2004 2251 2023 2284 ›
2060 2230 2260 2301 inquit,
2300 2248 2320 2280 ι
2357 2229 2601 2284 morbum
2630 2225 2893 2297 appellari
2918 2225 3004 2280 hic
3048 2233 3204 2296 putas
3235 2232 3469 2296 aegrota-

1872 2327 2072 2381 tionem
2091 2337 2470 2396 gravem,cum
2489 2322 2625 2377 febri
2658 2320 2843 2388 rapida
2871 2327 2926 2375 et
2958 2304 3215 2390 quercera
3246 2337 3266 2371 ›
3286 2316 3472 2392 (Gell.,

1872 2420 1960 2474 lib.
1995 2436 2063 2474 xx
2103 2417 2257 2472 Noct.
2295 2416 2429 2481 Att.,
2458 2433 2573 2486 cap.
2609 2416 2747 2487 t,p.
2777 2412 2958 2486 1096).
3009 2412 3185 2485 Lege,
3230 2413 3275 2468 si
3308 2412 3470 2477 velis,

1872 2517 2049 2569 varias
2076 2515 2127 2568 in
2157 2515 2299 2567 hunc
2320 2511 2497 2567 locum
2519 2509 2916 2573 annulatioues,
2935 2523 2998 2563 ac
3019 2506 3236 2563 Festum
3260 2518 3314 2563 et
3338 2506 3475 2563 Pau-

1874 2609 1984 2665 lum
2016 2608 2083 2664 ad
2113 2607 2335 2664 verbum
2368 2606 2685 2678 Querquera.

1918 2704 1921 2707 ’
1950 2704 2261 2760 Rancescere
2290 2704 2518 2756 olearum
2538 2702 2751 2771 ﬂuenta,
2783 2698 2835 2754 id
2866 2706 2978 2766 est,
3024 2713 3251 2755 rancore
3292 2707 3346 2755 et
3375 2714 3476 2771 pu-

1876 2798 2087 2855 tredine
2119 2794 2298 2866 putida
2339 2795 2454 2850 fieri
2481 2793 2717 2867 (Arnob.,
2779 2793 2867 2847 lib.
2903 2809 2954 2859 ι,
2985 2810 3039 2861 p.
3074 2791 3187 2866 12).

1950 2890 2149 2947 Radius
2168 2933 2181 2954 ,
2206 2889 2396 2953 codex,
2420 2888 2579 2954 liber,
2609 2888 2683 2941 ait
2710 2885 2981 2942 Arnobius
3004 2884 3187 2958 (lbid.,
3222 2885 3309 2942 lib.
3334 2901 3391 2954 ll,
3417 2904 3473 2957 p.

1880 2981 1990 3053 59).
2038 2984 2225 3039 Plures
2247 2993 2425 3038 autem
2456 2990 2581 3038 sunt
2611 2980 2743 3035 radii
2787 2978 3227 3049 significationes,
3259 2978 3353 3035 sed
3379 2979 3478 3034 ali-

1804 3084 1850 3147 ρ
1880 3075 2096 3148 quando
2116 3076 2347 3131 sumitur
2375 3089 2475 3145 pro
2506 3073 2887 3139 instrumento,
2910 3086 3018 3142 quo
3041 3079 3334 3144 geometras
3355 3071 3477 3126 alii-

1876 3186 1982 3243 que
2033 3170 2206 3226 lineas
2257 3166 2589 3224 describunt.
2640 3164 2722 3220 Eo
2778 3174 2956 3220 autem
3009 3178 3173 3221 sensu
3222 3162 3478 3243 Virgilius

1921 3263 2020 3316 ixil
2046 3280 2060 3316 :

1880 3263 2020 3320 dixit
2046 3280 2060 3316 :

1966 3356 2239 3421 Descripsit
2261 3353 2398 3406 radio
2421 3359 2576 3405 totum
2599 3351 2685 3416 qui
2709 3350 2949 3414 gentibus
2970 3348 3180 3400 orbem:

2512 3434 2736 3502 [Virgil.,
2761 3432 2914 3500 eclog.
2939 3450 3009 3498 tu,
3032 3446 3161 3486 vers.
3181 3433 3291 3498 41.)
3329 3470 3333 3475 .

1876 3528 1945 3584 Et
1972 3540 2163 3583 rursus
2203 3524 2333 3581 alibi
2367 3539 2379 3578 :

2661 3591 2881 3656 Caeliun
2912 3595 3108 3656 meatus

1969 3660 2260 3712 nescribeut
2282 3657 2440 3718 radio,
2467 3664 2519 3709 et
2534 3653 2973 3719 surgentia'sidera
2996 3653 3180 3704 dicent.

2705 3736 2787 3802 (Et
2811 3733 2895 3787 lib.
2921 3751 2986 3795 Vl,
3007 3747 3133 3786 vers.
3153 3732 3292 3798 sit.)

1877 3850 2260 3906 Verumtamen
2304 3846 2427 3917 quia
2472 3841 2744 3899 Arnobius
2784 3840 2994 3897 radium
3041 3839 3214 3895 codici
3244 3847 3301 3893 et
3341 3838 3480 3895 libro

1877 3939 2181 4010 conjunxit,
2213 3954 2278 3993 eo
2307 3935 2526 3992 nomine
2552 3934 2771 4004 stylum,
2805 3947 2911 4000 quo
2937 3931 3176 3986 scribere
3202 3943 3322 3985 mos
3341 3929 3481 3985 auti-

1877 4036 1998 4106 quis
2018 4042 2155 4101 erat,
2186 4030 2255 4086 ab
2279 4029 2370 4085 illo
2394 4024 2664 4099 designari
2694 4023 2834 4079 haud
2855 4022 3037 4079 forsan
3062 4019 3334 4076 immerito
3359 4021 3480 4094 quis

1879 4127 2240 4198 suspicabitur
2259 4127 2283 4179 ?

1953 4222 2190 4287 Rediuia,
2215 4234 2308 4276 seu
2336 4216 2579 4282 reduvia,
2602 4222 2660 4271 et
2678 4212 2983 4279 reduvium,
3013 4220 3147 4268 teste
3170 4210 3354 4278 Festo,
3385 4226 3478 4283 ap-

1880 4317 2127 4387 pellatur,
2156 4330 2278 4369 cum
2310 4313 2451 4368 circa
2482 4324 2689 4381 ungues
2714 4308 2854 4365 cutis
2895 4322 2956 4364 se
2982 4306 3204 4362 resolvit
3240 4304 3480 4379 (Arnob.,

1881 4411 1970 4466 lib.
2004 4426 2059 4479 ι.
2085 4429 2139 4482 p.
2172 4406 2284 4480 51).
2332 4408 2409 4464 Eo
2463 4405 2631 4462 verbo
2656 4403 2854 4475 saepius
2886 4402 3116 4458 Plinium
3138 4400 3336 4473 (Plin.,
3390 4401 3480 4456 lib.

1807 4482 1860 4542 Ῑ)
1889 4522 1963 4561 vn
2008 4504 2197 4559 Natur.
2247 4504 2365 4559 hist.
2394 4545 2410 4570 ,
2436 4520 2573 4574 .cap.
2606 4501 2692 4566 19,
2728 4517 2780 4569 p.
2814 4497 2928 4568 58),
2961 4509 3013 4554 et
3044 4499 3240 4554 alicubi
3262 4498 3481 4552 Cit-ero-

1891 4614 2015 4655 nem
2039 4613 2190 4651 usum
2214 4611 2334 4652 esse
2359 4596 2587 4667 legimus
2611 4592 2825 4666 (Cicer.,
2855 4601 2984 4645 orat.
3011 4607 3104 4662 pro
3127 4591 3272 4646 Sext.
3298 4588 3481 4656 Rosa,

1891 4711 1946 4765 p.
1980 4692 2071 4756 54,
2102 4692 2196 4746 lin.
2225 4687 2306 4761 2).
2336 4688 2555 4757 Legesis
2596 4684 2929 4748 Turnebum,
2958 4684 2997 4738 l.
3044 4698 3156 4739 xvu
3186 4682 3477 4739 Adversar.

1893 4801 1955 4842 ca
2000 4827 2010 4839 .
2048 4785 2103 4840 8.

1961 4800 2313 4949 lllepetentiam
2341 4873 2567 4945 priorum
2588 4880 2743 4929 vocat
2781 4877 2967 4927 auctor
2994 4876 3176 4925 noster
3200 4866 3484 4939 repetendi

1894 4969 2203 5025 resumendi
2250 4974 2428 5022 actum
2458 4964 2706 5037 (Arnob.,
2740 4963 2830 5019 lib.
2860 4979 2931 5031 ιι,
2966 4981 3019 5028 p.
3045 4960 3159 5031 62).
3193 4960 3261 5017 Et
3285 4960 3336 5018 id
3361 4961 3484 5034 qui-

1893 5062 2013 5118 dem
2044 5061 2286 5116 hausisse
2312 5058 2521 5114 videtur
2558 5072 2630 5114 ex
2663 5057 2766 5111 hoc
2801 5052 3004 5109 Luretii
3030 5068 3193 5109 versu
3224 5070 3240 5110 :

1985 5177 2268 5241 Interrupta
2291 5174 2451 5227 semel
2473 5174 2672 5241 cum_sit
2689 5172 2974 5241 repetentia
2997 5172 3170 5241 nostri.

2555 5233 2791 5300 (Lucret.,
2811 5233 2892 5285 lib.
2918 5249 2989 5295 ut,
3012 5246 3137 5286 vers.
3162 5234 3298 5297 868.)

1897 5349 2108 5405 Scimus
2131 5349 2345 5420 quidem
2376 5347 2428 5402 in
2447 5346 2558 5417 jam
2585 5344 2745 5401 editis
2771 5342 2873 5413 legi
2903 5343 3131 5414 repentia
3154 5343 3313 5400 nostri
3340 5359 3360 5398 :
3386 5343 3488 5402 sed

1897 5460 1963 5501 eo
1982 5488 1998 5512 ,
2026 5458 2132 5515 quo
2161 5443 2419 5509 diximus,
2453 5439 2614 5497 modo
2642 5438 2901 5509 scriptum
2932 5437 2999 5492 ab
3024 5437 3281 5494 Lucretio
3318 5436 3490 5495 fuisse

1897 5537 2025 5594 inde
2053 5535 2248 5607 conjici
2288 5533 2432 5591 haud
2467 5548 2691 5605 prorsus
2716 5530 2948 5588 absurde
2972 5541 3172 5604 potest,
3197 5530 3342 5603 quod
3385 5533 3491 5586 Ar-

1898 5634 2089 5692 nobius
2114 5631 2304 5691 eodem
2333 5632 2457 5689 loco
2481 5630 2617 5687 dixit
2649 5648 2664 5686 :
2698 5629 2808 5688 Usu
2837 5640 2909 5691 est
2931 5632 3036 5690 illis
3059 5630 3164 5687 vita
3197 5645 3301 5687 non
3344 5643 3493 5684 man-
