3986 6058
441 248 541 309 707

1715 238 2166 302 DISSERTATIO
2192 242 2471 303 PRAEVIA

3608 242 3715 300 708

439 369 571 439 cipio
600 367 807 421 tradita.
854 364 985 436 Quis
1011 364 1154 418 enim
1187 360 1340 417 facile
1386 360 1487 415 sibi
1510 373 1614 415 nou
1646 359 2021 430 persuadebit,
2054 364 2107 424 Α
2131 373 2251 428 vat,
2293 363 2459 418 salem
2488 359 2785 428 faciebant,
2818 360 2974 433 idque
3003 368 3187 418 vetere
3211 360 3559 432 inscriptione
3584 377 3719 418 cou-

442 463 493 517 id
517 464 584 517 ab
611 462 726 533 ipso
755 459 997 516 Arnobio
1037 468 1309 529 sumptum
1336 471 1403 511 ex
1432 455 1534 510 hoc
1595 453 1699 509 alio
1740 452 1856 524 ejus
1904 466 2027 508 car-

442 554 624 611 mine?

532 665 746 733 Vitaque
769 637 1008 730 mancipio
1030 663 1151 733 nulli
1174 664 1334 733 datur,
1358 662 1584 733 omnibus
1606 675 1716 733 usu.

1030 728 1263 791 (Lucret,
1283 721 1391 776 ead.
1418 723 1523 786 lib.,
1552 737 1677 775 vers.
1705 721 1843 787 984.)

512 835 750 891 Runcina
796 836 863 891 ab
893 845 1112 891 auctore
1162 843 1347 889 nostro
1368 832 1669 903 appellatur
1701 831 2029 885 instrumen-

442 942 551 987 tum
580 931 731 999 illud,
763 947 869 1003 quo
894 931 1029 986 labri
1056 931 1196 1001 ligna
1226 943 1420 999 aspera
1454 928 1723 999 laevigant,
1754 932 1809 979 et
1839 921 2031 994 gallice

441 1025 593 1080 rabot
616 1034 971 1093 nuncupatur.
1016 1022 1217 1077 Plinius
1266 1021 1368 1076 boc
1397 1019 1586 1074 eodem
1637 1016 1936 1088 significatu
1963 1011 2033 1068 de

441 1117 615 1171 abiete
641 1115 775 1170 dixit
803 1132 816 1168 :
859 1134 877 1166 ι
913 1114 1228 1185 Pampinato
1249 1126 1463 1183 semper
1485 1110 1616 1165 orbe
1637 1124 1696 1164 se
1718 1107 1938 1162 volvens
1964 1103 2035 1159 ad

443 1209 693 1263 incitatos
716 1208 1061 1262 runcinarutn
1100 1217 1285 1276 raptus
1311 1225 1329 1257 ι
1354 1203 1593 1277 (Arnob,
1620 1201 1706 1257 lib.
1732 1218 1803 1269 vt,
1827 1197 2030 1272 p.200;

372 1282 376 1286 Δ
446 1300 612 1367 Plin.,
647 1302 736 1354 lib.
769 1316 855 1355 xvt
888 1299 1023 1353 Hist.
1057 1309 1254 1363 natur.,
1284 1315 1402 1369 cap.
1426 1295 1518 1365 42,
1551 1314 1605 1367 p.
1634 1294 1788 1365 504).

515 1395 773 1451 Saburato
795 1394 1042 1465 sanguine
1070 1409 1227 1463 genus
1255 1392 1465 1454 ducant,
1508 1391 1561 1444 in
1586 1387 1905 1460 quibusdam
1936 1388 2037 1440 Ar-

444 1490 587 1546 nobii
623 1490 944 1546 editionibus
971 1488 1165 1559 legitur
1211 1486 1451 1558 (Arnob.,
1483 1483 1571 1537 lib.
1593 1498 1659 1548 v,
1688 1499 1741 1553 p.
1775 1480 1947 1551 164):
1982 1478 2036 1533 in

445 1584 806 1652 manuscripto
836 1583 981 1652 regio
1010 1579 1216 1643 codice,
1248 1594 1309 1632 ea;
1347 1576 1597 1648 sanguine
1630 1572 1911 1638 suburatio,
1942 1570 2036 1627 sed

447 1675 650 1731 librarii
699 1675 1051 1746 proculdubio
1092 1688 1295 1730 errore.
1348 1671 1707 1741 Quamobrem
1750 1668 1803 1723 in
1850 1667 2035 1722 ultima
2082 1690 2083 1693 η

2130 455 2325 510 lirmat.
2361 454 2431 511 At
2456 455 2491 510 ii
2518 454 2679 511 etiam
2702 454 2805 510 hoc
2827 470 3020 509 nomen
3054 455 3227 509 sortiti
3257 454 3504 521 fuerant,
3534 454 3626 524 qui
3649 469 3722 511 ex

2130 563 2340 603 annona
2383 548 2577 603 salaria
2605 564 2829 614 novum,
2873 557 2933 604 ut
2967 547 3201 619 loquitur
3238 547 3423 603 Livius
3445 590 3460 613 ,
3490 548 3721 620 vectigal

2131 641 2441 697 statuissent
2471 639 2492 715 (
2518 639 2651 708 Liv.,
2683 642 2771 696 lib.
2803 657 2979 708 xxvu,
3006 658 3119 712 cap.
3150 640 3218 695 37
3244 638 3305 712 )..
3334 640 3515 696 Priori-
3539 650 3718 697 autem

2131 748 2291 788 sensu
2319 734 2514 803 potius,
2539 750 2696 803 quam
2724 734 3007 805 posteriori
3036 735 3164 790 illud
3195 735 3263 791 ab
3292 736 3535 791 Aruobio
3567 734 3717 792 vide-

2133 837 2219 883 tur
2249 830 2491 898 usurpari
2510 869 2524 889 .
2557 830 2800 897 quamvis
2827 840 3054 901 utroque
3082 832 3243 887 modo
3272 830 3340 886 ad
3366 830 3483 901 ejus
3522 845 3721 903 propo-

2133 909 2303 975 situm'
2322 921 2499 977 facere
2521 922 2780 977 videatur.

2206 1014 2534 1083 Scientiolas,
2555 1017 2591 1068 A
2601 1016 2819 1071 rnobius
2830 1017 3060 1087 appellat
3076 1018 3323 1074 minimas
3336 1017 3531 1074 artium
3545 1017 3723 1075 scien-

2133 1106 2235 1161 tias
2260 1118 2314 1162 et
2338 1108 2670 1178 cognitiones
2697 1109 2937 1182 (Arnob.,
2972 1111 3061 1165 lib.
3085 1127 3146 1179 tt,
3179 1128 3232 1182 p.
3266 1111 3379 1184 56).
3402 1111 3536 1167 Nam
3563 1112 3724 1169 sicuti

2134 1200 2276 1256 baud
2316 1202 2483 1258 semel
2530 1203 3048 1273 animadvertimus,
3077 1205 3258 1262 verbis
3297 1206 3722 1262 diminutivisli-

2135 1295 2351 1351 beatius
2373 1296 2559 1351 utitur.

2206 1388 2435 1446 Scitulos
2472 1400 2614 1445 vocat
2662 1388 2850 1462 Lydia,
2880 1392 3051 1460 inquit
3072 1392 3342 1448 Arnobius
3371 1390 3529 1466 (Ibib.
3548 1434 3567 1461 ,
3595 1394 3634 1448 ι.
3667 1410 3726 1462 v,

2138 1502 2191 1555 p.
2220 1483 2367 1557 159),
2392 1500 2488 1540 eos
2520 1484 2794 1548 nimirum,
2819 1487 2906 1555 qui
2929 1485 3146 1542 aluntur
3175 1487 3311 1544 lacte
3346 1486 3619 1558 hirquina.
3659 1486 3732 1542 Et

2139 1589 2321 1648 postea
2374 1579 2474 1635 bos
2521 1579 2637 1650 ipse
2689 1590 2959 1650 nuncupat
3006 1581 3214 1636 scitulos
3257 1582 3490 1651 pusiones
3537 1578 3726 1653 (Ibid.,

2139 1691 2191 1744 p.
2230 1673 2379 1744 179).
2408 1672 2523 1728 Non
2551 1674 2779 1730 deerunt
2809 1674 3035 1731 fortasse
3074 1674 3161 1739 qui
3193 1674 3554 1743 apinabuntur
3590 1673 3728 1729 scri-

446 1771 682 1824 editione
713 1768 943 1839 positum
974 1785 1037 1823 ex
1073 1767 1320 1839 sanguine
1344 1766 1674 1835 saporatiore.
1700 1762 1831 1830 Quis
1859 1769 2037 1815 autem

2154 1777 2291 1835 ptum
2321 1765 2391 1820 ab
2419 1766 2659 1821 Arnobio
2699 1767 2862 1823 fuisse
2890 1767 3079 1835 scitali,
3102 1782 3278 1838 grasoe
3324 1768 3555 1825 σκίταλοι
3578 1808 3595 1830 ,
3624 1780 3733 1834 quo

449 1881 557 1919 non
580 1865 721 1918 videt
748 1863 801 1918 id
830 1879 894 1917 ex
913 1863 1024 1917 sola
1049 1862 1357 1932 eunjectura
1385 1858 1745 1924 emendatum,
1772 1856 1912 1927 quod
1942 1855 2041 1910 ali-
2070 1926 2080 1935 ο

448 1974 551 2028 qua
586 1958 896 2028 probatione
922 1956 1143 2011 stabiliri
1171 1954 1398 2010 debuit?
1434 1953 1624 2025 Agitur
1653 1960 1832 2007 autem
1873 1951 1940 2006 ibi
1972 1950 2041 2004 de

453 2052 756 2120 proﬂuente
772 2066 836 2105 cx
859 2050 1145 2119 amputatis
1160 2048 1407 2104 Acdestis
1424 2045 1740 2117 genitalibus
1758 2043 2037 2114 sanguine,

448 2160 515 2199 ex
559 2159 667 2214 quo
721 2143 920 2199 malum
961 2144 1211 2212 punicuut
1258 2151 1432 2196 ortum
1482 2139 1878 2195 fabulabantur.
1904 2130 2049 2191 Dicit

451 2238 627 2307 itaque
652 2235 921 2289 Arnobius
944 2249 1100 2304 poma
1141 2233 1282 2287 illius
1323 2232 1531 2287 arboris
1556 2245 1676 2286 esse
1707 2228 1860 2284 uvida
1885 2237 1940 2283 et
1968 2227 2042 2280 vi-

449 2345 610 2393 nosa;
642 2330 764 2397 quia
795 2343 860 2382 ex
889 2327 1135 2395 sanguine
1163 2326 1256 2380 illo
1282 2326 1619 2396 saporatiore,
1655 2323 1737 2377 vel
1768 2330 2038 2392 soporato,

450 2419 502 2475 id
532 2429 635 2483 est,
670 2418 885 2491 sapido,
918 2420 1002 2472 vel
1031 2433 1226 2488 sapore
1254 2417 1496 2473 delibuto
1519 2431 1678 2487 genus
1698 2416 1907 2468 ducant.
1932 2411 2043 2466 No-

449 2513 529 2567 bis
550 2511 765 2583 quidem
812 2526 917 2566 non
949 2511 1077 2566 latet
1098 2511 1341 2567 Plautum
1383 2525 1536 2566 usutu
1567 2523 1689 2564 esse
1716 2507 1934 2563 nomine
1958 2521 2046 2562 sa-

450 2606 729 2674 burratus,
766 2606 855 2662 ubi
885 2604 1116 2661 cecinit:
1170 2650 1175 2655 .

1021 2717 1143 2777 Quae
1165 2717 1249 2766 ubi
1276 2717 1549 2767 saburrattc
1572 2728 1759 2765 sumus.

991 2773 1200 2843 (Plaut.,
1223 2778 1427 2839 Cistell.,
1451 2784 1547 2829 act.
1570 2794 1604 2841 ι,
1626 2790 1756 2829 scen.
1782 2773 1856 2838 2*.)

457 2891 512 2947 id
540 2902 645 2958 est,
672 2899 730 2945 ut
758 2896 913 2944 notat
933 2888 1198 2959 interpres
1220 2886 1340 2942 cibo
1359 2896 1413 2942 et
1435 2895 1559 2956 potu
1591 2892 1819 2939 onustm.
1853 2880 2045 2937 Trala-

463 2987 537 3040 tio
568 2994 651 3040 est
671 2999 701 3038 a
729 2981 956 3037 navibus
985 2980 1269 3047 onerariis,
1300 2996 1418 3051 qua:
1444 2994 1564 3033 cum
1586 2976 1733 3032 omni
1759 2990 1923 3031 onere
1942 2974 2050 3028 sint

450 3094 632 3135 vacua:
656 3121 671 3147 ,
701 3077 922 3134 saburra
951 3086 1244 3131 onerantur
1264 3116 1279 3139 ,
1325 3081 1381 3128 ut
1408 3073 1518 3128 sint
1544 3071 1803 3126 adversus
1832 3077 2043 3136 tempe-

2142 1862 2360 1917 nomine
2374 1861 2781 1931 appellabantur
2804 1862 2939 1918 viles
2959 1871 3015 1917 et
3039 1862 3268 1933 improbi
3291 1862 3557 1930 homines,
3580 1860 3731 1934 quia,

2144 1964 2203 2008 ut
2229 1956 2480 2011 observat
2523 1954 2750 2012 Suidas:
2784 1955 2964 2011 Sciton
3005 1956 3136 2027 fullo
3162 1955 3259 2026 fuit
3291 1956 3441 2010 homo
3467 1955 3611 2020 vilis,
3646 1953 3738 2025 qui

2144 2058 2352 2119 propter
2371 2048 2744 2119 improbitatem
2760 2066 2792 2103 a
2812 2046 3033 2104 Cornicis
3064 2048 3387 2120 carpebatur.
3430 2046 3737 2118 Aristopha-

2145 2159 2231 2198 nes
2260 2145 2311 2197 in
2341 2143 2591 2211 equitibus
2618 2159 2637 2197 :

2298 2260 2372 2321 ,ίγι
2393 2266 2441 2319 δὴ
2464 2271 2633 2309 αἰτὼὶ
2654 2284 2711 2315 τι,
2734 2271 2796 2309 ul.
2816 2274 2979 2322 ῳιναιις,
3000 2265 3045 2319 ἦν
3067 2267 3103 2310 δ’
3129 2273 3218 2321 His,

2302 2334 2510 2385 Βιρισχιοοὶ
2531 2347 2572 2372 τι
2593 2334 2653 2371 ul
2671 2334 2840 2380 ιόδιλοι,
2868 2335 2928 2372 ui.
2950 2335 3104 2383 μάθε-τις
3124 2364 3135 2381 ,

2299 2387 2423 2447 Appii
2446 2411 2487 2435 τι
2510 2399 2547 2435 ιν
2568 2403 2593 2447 ᾔ
2615 2400 2701 2443 ταῖς
2716 2398 2777 2443 ὢν,
2802 2393 3014 2447 {tabifiqu
3038 2400 3127 2449 ἐγὼ,
3150 2388 3161 2431 i

2302 2465 2376 2499 Νῦν
2394 2474 2458 2510 μοι
2475 2461 2621 2512 θράσος,
2644 2461 2706 2498 καὶ
2726 2461 2894 2511 γλῶτταν
2918 2458 3066 2512 show
3086 2458 3173 2502 δότι
3190 2491 3203 2508 ,

2268 2516 2273 2527 ’
2300 2525 2423 2571 Osuiu
2446 2525 2480 2563 τ’
2499 2520 2643 2570 ἀναιδῆ.

2221 2591 2240 2664 (
2265 2590 2548 2663 Ariswpli.,
2578 2594 2780 2664 Equit.,
2807 2611 2859 2662 p.
2886 2594 3014 2661 823,
3040 2600 3160 2650 idin.
3192 2612 3250 2663 ιι,
3280 2595 3455 2652 Poetae
3479 2596 3674 2671 Graec.)

2240 2684 2387 2753 Agite
2408 2687 2575 2753 igitur,
2595 2686 2862 2753 Scitalique
2882 2692 2935 2753 et
2953 2686 3230 2753 Pugnaces,
3256 2690 3452 2753 inquam
3474 2702 3590 2753 ego,

2236 2747 2650 2811 Bereschetique,
2674 2758 2725 2800 et
2747 2749 2935 2806 Cobuli,
2962 2756 3013 2798 et
3037 2750 3313 2811 Mothones,

2241 2809 2737 2877 Eorumque,iiu_quo
2757 2825 2881 2874 puer
2905 2813 3146 2877 existens,
3173 2809 3427 2865 institutus
3449 2813 3539 2877 fui,

2239 2871 2380 2940 l‘luuc
2404 2871 2522 2922 mihi
2546 2871 2807 2940 audaciam,
2838 2880 2891 2923 et
2915 2871 3140 2938 linguam
3157 2877 3366 2927 uberem
3389 2878 3520 2940 date,

2238 2934 2525 2999 Vocemque
2549 2936 2903 3000 impudentem.

2147 3047 2310 3118 Atqui
2340 3045 2641 3117 lii-quidem
2683 3061 2873 3103 versus
2904 3049 2957 3103 in
3017 3049 3179 3105 citata
3237 3048 3611 3121 Aristophanis
3640 3061 3744 3103 co-

452 3140 729 3229 statem'ct.
752 3168 946 3223 fluctus
978 3167 1145 3237 magis
1168 3165 1334 3221 firmae
1356 3180 1418 3221 ac
1442 3164 1684 3220 stabiles.
1719 3162 1857 3229 Quid
1887 3175 2037 3230 ergo,

2154 3142 2343 3198 maedia
2394 3142 2666 3212 leguntur.
2707 3140 3088 3197 Verumtamen
3128 3144 3252 3214 quia
3297 3144 3563 3199 Arnobius
3607 3142 3749 3201 dixit

453 3264 654 3334 inquiet
689 3261 913 3333 aliquis,
955 3261 1001 3316 si
1042 3262 1094 3315 in
1133 3260 1354 3314 Arnobii
1384 3268 1531 3313 textu
1581 3258 1840 3327 scriptum
1882 3253 2047 3308 fuerit

454 3371 610 3426 poma
642 3371 704 3409 ea:
722 3354 969 3425 sanguine
996 3354 1257 3419 saburata,
1284 3350 1336 3406 id
1360 3361 1463 3413 est,
1494 3350 1696 3420 repleta
1723 3358 1778 3403 et
1799 3356 2043 3412 onerata,

453 3464 621 3519 genus
660 3462 815 3503 suum
844 3445 1077 3501 ducant?
1116 3444 1222 3500 Sed
1255 3444 1372 3498 haec
1409 3441 1674 3498 correctio
1708 3455 1815 3494 non
1862 3438 2047 3493 multis

456 3542 684 3596 fortasse
716 3541 784 3593 ita
824 3538 986 3593 etiam
1022 3536 1285 3607 explicata
1320 3531 1651 3605 probabitur.
1692 3530 1834 3585 Nihil
1869 3531 2050 3599 itaque

454 3634 656 3702 absque
680 3630 897 3685 alterius
923 3628 1131 3684 codicis
1159 3626 1267 3683 fide
1286 3669 1301 3695 ,
1334 3626 1420 3682 vel
1446 3624 1667 3681 certiori
1707 3624 2045 3690 auctoritate,

458 3733 719 3780 mutatum
751 3724 1019 3777 volumus.

531 3817 738 3873 Saccati
777 3818 908 3870 inter
946 3814 1304 3870 obceni'ssimas
1342 3812 1534 3879 serias,
1577 3811 1634 3866 in
1678 3820 1833 3866 utero
1868 3806 2058 3865 matris

460 3914 697 3981 positum
724 3909 981 3965 infantem
1010 3950 1025 3975 ,
1073 3908 1205 3962 dixit
1232 3906 1508 3963 Arnobius
1557 3908 1577 3977 (
1615 3905 1806 3960 Arnob.
1831 3946 1846 3972 ,
1877 3904 1966 3959 lib.
1995 3919 2055 3970 tt,

463 4026 515 4079 p.
547 4008 616 4063 U9
642 4006 683 4079 ).
714 4007 784 4060 At
817 4024 836 4056 ι
872 4014 1144 4059 saccatum
1178 4022 1223 4067 ι,
1257 4002 1333 4056 uti
1362 4000 1740 4057 animadVertit
1776 3998 2015 4054 Isidorus
2037 4040 2054 4067 ,

462 4121 480 4154 ι
508 4103 681 4172 liquor
710 4107 795 4156 est
819 4113 974 4169 aqua:
1009 4095 1111 4152 feci
1136 4096 1246 4151 vini
1291 4094 1564 4150 admixtus
1584 4135 1599 4161 ,
1645 4107 1803 4148 sacco
1829 4106 2058 4161 expres-

455 4212 548 4252 sus
579 4215 597 4249 ι
629 4196 649 4267 (
678 4193 900 4258 1sidor.,
929 4192 1020 4246 lib.
1065 4206 1120 4257 v,
1160 4190 1387 4261 Origin.,
1420 4204 1537 4259 cap.
1571 4189 1604 4243 5
1626 4187 1667 4258 ).
1696 4185 1898 4242 Verum
1944 4185 2060 4239 haec

466 4304 568 4342 vox
614 4286 681 4339 ab
722 4284 972 4339 Lucretio
1011 4282 1274 4353 accipitur
1312 4295 1411 4351 pro
1448 4281 1584 4336 lotio
1619 4293 1716 4334 seu
1757 4279 1926 4333 urinat
1982 4275 2061 4331 De

460 4382 647 4455 pueris
679 4379 823 4435 enim
853 4376 1250 4432 somniantibus
1278 4376 1461 4431 canit:

1061 4489 1279 4542 Credunt
1301 4487 1528 4539 attollere
1546 4494 1757 4546 vestem,

550 4558 724 4609 Totius
745 4555 1005 4605 humorem
1032 4563 1275 4603 saccatum
1296 4558 1353 4601 ut.
1374 4552 1593 4612 corporis
1620 4552 1840 4599 tundunt.

959 4617 1195 4680 (Lucret.,
1220 4612 1302 4666 lib.
1329 4629 1395 4675 tv,
1418 4611 1546 4665 vers.
1574 4613 1691 4664 1021
1718 4619 1763 4663 et
1780 4611 1937 4676 seqq.)

534 4731 702 4789 Set-ite
739 4742 870 4784 vero
916 4721 1224 4794 significant
1273 4734 1399 4775 vasa
1438 4717 1722 4790 quaedam,
1768 4718 1824 4774 in
1868 4715 2075 4787 quibus

462 4840 598 4897 aqua
625 4820 1027 4878 asservabatur.
1060 4814 1191 4871 lude
1217 4813 1503 4869 Terentius
1538 4832 1551 4868 :

586 4935 750 4986 Relivi
773 4932 904 4999 dolia
929 4930 1117 4999 omnia,
1136 4929 1505 4999 omnesset-ias.

806 4996 1051 5061 (Terent.,
1072 4991 1420 5052 Heautontim,
1439 4997 1531 5042 act.
1558 5005 1630 5050 ιιι,
1651 5002 1784 5042 scen.
1806 4991 1893 5053 1.),

465 5105 734 5163 Arnobius
773 5118 975 5174 parm,
1019 5111 1075 5154 ut
1119 5097 1377 5153 humilem
1420 5106 1477 5151 et
1512 5097 1777 5166 abiectam
1820 5094 2079 5150 hominis-

465 5198 827 5257 conditionem
853 5192 1162 5251 evidentius
1186 5189 1618 5254 demonstraret,
1651 5186 1868 5258 scripsit
1896 5201 2019 5240 eum
2042 5228 2058 5253 ,

466 5309 586 5349 cum
618 5293 670 5345 in
716 5290 902 5344 matris
933 5297 1089 5343 utero
1129 5284 1393 5338 formatus
1437 5292 1522 5337 est
1546 5324 1562 5350 ,
1604 5283 1738 5335 inter
1778 5279 1988 5352 pituitas
2014 5288 2063 5332 et

468 5387 773 5458 sanguinem
799 5384 1013 5454 degere,
1044 5382 1176 5434 inter
1201 5376 1556 5432 stercoris-hos
1585 5385 1745 5442 utres,
1789 5383 1837 5429 et
1873 5374 2068 5429 soccati

471 5479 662 5549 supple
691 5475 953 5539 humoris,
973 5470 1375 5528 obscamiuimas
1393 5470 1573 5525 serias.
1595 5468 1676 5525 Ita
1701 5483 1832 5539 sane
1856 5466 2066 5523 auctori

424 5566 433 5573 ’
472 5581 664 5626 nostro
693 5564 1019 5638 praegnantis
1044 5561 1283 5620 fmmina:
1300 5572 1513 5619 uterum
1540 5562 1817 5634 appellare
1840 5559 2064 5632 placuit.

542 5662 877 5719 Salinatores
926 5654 1451 5726 cOgnominabantur
1493 5653 1513 5726 (
1554 5654 1748 5712 Arnob.
1778 5696 1794 5722 ,
1856 5654 1946 5709 lib.
1986 5668 2021 5707 ιι
2048 5691 2077 5721 ,,

464 5772 517 5825 ρ.
553 5752 633 5808 70.
639 5754 682 5824 ),
714 5750 832 5827 qui,
867 5750 961 5820 uti,
988 5762 1109 5820 post
1139 5745 1385 5816 Papiam,
1411 5748 1841 5807 Elmenhorstius
1880 5748 2068 5806 obser-

2087 4528 2157 4593 Di

2145 3236 2354 3291 scitulos
2397 3236 2638 3307 pusioncs
2697 3244 2846 3307 atque
2889 3235 3090 3291 adultos
3150 3239 3513 3295 venustissimis
3567 3239 3742 3310 lineis,

2147 3328 2429 3386 retinenda
2472 3327 2826 3400 proculdubio
2869 3329 3081 3384 videtur
3108 3330 3224 3386 haec
3256 3346 3357 3386 vox
3400 3331 3629 3390 scitulos.
3663 3332 3742 3390 De

2148 3422 2467 3495 quibusdam
2495 3424 2640 3479 enim
2668 3422 2982 3478 mulieribus
3006 3423 3224 3480 Plautus
3254 3424 3483 3481 canebat
3513 3444 3528 3480 :

2849 3538 2957 3598 Qua
2980 3546 3094 3589 sunt
3109 3538 3269 3590 facie?
3291 3536 3498 3592 Scitula.

2650 3619 2860 3687 (Plaut,
2887 3620 3127 3683 ﬁndens,
3150 3626 3244 3671 act.
3265 3636 3316 3684 ιι,
3337 3634 3469 3675 scen.
3487 3624 3562 3687 7.)

2153 3731 2224 3788 Et
2250 3732 2352 3787 hoc
2380 3730 2544 3786 etiam
2572 3730 2747 3786 altero
2778 3747 2793 3784 :

2247 3824 2410 3887 Atque
2435 3824 2602 3874 ambas
2622 3821 2777 3874 forma
2792 3823 2982 3888 scitula,
3006 3831 3155 3888 atque
3179 3827 3396 3877 tetatula.

3041 3887 3171 3951 (Act.
3190 3904 3257 3950 tv,
3272 3902 3403 3942 scen.
3426 3887 3498 3952 1.)

2156 3991 2209 4049 id
2240 4001 2358 4061 est,
2406 3992 2576 4051 forma
2608 3993 2940 4066 subeleganti
2983 4004 3038 4051 et
3079 4006 3322 4053 venusta.
3356 3997 3436 4055 Eo
3461 4000 3624 4055 etiam
3650 4014 3755 4055 no-

2157 4087 2303 4142 mine
2352 4087 2607 4158 Apuleius
2652 4103 2797 4159 saepe
2846 4089 3013 4145 utitur
3068 4088 3272 4161 (Apul.,
3325 4091 3415 4147 lib.
3446 4108 3487 4148 tt
3530 4091 3751 4152 letam.

2164 4198 2287 4253 pag.
2311 4183 2398 4251 19,
2429 4184 2498 4237 26
2519 4192 2565 4237 et
2584 4183 2755 4254 alibi).

2232 4279 2485 4335 Scurrula
2508 4279 2755 4348 urbanus,
2788 4296 2987 4337 nomen
3006 4292 3091 4338 est
3113 4283 3492 4340 diminutivum
3522 4299 3753 4353 scurrae,

2159 4375 2245 4429 cui
2277 4374 2493 4432 Plautus
2521 4373 2844 4454 adjectivum
2886 4376 3132 4445 urbanus,
3159 4377 3609 4448 quemadmodum
3641 4381 3753 4435 Ar-

2162 4469 2355 4525 nobius
2378 4470 2627 4524 scurrula
2644 4470 2924 4542 conjunxit
2955 4470 3197 4544 (ἂι-κοιλ,
3232 4475 3270 4529 l.
3301 4488 3396 4544 vn,
3426 4492 3480 4547 p.
3503 4473 3657 4546 206).
3685 4474 3760 4533 Hi

2164 4572 2340 4619 autem
2369 4572 2494 4617 sunt
2520 4563 2687 4621 Plauti
2714 4580 2904 4622 versus
2929 4582 2943 4619 :

2255 4656 2331 4725 In
2355 4658 2571 4725 urbanus
2593 4672 2715 4725 vero
2731 4671 2918 4721 scurra,
2952 4658 3146 4710 delicia:
3167 4660 3350 4725 papuli,

2255 4718 2359 4771 Rus
2379 4721 2498 4771 mibi
2525 4732 2574 4772 tu
2599 4720 2832 4783 obiectas.

2479 4803 2686 4868 (Plaut.,
2711 4803 2939 4866 Mostell.,
2956 4812 3051 4857 act.
3080 4821 3115 4868 ι,
3140 4817 3272 4860 scen.
3292 4807 3341 4869 ι,
3358 4818 3475 4873 pag.
3493 4805 3630 4870 521.)

2166 4891 2229 4946 Et
2257 4892 2387 4946 alibi
2415 4911 2429 4947 :

2258 4982 2415 5046 Quam
2438 4986 2612 5036 urbani
2636 4986 2814 5037 assidui
2833 4990 2983 5051 cives,
3011 5002 3136 5052 quos
3148 5001 3343 5040 scurras
3358 4997 3552 5045 vocant.

2448 5070 2633 5133 (Idem,
2659 5069 2900 5132 Triunm.,
2927 5077 3023 5122 aet.
3046 5087 3081 5133 ι,
3105 5084 3236 5124 scen.
3254 5074 3306 5135 2,
3331 5088 3445 5140 pag.
3468 5074 3634 5138 1022.)

2162 5175 2418 5233 Scurram
2464 5187 2640 5233 autem
2670 5180 2934 5235 urbanum
2985 5190 3140 5251 poeta
3172 5182 3374 5253 aliique
3421 5193 3637 5240 veteres
3663 5196 3771 5255 ap-

2165 5272 2436 5342 pellabant
2463 5270 2693 5328 facetum
2721 5273 3055 5345 politumque
3076 5274 3373 5346 hominem,
3407 5278 3499 5349 qui
3537 5278 3771 5336 minimo

2165 5364 2236 5421 sit
2262 5367 2519 5422 rusticus.
2554 5367 2731 5438 Atque
2777 5367 2879 5423 hoc
2925 5385 3091 5426 sensu
3121 5371 3190 5428 ab
3219 5371 3460 5429 Arnobio
3490 5372 3769 5430 scurrula:

2166 5474 2360 5514 nomen
2394 5459 2642 5514 similiter
2669 5462 2949 5531 accipitur.
2983 5464 3172 5521 Postea
3212 5475 3389 5522 tamen
3416 5467 3519 5522 alia
3546 5482 3681 5523 sane
3705 5475 3771 5525 et

2167 5554 2435 5609 contraria
2481 5553 2873 5625 signiﬁcatione
2899 5569 3212 5631 usurpatum
3240 5571 3341 5617 est.
3378 5560 3491 5618 Sed
3515 5577 3577 5617 ea
3605 5561 3674 5617 de
3700 5577 3771 5618 re

2169 5648 2367 5705 videsis
2393 5647 2724 5714 Turnebum,
2762 5650 2856 5708 lib.
2884 5666 2976 5707 χιιι
3002 5654 3321 5725 Adversan,
3351 5669 3472 5723 cap.
3502 5654 3593 5724 15;
3616 5653 3771 5712 Vos-

2170 5743 2329 5811 slum,
2358 5742 2412 5800 in
2435 5742 2737 5817 Etymolog.
2763 5786 2777 5814 ,
2810 5756 2863 5801 et
2890 5746 3046 5802 alios.
