3986 6058
508 168 607 224 711

1789 170 2233 234 DISSERTATIO
2269 176 2549 235 PRASVIA
2617 227 2622 230 _

3695 183 3801 239 712

503 283 835 340 Sumiaatam
864 297 994 341 vero
1011 296 1230 340 carnem
1253 283 1519 339 Arnobius
1540 298 1658 340 eam
1689 288 1939 358 appellat,
1967 307 2083 359 quae
2109 296 2162 355 Α
2263 294 2471 349 Trilices
2512 302 2696 357 vestes,
2741 306 2770 346 a
2804 292 2974 350 tribus
3013 292 3186 361 liciis,
3214 295 3290 352 ait
3315 296 3582 367 lsidorus,
3627 299 3797 357 dictae

506 387 574 428 ex
608 374 711 430 illis
741 375 942 431 ventris
971 375 1110 430 suilli
1143 376 1382 444 partibus
1406 375 1687 448 desumpta
1717 389 1819 444 est,
1851 383 2006 436 sicuti
2033 399 2099 438 cx

505 468 880 538 superioribus
906 468 1024 538 ejus
1054 469 1234 525 verbis
1262 469 1484 541 intelligi
1515 472 1670 527 facile
1697 483 1895 544 potest.

578 562 820 633 Suppara
849 560 1036 629 Varro,
1060 563 1218 633 paulo
1233 572 1360 620 ante
1375 564 1590 631 citatus,
1613 564 1770 621 docet
1786 582 1906 622 esse
1928 569 2092 638 quod-

502 655 626 711 dam
655 672 824 726 genus
869 657 1052 719 vestis,
1098 673 1200 727 qua
1245 659 1684 728 superinduimur
1710 660 1884 731 (Anu,
1916 662 2003 716 lib.
2036 681 2093 729 ιι,

505 767 560 821 p.
610 749 718 816 56;
759 749 940 819 Varr.,
967 751 1007 805 l.
1039 767 1090 806 tv
1119 752 1182 806 de
1207 750 1357 824 Ling.
1395 752 1512 821 lat.,
1544 770 1661 824 pag.
1694 752 1807 826 28).
1838 754 2099 821 Quocirca

503 842 752 898 Lucanus
778 843 974 899 cecinit
1001 861 1014 898 :

599 959 818 1023 Suppara
840 957 1046 1009 nudatos
1066 959 1271 1024 cingunt
1294 971 1500 1024 angusta
1522 961 1748 1012 lacertos.

1159 1043 1383 1112 (Lucam,
1411 1042 1497 1097 lib.
1521 1060 1572 1103 ιι,
1600 1058 1723 1096 vers.
1742 1045 1880 1110 555.)

505 1123 620 1182 Non
650 1127 1055 1194 desunttamen,
1082 1127 1171 1199 qui
1194 1143 1486 1198 supparqu
1515 1129 1653 1184 idem
1672 1145 1734 1185 ac
1755 1129 2095 1197 subuculam,

415 1243 425 1250 ο
506 1223 576 1278 de
605 1239 707 1292 qua
733 1223 890 1293 paulo
913 1239 1072 1294 supra
1095 1223 1350 1290 diximus,
1375 1240 1496 1280 esse
1518 1225 1827 1296 opinentur.
1850 1223 1953 1279 Sed
1976 1240 2097 1279 cum

506 1329 696 1372 anetor
734 1326 921 1373 noster
950 1333 1013 1374 ea
1045 1318 1174 1372 satis
1199 1327 1386 1388 aperte
1415 1317 1742 1383 distinxerit,
1776 1318 1930 1372 nobis
1958 1317 2099 1372 baud

505 1423 730 1479 prorsus
758 1409 975 1465 dubium
999 1421 1079 1465 est
1106 1425 1418 1481 supparum,
1441 1411 1552 1478 illa,
1582 1427 1738 1482 quam
1770 1411 2094 1478 notavimus,

506 1503 918 1576 significatione,
950 1506 1016 1560 ab
1039 1505 1156 1576 ipso
1182 1505 1448 1561 adhiberi.

581 1598 965 1668 Symplegmala
1022 1599 1308 1653 mimorum
1377 1611 1528 1654 vocat
1578 1599 1860 1656 Arnobius
1911 1617 2098 1657 eorum

505 1691 842 1760 complexus,
875 1691 1301 1761 complexiones,
1338 1701 1394 1746 et
1438 1693 1878 1762 complicationes
1920 1693 2097 1766 (Arn.,
2128 1707 2178 1768 Β

509 1783 599 1837 lib.
633 1799 723 1848 vn,
752 1801 872 1855 pag.
902 1783 1055 1855 239).
1089 1783 1348 1838 Martialis
1375 1794 1554 1840 autem
1586 1787 1813 1841 canebat
1845 1804 1858 1840 :

604 1897 875 1961 Prmstent,
893 1903 944 1947 et
983 1905 1193 1956 taceant,
1219 1898 1333 1961 quid
1361 1898 1571 1949 exsoleti

506 1981 524 2023 ι
602 1960 709 2019 Quo
729 1959 1082 2024 symplegmate
1105 1959 1322 2023 quinque
1350 1962 1657 2024 c0puleutur.

1119 2041 1376 2110 (Martial.,
1404 2045 1483 2097 lib.
1513 2061 1598 2109 xu,
1623 2048 1780 2113 epigr.
1808 2048 1914 2112 45.)

579 2153 873 2209 Textricula
905 2155 1076 2225 puella
1111 2155 1324 2208 nomine
1352 2154 1527 2208 adhuc
1555 2153 1876 2210 diminutive
1901 2153 1968 2209 ab
1998 2157 2099 2210 Ar-

508 2247 672 2304 nobio
725 2257 910 2302 nostro
963 2257 1301 2319 nuncupatur
1328 2247 1503 2317 (Arn.,
1547 2246 1634 2300 lib.
1685 2263 1737 2311 v,
1770 2263 1897 2318 pag.
1948 2247 2096 2314 166),

509 2341 660 2410 quasi
691 2341 910 2395 minima
953 2341 1170 2407 textrix,
1212 2355 1332 2411 qua:
1370 2339 1579 2394 scilicet
1627 2338 1825 2409 aliquid
1862 2339 2098 2394 nondum

510 2433 666 2488 docta
695 2449 854 2488 manu
884 2433 1118 2488 texebat.

585 2525 787 2597 Tipula.
819 2527 871 2580 in
918 2525 1280 2595 manuscripto
1319 2523 1506 2580 codice
1554 2523 1789 2594 hippula,
1823 2523 1916 2579 sed
1960 2524 2101 2580 male

512 2618 730 2692 (ldem.,
758 2620 846 2674 lib.
879 2635 938 2684 ιι,
968 2637 1021 2689 p.
1051 2615 1165 2690 8i).
1197 2616 1388 2687 Tipula
1417 2628 1595 2672 autem
1628 2625 1711 2672 est
1740 2615 1950 2685 species
1979 2631 2099 2671 ver-

508 2715 634 2780 mis,
668 2730 763 2770 seu
789 2713 1050 2779 araneoli,
1080 2727 1172 2767 sex
1208 2711 1411 2767 habens
1444 2711 1628 2781 pedes,
1659 2720 1819 2765 tautae
1847 2710 2099 2776 levitatis,

511 2820 751 2880 utsupcr
787 2822 954 2880 aquas
995 2806 1270 2877 gradiatur
1302 2827 1314 2861 :
1356 2805 1496 2859 unde
1527 2804 1614 2860 hic
1643 2803 1815 2858 Plauti
1863 2819 2051 2858 versus
2083 2820 2097 2855 :

601 2924 780 2988 Neque
802 2921 969 2986 tipulae
986 2921 1146 2972 levius
1164 2919 1351 2984 pondus
1370 2925 1465 2979 est,
1489 2931 1632 2983 quam
1656 2917 1780 2968 iides
1803 2917 2034 2968 lenoniae.

1039 3004 1249 3070 (Plaiu.,
1269 3007 1436 3065 Pers.,
1454 3009 1552 3053 act.
1577 3016 1631 3064 ιι,
1653 3014 1784 3053 scen.
1811 3001 1882 3064 2).

507 3123 548 3176 ἲ
581 3121 779 3177 Trabea
821 3125 938 3174 erat
966 3115 1165 3181 vestis,
1206 3112 1360 3183 cujus
1388 3110 1584 3180 triplex
1627 3125 1818 3180 genus.
1862 3108 2098 3164 Primum
2127 3094 2172 3157 C

507 3231 743 3290 purpura
800 3213 998 3269 factum
1050 3210 1156 3266 diis
1200 3205 1616 3264 consecrabatur
1665 3204 1840 3277 (Anu,
1892 3203 1983 3258 lib.
2040 3218 2100 3271 ιι,

509 3329 631 3384 pag.
664 3307 778 3381 56).
831 3305 988 3362 Aliud
1019 3319 1228 3374 regum,
1258 3311 1314 3357 et
1343 3299 1474 3355 illud
1502 3313 1715 3370 quoque
1746 3311 2099 3367 purpureum,

508 3404 603 3462 sed
634 3402 738 3457 albi
762 3399 962 3470 aliquid
985 3395 1185 3453 coloris
1212 3395 1435 3450 mixtum
1464 3392 1715 3447 habebat.
1744 3390 1983 3445 Tertium
2009 3405 2103 3444 au-

507 3495 716 3569 gurale,
768 3507 997 3564 purpura
1041 3489 1264 3543 mixtum
1307 3497 1361 3542 et
1409 3499 1593 3540 cocco.
1643 3483 1920 3553 Frequens
1960 3483 2103 3537 illius

507 3590 648 3660 apud
677 3589 849 3643 bonos
878 3593 1126 3639 auctores
1163 3581 1384 3638 mentio.
1417 3578 1628 3633 Videsis
1657 3576 1971 3633 Suetonium
2004 3575 2099 3629 lib.

507 3683 578 3739 de
606 3695 802 3754 genere
823 3678 1072 3742 vestium,
1103 3674 1292 3730 Isidor.
1332 3673 1424 3728 lib.
1461 3671 1551 3727 i9.
1581 3670 1786 3741 Origin.
1831 3669 2006 3740 capite
2030 3668 2101 3724 21-

509 3785 566 3833 et
589 3776 815 3830 aliorum
843 3772 912 3828 de
941 3786 1002 3827 re
1026 3768 1276 3825 vestiaria
1304 3767 1492 3822 libros.
1993 3809 1995 3811 .

579 3869 892 3942 Trapetum,
935 3881 1028 3921 seu
1079 3874 1293 3933 trapes,
1335 3860 1477 3916 mola
1517 3867 1602 3915 est
1646 3857 1847 3914 olearia
1893 3855 2095 3928 (lbid.,

508 3985 563 4038 p.
595 3965 708 4035 59).
740 3962 992 4033 Virgilius
1015 3959 1214 4031 quippe
1243 3956 1377 4011 dixit
1407 3974 1421 4010 :

602 4079 756 4129 Venit
775 4077 964 4140 hyems,
981 4069 1580 4144 teritur-Sicyonialbacca
1601 4068 1823 4144 trapetis.

995 4134 1221 4202 (VirgiL,
1243 4129 1326 4185 lib.
1352 4149 1385 4183 ιι
1411 4133 1607 4198 Georg.,
1632 4129 1754 4182 vers.
1776 4129 1910 4190 519).

505 4257 676 4324 Quem
704 4251 758 4306 in
790 4261 1003 4304 versum
1029 4245 1248 4301 Servius
1273 4260 1287 4296 :
1323 4240 1579 4309 Trapetis,
1608 4238 1804 4308 inquit,
1831 4235 1980 4290 molis
2001 4234 2097 4288 oli-

504 4351 742 4415 varibus,
774 4358 820 4401 et
849 4345 1134 4400 declinatur
1163 4349 1415 4411 trapetum
1453 4340 1582 4393 sicut
1611 4336 1872 4406 tentplum.
1905 4334 2095 4389 Teren-

505 4442 677 4498 tianus
703 4457 722 4495 :
755 4439 894 4505 Quos
933 4450 1082 4506 super
1110 4433 1335 4487 insidens
1363 4441 1584 4500 trapetas
1616 4429 1763 4498 signa
1789 4428 1927 4498 gyris
1965 4438 2096 4480 tem-

507 4546 672 4610 perat.
721 4532 871 4600 Quod
922 4543 1134 4583 metrum
1186 4536 1362 4595 aptum
1428 4532 1499 4578 est
1557 4522 1743 4577 olivam
1800 4519 2093 4574 terentibus.

503 4631 716 4688 Videsis
737 4628 996 4685 Catonem
1021 4623 1110 4678 lib.
1141 4621 1207 4676 de
1239 4619 1315 4675 Re
1339 4616 1560 4683 rustica,
1590 4631 1712 4686 cap.
1739 4613 1811 4669 20
1836 4623 1890 4668 et
1915 4613 2007 4679 22,
2036 4627 2100 4669 ac

501 4722 862 4784 Columellam
887 4719 980 4776 lib.
1011 4715 1156 4782 tt,de
1186 4713 1265 4770 Rc
1288 4713 1512 4781 rustica,
1545 4727 1664 4783 cap.
1695 4711 1786 4775 50,
1807 4718 1862 4765 et
1890 4707 1984 4793 lib.
2016 4709 2095 4776 ιιι,

503 4819 811 4978 εειᾶῖιυὲῗιιια,
835 4923 931 4966 seu
955 4905 1204 4963 tribulttm
1226 4903 1354 4975 quid
1379 4902 1448 4958 sit
1469 4900 1709 4974 (Arnob.,
1737 4898 1912 4970 ibid.),
1935 4896 2094 4955 docet

503 5006 647 5064 idem
678 5004 902 5062 Servius
933 5003 985 5057 in
1019 5001 1120 5056 hoc
1147 4997 1348 5067 Virgilii
1379 5011 1595 5052 carmen
1625 5012 1638 5048 :

595 5119 914 5182 Tribulaque,
936 5118 1321 5182 traheaequehet
1339 5112 1506 5182 iniquo
1523 5109 1930 5182 pondererast‘ri.

967 5170 1197 5244 (Virgil.,
1224 5173 1306 5224 lib.
1333 5189 1349 5222 ι
1376 5170 1569 5239 Georg.,
1595 5184 1717 5222 rers.
1740 5170 1872 5234 164.)

573 5266 794 5324 Tribula
832 5267 974 5322 enim
997 5307 1013 5334 ,
1048 5259 1216 5334 inquit
1245 5260 1356 5325 ille,
1391 5267 1473 5313 est
1506 5275 1524 5308 ι
1570 5271 1738 5327 genus
1765 5255 1997 5311 vehiculi
2027 5272 2094 5326 cx

501 5363 651 5421 omni
685 5369 835 5432 parte
864 5359 1141 5415 dentatum
1160 5397 1177 5423 ,
1205 5353 1348 5410 unde
1379 5361 1622 5409 teruntur
1652 5350 1916 5406 frumenta
1939 5392 1954 5415 ,
1985 5365 2092 5422 quo

498 5455 737 5513 maxime
766 5452 820 5507 in
850 5450 1028 5506 Africa
1061 5448 1368 5504 utebantur.
1405 5464 1423 5497 ι
1457 5443 1595 5509 Adi,
1623 5443 1671 5498 si
1700 5441 1850 5507 velis,
1887 5441 2086 5497 Varro-

494 5564 621 5605 nem
642 5590 656 5612 ,
689 5545 784 5600 lib.
817 5559 874 5599 tv
916 5542 982 5598 de
1013 5541 1164 5612 Ling.
1201 5540 1320 5606 lat.,
1361 5553 1482 5610 pag.
1529 5535 1584 5602 6,
1613 5545 1668 5591 et
1697 5535 1789 5592 lib.
1840 5551 1858 5590 ι
1892 5535 1960 5592 de
2009 5535 2090 5592 Re

492 5650 658 5704 rust.,
700 5654 822 5709 cap.
856 5634 955 5701 52;
1012 5632 1401 5701 Columellam,
1443 5631 1537 5687 lib.
1573 5647 1592 5685 ι
1645 5629 1712 5687 de
1754 5629 1833 5685 Re
1875 5643 2089 5702 quoque

479 5733 700 5802 rustica,
733 5745 866 5801 cap.
895 5729 944 5799 6,
980 5737 1033 5787 et
1059 5727 1151 5789 lib.
1185 5742 1252 5796 ιι,
1283 5741 1401 5800 cap.
1431 5725 1520 5780 21.

2205 386 2442 456 (Arnob.,
2479 386 2565 441 tib.
2601 401 2673 452 ιν,
2703 402 2823 457 pag.
2859 386 3008 458 144).
3039 386 3193 458 Apud
3228 388 3508 461 Virgilium
3540 392 3681 448 enim
3713 393 3796 451 le-

2203 495 2376 549 gimus
2402 497 2415 533 :

2299 592 2517 643 Loricam
2542 601 2816 643 conseer
2840 594 3012 656 hamis,
3040 609 3262 660 auroque
3289 596 3519 648 trilicem.

2661 675 2680 739 (
2691 674 2890 741 Virgil.,
2910 675 2992 728 lib.
3019 694 3069 730 ιιι
3093 679 3307 743 Λῐηθὶάη
3330 693 3454 734 vers.
3475 682 3610 745 467.)

2201 786 2272 842 Et
2297 787 2403 842 alio
2429 789 2480 842 in
2508 787 2644 846 libro
2672 807 2685 843 :

2294 898 2520 950 Laevibus
2536 899 2649 950 huic
2672 900 2831 952 hamis
2853 909 3127 953 consertam
3163 916 3384 967 auroque
3409 903 3638 956 trilicem.

3101 983 3224 1050 (Lib.
3252 1003 3300 1049 ν,
3325 1000 3450 1041 vers.
3473 988 3611 1052 259.)

2202 1089 2260 1145 ln
2293 1089 2527 1160 priorem
2554 1100 2734 1148 autem
2759 1106 2974 1149 versum
3005 1092 3245 1160 Servius,
3274 1092 3536 1165 Trilicem,
3558 1095 3634 1152 ait
3653 1097 3791 1151 trino

2203 1202 2336 1242 nexu
2362 1187 2628 1242 intextam.

2276 1278 2506 1332 Trullam
2549 1288 2604 1333 et
2643 1278 2863 1334 trulleos
2911 1289 3175 1335 memorat
3216 1280 3485 1336 Arnobius
3523 1281 3756 1353 (Arnob.
3781 1325 3798 1350 ,

2204 1372 2291 1427 lib.
2326 1388 2398 1439 ιι,
2430 1390 2548 1444 pag.
2575 1372 2644 1428 56
2673 1383 2720 1426 et
2748 1371 2867 1444 59).
2897 1373 3078 1428 Trulla
3110 1386 3318 1442 autem,
3348 1375 3800 1444 quemadmodum

2201 1480 2232 1519 a
2263 1464 2500 1520 Varrone
2530 1465 2807 1533 discimus,
2837 1465 2980 1521 idem
3008 1481 3071 1521 ac
3099 1469 3287 1538 ingens
3315 1468 3591 1534 corlilear,
3621 1479 3677 1526 et
3703 1486 3799 1527 vas

2202 1557 2462 1612 vinarium
2504 1568 2659 1614 sonat
2695 1557 2905 1630 (Varr.,
2956 1559 3044 1613 lib.
3077 1575 3128 1614 iV
3155 1560 3218 1614 de
3244 1560 3402 1632 Ling.
3441 1561 3557 1628 lat.,
3591 1579 3644 1632 p.
3677 1563 3794 1634 29).

2204 1653 2296 1709 Sic
2335 1661 2512 1709 autem
2543 1652 2670 1708 ille:
2710 1671 2729 1706 ι
2760 1653 2975 1720 Trulla,
3011 1673 3031 1707 ι
3080 1653 3286 1725 inquit,
3326 1674 3346 1707 ι
3391 1670 3420 1708 a
3447 1655 3801 1714 similitudine

2207 1755 2372 1814 truaz,
2415 1761 2534 1818 quae
2577 1745 2720 1816 quod
2761 1761 2988 1817 magna,
3017 1747 3215 1802 etlunc
3259 1748 3481 1816 pusilla,
3516 1759 3571 1803 ut
3600 1749 3798 1804 truula.

2205 1839 2344 1894 Hinc
2372 1840 2530 1909 graeci
2559 1840 2816 1916 τρυϐλίον,
2847 1854 2945 1895 nos
2974 1840 3206 1894 trullam.
3238 1839 3397 1896 Trita:
3423 1856 3542 1912 qua:
3567 1857 3595 1895 a
3622 1842 3801 1897 culina

2205 1937 2257 1990 in
2287 1936 2602 1990 lavatrinam
2625 1951 2820 2005 aquam
2847 1933 3095 1990 fundunt.
3122 1934 3288 2002 Trua,
3315 1935 3456 2006 quod
3487 1936 3710 1991 travolat
3735 1951 3800 1992 ea

2203 2045 2376 2100 aqua;
2425 2032 2492 2085 ab
2537 2029 2731 2084 eodem
2779 2037 2862 2084 est
2907 2028 3236 2099 appellatum
3286 2029 3559 2083 trulleum.
3607 2028 3801 2085 Simile

2204 2123 2345 2178 enim
2377 2121 2564 2193 ﬁgura,
2590 2123 2691 2176 nisi
2719 2120 2861 2192 quod
2886 2121 3045 2176 latius
3067 2121 3297 2190 concipit
3325 2136 3542 2191 aquam,
3565 2131 3619 2176 et
3646 2121 3791 2192 quod

2204 2217 2538 2272 manubrium
2563 2231 2750 2271 cavum
2779 2231 2884 2272 non
2913 2225 3016 2282 est,
3048 2216 3150 2271 nisi
3176 2216 3381 2270 vinaria
3415 2216 3569 2270 trulla
3609 2230 3801 2270 acces-

2205 2308 2293 2363 sit.
2325 2327 2343 2360 ι
2381 2307 2548 2362 Priori
2579 2315 2754 2362 autem
2778 2307 2949 2362 ‘sensu
2977 2322 3007 2361 a
3036 2307 3230 2372 Plinio,
3265 2317 3319 2364 et
3346 2307 3627 2378 posteriori
3657 2323 3686 2360 a
3712 2306 3804 2364 Ci-

2210 2414 2408 2455 cerone
2433 2399 2726 2469 accipitur,
2753 2399 2843 2453 ubi
2867 2399 2944 2453 sic
2970 2399 3244 2454 invehitur
3270 2400 3323 2454 in
3358 2399 3576 2456 Verrem
3603 2399 3799 2470 (Plin.,

2205 2493 2293 2548 lib.
2323 2509 2529 2548 xxxvn.
2555 2502 2725 2547 natur.
2763 2491 2927 2558 IIist.,
2951 2510 3068 2563 cap.
3097 2493 3154 2560 2,
3181 2510 3234 2564 p.
3261 2493 3392 2560 562;
3421 2493 3553 2559 Cic.,
3585 2503 3715 2548 orat.
3740 2493 3799 2560 4,

2204 2597 2366 2641 contr.
2408 2584 2634 2652 Verrem,
2665 2603 2718 2656 p.
2745 2585 2891 2656 172).
2931 2605 2949 2637 ι
2981 2586 3110 2641 Erat
3130 2589 3291 2642 etiam
3323 2602 3419 2641 vas
3447 2585 3708 2640 vinarium
3731 2600 3803 2641 ex

2205 2697 2308 2736 una
2349 2695 2556 2752 gemma
2589 2680 2904 2752 pergrandi,
2935 2680 3091 2735 trulla
3135 2691 3385 2736 excavata
3405 2724 3419 2747 ,
3459 2697 3581 2738 cum
3612 2697 3801 2737 manu-

2202 2775 2322 2831 brio
2350 2791 2630 2831 aureo.....
2659 2776 2817 2832 Mittit
2846 2776 3008 2830 etiam
3057 2777 3270 2831 trullam
3301 2792 3600 2848 gemmeam
3644 2794 3802 2848 roga~

2208 2876 2342 2934 tum,
2370 2869 2506 2924 velle
2529 2885 2648 2925 eam
2672 2885 2732 2925 se
2751 2869 3062 2940 diligentius
3087 2869 3466 2936 considerare;
3492 2886 3552 2926 ea
3583 2885 3804 2942 quoque

2204 2963 2252 3020 ei
2283 2963 2530 3020 mittitur.
2567 2984 2585 3017 ι
2617 2963 2890 3020 Juvenalis
2931 2980 3061 3020 vero
3106 2981 3200 3021 vas
3235 2966 3498 3036 poloriutn
3537 2981 3656 3022 esse
3688 2965 3802 3023 hoc

2206 3058 2468 3130 signiticet
2500 3071 2658 3114 versu
2692 3076 2706 3113 :

2301 3176 2355 3226 Si
2371 3176 2514 3227 trulla
2534 3178 2733 3227 inverso
2755 3178 2996 3240 crepitum
3021 3179 3160 3240 dedit
3183 3191 3331 3229 aurea
3355 3179 3522 3230 fundo.

2807 3239 3076 3305 (Juvenal.,
3097 3240 3237 3293 satir.
3262 3243 3310 3303 5,
3329 3256 3455 3295 vers.
3478 3241 3607 3306 108).

2207 3343 2380 3415 Atque
2405 3344 2565 3399 etiam
2591 3343 2845 3401 Horatius
2870 3362 2883 3400 :

2299 3458 2390 3526 Qui
2415 3458 2741 3526 Veientanum
2764 3460 2903 3526 festis
2927 3470 3098 3526 potare
3120 3463 3300 3516 diebus

2297 3520 2533 3585 Campana
2565 3522 2738 3573 solitus
2762 3520 3247 3592 trulla-vappamque
3273 3527 3516 3590 profestis.

2453 3605 2672 3666 (Horat,
2697 3603 2778 3656 lib.
2804 3621 2856 3670 ιι,
2881 3606 3022 3658 satir.
3045 3612 3094 3668 5,
3117 3623 3241 3662 vers.
3267 3611 3356 3662 145
3373 3618 3418 3660 et
3451 3615 3606 3678 seqq.)

2202 3707 2413 3765 Videsis
2435 3725 2696 3781 praeterea
2718 3713 2936 3768 citatum
2953 3715 3063 3786 jam
3086 3730 3116 3770 a
3140 3716 3294 3772 nobis
3312 3716 3556 3773 Plautum
3579 3718 3796 3791 (Supr.,

2202 3802 2271 3855 ad
2303 3804 2436 3858 verb.
2471 3803 2822 3880 LANCILULA),
2851 3822 2951 3862 nec
2981 3824 3088 3863 non
3117 3808 3435 3874 Martialem.
3460 3811 3553 3866 lib.
3574 3827 3647 3878 ιιι,
3676 3814 3800 3883 epi-

2201 3910 2374 3965 gram.
2411 3895 2511 3963 98;
2545 3897 2805 3966 Plinium,
2838 3900 2934 3956 lib.
2969 3917 3131 3957 xxxiv
3182 3901 3305 3958 Nat.
3341 3903 3555 3972 bistor.,
3585 3921 3704 3975 cap.
3737 3907 3796 3973 2,

2200 4004 2322 4060 pag.
2347 3989 2438 4047 9i.
2461 3991 2742 4059 Catonem,
2772 3992 2841 4048 de
2866 3992 2945 4049 Re
2973 3995 3193 4061 ruStica,
3225 4011 3341 4066 cap.
3371 3996 3441 4052 10
3468 4005 3523 4053 et
3545 3998 3634 4062 11,
3658 4007 3716 4053 et
3740 3999 3797 4055 in

2200 4080 2477 4138 Juvenalis
2525 4097 2741 4139 carmen
2793 4087 3188 4142 annotationes.
3238 4085 3475 4159 Denique
3517 4089 3674 4144 trulla
3712 4100 3799 4146 est

2200 4177 2612 4235 instrumentum
2650 4180 2981 4235 cmmentarii
3027 4181 3274 4237 omnibus
3321 4194 3505 4240 notum
3540 4186 3681 4241 :sed
3727 4202 3798 4244 eo

2201 4288 2365 4330 sensu
2389 4276 2456 4329 ab
2482 4274 2720 4330 Arnobio
2749 4291 2854 4330 non
2882 4275 3113 4331 sumitur
3136 4277 3373 4347 (Arnob.,
3397 4280 3484 4334 lib.
3511 4296 3569 4345 ιι,
3597 4300 3651 4351 ρ.
3677 4281 3795 4352 75).

2271 4365 2492 4434 Tuceta,
2524 4367 2568 4422 si
2596 4365 2880 4437 Fulgentio
2921 4368 3145 4438 credas,
3194 4370 3434 4426 dicuntur
3470 4389 3595 4427 esca:
3639 4375 3798 4445 regia:

2121 4495 2174 4555 Β
2201 4458 2490 4531 (Fulgent.,
2517 4460 2580 4514 de
2599 4460 2765 4529 prisco
2785 4478 2963 4528 serm.,
2989 4461 3453 4534 nttm.4).Callim.
3481 4465 3534 4520 in
3558 4465 3748 4522 Pisaeis
3776 4488 3792 4525 :

2322 4576 2576 4628 Ambrosio
2589 4577 2817 4629 redolent
2831 4586 2994 4630 tnceta
3015 4593 3206 4644 sapore.

2199 4684 2395 4741 Verum
2426 4683 2698 4741 Johannes
2727 4684 3066 4741 Britannicus
3094 4686 3146 4740 in
3177 4686 3280 4742 hoc
3330 4688 3498 4745 Persii
3524 4704 3745 4747 carmen
3776 4710 3790 4746 :

2639 4778 2860 4829 Grandes
2875 4779 3053 4840 patinae
3068 4785 3338 4844 tncetaque
3357 4795 3536 4833 crassa.

2896 4863 3084 4926 (Pers.,
3106 4863 3243 4914 satir.
3270 4865 3320 4919 2.
3350 4879 3471 4918 vers.
3496 4867 3601 4930 40.)

2194 4971 2446 5027 observat
2483 4977 2660 5025 tnceta
2699 4983 2868 5039 genus
2909 4983 3031 5025 esse
3080 4968 3375 5026 farciminis
3415 4988 3480 5028 ex
3529 4973 3798 5032 carnibus

2194 5063 2369 5118 suillis
2402 5061 2648 5116 minutim
2686 5061 2937 5117 concisis.
2977 5061 3088 5119 Nec
3116 5078 3258 5134 aegre
3293 5063 3446 5119 nobis
3475 5065 3797 5136 probabitur

2195 5153 2299 5210 hoc
2343 5169 2538 5210 nomen
2577 5153 2670 5209 illo
2708 5167 2869 5209 sensu
2910 5154 2979 5208 ab
3021 5155 3260 5210 Arnobio
3295 5156 3484 5226 accipi.
3528 5158 3797 5228 Apuleius

2197 5261 2324 5303 vero
2367 5246 2557 5301 alicubi
2598 5245 2768 5301 dixit:
2803 5265 2821 5299 ‹
2851 5246 2980 5315 Quis
3023 5247 3273 5302 dominus
3316 5250 3540 5319 parabat
3581 5250 3796 5308 viscum

2194 5339 2375 5395 furtim
2417 5338 2714 5406 concisum,
2758 5351 2813 5395 et
2855 5340 3067 5411 pulpam
3108 5341 3371 5396 frustatim
3404 5343 3685 5399 eulleclam
3719 5347 3791 5402 ad

2194 5447 2388 5503 pascua
2419 5433 2718 5498 virulenta;
2747 5443 2802 5488 et
2827 5433 3041 5504 quidem
3071 5435 3309 5490 naribus.
3335 5435 3450 5490 Jam
3481 5438 3611 5492 mibi
3637 5441 3792 5494 ario-

2191 5532 2341 5588 labar
2371 5542 2607 5589 tucetum
2637 5547 2738 5604 per
2765 5548 2926 5604 quam
2958 5533 3353 5589 suavissimum.
3389 5552 3407 5586 ι
3442 5535 3579 5591 Alibi
3611 5551 3745 5592 vero
3772 5555 3790 5591 :

2194 5644 2215 5696 ς
2247 5626 2525 5683 Pulmenta
2555 5625 2790 5682 recentia
2821 5627 3012 5684 tucetis
3038 5637 3320 5700 temperat,
3352 5644 3539 5686 mensa
3569 5630 3797 5702 largiter

2192 5720 2447 5780 instructa
2482 5741 2502 5775 ι
2533 5719 2739 5794 (Apul.,
2764 5721 2853 5780 lib.
2882 5739 2918 5778 ιι
2948 5721 3186 5791 Metam,
3209 5741 3260 5794 p.
3294 5719 3409 5794 20).
