3986 6058
229 177 336 236 715

1082 184 1768 246 ΑΒΝοΒιι-Αιινιῖιιδυδ
1804 185 2076 249 GENTES
2113 189 2319 251 LIBER
2359 195 2629 256 PRIMUS.

3421 210 3527 266 714

312 268 607 325 Vannorunt
658 269 1034 345 sirpiarumque
1076 277 1263 335 vitores
1306 279 1360 335 in
1406 279 1630 339 Arnobii
1678 292 1826 339 textu
1851 285 1906 344 Α
1931 284 2225 356 vindicare,
2252 299 2306 344 et
2328 305 2575 348 asserere
2615 290 2800 361 (Ibid.,
2828 292 2918 347 lib.
2947 309 3020 362 tv,
3052 311 3105 366 p.
3134 297 3284 366 l28).
3323 298 3528 359 Vidcsis

226 361 456 433 legimus
488 363 726 432 (Arnob.,
758 365 846 420 lib.
879 383 939 435 ιι,
970 386 1024 440 p.
1055 370 1168 443 70).
1199 372 1388 429 Nullus
1416 385 1595 430 autem
1625 377 1680 431 in
1710 376 1829 434 haec

225 453 373 508 illius
394 454 555 509 verba
585 456 668 511 vel
692 460 973 514 minimum
1003 461 1131 532 quid
1160 466 1468 533 nunctavit;
1499 467 1639 522 haud
1666 470 1827 526 dubie

223 546 353 617 quia
402 545 673 603 difﬁcilior
725 548 898 631 locus,
948 565 1361 627 corruptusque,
1419 574 1517 614 nec
1569 562 1826 618 sanabilis

222 640 376 696 visos
408 652 509 697 eSt.
542 641 682 712 Quid
722 660 852 717 ergo
891 646 936 703 si
971 648 1234 705 medicam
1274 669 1490 709 manum
1540 656 1589 711 ei
1630 656 1826 715 afferre

224 734 506 802 tentando,
563 736 761 808 aliquis
815 754 915 809 pro
964 742 1241 812 sirpiarum
1290 745 1490 802 dixerit
1539 749 1827 819 sirpearum

222 825 551 897 legendum?
577 828 732 900 Apud
761 828 1056 888 Varronem
1085 835 1228 890 enim
1258 837 1519 909 scriptum
1554 840 1821 908 videmus,

221 917 419 991 sirpeas
473 922 826 987 stercorarias,
878 933 931 979 et
972 935 1158 996 postea
1203 929 1424 1000 sirpeam
1468 935 1826 990 stercorariam

223 1007 444 1081 (Varro,
484 1012 572 1067 lib.
605 1014 669 1069 de
696 1013 774 1070 Re
798 1016 999 1082 rustic.,
1033 1035 1150 1090 cap.
1182 1021 1248 1077 10
1273 1032 1324 1076 et
1354 1024 1466 1091 11).
1514 1025 1654 1084 Alibi
1699 1044 1827 1085 vero

223 1103 425 1160 clarius
467 1105 595 1177 quid
635 1108 811 1178 sirpea
856 1109 946 1176 sit,
992 1112 1261 1183 explicat:
1293 1135 1312 1167 ς
1341 1114 1551 1187 Sirpea,
1584 1137 1603 1170 ι
1632 1121 1822 1191 inquit,

230 1216 251 1249 ι
284 1213 406 1268 qua:
437 1200 599 1271 virgis
628 1203 876 1272 stipatur,
923 1204 973 1258 id
1015 1216 1121 1274 est,
1153 1208 1456 1279 colligando
1496 1212 1823 1283 implicatur,

224 1291 281 1348 in
311 1308 415 1365 qua
449 1305 658 1350 stercus
684 1296 899 1353 aliudve
927 1299 1052 1370 quid
1084 1302 1351 1359 evehitur.
1383 1323 1402 1355 ι
1431 1304 1618 1375 Sirpea
1647 1308 1827 1381 itaque

224 1386 450 1442 canistri
491 1403 585 1444 seu
628 1388 847 1460 cophini
893 1407 1060 1463 genus
1103 1399 1557 1454 est-stercoribus
1599 1401 1826 1473 aliisque

225 1479 392 1536 rebus
433 1481 728 1538 evehendis
778 1482 1122 1542 destinatum.
1176 1488 1297 1544 Alio
1336 1499 1512 1547 tamen
1556 1508 1718 1550 sensu
1757 1495 1826 1552 ab

225 1574 426 1632 Ovidio
452 1578 737 1648 accipitur,
767 1579 854 1635 ubi
885 1579 1003 1635 lucc
1027 1582 1221 1638 cecinit
1246 1601 1260 1637 :

319 1693 426 1756 Nec
448 1708 581 1745 mora
601 1708 614 1744 :
632 1697 850 1747 convivae
870 1697 1028 1749 valido
1052 1700 1313 1753 titubantia
1336 1705 1449 1756 vino

410 1755 632 1833 Elembra
655 1767 883 1833 movent;
907 1761 1041 1833 dubii
1060 1772 1289 1833 stantque
1311 1755 1578 1833 labantque
1602 1771 1772 1833 pedes.

317 1816 383 1869 At
402 1817 628 1902 goutin'us
649 1816 943 1902 :disqediie,
972 1827 1062 1897 ait:
1095 1816 1409 1902 plaustrgque
1429 1816 1680 1883 mdra'nie's

410 1880 638 1945 Sustulit,
664 1885 716 1933 in
740 1880 957 1948 plaustro
972 1880 1137 1951 sirpéa
1164 1889 1257 1938 lata
1274 1880 1383 1942 fuit.

846 1968 1033 2032 (Ot‘id.,
1060 1967 1146 2021 lib.
1176 1987 1222 2023 vt
1241 1974 1454 2037 Fastor.,
1478 1976 1506 2041 §
1531 1978 1632 2044 l2.)

221 2071 280 2129 Id
312 2081 418 2142 est,
449 2073 747 2144 plaustrum
784 2091 881 2132 seu
919 2076 1245 2145 vehiculum,
1289 2081 1430 2152 quod
1470 2093 1671 2151 tectum
1708 2094 1824 2142 crat

222 2176 411 2235 malta,
443 2168 527 2223 vel
561 2179 763 2236 storea,
794 2170 988 2241 gallice
1015 2182 1173 2228 mitte.
1205 2174 1277 2229 At
1310 2176 1352 2228 si
1397 2192 1496 2246 pro
1533 2178 1733 2242 vilores,
1769 2177 1820 2232 in

222 2261 450 2318 Arnobii
494 2270 645 2318 textu
675 2263 822 2334 legas
851 2266 1155 2334 venditores,
1190 2268 1359 2324 tribus
1389 2278 1593 2326 tantum
1632 2270 1823 2327 litteris

223 2353 310 2410 vel
335 2354 677 2425 abbreviatis,
708 2356 797 2412 vel
820 2359 1167 2414 amanuensis
1193 2360 1395 2417 librarii
1423 2362 1627 2418 incuria
1656 2364 1823 2421 omis-

221 2445 323 2514 sis,
349 2447 536 2517 planus
562 2459 887 2522 apertusque
912 2454 1018 2507 erit
1044 2455 1266 2510 Arnobii
1288 2470 1503 2511 sensus.
1539 2458 1822 2529 PrOposito

219 2538 490 2610 siquidem
532 2540 677 2596 illius
711 2555 860 2598 reete
905 2545 1171 2617 congruit,
1217 2548 1263 2603 si
1306 2565 1586 2605 cannarum
1622 2552 1820 2623 sirpea-

221 2649 437 2702 rumque
463 2635 751 2691 venditores
781 2636 853 2694 ibi
880 2639 1239 2709 appellentur.
1256 2640 1377 2697 Nec
1408 2643 1619 2699 mireris
1648 2645 1821 2717 impe-

221 2726 313 2782 riti
343 2725 545 2782 librarii
575 2729 858 2784 oscitantia
886 2731 970 2786 vel
997 2731 1265 2801 imperitia
1295 2741 1404 2790 tres
1427 2737 1632 2793 litteras
1654 2736 1822 2794 fuisse

223 2819 640 2888 prtetermissas.
679 2819 814 2876 Nam
854 2822 1043 2879 eadem
1089 2810 1295 2896 pagina
1318 2842 1416 2897 pro
1451 2831 1672 2899 mentiri,
1707 2841 1821 2888 tan-

226 2911 505 2967 tummodo
540 2913 607 2967 iri
645 2912 955 2985 scripserat.
989 2915 1095 2972 Has
1122 2926 1299 2973 tamen
1328 2920 1665 2992 conjecturas
1690 2925 1823 2980 alio-

222 3019 341 3059 rum
369 3005 595 3061 arbitrio
626 3008 1006 3077 permittimus.

1930 375 2172 446 Festum,
2200 390 2254 436 ct
2283 384 2475 438 citatos
2494 385 2563 439 ab
2587 384 2679 440 illo
2704 397 2976 452 auctores,
3007 398 3167 457 atque
3190 388 3443 457 Gellium,
3474 404 3531 450 et.

1930 471 2200 526 variorum
2231 475 2281 529 in
2312 475 2460 530 illum
2489 477 2897 533 obserwtiones
2925 477 3201 550 (Fest.,ad
3228 484 3363 537 verb.
3398 485 3528 541 VIN-

1927 576 2115 627 ntcua;
2148 562 2306 631 Gell.,
2337 565 2427 620 lib.
2459 583 2550 633 xx,
2582 585 2699 637 cap.
2732 570 2845 641 10).

2014 651 2194 708 Vinum
2220 657 2385 711 acoris
2410 658 2464 711 in
2495 660 2766 728 perﬁdiam
2794 673 2999 731 repente
3024 665 3243 729 mutari;
3288 664 3390 720 hoc
3419 678 3523 737 est,

1929 747 2108 802 vinum
2151 763 2338 805 contra
2379 761 2626 807 naturam
2668 769 2818 809 suam
2865 755 3079 812 acidum
3127 758 3239 812 lieri
3281 757 3525 830 (Arnob.,

1927 841 2015 897 lib.
2042 859 2080 909 ι,
2110 860 2163 913 p.
2198 843 2312 915 1‘2).
3332 856 3337 859 ⁷

2009 931 2297 1005 Vitiligines
2340 934 2510 1007 facile,
2550 944 2596 989 et
2639 937 2938 1004 albicantes,
2969 939 3037 993 ab
3076 950 3295 997 auctore
3340 953 3526 999 nostro

1927 1023 2178 1079 dicuntur
2216 1024 2406 1096 (lbid.,
2451 1044 2571 1097 pag.
2614 1025 2708 1093 26,
2750 1027 2819 1083 28
2862 1039 2907 1081 et
2946 1019 3061 1101 50)..
3091 1049 3109 1076 ι
3142 1032 3211 1086 At
3239 1034 3462 1104 vitiligo,
3502 1054 3520 1087 ι

1927 1117 2100 1187 inquit
2153 1116 2368 1178 Festus.
2409 1138 2428 1170 ί
2465 1121 2515 1174 in
2569 1137 2798 1191 corpore
2850 1123 3082 1179 hominis
3130 1128 3336 1182 macula
3383 1129 3524 1196 alba,

1926 1223 2085 1278 quam
2119 1208 2292 1264 (ἓνωοὶ
2339 1207 2490 1285 ἄλφον
2519 1222 2731 1278 voeant,
2764 1231 2791 1266 a
2812 1204 2941 1281 ’quo
2981 1231 3078 1271 nos
3115 1218 3297 1272 allium
3323 1237 3336 1273 :
3361 1220 3472 1273 sive
3498 1236 3528 1274 a

1931 1301 2059 1356 vitio
2087 1302 2251 1367 dicta,
2284 1304 2497 1359 etiamsi
2525 1323 2629 1359 non
2658 1306 2805 1361 laedit
2834 1324 2847 1360 :
2883 1309 2996 1363 sive
3023 1325 3051 1362 ει
3086 1310 3272 1377 vitulo,
3307 1324 3530 1383 propter

1926 1391 2041 1462 ejus
2072 1394 2401 1450 membrana:
2428 1391 2742 1464 candorem,
2782 1415 2883 1469 qua
2929 1402 3187 1469 nascitur,
3234 1404 3525 1462 involutus.

1927 1484 2363 1543 Luciliuszﬂzec
2405 1489 2591 1544 odiosa
2640 1491 2767 1545 tnibi
2814 1492 3019 1563 vitiligo
3049 1504 3151 1549 est.
3195 1494 3312 1550 Non
3355 1497 3524 1567 dolet,

1928 1579 2119 1649 inquit.
2150 1597 2170 1632 ι
2203 1579 2397 1653 (b'est.,
2426 1582 2494 1636 ad
2520 1584 2655 1638 verb.
2692 1582 2981 1658 Vt'rtuoo.)
3011 1589 3051 1639 Α
3082 1587 3285 1642 Seneca
3317 1605 3445 1644 vero
3475 1591 3531 1645 id

1849 1666 1897 1728 Β
1926 1672 2186 1743 scriptum
2234 1674 2505 1746 legimus:
2548 1696 2566 1729 ι
2605 1679 2883 1732 Creditum
2928 1692 3012 1732 est
3058 1681 3317 1750 quasdam
3362 1696 3530 1751 aquas

1924 1766 2157 1821 scabiem
2207 1766 2402 1822 allerre
2452 1768 2802 1837 corporibus,
2855 1766 3116 1840 quasdam
3166 1771 3481 1842 vitiliginem
3510 1814 3525 1839 ,

1924 1873 1978 1918 et
2029 1862 2221 1918 [tedam
2257 1877 2322 1917 ex
2362 1860 2485 1917 albo
2520 1865 2851 1919 varietatem.
2886 1884 2904 1915 ι
2939 1863 3173 1937 (Senec.,
3204 1865 3295 1920 lib.
3325 1881 3382 1921 ιιι
3413 1864 3528 1919 Να-

1925 1968 2025 2012 ιιιι·.
2069 1968 2271 2029 (μανείη
2318 1974 2432 2028 cap.
2475 1956 2568 2022 26,
2612 1976 2664 2023 ρ.
2703 1958 2857 2028 451.)
2903 1957 3131 2025 Quidam
3162 1966 3340 2014 autem
3390 1960 3527 2015 hanc

1923 2052 2237 2122 vitiliginem
2272 2053 2474 2121 lepram
2503 2066 2622 2107 eSSe
2653 2053 2963 2122 Opinantur.

2001 2143 2240 2215 Ulpicuin
2269 2160 2444 2216 genus
2484 2146 2593 2199 allii
2631 2146 2889 2217 grandius
2928 2155 3033 2210 est,
3063 2147 3206 2215 quod
3238 2146 3434 2215 Grmci,
3467 2156 3527 2203 ut

1925 2236 2095 2293 refert
2124 2238 2439 2304 Columella,
2472 2238 2875 2314 ἀφροσκὸδορον,
2904 2238 3118 2308 quidatn
3150 2240 3333 2294 allium
3374 2241 3530 2309 puni-

1923 2345 2066 2398 cum,
2098 2330 2183 2385 vcl
2209 2329 2489 2401 Cyprium,
2521 2332 2677 2384 sicuti
2708 2331 2866 2385 docet
2903 2330 3130 2397 Plinius,
3162 2332 3251 2384 alii
3293 2333 3531 2386 antisco-

1924 2425 2093 2481 rodon
2135 2424 2407 2495 appellant
2457 2423 2698 2495 (Arnob.,
2747 2423 2836 2478 lib.
2883 2440 2942 2488 ιι,
2991 2442 3044 2495 p.
3090 2424 3189 2489 85;
3233 2421 3526 2490 Columell.,

1925 2519 2014 2573 lib.
2043 2534 2095 2573 χι
2142 2518 2206 2572 de
2232 2516 2309 2571 Re
2351 2520 2554 2584 rustic.,
2596 2534 2711 2588 cap.
2746 2519 2815 2577 ὃς
2871 2516 3038 2580 Ριὶη..
3068 2518 3159 2572 lib.
3189 2534 3280 2574 nx
3331 2517 3529 2597 Ilistor.

1926 2622 2054 2677 nat.,
2088 2629 2203 2683 cap.
2235 2612 2289 2677 6,
2320 2629 2371 2682 p.
2405 2611 2557 2683 597).
2592 2611 2665 2667 De
2695 2611 2787 2667 illo
2812 2611 3034 2666 Plautus
3066 2612 3262 2667 cecinit
3296 2611 3525 2682 (l’laul.,

1924 2704 1978 2758 in
2006 2702 2237 2771 Pwnul.,
2269 2712 2373 2761 act.
2407 2720 2458 2772 v,
2487 2721 2626 2759 scen.
2658 2703 2714 2778 5)
2742 2722 2754 2759 :

2684 2820 2808 2870 Tum
2832 2824 2999 2869 autem
3025 2820 3216 2882 plenior

2015 2884 2129 2935 ΑΙ]ίὶ
2153 2883 2423 2949 ulpicique,
2448 2896 2593 2948 quam
2616 2890 2730 2933 sunt
2770 2882 2969 2932 Romani
2996 2887 3236 2944 remiges.

1849 3049 1895 3112 Ο
1929 3011 2139 3068 Videsis
2191 2984 2368 3067 adhuc
2415 3009 2733 3075 Palladium,
2784 3009 2852 3065 de
2897 3008 2975 3065 Rc
3018 3009 3229 3077 rustic.,
3282 3006 3375 3064 lib.
3428 3024 3524 3078 xu,

310 3098 584 3156 Vectitatus
632 3117 789 3156 curru
841 3104 1150 3178 quadriiugo
1201 3106 1333 3164 dixit
1382 3108 1672 3180 Arnobius,
1726 3127 1825 3184 pro
1853 3098 1894 3112 v
1929 3119 2048 3175 CﬂP-
2083 3104 2137 3160 6-

222 3200 412 3249 vcctus
439 3203 529 3249 aut
553 3203 793 3251 vectatus
825 3196 1063 3269 (Arnob,
1092 3200 1181 3255 lib.
1211 3218 1290 3270 tu,
1323 3221 1376 3274 p.
1406 3204 1558 3275 185).

310 3284 588 3342 Verrucula
626 3288 772 3344 collis
814 3291 952 3346 haud
990 3294 1156 3348 semel
1194 3295 1263 3349 ab
1295 3295 1385 3350 illo
1409 3295 1607 3352 dicitur
1630 3297 1828 3355 editior

221 3375 492 3447 altiorque
518 3378 819 3450 cujuSpiam
845 3383 1001 3439 eollis
1032 3384 1184 3441 locus
1213 3383 1405 3457 (Idem,
1438 3389 1526 3443 lib.
1561 3406 1621 3453 ιι,
1647 3409 1699 3462 ρ.
1736 3393 1827 3458 77,

222 3464 279 3523 et
299 3468 389 3523 lib.
412 3486 468 3535 v,
494 3488 548 3541 p.
581 3472 731 3544 l56).
763 3472 854 3531 Sic
879 3475 1021 3549 enim
1053 3478 1206 3543 Cato,
1236 3487 1371 3535 teste
1394 3484 1457 3534 Α.
1492 3480 1668 3537 Gellio
1695 3483 1830 3539 Ver-

223 3560 398 3615 rulam
418 3561 591 3618 locum
611 3564 814 3620 editum
830 3577 884 3623 et
902 3583 1151 3640 asperum
1172 3572 1407 3642 appellat
1423 3572 1604 3642 (Gell.,
1631 3576 1719 3631 lib.
1734 3593 1829 3633 vut

224 3650 387 3707 Noct.
417 3653 600 3724 Attic.,
647 3673 765 3728 cap.
793 3659 846 3723 7,
881 3677 934 3730 p.
967 3660 1122 3735 224).
1164 3664 1267 3720 Sed
1314 3677 1503 3722 auctor
1539 3679 1724 3725 noster
1749 3670 1832 3726 di-

222 3743 544 3800 minutivum
577 3762 772 3805 nomen
801 3765 897 3821 pro
932 3768 1085 3810 tnore
1115 3770 1214 3810 suo
1244 3756 1481 3813 adhibet.

310 3833 558 3893 Versuras
592 3840 645 3895 in
682 3841 979 3913 huiusmodi
1012 3846 1144 3916 cogi,
1175 3846 1278 3904 hoc
1303 3858 1408 3915 est,
1440 3850 1493 3905 in
1522 3850 1830 3920 huiusmodi

223 3944 437 3997 sensus,
470 3931 967 4003 interpretationes,
1009 3948 1064 3993 ct
1100 3940 1484 4010 explicationes
1524 3944 1822 4000 fabularum

220 4038 321 4080 seu
384 4022 734 4082 historiarum
787 4031 1071 4098 converti,
1140 4033 1454 4103 transferri,
1515 4046 1570 4092 et
1631 4037 1823 4093 adduci

225 4113 471 4185 (Arnob.,
504 4116 593 4173 lib.
628 4133 683 4185 v,
714 4137 768 4191 p.
803 4120 953 4193 187).

2013 3195 2301 3261 Volumina,
2330 3194 2455 3251 vide
2481 3210 2641 3262 supra
2673 3193 3046 3249 Pollinctores.

2007 3289 2219 3345 (Istrina
2247 3305 2275 3342 a
2316 3288 2479 3345 Festo
2518 3289 2596 3342 sic
2635 3285 2999 3342 describitur:
3036 3304 3053 3337 ι
3088 3284 3190 3342 Ubi
3217 3285 3530 3341 combustus

1932 3384 2053 3454 quis
2082 3380 2474 3443 tantummodo,
2501 3378 2627 3434 alibi
2652 3394 2781 3433 vero
2812 3389 2896 3433 est
2927 3377 3191 3443 sepultus,
3221 3377 3264 3431 is
3294 3376 3443 3431 locus
3464 3376 3532 3431 ab

1935 3475 2140 3533 uremlo
2170 3473 2377 3528 ustrina
2406 3481 2646 3527 vocatur.
2682 3490 2701 3523 ι
2727 3469 2811 3525 ΑΙ)
2852 3469 3091 3524 Arnobm
3131 3476 3309 3522 autem
3351 3482 3412 3522 ea
3453 3469 3524 3521 si-

1934 3569 2281 3643 gniﬁratione
2299 3567 2436 3622 sumi
2460 3562 2865 3621 evidentissima
2890 3571 3030 3631 patet
3056 3559 3297 3634 (Arnob.
3318 3558 3407 3613 lib.
3433 3574 3527 3622 vn,

1936 3681 1987 3735 p.
2021 3663 2160 3728 22%;
2194 3660 2395 3724 Festus,
2428 3658 2496 3712 ad
2522 3656 2657 3711 verb.
2691 3652 2957 3726 Buswu);
2992 3652 3424 3722 quandoquidem
3457 3649 3532 3707 ibi

1935 3758 2122 3815 scribit
2156 3755 2496 3811 ethnicorum
2527 3752 2741 3816 altaria,
2773 3750 2861 3805 ubi
2893 3748 3143 3803 animalia
3175 3746 3534 3802 immolaban—

1938 3861 2044 3917 tur,
2076 3865 2198 3905 esse
2244 3845 2584 3918 infelicissimi
2613 3843 2915 3898 animalium
2941 3841 3141 3912 generis
3169 3840 3411 3905 ustrinas,
3443 3855 3533 3893 ro-

1929 3959 2026 4017 gos
2052 3942 2104 3998 et
2129 3941 2413 3997 bnsticeta.
3178 4000 3184 4008 ‘

1999 4037 2120 4095 Alia
2163 4035 2341 4091 adhuc
2384 4030 2655 4095 inusitata,
2704 4028 2966 4091 exsoleta,
3011 4024 3259 4087 barbara,
3303 4021 3531 4076 obscura

1927 4130 2091 4187 verba
2136 4128 2189 4183 in
2245 4127 2390 4182 illitts
2434 4123 2587 4178 libris
2634 4121 2774 4176 haud
2821 4118 3186 4188 infrequentcr
3217 4121 3529 4170 occurrunt.

305 4207 570 4267 Vindicius
604 4214 778 4285 justas
815 4214 941 4270 dare
965 4225 1048 4272 est
1076 4216 1236 4272 alicui
1280 4234 1400 4275 cum
1447 4219 1618 4275 altero
1658 4220 1726 4276 de
1764 4237 1823 4277 re
1849 4256 1902 4316 Β
1930 4221 2035 4279 Sed
2057 4236 2121 4276 ea
2143 4220 2255 4274 suis
2277 4218 2431 4285 locis,
2460 4214 2676 4286 quando
2703 4223 3008 4283 Opportuna
3033 4208 3247 4266 occasio
3271 4207 3391 4262 data
3421 4214 3526 4271 est.

222 4301 400 4374 aliqua
443 4303 738 4374 diSputanti
776 4307 886 4378 jus,
928 4318 983 4365 et
1033 4310 1177 4381 quod
1219 4326 1374 4367 suum
1415 4320 1518 4377 est,
1563 4314 1820 4381 tribuere,

1931 4311 2166 4369 breviter
2203 4308 2635 4381 explanavitnus.

962 4787 1809 4926 DISPUTATIONUM
1857 4796 2378 4926 ADVERSUS
2424 4785 2810 4920 GENTES

1430 5016 1747 5103 LIBRI
1785 5016 2280 5101 SEPTEM.

821 5164 1813 5208 -ἧ

1830 5161 1885 5204 Ο

1894 5163 2643 5205 ᾕ-

1284 5254 1767 5367 LIBER
1816 5253 2241 5362 PRIJl’l
2257 5255 2476 5367 US.

1575 5416 2149 5498 INDEX‘CAPITUM.

208 5556 495 5629 Proﬁtetur
531 5554 784 5613 Arnobius
833 5573 867 5610 a
909 5572 964 5612 se
1001 5564 1288 5624 susceptum
1331 5571 1482 5626 opus,
1520 5563 1576 5609 ut
1625 5555 1814 5627 saepius

281 5651 590 5706 inculcatam
659 5648 969 5704 calumniam
1028 5647 1382 5718 propulsaret,
1442 5663 1546 5718 qua
1627 5648 1815 5704 ethnici

652 5743 933 5804 ΡΑτιιοι..
979 5741 1060 5803 ν.

1993 5560 2200 5624 propter
2227 5551 2518 5606 abdicatum
2546 5567 2579 5606 α
2614 5550 2907 5606 cltristianis
2950 5547 3201 5621 falsorum
3247 5548 3519 5603 numinum

1928 5713 1936 5720 _
1993 5644 2187 5701 cultum
2219 5661 2304 5701 eos
2355 5644 2673 5716 publicarunt
2716 5646 2943 5702 omnium
2999 5643 3348 5700 calamitatum
3389 5658 3524 5696 auc-

2914 5735 2995 5800 '23
