3986 6058
488 271 595 331 715

1592 311 1603 320 .
1680 261 1956 322 ARNOBII
1996 259 2368 322 ADVERSUS
2409 261 2684 323 GENTES

3681 263 3794 323 716

559 396 690 441 tores
727 401 834 442 esse
871 384 1005 456 falso
1052 397 1112 437 ac
1143 389 1326 437 temere
1365 380 1737 437 accusabant...
1770 381 1899 451 Cap.
1949 381 2000 447 1,
2029 379 2082 434 2.
2115 383 2169 444 Α
2263 379 2477 436 deorum
2503 398 2771 438 numerum
2792 384 2984 455 referre
3012 389 3219 455 propter
3246 381 3435 437 collata
3459 380 3571 447 sibi,
3606 388 3659 435 ut
3691 398 3790 453 pu-

491 479 831 549 Manifestum
846 477 1016 549 itaque
1031 476 1177 549 facit,
1194 492 1224 529 a
1242 476 1535 530 christiana:
1559 476 1820 548 religionis
1849 474 2080 536 exordio,

562 570 692 625 nihil
718 569 767 623 in
798 584 968 623 rerum
994 578 1210 637 natura,
1238 568 1367 623 nihil
1412 567 1464 622 in
1514 568 1724 638 privatis
1769 566 2085 638 publicisque

562 661 824 714 hominum
836 660 1071 731 negotiis,
1086 670 1173 714 aut
1194 669 1446 714 mutatum
1471 669 1559 714 aut
1580 658 1871 715 relaxatum
1899 667 1946 713 et
1974 658 2079 712 dis-

559 751 801 805 solutum.
1783 749 1911 822 Cap.
1936 750 1992 818 2,
2026 751 2078 805 '5.

487 840 735 897 Ethnicos
778 845 967 914 refutat
1014 843 1335 914 objicientes,
1380 843 1640 914 impietate
1685 844 2083 899 christianorum

560 936 681 989 deos
726 934 972 1006 offensos,
1025 936 1272 989 mundum
1303 936 1589 1008 pestilentia
1617 936 1836 1005 aliisque
1864 935 2081 989 calami-

559 1028 744 1083 tatibus
795 1027 1049 1084 obruere:
1081 1045 1145 1083 ea:
1191 1030 1317 1099 ipsis
1365 1030 1498 1083 enim
1547 1030 1809 1101 gentilium
1856 1030 2083 1084 historiis

556 1132 870 1193 compertum
901 1131 977 1177 est
1001 1124 1230 1176 homines
1261 1132 1381 1177 ante
1418 1122 1651 1177 auditum
1680 1139 1922 1194 umquam
1945 1121 2081 1175 chri-

552 1216 835 1271 stianorum
864 1229 1044 1269 nomen
1085 1225 1173 1268 aut
1210 1214 1392 1269 iisdem
1439 1223 1527 1268 aut
1570 1214 1723 1268 etiam
1764 1212 2081 1285 gravioribus

553 1308 783 1365 cladibus
813 1310 970 1381 fuisse
994 1317 1218 1363 vexatos.
1355 1307 1359 1310 ’
1776 1305 1905 1376 Cap.
1935 1308 1987 1374 '5,
2020 1307 2074 1362 4.

481 1402 814 1461 Demonstrat
857 1423 1055 1478 quoque
1094 1415 1197 1459 tam
1238 1417 1429 1459 certum
1458 1422 1567 1460 esse
1597 1404 1826 1458 crudelia
1855 1403 1988 1457 bella
2017 1403 2079 1457 ab

553 1499 845 1565 Atlanticis,
877 1499 1116 1570 Assyriis,
1146 1496 1459 1565 Bactrianis,
1482 1496 1677 1561 Persis,
1712 1495 1921 1562 Crtecis,
1955 1493 2080 1550 Tro-

544 1590 687 1661 janis
711 1600 755 1644 et
780 1590 1048 1656 Romanis,
1073 1607 1103 1643 a
1134 1588 1295 1654 Nino,
1323 1588 1614 1651 Zoroastre,
1639 1585 1832 1653 Xerxe,
1858 1587 2081 1641 Alexan-

555 1683 648 1737 dro
677 1681 890 1753 Magno,
922 1682 1135 1752 aliisque
1150 1682 1273 1736 olim
1299 1692 1438 1753 gesta
1459 1683 1633 1753 fuisse,
1648 1698 1803 1752 quam
1820 1690 2075 1746 constare,

552 1773 644 1827 illa
675 1783 786 1843 post
828 1771 1020 1827 Christi
1065 1783 1230 1827 ortum
1276 1774 1543 1827 imminuta
1571 1773 1746 1842 fuisse.
1775 1771 1904 1842 Cap.
1934 1772 1988 1840 5,
2016 1771 2069 1828 6.
2102 1769 2151 1831 Β

481 1862 830 1934 quuirit,cur
852 1873 921 1918 tot
940 1865 1192 1935 tantisque
1217 1866 1366 1920 malis
1392 1881 1454 1919 ea:
1483 1865 1800 1920 ethnicorum
1826 1866 2073 1919 sententia

549 1956 770 2010 mundus
792 1966 1071 2028 prematur.
1106 1955 1263 2011 Docet
1289 1958 1367 2011 vel
1392 1958 1499 2011 haec
1523 1957 1591 2010 ad
1610 1972 1791 2011 causas
1812 1956 2072 2011 naturales

548 2050 818 2121 referenda
853 2065 993 2115 esse;
1022 2049 1101 2104 vel
1146 2050 1285 2104 mala
1329 2050 1489 2105 videri
1538 2050 1857 2117 hominibus,
1901 2051 2073 2105 omnia

547 2141 903 2195 commoditate
947 2157 1041 2196 sua
1086 2141 1435 2209 metientibus,
1465 2157 1576 2211 qua:
1600 2150 1732 2196 certe
1756 2142 1846 2196 toti
1875 2152 2073 2197 natura:

547 2242 595 2289 et
619 2235 808 2288 mundo
838 2234 987 2288 utilia
1013 2244 1153 2288 sunt.
1752 2232 1879 2304 Cap.
1916 2232 2067 2287 7-12.

479 2327 645 2394 Quam
678 2335 986 2398 praepostere
1026 2335 1195 2380 autem
1238 2324 1426 2382 ethnici
1469 2325 1607 2380 mala
1636 2326 1809 2379 omnia
1838 2325 1893 2378 in
1917 2322 2069 2379 Chri-

548 2419 742 2474 stianos
769 2418 1003 2473 trecentis
1030 2417 1232 2472 circiter
1260 2416 1447 2471 abhinc
1475 2416 1625 2471 annis
1650 2425 1851 2471 exertos
1888 2416 2069 2486 refun-

548 2514 718 2567 denda
756 2528 865 2567 esse
907 2511 1249 2579 clamitarent,
1281 2510 1436 2564 variis
1467 2508 1747 2564 rationibus
1775 2509 1897 2563 scite
1920 2525 2069 2562 coar-

546 2614 675 2679 gutt.
1709 2600 1838 2669 Cap.
1872 2600 2064 2657 15-16.

475 2699 765 2755 Absurdum
812 2712 929 2752 vero
974 2697 1114 2751 dictu
1143 2712 1249 2752 esse
1279 2695 1623 2760 demonstrat,
1654 2695 1785 2749 iram
1814 2695 1994 2749 cadere
2016 2695 2070 2749 in

547 2792 669 2845 deos
700 2789 1036 2854 immortales,
1067 2786 1363 2858 nullamque
1391 2788 1547 2842 simul
1571 2787 1858 2857 (equitatem
1889 2787 2070 2840 iisdem

545 2886 727 2950 inesse,
760 2885 804 2937 si
834 2882 894 2936 ob
923 2882 1094 2936 illatas
1123 2882 1219 2935 sibi
1247 2899 1278 2933 a
1303 2880 1609 2935 Christianis
1629 2880 1866 2950 injurias,
1893 2895 2070 2933 earum

545 2993 720 3047 plenas
760 2984 864 3028 tam
891 2974 954 3028 ab
980 2974 1105 3043 ipsis
1130 2989 1283 3043 quam
1314 2973 1377 3026 ab
1406 2971 1725 3033 insontibus;
1757 2980 1812 3024 ut
1843 2970 2064 3035 aiebant,

543 3069 757 3125 ethnicis
792 3067 900 3122 ullo
943 3066 1133 3135 absque
1169 3064 1462 3120 discrimine
1501 3064 1813 3133 repetierint.
1844 3062 2066 3116 Conclu-

544 3162 716 3233 ditque
746 3160 836 3214 has
864 3158 1111 3212 ridiculus
1161 3157 1539 3221 criminationes
1579 3157 1691 3210 sola
1738 3160 2059 3224 aruspicum,
2091 3153 2136 3215 C

542 3253 819 3308 ariolorum
838 3260 881 3305 et
895 3260 1066 3304 vatum
1087 3249 1302 3303 avaritia
1322 3264 1429 3303 esse
1442 3247 1707 3315 conﬁctas.
1728 3245 1855 3317 Cap.
1875 3245 2064 3303 17-24.

472 3346 763 3419 Respondet
791 3345 1004 3399 ethnicis
1041 3341 1390 3414 objicientibus
1433 3341 1554 3394 deos
1592 3341 1706 3394 ideo
1745 3341 1799 3394 in
1840 3339 2068 3393 homines

541 3439 747 3503 scevire,
785 3436 905 3506 quia
933 3434 1213 3489 Christiani
1257 3448 1442 3487 novum
1485 3432 1681 3486 cultum
1724 3432 1779 3485 in
1817 3440 2068 3485 terrarum

543 3531 713 3587 orbem
759 3529 1072 3583 invexerant.
1112 3525 1247 3579 Hinc
1277 3525 1487 3597 edocet,
1517 3526 1571 3580 in
1603 3541 1701 3596 quo
1749 3525 2066 3595 potissimum

541 3627 696 3679 totius
721 3618 1027 3674 Christiana:
1072 3618 1335 3689 religionis
1383 3633 1583 3672 summa
1629 3617 1886 3672 consistat.

1578 3708 1708 3780 Cap.
1734 3710 1824 3774 25,
1851 3708 1944 3776 26,
1973 3710 2064 3764 27.

473 3808 679 3865 Exinde
721 3808 889 3879 arguit
935 3805 1195 3859 meliorem
1224 3820 1331 3859 esse
1370 3802 1781 3859 Christianorum
1820 3820 2064 3871 causam,

541 3915 694 3970 quam
738 3914 943 3963 eorum,
972 3896 1060 3964 qui
1096 3896 1231 3964 falsa
1266 3896 1476 3949 numina
1506 3904 1819 3950 reverentur.
1855 3892 2066 3951 Patrem

543 3990 678 4045 enim
706 3989 852 4043 illum
877 3987 1114 4051 adorant,
1144 4001 1176 4039 a
1213 4001 1312 4054 quo
1357 3986 1559 4051 ipsimet
1596 3985 1859 4055 gentilium
1890 3986 1984 4052 dii,
2022 3986 2069 4039 si

543 4082 631 4152 qui
674 4088 826 4146 sunt,
872 4081 1102 4150 accipere
1142 4076 1418 4132 debuerant
1464 4077 1712 4147 quidquid
1757 4076 1977 4131 numinis
2020 4085 2067 4129 et

553 4173 833 4245 majestatis
861 4172 1044 4226 habere
1066 4171 1360 4225 creduntur.
1809 4167 1939 4239 Cap.
1970 4169 2060 4224 28.

468 4266 633 4323 Illum
662 4276 833 4319 autem
861 4279 1033 4318 verum
1056 4262 1222 4316 Deum
1248 4278 1417 4317 rerum
1447 4263 1672 4316 omnium
1698 4278 1807 4317 esse
1831 4261 2067 4334 Opiﬁcem

546 4374 609 4413 ea:
650 4355 905 4423 effectibus
954 4354 1132 4424 probat
1176 4353 1465 4421 Arnobius;
1496 4352 1766 4423 Apolline,
1810 4353 2066 4409 Mercurio

543 4450 759 4520 aliisque
787 4448 1021 4502 omnibus
1055 4446 1249 4516 ﬁctitiis
1276 4446 1566 4501 numinibus
1592 4448 1950 4517 antiquiorem,
1981 4449 2063 4501 itt-

546 4543 780 4613 ﬁnitum,
826 4540 1147 4611 ingenitum,
1198 4539 1572 4605 immortalem,
1622 4550 1887 4593 ceteruum.

1575 4629 2064 4699 cap.29,50,51.

471 4726 689 4784 Cuilibet
715 4743 747 4780 a
773 4734 957 4779 natura
988 4723 1198 4777 insitum
1228 4740 1334 4777 esse
1364 4721 1563 4786 asserit,
1582 4732 1635 4775 ut
1664 4723 1797 4775 hunc
1824 4731 2068 4793 agnoscat

542 4835 711 4890 regem
760 4832 1014 4871 summum
1046 4825 1101 4885 _et
1146 4815 1370 4869 omnium
1416 4815 1785 4869 moderatorem
1810 4830 1829 4869 :
1855 4815 1973 4883 quin
2020 4822 2066 4869 et

543 4911 790 4965 animalia
817 4920 861 4964 et
889 4924 1016 4962 saxa
1040 4908 1177 4979 ipsa,
1205 4908 1249 4962 si
1284 4909 1412 4976 forte
1439 4907 1783 4978 loquerentur,
1811 4907 1865 4960 id
1891 4916 2067 4977 aperte

546 5004 814 5073 palamque
863 5001 1164 5056 clamarent.
1203 4999 1423 5055 Frustra
1469 5003 1626 5073 igitur
1669 5002 1854 5055 ethnici
1884 5000 2064 5055 Jovem

542 5111 796 5148 sumnmm
830 5093 991 5148 Deum
1027 5092 1334 5161 prtedicant,
1370 5109 1516 5163 quem
1543 5093 1732 5147 scilicet
1775 5092 1925 5147 solito
1966 5093 2061 5145 ho-

541 5186 802 5238 hominum
844 5202 984 5238 more
1027 5194 1202 5237 natum
1247 5193 1508 5248 noverunt,
1542 5200 1653 5237 cum
1703 5193 1869 5237 tatnen
1916 5201 2058 5237 sunt-

540 5293 654 5330 mus
685 5274 822 5329 Deus
848 5276 1101 5346 ingenitus
1132 5277 1193 5329 sit
1224 5285 1372 5343 atque
1409 5286 1647 5335 azternus.
1698 5274 1826 5346 Cap.
1870 5277 1932 5331 ’51
1968 5275 2055 5330 55.

475 5371 713 5425 Occurrit
745 5371 955 5424 ethnicis
985 5372 1302 5427 Christianos
1328 5372 1762 5437 iusimulantibus,
1796 5390 1895 5426 non
1923 5373 2060 5443 quod

546 5464 709 5518 Deum
751 5464 1143 5533 omnipotentem
1188 5476 1502 5527 venerentur,
1535 5466 1623 5518 sed
1649 5467 1765 5532 quia
1809 5467 2061 5543 hominem

541 5567 717 5612 natum
748 5569 791 5611 et
821 5546 1002 5628 infami
1032 5559 1193 5611 crucis
1214 5559 1465 5630 supplicio
1511 5560 1868 5631 interemptum
1897 5560 2058 5614 Deum

538 5665 644 5703 esse
665 5648 992 5701 contendant.
1664 5649 1812 5722 Cap.
1846 5652 1935 5719 56,
1967 5653 2057 5708 37.

467 5732 530 5802 Si
555 5757 693 5809 vero,
725 5739 888 5810 inquit
915 5739 1189 5806 Arnobius,
1220 5742 1300 5811 fas
1329 5744 1424 5813 fuit
1456 5743 1688 5811 ethnicis,
1728 5744 1974 5814 quosdam
2005 5743 2057 5797 in

2092 4546 2146 4605 D

2258 474 2467 539 tabant,
2514 476 2761 543 beneﬁcia
2806 491 2825 529 :
2866 485 3060 546 quanto
3106 474 3269 546 magis
3315 473 3551 529 Christus
3595 472 3791 526 honore

2256 564 2429 618 divino
2479 565 2545 620 ab
2587 565 2883 620 hominibus
2929 566 3197 620 habendus
3227 575 3335 634 est,
3371 564 3461 636 qui
3485 563 3592 619 illis
3623 562 3791 619 multa

2256 661 2459 733 majora
2504 670 2552 715 et
2606 660 2813 729 inﬁnita
2866 660 3305 719 abundantissime
3352 658 3608 715 contulit?

3412 748 3784 820 cap.ss,39.

2183 843 2249 896 At
2289 844 2394 909 ille,
2445 845 2742 915 inquiebaut
2781 846 2994 911 ethnici,
3026 845 3197 900 crucis
3225 843 3455 915 patibulo
3480 843 3664 914 afﬁxus
3697 844 3785 896 in-

2254 935 2407 991 teriit.
2447 936 2584 1004 Quid
2613 938 2775 993 inde?
2805 937 2927 993 Non
2966 939 3101 993 enim
3130 953 3267 991 mors
3297 936 3523 1005 Christi,
3545 938 3675 992 sicut
3693 951 3790 990 nec

2255 1025 2573 1100 Pythagora:
2611 1046 2703 1084 nec
2748 1029 3013 1093 Socratis,
3041 1030 3153 1101 ejus
3193 1031 3446 1085 doctrina:
3472 1030 3789 1101 egregiisque

2257 1122 2409 1192 factis
2450 1122 2617 1176 ullum
2662 1124 2838 1177 attulit
2890 1123 3275 1177 detrimentum.
3310 1122 3450 1188 Quid
3475 1137 3611 1189 vero,
3645 1121 3788 1191 quod

2255 1216 2400 1269 nulla
2429 1217 2608 1271 mortis
2637 1216 2852 1288 infamia
2874 1218 3118 1271 innocens
3147 1218 3320 1283 homo,
3352 1215 3787 1287 quemadmodum

2254 1306 2514 1377 Aquilius,
2536 1305 2814 1363 Trebonius
2835 1318 2881 1363 et
2901 1308 3148 1382 Regulus,
3169 1309 3303 1363 inuri
3318 1325 3558 1378 umquam
3584 1308 3789 1379 potest?

2263 1398 2401 1465 Quid
2430 1401 2637 1471 insuper
2669 1401 2910 1457 irrisione
2948 1404 3111 1473 magis
3141 1400 3353 1471 dignum
3384 1402 3481 1454 hac
3506 1417 3785 1472 argumen-

2257 1491 2450 1545 tatione
2480 1492 2745 1561 gentilium
2767 1536 2781 1560 ,
2814 1493 2900 1563 qui
2928 1490 3169 1546 Liberum
3198 1508 3229 1545 a
3258 1490 3529 1545 Titanibus
3556 1491 3786 1563 discerp-

2259 1594 2384 1649 tum,
2414 1582 2781 1657 £sculapium
2810 1586 3027 1657 fulmine
3052 1601 3376 1656 percussum,
3404 1582 3679 1639 Herculem
3702 1584 3786 1639 vi-

2182 1675 2199 1711 ’~
2255 1692 2375 1729 vum
2426 1676 2747 1730 combustum
2795 1676 3022 1745 aliosque
3074 1687 3238 1731 ntorte
3286 1677 3507 1731 violenta
3539 1675 3784 1730 'sublatos

2249 1754 2607 1839 superstitioso
2633 1769 2775 1825 cultu
2798 1769 3120 1824 honorabant
3137 1771 3163 1824 .’
3408 1768 3539 1842 Cap.
3564 1768 3655 1836 40,
3688 1769 3780 1823 41.

2179 1861 2417 1918 Christus
2437 1880 2593 1936 porro
2623 1881 2656 1918 a
2682 1880 2879 1920 summa
2904 1862 3044 1935 Rege
3065 1863 3133 1919 ad
3154 1880 3245 1919 nos
3267 1863 3452 1919 missus
3476 1862 3783 1927 innumeris,

2250 1970 2366 2026 qute
2413 1961 2658 2028 patravit,
2691 1957 2955 2012 miraculis
3001 1965 3106 2010 tam
3149 1964 3286 2011 certo
3329 1972 3484 2024 quam
3528 1956 3788 2009 evidenter

2247 2065 2395 2104 verus
2426 2064 2535 2104 esse
2565 2048 2705 2104 Deus
2732 2049 3113 2121 comprobatur.
3139 2048 3333 2106 Christi
3361 2049 3614 2103 miracula
3640 2064 3787 2104 sum-

2249 2142 2426 2198 matim
2473 2142 2726 2213 exposita,
2756 2158 2821 2197 ea:
2845 2142 3027 2211 quibus
3060 2143 3306 2198 divinitas
3331 2144 3444 2215 ejus
3469 2142 3782 2196 adstruitur.

3423 2231 3555 2306 Cap.
3585 2233 3780 2289 42—47.

2173 2326 2355 2400 Neque
2381 2330 2460 2385 his
2501 2331 2695 2399 opponi
2741 2336 2979 2397 poterant
3003 2337 3198 2383 curatae
3237 2329 3302 2383 ab
3329 2328 3649 2382 ethnicorum
3680 2326 3785 2383 diis

2244 2424 2464 2492 inﬁrmae
2510 2422 2876 2476 nonnullorum
2920 2422 3187 2476 hominum
3224 2421 3563 2476 valetudines.
3609 2419 3776 2489 Nam,

2246 2518 2340 2571 hoc
2368 2517 2574 2570 interim
2599 2517 2761 2587 gratis
2789 2516 2910 2569 dato
2930 2556 2946 2581 ,
2976 2526 3169 2570 certum
3191 2526 3287 2579 est,
3316 2532 3349 2569 α
3368 2515 3513 2570 nullo
3533 2532 3778 2587 umquam

2244 2609 2511 2682 gentilium
2532 2609 2657 2673 Deo,
2676 2609 2824 2663 sicuti
2849 2626 2880 2661 a
2902 2608 3126 2675 Christo,
3151 2610 3303 2680 a'gris
3330 2609 3640 2674 hominibus,
3666 2610 3781 2663 sola

2244 2705 2475 2759 adhibita
2497 2721 2651 2757 manu
2673 2714 2761 2757 aut
2783 2719 2923 2767 voce,
2946 2703 3200 2757 redditam
3213 2706 3508 2758 sanitatem.
3533 2703 3663 2773 Cap.
3680 2705 3774 2762 48.

2175 2795 2356 2867 Neque
2379 2797 2574 2865 patitur
2599 2805 2779 2851 auctor
2803 2795 2900 2849 sibi
2930 2796 3108 2865 objici,
3151 2811 3301 2865 opem
3328 2812 3361 2848 a
3390 2796 3491 2849 diis
3518 2796 3644 2865 ferri
3673 2813 3778 2851 non

2242 2889 2394 2945 ntalis
2428 2889 2655 2960 quidem,
2685 2890 2774 2943 sed
2795 2888 2940 2942 bonis
2971 2889 3169 2959 piisque
3198 2889 3510 2942 hominibus.
3539 2886 3777 2943 Christus

2243 2984 2379 3037 enim
2397 2980 2549 3036 malis
2566 2980 2803 3035 omnibus
2823 2980 3088 3049 (equaliter
3109 2996 3170 3033 ac
3191 2980 3338 3034 bonis
3351 2981 3622 3035 succurrit.
3642 2979 3777 3035 Vera

2244 3083 2490 3143 praeterea
2520 3088 2627 3126 esse
2657 3071 2847 3125 Christi
2879 3071 3131 3126 miracula
3151 3072 3371 3125 ostendit
3412 3071 3579 3126 adhuc
3602 3069 3777 3126 Arno-

2239 3164 2351 3219 bius
2396 3179 2459 3219 ea:
2503 3162 2598 3217 illa
2648 3178 2858 3233 prorsus
2898 3162 3118 3218 mirabili
3151 3171 3419 3232 potestate,
3451 3179 3607 3233 quam
3631 3163 3776 3218 dedit

2245 3257 2399 3310 etiam
2443 3255 2637 3321 inﬁrme
2663 3254 2823 3324 plebis
2864 3255 3172 3323 hominibus,
3205 3255 3441 3327 qualibet
3474 3255 3586 3310 solo
3608 3256 3775 3325 ipsius

2246 3351 2451 3404 nomine
2482 3347 2718 3418 prodigia
2750 3348 2953 3403 edendi.
3410 3348 3544 3419 Cap.
3575 3349 3772 3405 49-52.

2173 3438 2243 3494 Et
2269 3457 2392 3495 sane
2413 3449 2620 3509 quantae
2649 3440 3021 3510 magnitudinis
3046 3450 3092 3494 et
3119 3441 3382 3509 potestatis
3403 3442 3467 3495 sit
3495 3442 3607 3513 ipse
3625 3441 3775 3497 Chri-

2243 3542 2373 3597 stus,
2406 3530 2635 3584 sublimis
2673 3540 2721 3585 et
2760 3531 2823 3584 ab
2849 3531 3029 3585 intima
3053 3533 3228 3585 radice
3262 3529 3418 3595 Deus,
3448 3534 3649 3587 tametsi
3676 3535 3770 3589 ho-

2245 3622 2465 3677 minibus
2481 3622 2605 3676 olim
2635 3622 2947 3692 incognitus,
2972 3623 3053 3678 vel
3072 3621 3195 3679 solis
3211 3638 3344 3694 quas,
3367 3617 3478 3694 ipso
3501 3626 3772 3695 moriente,

2244 3719 2384 3786 facta
2412 3724 2531 3770 sunt
2554 3714 2816 3769 miraculis
2840 3714 3214 3771 evidentissime
3239 3714 3648 3773 demonstratum
3676 3727 3771 3773 est.

3511 3811 3643 3886 Cap.
3672 3816 3769 3871 53.

2171 3900 2358 3957 Christi
2387 3904 2750 3960 miraculorum
2769 3906 2952 3959 veritas
2981 3906 3305 3977 comprobata
3335 3907 3556 3973 primum
3578 3922 3642 3961 ea:
3664 3916 3771 3962 tes-

2244 3997 2377 4053 tibus
2396 3996 2829 4066 locupletissimis,
2858 3996 3049 4053 Christi
3079 3998 3366 4068 discipulis,
3402 3999 3490 4069 qui
3515 4010 3653 4053 certo
3676 4015 3770 4054 ca-

2246 4088 2364 4155 pitis
2394 4090 2618 4155 periculo
2649 4106 2707 4144 ea
2729 4090 3054 4163 publicarunt
3081 4102 3128 4145 et
3162 4092 3379 4161 posteris
3396 4091 3725 4145 tradiderunt
3752 4108 3772 4147 :

2243 4180 2427 4233 deinde
2452 4197 2569 4234 vero
2591 4198 2653 4236 ex
2669 4198 2749 4247 eo,
2770 4183 2904 4252 quod
2931 4181 3226 4250 Christiana
3255 4183 3435 4254 religio
3465 4183 3528 4237 iis
3543 4183 3773 4238 stabilita

2243 4281 2289 4326 et
2328 4274 2665 4340 conﬁrmata,
2700 4273 2992 4329 brevissimo
3027 4284 3251 4345 tempore
3281 4276 3337 4329 in
3379 4283 3481 4329 toto
3513 4286 3770 4329 terrarum

2241 4364 2361 4421 orbe
2388 4375 2620 4437 suscepta
2638 4375 2732 4421 est.
3387 4365 3520 4438 Cap.
3549 4369 3641 4434 51,
3671 4369 3766 4424 55.

2170 4455 2352 4528 Neque
2390 4459 2591 4512 demum
2625 4476 2684 4512 ea
2711 4457 2973 4515 'miracula
3009 4478 3039 4514 a
3080 4460 3413 4531 scriptoribus
3449 4463 3639 4517 nostris
3680 4470 3771 4515 aut

2244 4550 2434 4618 scripta
2472 4550 2783 4603 mendaciter
2828 4560 2917 4605 aut
2962 4552 3175 4606 nimium
3225 4563 3537 4623 emaggerata
3586 4554 3769 4624 probat

2244 4642 2518 4697 Arnobius.
2552 4642 2689 4710 Quin
2716 4644 2870 4697 etiam
2894 4654 2997 4697 tant
3026 4661 3140 4698 vera
3170 4656 3306 4710 sunt,
3352 4661 3466 4714 qute
3497 4645 3686 4700 nostris
3712 4646 3767 4698 in

2243 4737 2411 4793 Librts
2463 4740 2525 4791 de
2566 4739 2769 4794 Christo
2816 4741 3009 4808 scripta
3049 4740 3217 4809 fuere,
3267 4757 3421 4811 quam
3463 4741 3622 4811 falsa,
3654 4755 3769 4809 quae

2243 4829 2458 4903 gentiles
2488 4829 2552 4891 de
2574 4830 2672 4885 diis
2701 4831 2808 4885 suis
2831 4830 3176 4885 tradiderunt.
3398 4828 3508 4901 Cap
3554 4829 3648 4895 56,
3670 4831 3764 4886 57.

2170 4923 2415 4981 Retundit
2449 4920 2699 4979 Arnobius
2728 4921 2955 4977 ethnicos
2997 4932 3254 4992 urgentes,
3288 4921 3407 4975 hinc
3451 4923 3647 4991 scripta
3672 4937 3767 4976 sua

2239 5031 2347 5068 esse
2367 5015 2657 5084 antiquiora
2675 5024 2822 5084 atque
2836 5013 3026 5069 idcirco
3047 5015 3263 5080 veriora,
3288 5015 3433 5069 illinc
3453 5031 3570 5069 vero
3591 5025 3766 5069 nostra

2251 5107 2410 5176 fuisse
2430 5106 2493 5160 ab
2522 5105 2738 5161 indoctis
2765 5106 3055 5160 horninibus
3082 5122 3311 5161 sermone
3338 5107 3456 5160 rudi
3481 5117 3630 5177 atque
3661 5108 3765 5160 im-

2239 5200 2398 5270 polita
2423 5209 2655 5255 exarata.
3378 5197 3508 5268 Cap.
3544 5198 3639 5261 58,
3667 5198 3760 5254 59.

2167 5291 2436 5357 Satisfacit
2460 5302 2637 5347 auctor
2659 5292 2889 5359 ethnicis,
2923 5292 3007 5358 qui
3037 5307 3068 5344 a
3094 5291 3396 5347 Christianis
3415 5290 3760 5361 postulabant,

2237 5400 2327 5437 cur
2346 5382 2600 5448 Christus,
2630 5383 2675 5436 si
2708 5382 2843 5437 Deus
2884 5384 2971 5450 sit,
3015 5383 3295 5437 humanam
3338 5384 3560 5454 fortnam
3598 5384 3764 5437 induit

2236 5483 2283 5527 et
2311 5489 2448 5527 more
2472 5474 2696 5547 humano
2723 5484 2793 5527 est
2818 5474 3167 5542 interemptus.
3265 5472 3395 5543 Cap.
3420 5474 3507 5539 60,
3542 5473 3634 5540 (ii,
3666 5473 3760 5528 62.

2166 5562 2461 5632 Respondet
2483 5564 2660 5616 iisdem
2678 5565 3061 5634 reponentibus,
3090 5565 3385 5621 incredibile
3410 5582 3623 5638 prorsus
3652 5582 3762 5620 esse

2235 5653 2491 5709 Christum
2525 5653 2685 5709 Deum
2716 5664 2762 5709 et
2786 5655 3040 5711 hominem
3066 5657 3293 5712 humana
3341 5666 3540 5712 tantum
3576 5668 3760 5713 natura

2234 5745 2396 5800 visum
2418 5761 2477 5799 ac
2496 5745 2721 5817 patibulo
2741 5747 2973 5817 adﬁxum
2994 5748 3148 5803 vitam
3171 5748 3394 5822 ﬁniisse:
3418 5748 3755 5821 ostenditque,
