3986 6058
269 214 379 276 729

1659 224 1864 281 LIBER
1900 225 2175 291 PRIMUS.

3462 231 3571 288 750

271 345 471 393 nostrae
491 336 564 394 ob
592 336 842 407 invidiam
870 338 1221 407 commoveri,
1251 352 1356 395 non
1387 340 1456 395 sit
1477 338 1699 396 dillicile
1721 355 1871 397 com—
1897 341 1945 402 A
1976 349 2063 397 tur
2111 352 2165 397 et
2211 345 2471 414 premitur
2511 344 2828 416 jamdudum
2872 346 3177 404 miseranda
3226 348 3571 406 mortalitas?

270 431 509 501 probare
555 439 676 502 post
719 429 959 486 auditum
988 430 1260 488 Christum
1291 433 1343 487 in
1375 432 1576 489 mundo
1604 448 1712 488 non
1755 443 1869 489 tan-

271 533 386 579 tum
418 539 524 579 non
548 532 724 588 aucta,
747 539 934 580 verum
963 526 1124 581 etiam
1148 524 1352 596 majore
1378 525 1447 582 de
1478 535 1630 597 parte
1655 536 1681 564 ιι
1707 525 1871 583 furia-

270 631 396 673 rum
425 617 910 688 eompressionibus
939 619 1237 675 imminuta.
1270 618 1402 674 Nam
1424 634 1546 675 cum
1592 621 1866 676 hominum

272 709 359 765 vis
389 717 530 765 tanta
595 710 918 780 magisteriis
962 710 1080 781 ejus
1118 713 1485 782 acceperimus
1529 728 1592 767 ac
1637 713 1866 786 legibus,

273 802 474 856 malum
501 801 645 856 malo
669 800 887 871 rependi
917 817 1024 857 non
1049 812 1327 875 oportere,
1366 803 1614 876 injuriam
1663 805 1872 875 perpeti

271 911 433 968 quam
453 895 694 966 irrogare
710 911 831 952 esse
853 897 1224 967 priestantius;
1248 912 1400 952 suum
1426 898 1600 968 potius
1625 897 1869 967 tundere,

274 1003 433 1060 quam
460 988 640 1045 alieno
667 989 904 1058 polluere
929 1005 1120 1045 manus
1145 999 1199 1046 et
1225 991 1610 1047 conscientiam
1636 1007 1870 1049 cruore:

276 1081 438 1138 habet
459 1097 487 1137 a
508 1082 725 1138 Christo
753 1084 1073 1141 beneﬁcium
1096 1086 1410 1156 jamdudum
1440 1086 1587 1142 orbis
1611 1088 1871 1157 ingratus,

273 1193 373 1250 per
392 1194 551 1248 quem
586 1178 811 1233 feritatis
847 1180 1053 1234 mollita
1082 1190 1163 1235 εει
1189 1180 1389 1247 rabies,
1444 1189 1603 1252 atque
1648 1180 1873 1237 hostiles

274 1285 472 1327 manus
502 1269 754 1328 cohibere
794 1286 824 1325 a
853 1252 1123 1343 sanguine
1138 1274 1349 1344 cognati
1379 1273 1664 1329 animantis
1692 1288 1872 1330 occos-

276 1363 375 1434 pit.
394 1363 547 1431 Quod
566 1362 610 1417 si
634 1361 663 1402 ι)
683 1378 871 1419 omnes
888 1365 1130 1432 omnino,
1154 1365 1244 1437 qui
1269 1366 1514 1422 homines
1538 1380 1597 1422 se
1620 1382 1742 1423 esse
1765 1382 1871 1424 non

274 1454 459 1524 Specie
506 1468 815 1525 corporum,
864 1454 959 1511 sed
1000 1457 1224 1511 rationis
1252 1458 1555 1529 intelligunt
1581 1467 1870 1530 potestate,

274 1545 596 1602 salutaribus
636 1547 752 1617 ejus
791 1546 1138 1620 paciﬁcisque
1181 1549 1413 1606 decretis
1439 1566 1624 1606 aurem
1673 1552 1875 1608 vellent

275 1638 623 1695 commodare
644 1641 944 1713 paulisper,
975 1651 1028 1697 et
1057 1656 1163 1697 non
1204 1642 1343 1699 fastu
1384 1653 1437 1698 et
1475 1645 1766 1716 supercilio
1792 1645 1873 1700 lu-

1974 433 2308 491 Sententiam
2337 452 2424 493 me
2446 438 2623 507 poscis
2644 437 2769 493 huic
2797 438 3159 495 necessariam
3200 439 3332 496 nihil
3373 455 3570 497 causa.

1973 527 2159 599 Neque
2202 530 2345 585 enim
2379 545 2617 600 praesens
2642 542 2802 601 atque
2841 531 2894 587 in
2926 532 3170 588 manibus
3196 532 3364 602 posita
3393 533 3572 590 disce-

1975 623 2145 695 ptatio
2162 633 2183 662 ο
2210 624 2261 678 in
2284 623 2333 678 id
2360 634 2570 694 sumpta
2593 633 2674 679 est
2699 639 2729 678 a
2754 639 2860 691 me,
2883 624 3326 691 utostenderem,
3345 625 3429 681 vel
3446 640 3572 697 pro-

1976 715 2180 781 harem,
2231 716 2425 786 quibus
2474 730 2805 785 unaquaeque
2848 731 2936 771 res
2982 717 3160 772 causis
3190 725 3246 773 et
3272 718 3573 775 rationibus

1979 809 2131 861 lieret
2154 828 2166 863 :
2190 805 2284 879 sed
2315 817 2374 861 ut
2403 808 2681 862 maledicta
2711 807 2951 863 criminis
2980 809 3110 863 tanti
3137 809 3323 880 procul
3354 824 3476 866 esse
3503 810 3573 868 ab

1978 900 2134 955 nobis
2163 899 2524 955 osmnderem.
2573 899 2725 968 Quod
2765 902 2808 955 si
2839 909 3055 971 praisto,
3084 901 3129 955 si
3171 900 3310 957 tacto
3336 911 3390 958 et
3417 917 3575 975 argu-

1978 992 2179 1046 mentis
2225 991 2522 1062 insignibus
2558 992 2633 1047 rei
2665 992 2868 1047 veritas
2917 993 3236 1063 explicatur.
3278 992 3418 1050 unde
3465 995 3574 1050 sint

1978 1082 2093 1139 haec
2120 1083 2281 1150 mala,
2306 1084 2388 1139 vel
2415 1100 2481 1140 ex
2506 1084 2699 1155 quibus
2716 1084 2985 1155 prolluant
3010 1085 3247 1143 fontibus
3271 1087 3574 1159 principiis-

1974 1191 2098 1247 que.
2131 1191 2237 1231 non
2276 1190 2429 1233 curo.

2054 1267 2183 1324 VIII.
2206 1270 2283 1323 Ac
2310 1284 2377 1324 ne
2400 1277 2578 1326 tamen
2596 1271 2818 1326 omnino
2841 1270 2968 1342 quid
2994 1270 3062 1328 de
3087 1271 3245 1328 rebus
3264 1272 3570 1345 hujusmodi

1975 1363 2225 1427 sentiam,
2253 1363 2579 1419 nihilvidear
2606 1364 2959 1437 interrogatus
2983 1381 3326 1437 expromere,
3350 1383 3568 1438 possum

1977 1454 2158 1511 dicere
2189 1474 2200 1506 :
2231 1454 2368 1524 Quid
2395 1456 2539 1511 enim
2569 1456 2613 1511 si
2644 1456 2815 1529 prima
2844 1459 3117 1525 materies,
3158 1474 3279 1530 qua:
3307 1459 3361 1514 in
3387 1474 3570 1516 rerum

1976 1558 2208 1619 quatuor
2252 1548 2517 1604 elementa
2561 1548 2763 1621 digesta
2804 1558 2907 1618 est,
2957 1551 3299 1607 miseriarum
3328 1552 3569 1608 omnium

1977 1655 2168 1696 causas
2208 1639 2321 1695 suis
2362 1640 2601 1697 continet
2631 1642 2683 1696 in
2709 1641 3009 1697 rationibus
3037 1641 3340 1699 involutas?
3362 1642 3499 1711 Quid
3526 1643 3573 1699 si

272 1731 455 1799 minis,
490 1732 603 1788 suis
628 1734 805 1803 potius
832 1733 1101 1799 sensibus,
1132 1750 1291 1805 quam
1323 1735 1467 1791 illius
1495 1736 1872 1793 commonitio—
1898 1737 1949 1799 B
1974 1734 2212 1790 siderum
2259 1744 2438 1789 motus
2479 1736 2643 1791 certis
2695 1736 2886 1807 signis,
2938 1737 3197 1807 partibus.
3242 1739 3575 1812 temporibus

270 1823 432 1880 nibus
459 1823 742 1880 credcrent
774 1841 788 1878 :
821 1825 1104 1881 universus
1129 1826 1445 1898 jamdudum
1469 1827 1617 1883 orbis
1658 1827 1874 1884 mitiora

269 1919 325 1973 in
353 1932 517 1988 opera
547 1919 825 1973 conversis
852 1918 1038 1974 usibus
1064 1919 1216 1984 ferri,
1247 1920 1632 1989 tranquillitate
1663 1921 1713 1975 in
1746 1921 1881 1977 mol-

267 2011 475 2067 lissima
502 2012 742 2083 degeret,
771 2022 827 2068 et
858 2012 910 2067 in
939 2013 1284 2069 concordiam
1311 2014 1622 2081 salutarem,
1640 2013 1876 2070 incorru-

266 2104 377 2177 ptis
406 2104 669 2161 lmderum
697 2105 1065 2162 sanctionibus
1088 2107 1425 2163 conveniret.

341 2197 453 2254 VII.
502 2197 609 2255 Sed
652 2198 697 2252 si
726 2214 822 2268 per
843 2213 957 2267 vos,
988 2199 1255 2269 inquiunt,
1290 2200 1425 2257 nihil
1456 2201 1616 2258 rebus
1665 2200 1870 2257 incom-

265 2290 517 2347 modatur
546 2290 815 2359 humanis,
845 2292 986 2349 unde
1011 2302 1137 2349 sunt
1164 2294 1278 2351 hate
1309 2295 1469 2363 mala,
1493 2294 1687 2365 quibus
1713 2311 1871 2367 urge-

1974 1827 2132 1884 lineis
2156 1830 2369 1898 pariunt
2396 1826 2512 1883 haec
2542 1828 2702 1894 mala,
2745 1839 2799 1883 et
2825 1828 3082 1900 subjectis
3116 1828 3349 1887 afferunt
3395 1831 3577 1888 vario-

1976 1936 2095 1977 rum
2122 1919 2497 1976 discriminum
2523 1920 2911 1976 necessitates?
2937 1920 3073 1987 Quid
3101 1922 3148 1977 si
3179 1922 3335 1978 statis
3362 1931 3575 1995 tempo-

1975 2015 2125 2072 ribus
2154 2030 2331 2070 rerum
2358 2013 2759 2070 vicissitudines
2790 2014 2945 2083 liunt,
2975 2022 3135 2085 atque
3166 2024 3226 2071 ut
3267 2017 3322 2071 in
3364 2016 3572 2073 mariti-

1978 2109 2084 2165 mis
2113 2107 2355 2175 :cstibus,
2387 2105 2548 2162 modo
2575 2106 2827 2162 secundae
2853 2120 2942 2162 res
2969 2104 3216 2174 al'lluunt,
3251 2107 3414 2163 modo
3455 2124 3575 2165 rur-

1978 2216 2071 2258 sus
2095 2201 2329 2257 relluunt
2356 2198 2512 2254 malis
2537 2197 2999 2268 reciprocantibus
3040 2198 3335 2270 prospera?
3361 2198 3499 2269 Quid
3526 2201 3574 2257 si

1977 2295 2219 2350 materia:
2249 2291 2351 2347 faex
2378 2292 2499 2360 ista,
2529 2305 2689 2363 quam
2719 2289 2819 2346 sub
2847 2290 3047 2346 nostris
3072 2290 3342 2347 calcamus
3367 2292 3574 2363 ingres-

1518 2404 1907 2465 LECTIONES
1938 2404 2355 2463 VARIAN'I‘ES.

335 2520 363 2583 ξ
399 2519 481 2569 Ita
499 2518 616 2583 Sub.
645 2518 716 2583 E3
752 2523 892 2583 parte
914 2513 1021 2583 alii.

331 2579 362 2619 ι)
398 2583 478 2633 Ita
502 2579 640 2633 Falv.
666 2579 793 2641 Quid
813 2582 854 2632 sl
893 2580 1009 2633 Sab.

2044 2523 2067 2551 θ
2106 2516 2500 2583 Disceptatioue.
2523 2520 2618 2571 Ms.
2653 2516 2917 2582 disputatio
2939 2515 3080 2569 Fulv.
3107 2515 3255 2570 Male.

1654 2685 2219 2747 COMMENTARIUS.

270 2816 418 2863 nuta.
458 2805 775 2863 Simillimus
814 2806 965 2862 locus
1008 2815 1092 2863 est
1119 2805 1435 2862 Tertulliani
1463 2807 1515 2863 in
1551 2808 1857 2878 Apologet.,

272 2895 326 2935 c.
356 2879 446 2934 40.
484 2896 503 2929 ι
540 2878 606 2933 Ει
640 2890 837 2943 tamen,
868 2879 912 2933 si
946 2880 1202 2948 pristinas
1239 2879 1422 2933 clades
1457 2893 1854 2949 comparemus,

272 2951 477 3005 leviora
509 2964 651 3004 nunc
675 2950 946 3009 accidunt.
978 2966 1043 3004 ex
1073 2966 1181 3020 quo
1217 2950 1543 3004 christianos
1572 2966 1601 3005 a
1637 2951 1748 3006 Deo
1766 2966 1855 3005 or-

1960 2804 2169 2880 disserit.
2208 2804 2287 2880 Er
2306 2804 2509 2880 eodem
2539 2821 2739 2875 genere
2768 2816 2853 2864 est
2886 2809 3103 2864 mortale
3132 2810 3345 2865 malum.
3382 2809 3565 2880 Ovid.,

1960 2875 2086 2929 Met.
2120 2890 2217 2940 vn,
2252 2877 2380 2932 525.
2413 2877 2688 2934 Ocnsssa.

2046 2946 2106 3032 δε
2134 2953 2270 3032 facta
2301 2959 2367 3032 ei
2388 2950 2702 3032 argumentis
2725 2951 3009 3032 insignibus
3051 2954 3353 3032 rei‘ueritas
3392 2953 3568 3023 expli-

275 3022 359 3076 bis
386 3022 616 3102 accepit.
649 3022 726 3076 Ex
750 3036 820 3103 _eo
848 3022 991 3075 enim
1022 3017 1325 3103 innocentia
1355 3022 1537 3076 saeculi
1561 3021 1868 3103 iniquitates
1896 3019 1942 3083 C
1972 3017 2141 3102 catur.
2171 3017 2298 3102 ιιξιίξ.⁸
2329 3017 2601 3103 Οιῄέυὶιιε.
2624 3017 2847 3103 legend:
2876 3023 3021 3103 conj.
3053 3026 3098 3078 si
3129 3028 3277 3103 faxo,
3304 3033 3360 3078 ut
3407 3017 3568 3097 argu-

275 3092 619 3163 temperavit,
651 3103 704 3147 et
731 3092 1112 3161 deprecatores
1140 3092 1232 3147 Dei
1259 3106 1379 3147 esse
1416 3102 1717 3161 coeperunt.
1748 3112 1767 3145 ι
1804 3092 1872 3147 Et

274 3166 498 3218 omnino
546 3171 758 3218 veteres
798 3163 1053 3218 Ecclesiae
1092 3163 1281 3218 Patres
1323 3173 1568 3232 pacatum
1613 3166 1716 3217 sub
1759 3166 1866 3217 Au-

274 3250 437 3304 guSto
466 3234 693 3304 ejusque
732 3236 1139 3290 successoribus
1174 3235 1361 3289 orbem
1392 3234 1594 3289 Christi
1630 3236 1681 3288 in
1714 3234 1873 3289 terris

276 3305 629 3377 apparitioni
667 3316 955 3377 tamquam,
993 3305 1285 3377 praecipuae
1337 3320 1516 3361 causa:
1573 3305 1870 3362 ascribunt.

276 3375 414 3449 Yide
445 3377 557 3449 loca
590 3375 899 3449 Hieronymi
948 3375 1010 3431 in'
1036 3376 1233 3431 Psalm.
1269 3392 1430 3449 uxr,
1474 3377 1608 3449 etin
1660 3392 1780 3448 cap.
1811 3392 1869 3434 ιι.

278 3446 433 3531 Isaia;
462 3448 691 3531 allegata
721 3446 1220 3531 ab'ElntenliorsAtio
1245 3448 1324 3531 ad.
1344 3448 1397 3503 h.
1426 3447 1695 3531 l..0‘_REL[_...

378 3518 594 3589 Cognati
645 3519 940 3574 animantis.
998 3518 1074 3573 Ita
1124 3518 1394 3574 Arnobius
1463 3519 1599 3574 infra
1658 3520 1753 3575 lib.
1804 3535 1871 3586 II,

278 3607 403 3660 cap.
435 3591 505 3646 l6
533 3590 866 3644 :Animantia
908 3606 999 3645 nos
1039 3606 1165 3653 esse,
1209 3600 1299 3644 aut
1339 3591 1630 3645 consimilia
1657 3592 1872 3657 ca’teris,

277 3672 370 3718 aut
396 3678 496 3717 non
526 3662 750 3731 plurima
777 3660 1053 3727 di/l'aritate
1080 3662 1345 3715 distantia.
1381 3663 1762 3718 Eussuonsr.

357 3733 459 3800 Qui
487 3732 715 3786 homines
731 3748 837 3787 esse
859 3748 913 3787 se
933 3748 1032 3786 non
1048 3734 1214 3802 specie
1235 3748 1531 3800 corporum.
1582 3775 1595 3787 .
1642 3775 1656 3787 .
1702 3775 1717 3788 .
1764 3775 1775 3787 .
1823 3775 1835 3789 .

280 3805 592 3876 intelligunt.
617 3804 691 3858 Ita
713 3802 1134 3876 Fulthrsinus,
1157 3805 1427 3860 Stewech.
1445 3815 1493 3859 et
1516 3804 1796 3860 Meursius.
1820 3804 1875 3859 Iu

279 3877 421 3932 Cod.
451 3875 551 3946 ins.
578 3877 731 3930 abest
755 3891 825 3928 se.
852 3875 1056 3930 ORELL.
1084 3904 1156 3915 —
1184 3876 1249 3930 Et
1274 3886 1452 3946 potest
1483 3877 1692 3940 abesse,
1724 3891 1873 3931 more

281 3947 405 4003 scil.
437 3945 783 4011 Graecorum,
816 3955 873 4001 ut
918 3949 1053 4001 infra
1096 3962 1215 4017 cap.
1243 3944 1314 4001 28
1354 3965 1369 4002 :
1414 3945 1662 4001 Dcitatem
1708 3947 1876 4001 sortiti

283 4034 396 4073 esse
422 4018 661 4085 sentiunt,
683 4033 841 4087 quem
861 4018 1035 4072 locum
1063 4017 1267 4071 nolavit
1288 4017 1435 4087 Lips.
1455 4017 1583 4073 Aut.
1616 4018 1786 4073 Lectt.
1818 4034 1877 4083 tt,

284 4090 341 4143 7.
374 4088 511 4143 Add.
543 4088 772 4143 Bentlei.
796 4089 860 4143 ad
888 4088 1069 4143 Horat.
1104 4106 1141 4153 ι,
1167 4090 1338 4156 Epist.
1368 4104 1463 4151 vn,
1486 4088 1577 4142 22.
1607 4088 1710 4144 Aut
1735 4090 1879 4143 enim

284 4159 453 4215 latine
479 4158 677 4214 dicitur
701 4178 713 4213 :
736 4162 989 4214 hominem
1012 4177 1207 4231 incesse
1226 4159 1478 4228 intelligo,
1506 4171 1597 4214 aut
1620 4175 1715 4229 per
1746 4175 1882 4231 grie-

288 4232 520 4303 cistnum
556 4248 568 4283 :
598 4231 750 4303 homo
777 4247 883 4285 esse
911 4230 1160 4303 intelligo.
1188 4230 1460 4303 Densum.

364 4301 657 4372 Supercilio
690 4301 913 4356 ltuninis.
952 4301 1097 4356 Hanc
1128 4302 1410 4358 lectionem
1443 4302 1678 4356 allirmat
1718 4301 1880 4357 etiam

288 4371 471 4445 Codex
505 4388 608 4445 ms.
646 4372 824 4445 Quare
854 4374 1020 4427 nolim
1049 4388 1168 4427 eam
1194 4384 1397 4429 temere
1428 4387 1655 4428 mutare.
1688 4375 1884 4445 Super-

289 4444 469 4500 cilinm
510 4444 716 4497 luminis
762 4442 990 4498 fortasse
1035 4444 1274 4515 appellat
1313 4444 1583 4499 Arnobius
1623 4442 1883 4515 arrogan-

294 4518 445 4574 tiam.
497 4530 600 4586 qua
632 4530 691 4569 se
734 4515 908 4569 credit
947 4516 1141 4582 aliquis
1175 4515 1388 4571 caeteris
1436 4516 1883 4586 perspicaciorem

293 4592 384 4664 nui
403 4584 853 4664 diudrpaieraroa.
878 4585 1119 4664 Hense».
1140 4615 1212 4664 -ττ
1229 4587 1419 4664 Geten.
1438 4584 1680 4664 mutabat
1700 4603 1884 4664 super-

294 4657 792 4729 ciliotttttti'dt'tquutl
819 4658 1277 4729 liabci_Arttobius
1297 4658 1430 4713 intra
1454 4657 1549 4713 lib.
1578 4674 1637 4723 ll,
1660 4657 1777 4727 cap.
1806 4661 1885 4724 I,)

296 4734 558 4800 sequente
583 4727 929 4791 Oberthurio.
960 4727 1224 4784 Meursius
1253 4732 1419 4800 [astus
1447 4740 1492 4785 et
1514 4730 1773 4799 supercilii
1803 4731 1887 4785 lu-

300 4800 455 4852 mine.
482 4797 686 4856 OnsLL.

378 4868 583 4943 Mitiora
629 4873 702 4943 in,
730 4871 1190 4943 opera_conversis
1232 4869 1425 4943 usibus
1452 4870 1596 4943 ferri.
1654 4871 1890 4943 Respicit

301 4941 570 4996 Arnobius
595 4942 660 4996 ad
695 4942 871 4996 locum
897 4941 1045 4998 Isaiae
1070 4957 1189 5011 cap.
1222 4957 1280 5005 Il,
1314 4956 1367 4996 ν.
1398 4941 1453 4996 4.
1479 4942 1684 4998 Onam"

383 5012 499 5079 Vll._
530 5041 603 5052 —
644 5012 944 5067 Miseranda
984 5015 1287 5068 mortalitas.
1340 5011 1712 5068 Mortalitatem
1758 5013 1891 5072 dicit

302 5083 613 5149 Arnobius,
683 5092 742 5138 ut
805 5084 1169 5138 humanitatem
1227 5084 1523 5150 Minucius,
1592 5085 1885 5141 humanum

303 5170 493 5225 genus.
541 5154 630 5209 Sic
670 5153 848 5209 infra:
882 5154 1019 5208 Nam
1048 5153 1187 5209 Deus
1225 5159 1541 5227 onmipotens
1578 5167 1742 5211 mente
1785 5174 1889 5212 una

304 5228 532 5280 omnium
559 5237 605 5279 et
630 5228 885 5279 communi
914 5227 1238 5298 mortalitatis
1265 5243 1478 5282 assensu
1509 5244 1669 5297 neque
1692 5229 1890 5298 genitus

303 5300 482 5359 scitur,
511 5307 640 5359 clc.;
665 5306 715 5351 cl
749 5298 842 5353 lib.
876 5313 949 5352 tv:
975 5296 1039 5351 Et
1065 5299 1260 5351 audetis
1278 5310 1391 5367 post
1409 5299 1508 5353 ista
1527 5296 1723 5363 mirari,
1753 5300 1888 5354 unde

306 5368 540 5441 oriantur
567 5371 674 5441 hac
703 5369 860 5433 mala,
902 5371 1082 5435 quibus
1119 5370 1396 5441 inundatur
1423 5380 1470 5423 et
1510 5371 1755 5441 premitur
1781 5373 1890 5426 sine

308 5440 417 5491 ulla
445 5440 816 5493 intermissione
842 5441 1147 5493 mortalitas.
1185 5440 1423 5496 ΙΙειιΑιι).
1450 5472 1517 5482 —-
1548 5441 1622 5496 Ita
1666 5452 1720 5497 el
1748 5442 1886 5496 Plin.

310 5508 450 5563 Hist.
471 5509 588 5580 Nat.
607 5525 665 5575 tt,
683 5510 743 5562 7:
770 5509 999 5580 Fragilis
1019 5510 1272 5565 laboriosa
1294 5513 1594 5576 mortalitas,
1620 5525 1669 5567 et
1698 5513 1887 5568 eodem

311 5594 433 5649 tap.
461 5580 489 5651 §
517 5579 610 5646 Ἡ,
638 5579 925 5650 improuida
951 5582 1251 5651 mortalitas.
1269 5582 1471 5638 OBELL.
1490 5613 1561 5624 —-
1580 5584 1718 5638 Add.
1748 5584 1888 5640 Plin.

316 5652 470 5716 tnin.,
502 5651 659 5720 epist.
689 5667 758 5713 Vl,
788 5651 898 5708 20:
930 5650 1051 5705 Nisi
1072 5669 1149 5707 me
1173 5669 1285 5706 cum
1305 5657 1554 5719 omnibus,
1589 5655 1760 5709 omnia
1781 5671 1887 5709 me-

317 5737 450 5788 cum,
486 5724 687 5791 misero,
717 5739 901 5796 magno
930 5735 1098 5781 tamen
1135 5725 1460 5781 mortalitatis
1497 5725 1680 5781 solatio
1717 5727 1888 5782 credi-

1908 4408 1962 4469 D

1975 3090 2155 3163 mentis
2194 3089 2482 3163 insignibus
2527 3091 2601 3144 rei
2651 3089 2837 3147 veritas
2881 3089 3183 3163 explicetur.
3238 3089 3490 3150 "anno:
3506 3126 3578 3137 —

1973 3157 2055 3236 ljil
2087 3162 2402 3236 mutandum
2430 3180 2443 3216 :
2470 3165 2628 3236 facto,
2651 3164 2701 3236 7i.
2733 3179 2784 3220 e.
2810 3157 3074 3236 exemplis
3104 3167 3155 3220 in
3184 3168 3325 3220 facto
3358 3167 3569 3236 positis,

1977 3228 2320 3299 Thatsaclten,
2371 3242 2426 3287 ut
2454 3228 2775 3302 saepissime.
2803 3228 2990 3291 Behut.
3034 3237 3080 3291 si
3122 3237 3261 3307 facto
3307 3228 3576 3307 e'glosse;

1975 3312 2119 3357 male
2150 3312 2297 3372 putat
2327 3307 2377 3356 in
2408 3312 2613 3359 textum
2644 3307 2947 3371 irrepsisse,
2989 3323 3111 3363 cum
3134 3309 3274 3363 absit
3298 3322 3328 3362 a

1982 3372 2168 3441 Regio.
2208 3374 2358 3444 Delet
2386 3376 2567 3444 itaque
2597 3391 2719 3430 cum
2751 3377 3002 3433 Meursio.
3026 3378 3230 3434 ORELL.

2049 3444 2180 3500 VIII.
2211 3474 2283 3484 -
2311 3443 2434 3500 Suis
2477 3443 2698 3501 continet
2742 3450 2794 3504 in
2821 3450 3108 3504 rationibus
3135 3450 3407 3506 involutas.
3433 3447 3568 3507 Cod.

3406 3308 3563 3365 odice

1977 3530 2116 3588 ms.,r
2156 3516 2280 3572 Suis
2308 3517 2551 3588 continet
2620 3519 3009 3586 irritationibus,
3059 3530 3163 3577 etc.
3226 3520 3358 3588 Qua:
3418 3521 3576 3578 lectio

1977 3587 2354 3661 antehabcnda
2383 3588 2543 3642 edita:
2565 3593 2618 3643 in
2646 3589 3005 3646 Rotationibus
3042 3590 3224 3661 (quam
3254 3587 3374 3661 post
3409 3591 3573 3650 Gele-

1982 3658 2128 3734 niunt
2158 3673 2350 3734 omnes
2377 3661 2546 3734 secuti
2578 3669 2723 3727 sunt,
2757 3672 2988 3731 excepto
3014 3658 3312 3734 Heraldo‘),
3342 3665 3467 3734 quia
3493 3667 3570 3719 si-

1979 3730 2200 3799 gniﬁcat
2257 3729 2457 3800 aliquid
2508 3732 2557 3784 in
2605 3747 2835 3803 capesse
2878 3729 3181 3800 Occultum,
3244 3729 3386 3803 quod
3436 3736 3574 3792 mala

1983 3809 2237 3873 provocet
2265 3811 2423 3870 atque
2453 3803 2648 3857 irritet.
2679 3802 2734 3860 Si
2767 3804 2894 3873 quid
2943 3814 3119 3859 tamen
3153 3807 3492 3873 mutandum,
3521 3808 3574 3863 in

1980 3872 2262 3948 [titionibus
2309 3873 2477 3948 magis
2522 3874 2738 3929 vellem.
2772 3872 3135 3948 (Just_.ALip‘s.
3179 3876 3233 3931 in
3273 3872 3571 3948 Pltysiolog.

1985 3942 2143 4016 ._S_toic.
2173 3942 2264 4016 lib.
2297 3958 2333 4016 ι,
2365 3941 2585 4016 Dissert.
2617 3960 2732 4009 xw,
2883 3946 3006 4001 568.
3055 3941 3212 4015 Oper.
3247 3941 3457 4012 nolint,
3487 3941 3572 4002 ea.

1994 4010 2190 4087 Vesal.)
2208 4011 2534 4087 Irritationes
2561 4010 2935 4087 itaqueactive
2954 4017 3011 4087 1,
3033 4010 3114 4087 (μζ
3136 4018 3266 4070 vires
3293 4010 3572 4087 irritantes,

1983 4084 2067 4155 die
2110 4083 2439 4155 betvegenden
2482 4083 2687 4151 Krafte.
2743 4085 2846 4141 Sed
2880 4083 3108 4155 praefero
3140 4086 3573 4143 emendationem

1984 4152 2345 4219 lIet'aldi,'vel
2375 4157 2548 4224 potius
2576 4155 2816 4223 Canteri,
2850 4152 2901 4210 in
2932 4156 3236 4213 rationibus.
3267 4156 3341 4212 Ila
3371 4157 3574 4214 Lucre-

1986 4227 2112 4290 tius,
2144 4226 2236 4280 lib.
2271 4240 2327 4291 v,
2374 4241 2454 4281 vs.
2491 4227 2650 4290 “82,
2682 4226 2814 4282 dicit
2841 4229 2953 4283 caeli
2996 4228 3248 4293 rationes,
3289 4229 3326 4283 i.
3356 4244 3408 4285 c.
3450 4229 3576 4287 ρωΙί

1985 4307 2171 4371 motus
2195 4306 2366 4371 ratus,
2399 4308 2557 4371 ratos
2571 4308 2838 4371 astrorum
2869 4298 3110 4365 ordines,
3142 4309 3303 4371 atque
3327 4301 3396 4354 ab
3427 4302 3575 4357 omni

1987 4368 2289 4441 aeternitate
2320 4368 2683 4425 in'nnutabiles
2709 4385 2924 4437 cursus,
2957 4381 3016 4426 ut
3057 4368 3227 4441 explI
3257 4371 3572 4428 Lambinus.

1992 4437 2153 4513 Verte
2180 4441 2340 4509 igitur
2365 4441 2419 4494 in
2444 4440 2588 4494 i/tren
2617 4442 2950 4507 bestimmten,
2974 4437 3160 4513 ewigen
3192 4441 3452 4498 Gesetzen.
3472 4443 3579 4498 Ro-

1990 4512 2207 4585 tatioues
2232 4522 2414 4585 essent
2440 4513 2569 4566 uires
2595 4523 2837 4585 rotantes,
2872 4512 3316 4585 Scliwungkraste.
3368 4515 3574 4569 Οιιειι..

2062 4579 2254 4653 Lineis,
2290 4584 2325 4637 i.
2351 4599 2405 4653 q.
2438 4584 2960 4653 constellationilnts.
2989 4579 3191 4640 υκεὶι..

2064 4652 2200 4719 Quid
2227 4654 2273 4707 si
2298 4652 2443 4707 statis
2474 4654 2796 4722 temporibus.
2826 4652 2960 4709 Cod.
2993 4672 3093 4711 ms.
3135 4655 3271 4722 Quid
3298 4655 3343 4710 si
3385 4656 3577 4711 tralatis

1991 4724 2319 4795 temporibus,
2350 4725 2492 4779 unde
2519 4725 2726 4780 Theod.
2755 4724 3022 4782 Canterus
3040 4727 3247 4785 fecerat
3280 4726 3418 4794 Quid
3445 4728 3489 4780 si
3529 4738 3578 4782 et

1988 4802 2134 4866 statis
2164 4797 2487 4866 temporibus.
2518 4797 2721 4851 URELL.

2065 4865 2222 4921 Malis
2246 4865 2680 4935 reciprocantibus
2711 4884 2979 4938 prospera.
3009 4867 3256 4937 Proprie.
3283 4867 3319 4922 i.
3348 4884 3398 4924 e.
3424 4870 3577 4938 quasi

1989 4937 2185 4993 ﬂuctus
2234 4938 2619 5006 recipientibus
2657 4937 2720 4994 et
2759 4938 3180 4995 remittentibus.
3229 4940 3319 4995 Sic
3367 4937 3579 4995 Ennius

1990 5006 2335 5063 Andromeda
2381 5022 2469 5077 ap.
2504 5007 2732 5064 Nonium
2766 5029 2779 5064 :
2816 5009 3015 5065 Rursus
3049 5026 3258 5080 prorsus
3296 5012 3580 5080 reciprocat

1989 5081 2175 5149 ﬂuctus
2200 5082 2382 5150 feram,
2424 5088 2480 5134 et
2508 5080 2662 5143 ibid.,
2688 5096 2754 5136 ex
2794 5081 2901 5136 alio
2938 5081 3208 5151 scriptore
3251 5100 3263 5135 :
3298 5081 3581 5151 Reciproca

1991 5152 2239 5223 animum,
2268 5151 2496 5220 inquam,
2531 5151 2723 5215 odiose,
2765 5153 2855 5207 ubi
2902 5150 3113 5223 legend.
3152 5154 3397 5208 animam.
3426 5150 3578 5208 Pro-

1991 5220 2289 5294 prieieuitu
2322 5224 2542 5294 omnino
2586 5224 2905 5294 reciprocare
2943 5220 3218 5291 spiritum,
3268 5233 3327 5279 ut
3364 5223 3499 5278 infra
3526 5224 3579 5279 in

1992 5293 2099 5348 hoc
2125 5293 2283 5347 libro.
2319 5293 2558 5347 “suam.
2591 5322 2661 5334 —
2691 5293 2769 5349 Ad
2807 5294 2968 5349 verba
3003 5295 3355 5363 praecedentia
3403 5310 3582 5348 rursus

1990 5365 2216 5434 reﬂuunt
2244 5363 2504 5418 Meursius
2534 5364 2812 5430 observat,
2854 5381 3032 5418 rursus
3056 5367 3351 5434 antiquitus
3376 5364 3579 5420 dictum

1991 5433 2157 5489 fuisse
2215 5449 2311 5503 pro
2368 5449 2664 5500 retrorsum,
2697 5439 2868 5491 citaus
2922 5433 3196 5491 Donatum
3237 5438 3305 5492 ad
3356 5436 3577 5493 'I‘ereut.

1993 5507 2192 5575 llecyr.
2227 5516 2332 5558 act.
2360 5521 2449 5571 tu,
2479 5520 2630 5560 scen.
2664 5508 2724 5560 l:

2116 5618 2371 5684 'I‘rOpidari
2394 5622 2577 5681 sentio,
2599 5621 2785 5672 cursari
2811 5635 3003 5672 rursum
3029 5634 3271 5687 prorsum.

1998 5726 2221 5783 Rursum
2244 5725 2447 5798 proprie
2470 5733 2631 5795 retro,
2664 5743 2899 5797 prorsum
2929 5736 3048 5783 ante
3075 5725 3357 5800 signiﬁcat.
3384 5721 3499 5778 Ottr.
3539 5738 3615 5781 ιι.
