3986 6058
409 251 509 308 751

1536 247 1835 315 iARNOBll
1876 244 2241 304 ADVERSUS
2277 244 2553 303 GENTES

3596 237 3705 297 752

408 364 577 430 sibus.
609 366 746 423 hanc
790 364 948 422 habet
990 365 1092 421 sibi
1123 365 1295 436 legem
1323 362 1524 431 datam,
1555 372 1614 419 ut
1641 364 1852 434 expiret
1899 378 1999 417 no-
2029 384 2080 443 Α
2105 369 2295 417 ventos
2315 361 2519 431 jamdiu
2560 376 2666 417 non
2697 375 2842 427 esse,
2892 369 2948 415 et
2971 358 3095 416 creti
3123 356 3499 429 conquievisse
3539 356 3698 412 tiatu-

408 460 749 514 centissimos
771 457 986 522 halitus,
1010 457 1204 526 quibus
1230 464 1515 526 corruptus
1540 470 1633 509 aer
1656 456 1778 519 iste,
1804 463 1857 509 et
1879 468 2001 509 eor-

409 551 629 621 porihus
677 549 849 604 labem
883 550 1036 611 lerat,
1091 558 1147 603 et
1192 547 1401 618 negotia
1450 547 1684 600 infirmet
1732 544 2000 599 humana?

407 640 543 709 Quid
589 640 657 706 si,
707 638 849 709 quod
892 639 1194 708 proximum
1241 653 1370 691 vero
1409 647 1512 701 est,
1546 635 1796 707 quicquid
1846 635 2000 689 nobis

405 736 617 790 videtur
645 733 956 797 adversum,
989 731 1191 786 mundo
1223 732 1321 801 ipsi
1353 747 1457 784 non
1488 740 1570 785 est
1598 731 1794 784 malum
1831 746 1844 781 :
1880 743 1999 781 ont-

405 823 604 895 niaque
636 839 757 893 qua:
787 823 924 878 fiunt
952 825 1149 878 nostris
1177 820 1647 877 commoditatibus
1676 829 1993 885 statuentes,

404 916 749 988 opinionibus
805 916 1065 984 improbis
1119 914 1465 969 criminantur
1513 921 1702 967 eventa
1758 912 1999 965 Italum"!

404 1010 577 1077 Plato,
615 1006 705 1063 Ille
744 1008 986 1064 sublimis
1012 1022 1146 1077 apex
1176 1007 1615 1077 philosophorum
1646 1016 1701 1061 et
1724 1006 1994 1073 Columen,

404 1117 547 1161 saeva
570 1102 657 1157 illa
683 1101 905 1167 diluvia,
934 1111 988 1156 et
1014 1100 1463 1171 eontlagrationes
1487 1099 1692 1163 mundi,
1724 1098 1999 1167 purgatio-

402 1211 525 1252 nem
574 1204 836 1249 terrarum
869 1194 978 1247 suis
1006 1208 1125 1247 esse
1172 1194 1222 1245 in
1266 1192 1668 1246 commentariis
1713 1190 1990 1261 prodidit:

404 1303 506 1343 nec
535 1289 619 1341 vir
640 1287 875 1358 prudens
896 1286 1143 1341 extimuit
1170 1285 1384 1339 humani
1423 1285 1657 1355 generis,
1689 1282 1997 1340 subversio-

401 1395 546 1443 nent,
570 1380 803 1444 cladem,
837 1379 1042 1443 ruinas,
1076 1378 1345 1446 interitus,
1376 1378 1583 1443 funera,
1612 1393 1789 1433 rerum
1836 1378 1993 1432 inno-

398 1472 666 1528 vationetn
699 1486 912 1538 vocare,
944 1480 995 1527 et
1018 1471 1353 1540 juventutem
1386 1470 1470 1525 his
1498 1470 1785 1541 quamdam
1814 1471 1996 1525 rediu-

401 1565 623 1637 tegratis
648 1565 853 1619 viribus
876 1564 1197 1633 comparari.

472 1654 564 1714 IX.
612 1656 729 1713 Non
779 1657 930 1727 pluit,
976 1658 1167 1726 inquit,
1219 1656 1441 1723 emittm,
1490 1665 1544 1710 et
1593 1656 1988 1711 frumentorum

398 1748 576 1820 inopia
617 1749 800 1805 nescio
826 1761 930 1818 qua
972 1747 1296 1802 laboramus.
1348 1745 1486 1815 Quid
1536 1749 1679 1802 enim
1727 1749 1991 1803 inservire

396 1843 664 1897 elementa
692 1838 795 1894 tuis
825 1837 1231 1893 necessitatibus
1262 1838 1539 1908 postulas?
1591 1847 1773 1909 atque,
1822 1847 1881 1903 ut
1911 1839 1990 1893 vi-

400 1946 528 1987 vere
557 1930 773 1986 mollius
793 1940 849 1985 et
870 1929 1153 1985 delicatius
1181 1938 1236 1983 tu
1265 1930 1460 1998 lmeis,
1491 1930 1747 2001 obsequia
1779 1942 1991 2002 tempo-

398 2036 518 2079 rum
550 2023 656 2078 tuis
683 2021 883 2078 debent
906 2022 1377 2078 commoditatibus
1403 2038 1463 2078 se
1488 2023 1655 2080 dare?
1681 2025 1816 2093 Quid
1848 2025 1990 2082 enim

397 2115 444 2171 si
474 2113 577 2170 hoc
621 2125 778 2186 pacto
804 2113 1162 2185 navigationis
1216 2114 1597 2185 cupidissimus
1630 2129 1991 2188 conqueratur

2108 454 2239 507 ras?
2286 453 2554 525 Numquid
2588 453 2709 508 ideo
2734 452 3019 507 dicendum
3064 461 3148 507 est
3193 451 3548 520 perniciosam
3578 463 3701 503 esse

2105 546 2547 615 tranquillitatem
2597 544 2745 599 illam
2788 543 2994 605 mundi.
3024 545 3145 614 quia
3174 544 3479 597 rectoribus
3526 542 3699 611 impe-

2102 638 2210 693 diat
2244 638 2398 692 vota?
2438 637 2574 705 Quid
2621 638 2664 691 si
2694 637 2811 692 sole
2854 637 3047 706 aliquis
3093 646 3298 690 torrere
3327 650 3386 689 se
3412 644 3619 695 suetus,
3646 640 3703 688 et

2102 730 2382 799 acquirere
2413 729 2627 800 corpori
2660 729 2976 795 siccitatem,
3012 727 3220 783 ratione
3248 725 3513 782 consimili
3562 740 3698 780 eon-

2102 831 2357 893 queratur
2387 820 2841 889 frequentissimis
2889 819 3087 875 nubilis
3133 818 3519 889 jucunditatem
3551 831 3704 871 sere-

2102 914 2284 970 nitatis
2324 912 2593 968 ablatam?
2624 911 2892 981 Numquid
2943 911 3064 966 ideo
3092 910 3316 965 dicenda
3348 918 3470 963 sunt
3515 907 3700 963 nubila

2102 1007 2314 1062 inimica
2347 1005 2670 1061 obductione
2703 1004 2961 1073 pendete,
3009 1004 3131 1073 quia
3186 1002 3389 1057 libidini
3437 1015 3544 1055 non
3576 1015 3702 1070 per-

2100 1099 2331 1154 mittitur
2358 1099 2545 1152 otioste
2577 1097 2794 1151 rutilare
2840 1111 2899 1150 se
2928 1094 3178 1159 ﬂammis,
3207 1108 3258 1151 et
3288 1108 3479 1149 causas
3524 1092 3703 1162 potio-

2101 1191 2258 1246 nibus
2304 1188 2646 1259 pra'parare?
2676 1188 2879 1242 Eveuta
2909 1186 3023 1240 ha-e
3049 1184 3249 1251 omnia,
3299 1198 3418 1253 qnzc
3462 1184 3615 1252 tiunt,
3643 1192 3705 1239 et

2098 1283 2347 1340 accidunt
2374 1282 2519 1337 mole
2550 1282 2648 1335 sub
2677 1279 2776 1334 hac
2808 1278 3012 1345 mundi,
3056 1275 3411 1331 cotnmodttlis
3439 1292 3544 1328 non
3574 1290 3704 1330 nos-

2101 1378 2197 1433 tris
2225 1386 2273 1443 α,
2296 1375 2391 1431 sed
2417 1376 2581 1446 ipsius
2610 1372 2897 1445 pendeuda
2929 1381 3056 1427 sunt
3080 1371 3375 1425 rationibus
3392 1368 3700 1425 ordinibus-

2098 1485 2203 1542 que
2229 1478 2456 1525 naturzc.

2171 1561 2238 1618 X.
2283 1560 2394 1616 Nec
2421 1561 2466 1615 si
2496 1558 2696 1630 aliquid
2740 1557 2954 1621 accidit,
2986 1555 3130 1628 quod
3164 1554 3556 1626 nosmetipsos,
3607 1560 3702 1609 aut

2097 1668 2185 1710 res
2223 1665 2435 1708 nostras
2466 1667 2651 1722 parum
2700 1650 2837 1705 Iactis
2878 1648 3219 1704 successibus
3259 1646 3413 1714 (mit,
3444 1646 3705 1700 continuo

2098 1748 2296 1802 malum
2339 1754 2423 1802 est
2458 1756 2512 1802 et
2540 1746 2591 1800 in
2621 1743 2911 1799 exitiabilis
2938 1742 3017 1797 rei
3066 1741 3320 1809 Opinione
3371 1739 3701 1809 ponendum.

2099 1840 2237 1895 Pluit
2291 1837 2523 1894 mundus
2564 1846 2657 1891 aut
2687 1852 2793 1891 non
2828 1834 2996 1905 pluit,
3027 1832 3245 1889 sibimet
3285 1832 3419 1902 pluit
3459 1841 3549 1884 aut
3592 1846 3702 1885 non

2100 1933 2236 2005 pluit
2269 1951 2282 1987 :
2315 1933 2537 2002 etquod
2569 1930 2794 1985 forsitan
2828 1928 3059 1997 nescias,
3090 1938 3183 1981 aut
3204 1926 3457 1996 uliginem
3482 1925 3705 1981 nimiam

2100 2027 2355 2083 siccitatis
2403 2026 2599 2083 ardore
2644 2025 2917 2097 decoquit,
2963 2032 3055 2078 aut
3103 2020 3396 2092 longissimi
3444 2020 3706 2090 temporis

2104 2120 2408 2177 ariditatem
2449 2119 2749 2191 pluviarum
2786 2115 3135 2174 eti‘usionibus
3176 2122 3459 2185 temperat.
3515 2112 3692 2169 Pesti-

1604 2231 1989 2293 LECTIONES
2028 2236 2447 2302 VARIANTES.

394 2346 422 2408 [ε
459 2346 487 2377 ⁸
519 2347 615 2399 Ms.
639 2344 807 2399 mserit
831 2352 962 2410 sunt,
988 2345 1118 2410 quod
1138 2346 1465 2401 Arnobianum
1483 2357 1572 2404 est.

1777 2458 2337 2522 COMMENTARIUS.

469 2573 620 2629 Plan
641 2575 726 2629 ille
745 2575 974 2631 sublimis
998 2616 1013 2642 ,
1044 2592 1177 2647 apex
1206 2576 1623 2645 pltilosopltormn
1650 2589 1698 2632 et
1727 2580 1979 2635 columen.

396 2645 575 2701 Editio
599 2647 840 2721 Romana
860 2658 925 2721 Aet
953 2645 1142 2721 lumen.
1178 2648 1508 2704 Stewecbius
1532 2650 1726 2704 colnten
1771 2654 1987 2721 antique

396 2733 495 2788 pro
524 2718 743 2773 culmen.
776 2717 926 2773 Male.
957 2717 1218 2773 lliﬂ'erunt
1258 2721 1397 2773 enim
1433 2721 1670 2774 nonnihil
1705 2717 1912 2775 culmen
1934 2734 1986 2777 et

396 2790 1003 2862 columen,_quamquam
1035 2800 1260 2859 Cognata
1288 2790 1394 2862 sint
1424 2794 1674 2852 maxime,
1711 2805 1765 2848 et
1796 2795 1986 2862 smpis-

396 2860 530 2915 sime
544 2859 938 2933 confutnlantur
955 2862 1289 2933 abveteribus.
1312 2860 1521 2916 Culmen
1538 2867 1750 2933 proprie
1777 2859 1983 2918 summa

395 2933 691 3003 parsrtccli,
711 2948 738 2981 ιι
767 2930 965 3003 culmis,
992 2931 1026 2984 i.
1048 2946 1097 2986 e.
1126 2934 1288 3003 paleis
1314 2950 1344 2987 e
1362 2930 1651 2998 messibus,
1691 2936 1881 3003 quibus
1909 2951 1982 2989 te.

2093 2600 2311 2655 prorsus
2334 2595 2387 2641 ct
2407 2596 2708 2642 monstrum
2738 2584 3005 2641 vocabuli.
3028 2582 3361 2643 Stewecbins
3378 2582 3505 2653 legit
3531 2602 3545 2638 :
3576 2580 3696 2639 Ete-

2092 2658 2196 2727 nim
2218 2659 2558 2727 jnvenlulem,
2590 2674 2710 2727 qure
2736 2658 3002 2712 correctio
3044 2657 3094 2710 in
3146 2665 3353 2709 textum
3388 2665 3597 2727 rect-pta
3627 2656 3696 2711 ab

2091 2725 2298 2783 editnre
2326 2725 2815 2798 Lugdune-Balatu
2840 2730 2905 2781 ad
2934 2743 3153 2781 sensum
3181 2728 3315 2781 bona
3347 2726 3561 2798 quidem
3586 2737 3692 2792 est,

2092 2799 2184 2852 sed
2226 2816 2331 2855 non
2385 2797 2712 2855 niece~saria.
2769 2801 2860 2855 list
2891 2798 3008 2853 scil.
3042 2801 3093 2853 lt.
3131 2799 3166 2852 Ι.
3214 2797 3695 2867 δ)ἰιριιδιε,ίιιειιιίι

2091 2870 2229 2935 apud
2259 2871 2507 2940 antiquos
2527 2873 2817 2940 scrip'ores
2844 2866 3303 2940 frequentissima,
3352 2883 3452 2936 qua
3484 2866 3695 2940 duabus

2092 2938 2425 3013 diversisque
2478 2938 2761 2998 sententiis
2797 2952 2848 2997 et
2880 2938 3040 3013 rebus
3072 2955 3251 3013 unum
3279 2939 3432 3013 d:tlt_t_r
3472 2938 3691 2994 verbum

397 2995 571 3085 dificia
592 3002 1068 3085 "contegebantur.
1121 2995 1360 3084 Columen
1414 3016 1593 3085 autem
1635 2995 1730 3059 est
1771 3006 1987 3085 proprie
2015 2995 2060 3058 C
2090 2995 2315 3085 mipimé
2339 2995 2593 3085 iurisque
2612 2995 2957 3069 conveniens.
2988 3012 3062 3066 Ita
3094 3008 3303 3080 γενεῇ,
3350 3008 3501 3078 115m,
3527 3026 3583 3077 tt,
3609 3024 3690 3064 vs.

400 3076 547 3127 trabs
591 3073 709 3136 illa,
737 3070 855 3141 quae
901 3074 1238 3142 perlongum
1281 3075 1332 3129 in
1390 3078 1700 3131 summitate
1732 3070 1983 3133 culminis

398 3144 631 3215 ponitur,
663 3161 689 3197 a
723 3159 824 3214 qua
860 3154 1125 3215 tamquam
1146 3144 1837 3214 nataproducunturomnia
1860 3148 1984 3204 teeti

398 3214 703 3287 ligamenta,
728 3214 1176 3285 quemadmodum
1204 3230 1234 3268 e
1264 3218 1414 3286 Spina
1446 3219 1669 3287 piscium
1689 3220 1876 3285 majori
1902 3237 1988 3276 re-

398 3286 556 3356 liqum
580 3302 768 3341 omnes
787 3286 1598 3353 proﬁciscuntur.resonabat-zu.
1626 3289 1730 3344 rid.
1754 3290 1983 3345 Gesner.

399 3355 461 3410 in
482 3355 775 3419 Thesauro,
808 3357 860 3409 b.
882 3372 930 3412 v.
961 3357 1164 3411 Vitrnv.
1187 3356 1254 3411 de
1285 3358 1600 3426 Architect,
1628 3377 1702 3414 tv.
1731 3360 1762 3415 7
1793 3380 1804 3413 :
1836 3357 1986 3415 Colu-

398 3443 510 3480 men
546 3428 599 3481 in
629 3443 826 3499 summa
856 3429 1063 3499 fastigio
1100 3429 1335 3482 culminis
1357 3470 1371 3494 ,
1398 3430 1532 3483 unde
1551 3443 1596 3484 et
1625 3430 1878 3487 columna:
1907 3432 1989 3485 di-

399 3508 598 3575 cuntur.
631 3495 765 3575 Hinc
790 3495 1023 3575 gulanam
1043 3499 1240 3575 saepius
1262 3516 1357 3568 pro
1377 3502 1626 3556 Columna
1649 3543 1666 3570 ,
1704 3519 1754 3556 v.
1803 3518 1853 3557 c.
1897 3519 1986 3575 ap.

398 3568 670 3632 Ciceron.,
695 3568 762 3623 de
790 3568 1038 3635 Divinat.,
1070 3586 1107 3637 ι,
1144 3571 1199 3624 il
1228 3588 1240 3623 :

524 3658 627 3709 Nisi
655 3665 761 3720 post
779 3658 1033 3709 excelsum
1058 3660 1118 3708 ad
1143 3658 1370 3709 columen
1399 3659 1600 3711 formata
1623 3661 1806 3713 decore

525 3721 705 3771 Sancta
729 3720 865 3770 Jovis
894 3724 1091 3786 species
1114 3722 1273 3771 claros
1296 3731 1548 3785 spectaret
1569 3723 1627 3774 ad
1648 3734 1803 3775 ortus.

399 3826 487 3880 ubi
536 3825 642 3879 vid.
692 3824 990 3899 Hottinger.
1042 3824 1107 3880 V.
1148 3826 1229 3881 Cl.
1256 3824 1498 3881 Columen
1531 3828 1707 3898 itaque
1733 3829 1992 3899 significat

398 3913 503 3951 non
534 3905 735 3970 tantum
763 3897 1123 3970 summitatem
1157 3938 1171 3962 ,
1220 3899 1449 3965 apicem,
1482 3897 1745 3954 sumntum
1780 3897 1982 3970 partem

397 3970 495 4032 rei,
524 3968 616 4022 sed
647 3968 981 4039 etiamquod
1008 3984 1119 4022 rem
1144 3984 1533 4039 quamcumque
1556 3968 1789 4025 sustinet
1815 4013 1828 4034 ,
1859 3986 1991 4025 con-

398 4039 553 4112 tinet,
589 4048 786 4093 tuetur.
814 4038 887 4112 lta
915 4038 1150 4112 Curtius,
1186 4040 1273 4112 lib.
1320 4054 1394 4102 ιχ,
1424 4038 1472 4095 c.
1502 4039 1556 4106 6,
1590 4040 1617 4112 ς
1651 4042 1705 4096 8.
1750 4042 1989 4097 Alexan-

397 4110 550 4165 drum
579 4113 791 4179 appclat
821 4108 875 4162 Μ
882 4111 1140 4163 acedoniw
1167 4111 1399 4164 columen
1429 4129 1488 4165 ac
1516 4108 1679 4177 sidus,
1701 4123 1753 4166 ct
1772 4113 1991 4168 Plautus
2034 4163 2045 4169 -

400 4180 552 4253 Epid.
581 4194 683 4235 act.
718 4197 774 4243 tt.
805 4195 949 4235 scen.
984 4197 1043 4246 ιι,
1073 4197 1149 4234 vs.
1176 4182 1229 4241 5.
1258 4182 1529 4253 Senatiqui
1558 4185 1786 4236 columen
1804 4185 1991 4251 cluent,

399 4252 486 4306 ubi
534 4253 1009 4323 vid._’l‘aubmann.
1058 4253 1301 4307 Catullus
1342 4260 1393 4306 ιιι
1427 4253 1696 4323 Epithal.,
1740 4254 1995 4309 Emathia:

397 4322 626 4396 columen
655 4320 829 4375 Peleu.
862 4324 1048 4396 Aquila
1074 4323 1233 4396 Βιιιιι.
1255 4324 1323 4379 de
1352 4320 1560 4396 Figuris
1582 4335 1838 4390 sentem,
1866 4342 1985 4379 cus-

398 4405 475 4464 t_os
505 4405 547 4445 et
584 4394 817 4464 defensor
862 4388 1177 4462 reipublicw,
1212 4395 1360 4464 salus
1399 4388 1444 4449 et
1481 4396 1715 4448 rolutnen
1743 4388 1983 4451 cit-italis.
2014 4388 2065 4449 Ι)

396 4462 475 4519 Cl.
512 4462 779 4519 Burmann
802 4503 815 4516 .
870 4465 934 4517 ad
965 4464 1144 4525 0vid.,
1176 4463 1324 4526 Met.,
1361 4479 1395 4518 ι.
1429 4482 1508 4521 vs.
1542 4465 1665 4521 089.
1700 4466 1861 4521 Verte
1889 4468 1984 4521 ila-

396 4550 501 4605 que
529 4536 582 4589 it.
602 4537 646 4607 7|.
681 4535 773 4589 das
804 4532 980 4607 Haupt
1001 4534 1105 4587 und
1130 4535 1220 4588 der
1246 4534 1608 4607 Qruudpfeiler
1625 4539 1714 4590 der
1744 4536 1986 4592 Philoso-

400 4607 553 4674 phen.
586 4606 855 4661 Caeterum
883 4606 952 4661 de
1004 4621 1209 4659 summa
1243 4605 1481 4661 Platonis
1526 4608 1666 4675 apud
1694 4610 1985 4677 scriptorcs

396 4689 626 4740 veteres,
659 4680 887 4731 maxime
912 4677 1302 4731 ecclesiasticos
1322 4721 1336 4744 ,
1370 4678 1767 4733 exiStimatione
1796 4681 1900 4732 vid.
1931 4679 1981 4734 .l.

396 4747 540 4819 Lips.
565 4749 777 4803 Mauud.
804 4748 869 4801 ad
901 4748 1067 4820 Stoic.
1099 4747 1524 4820 PhilosOphiam,
1551 4749 1644 4803 lib.
1679 4766 1729 4813 ι,
1764 4750 1894 4804 diss.
1931 4751 1978 4815 l,

396 4821 556 4890 Oper.
585 4830 714 4875 tom.
750 4836 821 4882 tv,
849 4834 900 4889 p.
934 4819 1058 4876 652.
1082 4822 1283 4875 υιιειι..

468 4910 837 4983 Purgationem
890 4920 1037 4965 terra:
1071 4913 1178 4966 suis
1226 4913 1279 4966 in
1326 4914 1701 4968 commentariis
1734 4913 1981 4983 prodidit.

396 4982 635 5052 ReSpicit
664 4984 929 5036 Arnobius
973 4984 1037 5036 ad
1065 4986 1223 5037 verba
1254 4984 1340 5036 illa
1397 4983 1638 5038 Platonis
1663 4988 1712 5038 in
1736 4982 1982 5050 'Tima-o,

398 5052 675 5130 pag._29l,
699 5054 803 5107 vol.
831 5052 1015 5130 “peti.
1045 5053 1158 5122 Bip.
1190 5072 1201 5106 :
1224 5052 1382 5110 Ὀταν
1397 5058 1442 5110 οἱ
1469 5061 1585 5111 Θεοὶ
1613 5063 1701 5117 τὴν
1718 5066 1807 5130 γῇν
1832 5055 1986 5113 ὕδασι

395 5127 711 5200 καθαίροντες
756 5125 1146 5200 κατᾳιελύζωσιν,
1190 5142 1345 5200 quam
1391 5125 1986 5200 sentettgiant'Platnms

396 5196 678 5250 laudarunt
699 5203 753 5267 et
778 5196 864 5249 alii
894 5196 1081 5267 Patres
1112 5198 1391 5267 Ecclesiae,
1418 5213 1467 5251 γ.
1495 5214 1542 5250 c.
1575 5196 1835 5267 Origenes
1863 5214 1987 5253 coa-

397 5278 473 5343 ljra
495 5266 664 5343 Cels.,
700 5266 790 5319 lib.
827 5282 874 5319 tv
909 5285 933 5343 εΔ
955 5264 1140 5343 "Iactat
1172 5266 1225 5323 δὲ
1266 5271 1347 5343 xui
1372 5265 1606 5343 Ἕλληνες
1646 5264 1987 5343 κὰτακὶωσμνῶ

394 5336 425 5397 ἦ
456 5341 585 5413 πυρὶ
604 5340 944 5417 “may-imitata:
972 5337 1236 5417 ιξ-εριὸδους
1256 5340 1631 5417 καθαιρομένην,
1667 5343 1734 5401 ὡς
1756 5344 1842 5396 καὶ
1860 5336 1986 5397 11λά-

393 5429 494 5463 των
512 5408 612 5463 {mu
645 5408 779 5462 οὕιὲω
800 5409 947 5483 λέγει.
976 5408 1216 5466 ΗιίιιΑιΙ).

481 5496 692 5573 vocare,
716 5500 1090 5569 etjuvenlutem
1121 5503 1197 5556 liis
1221 5502 1492 5573 quamdam
1515 5504 1824 5571 comparari.
1849 5503 1982 5559 Cod.

402 5585 500 5623 ms.
531 5570 692 5643 habet
721 5583 768 5623 et
798 5573 1166 5639 injuventutem
1192 5615 1206 5638 ,
1233 5570 1382 5643 quod
1418 5573 1522 5628 Th.
1573 5570 1833 5628 contents
1883 5592 1987 5630 uno

396 5641 657 5716 vocabulo
676 5650 732 5694 ιιι
760 5644 1034 5716 antiquum
1061 5641 1394 5716 retinendum
1417 5654 1603 5701 censet
1628 5687 1643 5712 ,
1677 5656 1734 5700 ut
1754 5648 1822 5700 sit
1849 5647 1989 5716 inju-

400 5724 575 5769 ventus
621 5714 657 5767 i.
688 5729 744 5782 q.
776 5728 981 5769 summa
1003 5712 1273 5782 juventus.
1305 5715 1411 5773 Sed
1434 5716 1537 5773 hoc
1565 5725 1651 5774 est
1690 5712 1985 5775 inauditum

2091 3083 2197 3141 258
2229 3100 2245 3141 ;

2339 3176 2561 3227 inclusos
2584 3182 2731 3227 utero
2753 3176 2947 3227 Danaos
2970 3182 3021 3225 et
3040 3175 3187 3237 pinea
3210 3172 3379 3225 furtim

2339 3238 2497 3290 Laxat
2522 3238 2734 3290 claustra
2758 3239 2912 3289 Sinon

2093 3362 2180 3418 ubi
2210 3363 2348 3417 laxat
2397 3363 2463 3417 ad
2514 3363 2723 3418 Danaos
2768 3361 2957 3418 referri
2988 3378 3092 3416 non
3134 3370 3341 3434 potest,
3377 3360 3470 3417 sed
3501 3361 3689 3418 subin-

2094 3434 2439 3501 telligentium
2467 3445 2551 3490 est
2580 3435 2781 3488 emittit.
2812 3434 2886 3489 lttt
2934 3434 2988 3487 It.
3018 3434 3057 3488 l.
3089 3434 3383 3503 comparari
3417 3450 3521 3488 non
3552 3452 3689 3504 pen-

2093 3506 2180 3559 det
2204 3524 2231 3559 ιι
2253 3506 2584 3575 pnecedcnte
2614 3522 2813 3571 vocare,
2843 3506 2937 3560 sed
2968 3513 3111 3559 totus
3143 3504 3289 3577 locus
3327 3506 3394 3559 ita
3429 3506 3690 3577 supplen-

2094 3578 2194 3631 dns
2227 3594 2364 3631 :uon
2396 3578 2645 3631 extimuit.
2685 3616 2698 3630 .
2744 3616 2759 3632 .
2807 3614 2821 3628 .
2866 3614 2878 3629 .
2927 3617 2941 3633 .
2983 3592 3160 3631 vocare
3191 3575 3260 3647 (et
3287 3575 3571 3645 tif/irritare)
3593 3578 3694 3647 ju—

2094 3659 2345 3702 ventutem
2382 3649 2462 3703 his
2494 3647 2789 3717 quamdam.
2836 3687 2851 3702 .
2898 3685 2912 3699 .
2957 3688 2970 3701 .
3020 3686 3032 3699 .
3080 3686 3093 3700 .
3134 3648 3445 3718 comparari.
3477 3648 3686 3704 Ottt-zLL.

2168 3738 2258 3794 1X.
2300 3771 2371 3780 —
2419 3739 2556 3805 Quid
2603 3740 2647 3792 si
2698 3740 2807 3794 sole
2856 3738 3043 3805 aliquis
3091 3748 3284 3793 torrere
3325 3755 3378 3792 se
3419 3751 3593 3794 suetus
3639 3751 3691 3795 et

2095 3812 2352 3879 acquirere
2397 3812 2599 3879 corpori
2629 3810 2926 3864 siccitatem.
2972 3809 3131 3863 Multa
3177 3810 3247 3864 de
3296 3810 3394 3864 hac
3422 3811 3692 3866 exercita-

2098 3882 2244 3935 tione
2269 3891 2508 3952 veternm
2541 3882 2955 3952 Gytnnastarum
2988 3881 3264 3952 notissima
3298 3883 3691 3950 exemplacmi-

2096 3952 2263 4019 gessit
2292 3950 2681 4016 bluieultorst.,
2714 3953 2779 4005 ad
2832 3952 2886 4005 b.
2933 3954 2970 4005 l.
3010 3950 3412 4014 lnsolationem,
3457 3954 3689 4019 ἡλίωσιν,

2098 4024 2359 4084 ἠλιοκαΐαν
2413 4023 2664 4079 dicebant
2714 4034 2957 4086 veteres,
3014 4022 3209 4091 illaque
3256 4038 3320 4078 ex
3373 4028 3689 4093 pl'tBSCI'lplo

2100 4097 2429 4149 medicorunt
2462 4093 2527 4148 ad
2574 4095 2871 4149 siccitatem
2903 4094 3115 4162 carpori
3141 4093 3520 4163 acquirendam
3566 4106 3687 4150 ute-

2101 4165 2311 4220 bantur.
2343 4166 2492 4220 t:ont.
2524 4164 2744 4236 Meurs.,
2787 4164 2839 4236 in
2869 4164 3085 4231 Critico,
3121 4179 3241 4234 pag.
3274 4164 3329 4236 8,
3359 4175 3433 4230 et,
3464 4169 3553 4236 qui
3586 4168 3688 4223 hac

2098 4236 2165 4290 de
2198 4253 2252 4289 re
2285 4236 2486 4290 multus
2526 4245 2641 4301 est,
2686 4235 2755 4293 Is.
2800 4235 3128 4300 Casaubou.,
3161 4236 3227 4290 ad
3278 4235 3444 4290 Persii
3477 4249 3579 4292 sat.
3608 4254 3684 4302 tv,

2099 4322 2150 4361 v.
2172 4306 2273 4373 52;
2302 4323 2400 4362 nec
2426 4322 2532 4362 non
2561 4309 2676 4361 Ast.
2705 4306 2773 4362 ad
2801 4307 3009 4361 Platon.
3034 4305 3397 4432 Phwdrgag.
3429 4306 3539 4362 262
3563 4324 3679 4379 seq.

3299 4393 3458 4432 BELL.

3299 4393 3458 4433 ιιειι..

2161 4446 2428 4503 Flaturas.
2460 4447 2778 4504 insolentior
2810 4448 3057 4503 formatio
3084 4462 3180 4518 pro
3198 4449 3371 4517 ﬂatus.
3405 4448 3576 4506 Habet
3607 4460 3687 4506 ta-

2089 4535 2210 4575 men
2234 4518 2509 4576 Vitruvius
2537 4535 2593 4584 ιι,
2626 4521 2678 4587 7,
2708 4521 2760 4574 in
2782 4520 2912 4575 aeris
2938 4521 3147 4590 flatura.
3176 4524 3380 4575 UBELL.

2164 4609 2355 4664 Otioste
2374 4611 2586 4664 rutilare
2605 4626 2660 4664 se
2687 4611 2929 4681 flammis.
2961 4608 3112 4663 Fulv.
3145 4609 3368 4665 Ursinus
3397 4610 3500 4680 leg.
3531 4613 3678 4680 conj.

2089 4681 2255 4735 ociose
2280 4683 2522 4735 ustttlare.
2551 4681 2743 4736 Setinil
2774 4681 3107 4736 mutandum.
3138 4680 3367 4735 Verbum
3395 4698 3535 4735 enim
3552 4698 3681 4752 pro-

2092 4755 2265 4819 prium
2306 4762 2363 4807 et
2403 4753 2732 4822 exquisitum
2766 4754 2817 4806 in
2851 4754 2950 4805 bac
2975 4768 3031 4805 re
3060 4761 3141 4805 est
3171 4754 3399 4817 rutilare,
3432 4754 3486 4805 Ιι.
3510 4769 3560 4808 c.
3583 4769 3682 4809 co-

2088 4822 2260 4877 lorem
2291 4825 2505 4877 rutilum
2534 4826 2640 4878 cuti
2683 4823 2957 4879 inducere.
2994 4823 3069 4876 lta
3108 4835 3285 4875 curata
3324 4824 3545 4878 cuticula
3575 4827 3683 4881 sole

2089 4895 2332 4949 dicitura
2370 4896 2577 4961 Persio,
2632 4903 2731 4948 sat.
2769 4909 2845 4948 tv.
2880 4908 2959 4947 vs.
3000 4896 3088 4957 l5,
3131 4894 3217 4946 ubi
3250 4894 3564 4950 scholiastes
3591 4912 3683 4951 ve-

2092 4974 2175 5019 tns
2202 4982 2214 5017 :
2246 4965 2437 5020 Curata
2451 4965 2566 5029 scil,
2597 4964 3018 5019 achromatiariis
3038 5004 3054 5031 ,
3088 4980 3204 5017 nam
3227 4966 3576 5020 cln'omatiarii
3596 4968 3683 5021 di-

2089 5047 2274 5089 cuntur
2302 5037 2559 5097 colorarii,
2594 5036 2672 5090 vel
2706 5037 2795 5103 qui
2842 5046 2948 5089 tota
2975 5037 3056 5089 die
3084 5037 3136 5088 in
3165 5051 3321 5089 arena
3340 5048 3457 5090 sunt
3478 5080 3493 5102 ,
3522 5038 3597 5092 vel
3625 5041 3679 5093 in

2089 5107 2215 5161 sole.
2247 5108 2447 5177 Antiqui
2467 5108 2600 5160 enim
2622 5107 2874 5176 ungrbaut
2892 5123 2944 5162 se
2970 5117 3015 5161 et
3041 5108 3093 5160 in
3116 5107 3221 5161 sole
3240 5120 3405 5176 erant,
3434 5119 3489 5162 ut
3509 5112 3679 5164 oleum

2090 5193 2275 5248 corpus
2304 5178 2580 5232 imbiberat.
2613 5177 2818 5233 υιιειι..

2162 5268 2511 5323 Commodulis
2554 5270 2756 5324 nostris.
2816 5267 2854 5324 l.
2896 5283 2949 5324 e.
3002 5269 3319 5341 commodis.
3358 5286 3479 5341 quze
3524 5272 3676 5330 nobis

2091 5354 2279 5411 magna
2305 5341 2471 5395 videri
2523 5350 2777 5409 possunt,
2817 5341 2910 5395 sed
2951 5340 3079 5394 nihil
3110 5349 3235 5394 sunt
3278 5340 3677 5408 comparatione

2091 5412 2277 5481 salutis
2324 5410 2483 5481 hujus
2532 5412 2765 5464 universi
2801 5451 2816 5477 ,
2867 5420 2925 5465 ut
2973 5414 3107 5466 bene
3131 5412 3362 5481 explicat
3392 5411 3597 5469 Gesner
3625 5415 3676 5469 iu

2092 5480 2808 5537 Thesauro.Commodulmu
2830 5492 2910 5536 est
2940 5482 3078 5548 ἅπαξ
3104 5480 3386 5557 λεγόμενον.
3411 5484 3610 5540 Οιιειι..

2171 5575 2237 5629 Χ.
2295 5605 2366 5614 -
2429 5574 2972 5649 Uliginentminuant.
3032 5577 3248 5649 Servius
3309 5577 3374 5630 ad
3447 5577 3675 5649 Vil'giL!

2096 5645 2291 5715 Georg.
2327 5663 2385 5711 ιι,
2414 5662 2493 5701 vs.
2522 5645 2629 5701 184
2662 5666 2675 5700 ε
2711 5646 2862 5719 Ιιτιὲθο
2892 5658 2964 5725 est
2993 5648 3198 5725 proprie
3227 5650 3474 5705 naturalis
3504 5645 3682 5705 [tumor

2102 5729 2270 5788 teri-te,
2297 5733 2358 5773 ea:
2386 5734 2445 5773 ea
2468 5733 2748 5786 numquam
2778 5718 3034 5775 recedens.
3072 5721 3313 5775 Euasit.
