3986 6058
419 184 530 242 755

1559 184 1837 243 ABNOBll
1872 184 2239 243 ADVERSUS
2276 181 2557 240 GENTES

3611 180 3722 236 736

426 304 567 360 ciis?
594 301 847 362 Trecenti
886 311 1011 359 sunt
1038 301 1165 359 anni
1193 301 1403 369 ferme,
1436 301 1615 359 minus
1645 302 1734 358 vel
1768 303 1889 375 plus
1917 302 2018 357 ali-
2051 308 2103 366 Α
2128 301 2327 363 litates,
2359 307 2521 370 atque
2545 297 2902 354 abundantius
2928 311 3108 353 rerum
3142 303 3335 364 tantas,
3367 306 3425 352 ut
3447 310 3714 353 commer-

424 395 555 468 quid
580 439 594 462 ,
627 410 696 452 ex
727 410 832 468 quo
859 395 1124 466 coepimus
1152 409 1276 450 esse
1291 394 1571 449 christiani
1597 435 1613 461 ,
1666 403 1722 450 et
1752 404 2016 450 terrarum

426 487 483 544 in
514 488 646 545 orbe
667 486 881 544 censeri
911 504 926 542 :
960 486 1222 558 numquid
1259 487 1512 543 omnibus
1534 487 1618 542 his
1656 487 1812 544 annis
1836 487 2013 543 conti-

425 596 534 639 uua
561 580 785 637 fuerunt
806 579 971 646 bella,
1000 580 1273 636 continua:
1298 579 1631 646 sterilitates,
1664 594 1765 650 pax
1798 580 1940 636 nulla
1967 581 2019 634 in

428 673 624 735 terris.
666 671 815 728 nulla
858 672 1104 743 protinus
1134 671 1312 728 vilitas
1349 680 1444 727 aut
1471 671 1799 727 abundantia
1840 687 2021 729 rerum

425 762 566 820 fuit?
599 762 714 819 Hoc
737 764 883 819 enim
913 763 1149 835 primum
1183 763 1528 819 efficiendum
1565 774 1649 819 est
1672 807 1688 831 ,
1722 765 1770 819 ei
1795 765 1886 835 qui
1924 780 2022 821 nos

427 857 645 928 arguit,
692 867 981 927 perpetuas
1021 867 1075 913 et
1116 858 1273 926 iuges
1316 857 1648 913 calamitates
1692 856 1858 913 fuisse
1902 856 2021 925 has,

427 964 720 1020 ttumquam
746 949 970 1004 omnino
993 957 1019 986 ἰ
1040 949 1339 1018 respirasse
1382 948 1651 1013 mortalia,
1669 956 1725 1003 et
1750 947 1868 1003 sine
1903 949 2027 1003 ullis

2122 393 2202 447 cia
2244 398 2522 460 stuperent
2568 390 2817 445 universa
2867 384 3172 461 pretiorum'
3209 389 3532 446 auctoritate
3579 405 3711 459 pro-

2124 485 2333 540 strata?
2374 482 2832 553 Quemadmodum
2869 483 3015 539 enim
3057 497 3144 539 res
3170 483 3298 554 agi,
3344 492 3401 539 et
3442 497 3614 554 usque
3645 481 3721 539 ad

2128 575 2230 631 hoc
2279 584 2489 645 tempus
2537 590 2708 646 genus
2755 574 2847 645 qui
2895 575 3093 630 durare
3131 573 3471 639 mortalium,
3521 574 3567 629 si
3614 589 3726 629 non

2126 671 2306 725 omnia
2331 712 2346 737 ,
2378 684 2498 740 qua:
2530 684 2659 724 usus
2686 677 2935 739 posceret
2954 679 2975 708 ο
2998 667 3437 724 subministraret
3460 666 3717 724 fertilitas

2126 776 2305 817 rerum
2334 762 2358 815 ?

2201 854 2319 911 XV.
2370 854 2475 912 Sed
2505 854 2719 913 fuerunt
2765 855 3058 927 aliquando
3094 854 3353 910 nonnulla
3389 855 3444 910 in
3485 855 3731 913 necessi-

2127 947 2323 1003 tatibus
2354 956 2614 1017 tcmpora.
2651 947 2717 1001 Et
2745 947 2985 1002 relaxata
3013 954 3140 1002 sunt
3166 945 3535 1002 abundantiis.
3566 946 3717 1002 Rur—

428 1043 453 1115 (
481 1050 542 1097 ut
576 1039 819 1116 dicitur)
848 1041 1000 1098 feriis
1022 1083 1039 1110 ,
1067 1042 1444 1115 multiplicium
1477 1041 1678 1098 formas
1707 1042 2026 1099 sustinuisse
2122 1053 2220 1095 sus
2257 1048 2442 1094 contra
2477 1040 2808 1095 voluntatem
2850 1039 3097 1111 quaedam
3129 1039 3267 1095 bella
3314 1038 3715 1096 administrata.

429 1136 828 1192 discriminum.

500 1226 644 1287 XIV.
678 1229 838 1300 Atqui
871 1244 978 1285 non
1003 1228 1033 1269 δ
1057 1229 1304 1287 videmus
1338 1229 1532 1286 mediis
1553 1230 1637 1285 his
1666 1230 1823 1286 annis
1843 1270 1860 1297 ,
1902 1244 2020 1286 me-

432 1322 648 1395 diisque
687 1325 1022 1395 temporibus
1048 1368 1065 1393 ,
1111 1341 1179 1397 ex
1205 1325 1364 1381 victis
1390 1324 1635 1380 hostibus
1659 1324 2026 1381 innumerabio

429 1417 512 1473 les
533 1430 655 1473 esse
683 1416 937 1475 victorias
967 1417 1314 1489 reportatas?
1354 1417 1592 1489 prolatos
1623 1417 1839 1489 imperii
1868 1416 2028 1480 lines,

429 1518 487 1565 et
515 1510 567 1566 iu
588 1519 908 1585 potestatem
939 1509 1184 1566 redactas
1229 1506 1457 1565 inauditi
1486 1507 1722 1563 nominis
1750 1506 2031 1563 nationes?

2129 1132 2197 1188 Et
2247 1132 2484 1187 victoriis
2538 1132 2879 1200 posnnodum
2935 1133 3386 1202 successibusque
3447 1143 3715 1190 ecrrecta.

2130 1224 2271 1293 Quid
2318 1240 2447 1297 ergo
2494 1224 2772 1282 dicemus?
2841 1225 3156 1299 injuriarum
3219 1234 3529 1282 nostrarum
3591 1226 3730 1282 deos

2137 1320 2297 1376 modo
2340 1333 2610 1375 memores
2645 1334 2802 1386 esse,
2850 1319 3009 1374 modo
3035 1333 3157 1376 esse
3196 1335 3385 1375 rursus
3431 1319 3722 1374 immemo-

2137 1412 2267 1468 res?
2307 1412 2364 1469 Si
2392 1425 2498 1482 quo
2530 1420 2774 1481 tempore
2806 1410 2975 1468 fames
3001 1421 3118 1478 est,
3147 1410 3270 1466 irati
3289 1425 3412 1467 esse
3436 1409 3726 1479 dicuntur,

2137 1507 2384 1577 sequitur
2430 1514 2489 1561 ut
2530 1504 2876 1561 abundantiae
2922 1515 3163 1577 tempore
3210 1506 3332 1561 irati
3379 1514 3435 1561 et
3478 1504 3732 1561 difficiles

431 1615 806 1675 saepenumero
833 1601 1103 1660 maximos
1128 1614 1358 1657 annonae
1389 1598 1557 1657 fuisse
1585 1610 1913 1672 proventus,
1942 1599 2024 1655 vi-
2056 1592 2105 1652 B
2133 1614 2238 1656 non
2269 1599 2378 1654 sint
2409 1616 2422 1653 :
2458 1607 2621 1670 atque
2647 1598 2720 1653 ita
2746 1596 3054 1670 perducitur
3091 1611 3179 1655 res
3205 1612 3301 1666 eo,
3338 1605 3394 1654 ut
3417 1597 3624 1655 vicibus
3649 1597 3735 1654 lu-

1605 1727 1899 1787 LECTION
1906 1729 1989 1787 ES
2023 1728 2440 1789 VARIANTES.

497 1874 527 1935 ξι
559 1876 656 1935 Ms.
678 1871 820 1924 male.
844 1871 1020 1935 Omnia
1042 1883 1162 1935 non.

494 1933 526 1978 δ
557 1929 707 2004 Aiqui
728 1937 846 1999 ML;
870 1934 999 2004 quod
1030 1931 1337 1989 retinendwn
1357 1944 1527 1987 censeo
1547 1938 1594 1984 et
1614 1929 1853 1986 tollendas
1873 1929 2025 1984 inter-

2137 1866 2401 1984 rogationis
2415 1874 2551 1923 notas
2569 1867 2621 1922 in
2642 1872 2773 1924 omni
2792 1870 2887 1925 ista
2907 1871 3126 1939 periodo.
3173 1877 3354 1929 Meurs.

2306 1940 2460 1984 susut
2483 1942 2728 1984 nosceret.
2756 1938 2853 1984 Ms.

2306 1940 2460 1985 susut
2481 1942 2728 1999 posceret.
2756 1938 2853 1989 Ms.

1788 2088 2344 2148 COMMENTARIUS.

430 2226 494 2312 ετξ)
521 2230 588 2312 τὰ
616 2230 804 2312 pet-arpi:
842 2230 1126 2307 ἀρνεῖσθαι,
1158 2227 1332 2300 inquit
1372 2227 1695 2284 Aristoteles
1737 2226 1790 2283 in
1831 2227 2039 2284 Rheto-

437 2313 587 2355 l‘ICIS.
622 2313 871 2356 HERALD.

508 2369 745 2425 Trecenti
765 2381 884 2426 sunt
913 2371 1047 2444 anni
1083 2373 1263 2444 ferme.
1285 2368 1543 2427 Similiter
1568 2370 1662 2426 lib.
1693 2385 1755 2444 tl.
1785 2370 1913 2444 Ante
1937 2377 2040 2444 tre.

437 2451 610 2497 centos
655 2458 819 2497 annos
846 2441 1050 2512 religio,
1083 2440 1288 2514 inquit,
1317 2451 1506 2514 questra
1535 2458 1637 2496 non
1680 2442 1799 2514 fuit.
1820 2441 1912 2514 7E;
1958 2440 2043 2496 his

437 2520 587 2584 patet
632 2524 909 2569 auctorem
980 2512 1224 2568 nostrum
1278 2512 1477 2567 vixisse
1529 2514 1630 2568 sub
1682 2512 2039 2584 Diocletiano,

445 2583 713 2655 trecentis,
733 2585 853 2653 plus
882 2584 1060 2639 minus
1099 2584 1256 2640 annis
1296 2592 1420 2655 post
1459 2593 1640 2638 natum
1680 2583 2041 2647 Salvatore-m,

441 2667 683 2726 opusque
704 2654 807 2711 hoc
825 2654 971 2726 varia
992 2653 1573 2726 eruditione'rel'ertum
1595 2654 1876 2723 scripsisse
1901 2669 2044 2708 anno

442 2724 840 2783 fermeChristi
868 2724 999 2793 298,
1031 2725 1194 2782 Urbis
1219 2724 1449 2781 conditae
1495 2727 1655 2793 1050,
1688 2726 1770 2778 vel
1814 2734 2045 2780 exeunte

446 2795 608 2860 1οι9,
640 2813 783 2853 coss.
824 2796 1148 2853 Maximiano
1177 2808 1229 2852 et
1256 2795 1565 2860 Gordiano,
1598 2807 1660 2851 ut
1687 2796 1940 2852 observat
1965 2796 2047 2850 vir

443 2867 790 2924 doctissimus
812 2867 1049 2925 Joannes
1078 2868 1361 2923 Meursius.
1395 2868 1639 2923 Eueuu.

520 2938 685 3033 Erl}?
699 2938 1591 3033 1’33"“31‘..“flfaigfllle'l‘lf’flﬂf‘
1606 2938 1840 3033 intrii;
1850 2937 2041 3033 9583:}?
2071 2978 2115 3033 α

443 3022 500 3094 p.
531 3009 670 3077 348;
699 3009 796 3094 pro
825 3012 1059 3094 protinus
1084 3011 1286 3067 mavult
1322 3025 1536 3094 prorsus
1560 3025 1579 3064 :
1604 3009 1700 3065 sed
1735 3009 1899 3094 nolim
1911 3025 2045 3094 linu-
2071 3009 2116 3039 “

444 3079 942 3154 tarepproiinus,ri.
984 3098 1035 3136 e.
1077 3097 1218 3154 mox,
1266 3095 1423 3152 parva
1460 3080 1861 3154 intercapedine.
1907 3079 2047 3150 Opp.

444 3152 702 3209 continuae
722 3153 1035 3208 sterilitates.
1068 3152 1274 3209 Οιιειι.

524 3222 653 3295 Sine
679 3222 819 3287 ullis,
847 3233 904 3278 ut
925 3225 1134 3289 dicitur,
1165 3224 1339 3295 feriis:
1361 3222 1414 3295 Id
1443 3233 1526 3278 est
1555 3240 1570 3295 ς
1602 3223 1719 3278 sine
1747 3222 1853 3277 ulla
1882 3222 2051 3295 bono-

450 3308 571 3349 rum
609 3294 1032 3351 intermixtione.
1080 3293 1286 3351 Idcirco
1315 3293 1472 3350 Philo
1516 3294 1611 3359 ait,
1663 3294 1829 3349 Deum
1875 3294 2048 3348 solum

448 3378 580 3420 vere
610 3364 788 3420 feriari
806 3406 822 3431 ,
866 3366 989 3430 quia
1016 3368 1167 3422 solus
1189 3380 1323 3421 vero
1360 3363 1556 3435 gaudio
1583 3364 1811 3431 fruitur,
1840 3374 2052 3435 ctApace

450 3435 683 3502 sincera,
714 3451 813 3491 nec
865 3438 974 3492 ullo
1018 3436 1143 3492 belli
1186 3432 1476 3491 simulacro
1521 3436 1841 3504 interrupta.
1874 3432 2049 3489 Verba

450 3506 568 3574 ejus
621 3516 747 3561 sunt
798 3506 850 3561 in
901 3508 1304 3562 Commentario
1345 3508 1415 3560 de
1464 3504 1595 3560 Cain
1628 3524 1641 3560 :
1669 3508 1825 3567 Μόνος
1865 3506 1892 3561 ὁ
1930 3508 2052 3567 Θεὸς

450 3576 692 3649 ἀψευόὧς
711 3578 962 3655 ἑορτάζει,
992 3583 1080 3634 καὶ
1103 3581 1203 3654 γὰρ
1225 3579 1377 3652 μόνος
1396 3579 1557 3649 γήθει,
1582 3581 1666 3631 καὶ
1693 3578 1844 3650 μόνος
1875 3580 2053 3701 adipe:

450 3653 536 3701 καὶ
588 3649 731 3701 μόνος
774 3652 1118 3701 εὐφραίνεται.
1170 3653 1251 3701 καὶ
1302 3650 1435 3701 ιιὸνω
1482 3653 1572 3701 τήν
1623 3650 1779 3701 aitet-vii
1830 3670 1898 3701 πο
1930 3651 2051 3701 ἐαου

450 3653 536 3703 καὶ
585 3649 731 3724 μόνος
766 3649 1121 3724 ἐὺφραίνστριι,
1298 3650 1435 3722 μόνῳ
1482 3653 1572 3708 τήν
1623 3650 1779 3723 ἀμιγῆ
1830 3649 2051 3720 πολέμου

458 3718 782 3796 συρεξᾷϐηκεν
803 3718 1000 3796 {ip-riam}
1020 3718 1181 3796 ὁῗσγειινἸ
1197 3718 1439 3796 ﬂantum.

573 3743 782 3781 οεδηκεν
803 3743 1000 3796 ειρηδην
1020 3744 1052 3775 α
1089 3743 1178 3775 ειν.
1199 3743 1439 3774 ηιςιυιιιυ.

528 3743 668 3845 ὖῖιν.
699 3820 773 3832 --
802 3792 844 3846 Ε
876 3793 1017 3845 victis
1054 3743 1282 3846 lostibus
1325 3789 1722 3844 innumerabiles
1763 3806 1869 3845 esse
1895 3789 2054 3844 uicto-

453 3861 561 3933 rias
585 3871 891 3933 reportatus.
909 3861 1288 3933 Cannegieter.
1319 3861 1422 3932 leg.
1448 3872 1633 3916 censet
1653 3863 1714 3915 de
1729 3862 1895 3933 victis,
1914 3860 2054 3928 quod

456 3931 658 4056 aliquid
707 3933 939 4003 amplius
976 3943 1062 3989 est
1104 3931 1264 4004 quam
1306 3931 1474 3999 vietis,
1528 3948 1724 4003 nempe
1768 3932 2051 3988 debellatis.

509 4018 665 4056 RELL.

509 4018 665 4057 κειι..

530 4074 893 4146 Stepenumero
944 4076 1198 4130 maximos
1262 4090 1485 4130 annona:
1540 4075 1700 4143 fuisse
1760 4083 2056 4145 proventus:

457 4144 629 4200 llanc’
655 4146 938 4202 lectionem
982 4162 1012 4200 e
1048 4146 1172 4201 cod.
1210 4161 1311 4201 ms.
1342 4148 1550 4215 primus
1581 4144 1816 4201 restituit
1848 4147 2055 4204 Stewe-

457 4216 635 4270 chius.
693 4217 869 4273 Editio
913 4217 1158 4272 Romana
1205 4226 1260 4272 et
1305 4219 1424 4272 alim
1478 4219 1621 4272 illum
1667 4226 1888 4283 secutae,
1922 4233 1974 4269 ν.
2002 4232 2050 4270 c.

458 4286 769 4357 Oberthurii
788 4329 803 4353 ,
838 4289 1031 4343 habent
1073 4298 1341 4357 proventus
1367 4303 1624 4344 annorum
1649 4328 1662 4348 .
1689 4288 1832 4356 quod
1865 4291 2050 4343 defen-

2140 2228 2315 2301 priori
2348 2228 2489 2301 aliud
2532 2236 2690 2299 potest
2733 2230 3090 2295 praecesserit.
3132 2230 3245 2285 Dici
3278 2229 3459 2301 itaque
3507 2242 3614 2284 non
3640 2240 3741 2300 po-

2142 2308 2246 2354 test
2274 2300 2519 2374 absolute
2548 2318 2561 2354 :
2589 2303 2676 2367 qui
2719 2305 2887 2374 facere
2906 2302 2939 2374 ξ
2995 2303 3083 2372 qui
3135 2302 3297 2374 ﬁeri?
3328 2300 3462 2374 scil.
3514 2311 3731 2374 potest,

2144 2371 2399 2439 possibile
2439 2381 2541 2426 est.
2579 2371 2781 2427 Ossan.
2813 2371 3050 2427 —Bona
3092 2383 3177 2428 est
3216 2371 3395 2429 Ursini
3425 2372 3736 2427 emendatio

2144 2443 2309 2516 quiret
2337 2443 2544 2497 durare.
2574 2443 2677 2498 Sed
2708 2460 2828 2509 quae
2857 2444 2923 2498 de
2950 2444 3135 2516 ΕΙΙίρεί
3166 2452 3366 2516 potest,
3396 2441 3635 2516 possibile
3660 2451 3736 2497 est

2146 2513 2306 2566 allata
2334 2524 2477 2575 sunt.
2514 2529 2698 2583 parum
2713 2516 2920 2584 juvant.
2952 2513 3183 2570 Omnino
3208 2515 3492 2584 multiplex
3520 2523 3605 2568 est
3633 2528 3733 2582 pro

2146 2586 2430 2638 sententiae
2489 2585 2748 2655 cujusque
2791 2587 3101 2641 diversitate
3138 2586 3402 2656 ejusmodi
3444 2584 3735 2640 accusativi

2148 2669 2269 2727 cum
2302 2656 2566 2710 infinitivo
2593 2658 2851 2712 orationis
2889 2658 3366 2725 eomplementum.
3411 2656 3735 2727 Plerumque

2147 2724 2395 2798 allectum
2423 2727 2664 2797 designat
2691 2738 2782 2782 aut
2806 2724 3122 2783 admirantis
3160 2739 3250 2783 aut
3281 2727 3607 2798 indignantis
3632 2724 3735 2781 do-

2148 2797 2377 2869 lentisve
2410 2815 2423 2852 :
2455 2798 2523 2852 ita
2557 2806 2612 2852 ut
2637 2799 2761 2853 illud
2786 2808 2966 2869 potest,
2987 2800 3224 2868 possibile
3248 2810 3321 2853 est
3353 2797 3511 2853 niinis
3538 2812 3731 2869 vagum

2146 2876 2204 2921 et
2246 2867 2508 2922 incertum
2557 2870 2645 2923 sit.
2694 2867 2828 2925 Nam
2867 2871 2932 2923 ad
2972 2867 3157 2925 vocem
3183 2869 3412 2926 lunonis
3453 2867 3625 2923 Mene'
3652 2871 3737 2922 in-

2149 2948 2292 3008 cepto
2319 2939 2557 2993 desistere
2586 2941 2765 2993 vietam
2790 2942 2814 2993 Ρ
2842 2941 3181 3010 cogitandum
3210 2951 3294 2996 est
3327 2959 3340 2994 :
3370 2956 3527 3009 quam
3569 2954 3735 3009 grave

2150 3021 2235 3065 est
2264 3020 2312 3063 et
2350 3010 2623 3080 indignum
2648 3011 2925 3081 majestate
2953 3021 3155 3074 nostra,
3186 3023 3240 3067 ttt
3268 3011 3462 3067 clarius
3481 3021 3737 3067 cernatur

2152 3081 2288 3154 ratio
2315 3081 2539 3148 adjecue
2571 3082 2847 3150 particula:
2874 3099 2955 3145 ne,
2987 3099 3106 3154 quae
3133 3085 3315 3154 utique
3345 3098 3412 3139 ex
3444 3096 3734 3154 suppressa

2152 3152 2380 3219 quadam
2412 3153 2826 3222 interrogatione
2853 3152 3277 3209 alteri‘niembro
3298 3155 3352 3209 in
3379 3154 3525 3208 Mene
3552 3152 3739 3207 adhae-

2153 3225 2224 3277 sit
2253 3240 2266 3276 :
2301 3223 2654 3277 Fercndumne
2671 3226 2737 3278 sit
2765 3240 2843 3277 me
2870 3225 3108 3280 desistere
3126 3237 3230 3280 etc.
3258 3226 3313 3281 In
3343 3225 3536 3280 talibus
3558 3231 3737 3278 autem

2154 3293 2419 3358 formulis,
2450 3297 2499 3348 in
2525 3294 2716 3363 quibus
2736 3294 2959 3350 alii-ctus
2986 3297 3247 3351 dominari
3275 3299 3434 3363 solet,
3463 3312 3566 3350 non
3590 3305 3736 3349 certa

2155 3365 2485 3438 singularum
2516 3379 2705 3420 vocum
2736 3369 2871 3421 ratio
2897 3368 3157 3436 exigitur,
3190 3369 3411 3438 ipsaque
3440 3368 3737 3435 interroga-

2157 3437 2252 3496 tio,
2271 3446 2559 3505 utcumque
2576 3438 2905 3507 accipienda,
2935 3440 3188 3493 commoti
3213 3437 3376 3494 animi
3398 3439 3605 3501 signum
3632 3445 3736 3491 est.

2154 3507 2339 3576 Neque
2378 3523 2505 3561 vero
2553 3510 2669 3563 sine
2703 3511 3131 3578 interrogatione
3183 3526 3287 3565 non
3337 3508 3515 3566 ell‘erri
3572 3507 3742 3577 possit

2156 3572 2456 3652 istiusmodi
2486 3572 2752 3652 sentfntia
2777 3596 2792 3644 ;
2824 3572 3128 3652 qtttftitititts
3158 3580 3433 3652 probabile
3463 3581 3552 3643 fit,
3572 3572 3738 3652 'quoil

2158 3651 2461 3719 prﬂ‘cipiltlr
2492 3667 2505 3703 :
2540 3671 2556 3701 ι
2591 3649 2773 3705 Talem
2824 3650 3053 3719 Ellipsin
3082 3649 3370 3720 numquam
3416 3666 3537 3706 esse
3560 3692 3576 3714 ,
3637 3650 3743 3704 nisi

2156 3722 2493 3793 przucedente
2518 3737 2594 3776 ne.
2637 3741 2655 3772 ι
2692 3721 2825 3777 Vide
2856 3722 2991 3793 mihi
3028 3723 3201 3778 locum
3234 3722 3367 3778 Livii
3409 3738 3503 3788 ut,
3529 3720 3621 3787 67,
3651 3720 3741 3793 ubi

2155 3793 2356 3846 Consul
2413 3792 2643 3859 Quintus
2687 3792 2876 3861 plenus
2922 3792 3127 3849 doloris
3169 3804 3223 3848 et
3269 3792 3647 3863 indignationis
3691 3792 3743 3845 in

2159 3863 2301 3918 hunc
2323 3864 2537 3917 modum
2568 3863 2846 3919 ordinatur
2876 3882 2888 3917 :
2925 3863 3036 3919 Hoc
3056 3879 3139 3919 res
3168 3867 3298 3920 scire
3322 3906 3336 3930 ,
3394 3867 3489 3919 Itoc
3530 3864 3744 3934 posteris

2157 3935 2414 3988 memoria:
2438 3936 2679 4006 tradition
2704 3934 2805 3987 iri!
2830 3936 2946 3990 scil.
2979 3950 3134 4004 quam
3166 3932 3578 4006 ignominiosum
3607 3932 3742 3988 mihi

2158 4006 2367 4060 consuli
2410 4006 2524 4059 est!
2560 4004 2769 4059 Nullam
2800 4021 2932 4061 sane
2973 4007 3123 4062 vides
3167 4004 3531 4076 interrogandi
3573 4005 3744 4076 parti-

2159 4077 2333 4131 culam
2360 4119 2375 4142 ,
2405 4092 2727 4147 quamquam
2758 4093 2821 4130 ne
2858 4077 3082 4146 intelligi
3122 4080 3287 4147 possit
3313 4074 3495 4131 ad't'os
3528 4094 3541 4128 :
3582 4074 3748 4130 Vosne

2160 4148 2255 4201 hoc
2281 4148 2409 4201 scire
2426 4146 2540 4201 etc.
2571 4146 2675 4202 Sed
2702 4163 2892 4201 vnnunt
2920 4164 3038 4202 esse
3067 4160 3431 4206 commentum
3460 4148 3529 4202 de
3558 4160 3748 4200 ncces-

2159 4220 2319 4274 sitate
2357 4217 2672 4287 adjicienda:
2721 4221 2996 4287 particula:
3034 4237 3114 4285 ne,
3143 4221 3453 4275 Grzecorum
3496 4218 3746 4285 exempla

2162 4291 2332 4359 magis
2359 4291 2627 4344 evincunt.
2677 4288 2886 4343 Clamat
2912 4291 3253 4354 Sll‘t‘pSlaileS
3286 4292 3337 4344 in
3366 4288 3748 4357 Arist0phanis

459 4356 922 4434 dit‘NLllei‘nsLad
946 4356 1119 4434 fl‘acit.
1145 4359 1280 4434 Dial.
1306 4358 1375 4414 de
1399 4360 1651 4434 Corrupt.
1675 4358 1939 4434 Eloque.
1959 4361 2045 4424 l9,

2154 4356 2353 4434 Num},
2376 4376 2461 4434 vs.
2495 4359 2602 4434 207
2630 4379 2641 4412 :
2670 4363 2736 4416 Τὸ
2759 4359 2827 4434 Δδὲ
2858 4369 2925 4434 μὴ
2952 4364 3126 4421 κυνέην
3150 4360 3333 4416 οἴκοθεν
3356 4356 3640 4434 ἐλθεῖν.ᾼέμέ
3664 4361 3750 4416 τὸν

462 4442 512 4498 p.
538 4426 662 4493 965,
688 4428 773 4484 cd.
798 4429 1067 4493 Oberlin.,
1086 4438 1142 4483 et
1168 4430 1588 4493 Adversarq'nt.
1615 4431 1669 4495 3,
1700 4447 1752 4498 p.
1777 4426 1904 4495 925,
1931 4432 2049 4485 lOl'O

461 4497 620 4554 Plinii
651 4498 788 4555 Hist.
818 4499 940 4554 Nat.
968 4541 982 4561 ,
1024 4500 1118 4555 lib.
1149 4515 1223 4554 xu
1246 4542 1258 4561 .
1292 4515 1412 4570 cap.
1449 4501 1476 4554 1
1512 4517 1525 4552 :
1556 4498 1636 4553 Ea:
1677 4497 1944 4555 arboribus
1970 4517 2049 4554 re—

459 4585 640 4624 creans
668 4571 891 4625 membra
914 4571 1013 4626 olei
1041 4572 1227 4638 liquor.
1257 4572 1486 4642 uiresque
1515 4581 1663 4640 potus
1691 4574 1830 4635 viui;
1857 4581 1926 4625 tot
1958 4574 2049 4627 de-

459 4643 613 4709 nique
635 4658 845 4709 sapores
884 4645 1007 4695 anni
1032 4650 1211 4711 sponte
1235 4642 1487 4696 venientes
1520 4656 1615 4711 pro
1647 4642 2045 4711 provenientes.

460 4711 569 4768 Sed
597 4713 759 4768 nolim
784 4712 1075 4785 quidquam
1110 4723 1319 4769 mutare
1347 4724 1533 4768 contra
1564 4714 1687 4841 cod).
1720 4730 1820 4767 ηις.
1866 4714 2047 4769 ﬁdem.

1691 4800 1844 4840 nunc.
1944 4812 1947 4815 -

1691 4800 1844 4840 ΕΒΗ..
1944 4812 1947 4815 ·

534 4851 604 4908 Et
627 4856 930 4911 commercia
968 4865 1226 4926 stuperent
1266 4856 1533 4920 universa,
1574 4860 2053 4926 pretiornmaucto-

463 4925 617 4979 ritate
664 4936 941 4996 prostrata.
986 4925 1131 4982 Nihil
1162 4937 1372 4996 poterat
1415 4925 1521 4982 dici
1554 4928 1884 4993 exlirrssius.
1928 4928 2055 4983 Stu-

464 5011 584 5065 pere
609 4996 768 5066 igitur
793 4999 1117 5053 commercia
1145 4996 1419 5063 dicuntur,
1449 5000 1483 5052 i.
1508 5014 1556 5053 e.
1584 5008 1802 5064 stupore
1820 4999 2051 5067 quodam

462 5078 515 5121 et
550 5075 768 5136 torpore
807 5069 1027 5124 obsessa
1063 5079 1210 5123 stare
1235 5109 1250 5133 ,
1283 5068 1553 5138 quomodo
1583 5069 1842 5125 λιθοῡσθαι
1880 5069 2052 5126 Graeci

463 5138 648 5209 dicunt
673 5153 789 5203 eos,
821 5141 911 5208 qui
939 5149 1161 5208 stupore
1182 5141 1365 5209 aliquo
1388 5139 1615 5204 perculsi
1644 5149 1789 5193 stant
1808 5141 2043 5195 attoniti.

467 5206 622 5281 Unde
651 5220 773 5263 nata
802 5206 1109 5281 deGorgus
1137 5206 1312 5281 capite
1340 5210 1532 5281 fabula.
1568 5210 1811 5266 lienam.

539 5278 982 5344 Quemadmodum
1005 5278 1142 5336 enim
1178 5278 1259 5336 res
1290 5280 1411 5352 agi,
1449 5289 1495 5335 et
1520 5297 1676 5352 usque
1703 5283 1772 5334 ad
1801 5282 1895 5336 hoc
1933 5291 2060 5337 tem-

466 5366 563 5421 pus
588 5366 768 5421 genus
805 5353 893 5420 qui
922 5354 1110 5407 durare
1150 5355 1461 5407 mortalium.
1514 5351 1667 5407 Fulv.
1712 5352 1939 5408 Ursinus
1980 5354 2059 5409 le-

464 5419 624 5496 gend.
673 5419 861 5496 censet
887 5425 1053 5494 quiret
1084 5426 1305 5492 durare,
1349 5422 1490 5494 quod
1514 5439 1634 5496 cum
1667 5423 2059 5496 Cannegietero

468 5491 699 5567 praefero
722 5534 739 5560 ,
768 5491 933 5548 immo
962 5495 1117 5550 unice
1148 5491 1343 5567 verum
1368 5491 1516 5567 puto.
1548 5493 1679 5567 Nam
1710 5491 1880 5563 pomi
1893 5538 1907 5558 .
1940 5512 2060 5567 pos—

464 5562 614 5637 sibile
639 5574 715 5618 est
742 5579 1047 5637 numquam;
1061 5580 1158 5637 per
1177 5562 1390 5637 ellipsin
1420 5562 1766 5632 subauditur,
1792 5568 1892 5621 nisi
1921 5562 2057 5637 prae-

466 5634 693 5713 cedente
729 5651 822 5700 ne,
852 5634 905 5713 γᾷ
938 5650 987 5689 c.
1016 5634 1172 5713 dieue
1194 5634 1396 5713 incepto
1417 5636 1659 5713 desistere
1692 5638 1875 5713 uictam
1904 5634 2057 5713 (scil.

465 5704 723 5777 possibile
759 5705 916 5779 est),
946 5706 1033 5765 vel
1081 5706 1245 5763 etiam
1282 5704 1337 5764 iu
1382 5707 1552 5767 altero
1593 5711 1867 5777 membro,
1912 5704 1959 5767 si
2003 5710 2058 5766 in

2153 4430 2464 4509 κακοδαίμον’
2485 4429 2695 4509 ἕχονςτα,
2715 4431 2806 4509 ubi
2837 4429 3040 4509 Scltol.:
3072 4435 3143 4488 Οὐ
3174 4436 3341 4509 μῳρὸν
3378 4429 3621 4509 δηλονόέι.
3654 4435 3748 4509 οὐκ

2155 4501 2716 4575 ἀνόητονηΧςθιιὸιιΙιοη
2769 4504 3046 4573 (lyropmd.
3091 4501 3275 4565 “(‘23
3307 4514 3407 4575 Τῆς
3450 4507 3660 4575 τύχης,
3690 4507 3749 4558 τὸ

2156 4578 2244 4648 ἐμὲ
2257 4581 2349 4649 νῦν
2367 4573 2600 4649 κληθέντα
2625 4572 2776 4649 δεῦρο
2804 4572 3015 4646 τυχεῖν,
3045 4575 3167 4629 scil.
3196 4577 3283 4630 οὐκ
3307 4573 3474 4631 ἄθλιόν
3499 4572 3633 4641 Ean,
3662 4576 3749 4631 vel

2160 4643 2229 4707 ὦς
2251 4644 2460 4700 δυνατὸν
2490 4647 2617 4699 ἐστι.
2643 4643 2919 4699 Οόιιεκειιξ

2231 4716 2324 4770 XV
2387 4744 2460 4757 ——
2492 4716 2556 4769 Et
2600 4718 2832 4770 relaxata
2881 4725 2997 4771 sunt
3045 4717 3391 4773 abutidaniiis.
3437 4717 3751 4773 Observan-

2157 4788 2260 4842 dus
2294 4786 2394 4860 hic
2446 4801 2574 4860 usus
2614 4787 2889 4860 particula:
2941 4797 2995 4841 ct
3037 4804 3184 4844 mere
3224 4788 3594 4860 adversativus
3653 4805 3749 4860 pro

2157 4870 2209 4913 at
2234 4901 2248 4925 ,
2277 4858 2345 4913 de
2371 4873 2477 4927 quo
2500 4857 2706 4911 dubitat
2731 4858 2791 4911 P.
2824 4857 3151 4925 Burmann.,
3181 4859 3246 4913 ad
3277 4858 3430 4916 Ovid.
3470 4860 3596 4916 Met.
3624 4857 3742 4927 ,iv,

2158 4945 2241 4985 vs.
2277 4928 2401 4984 615.
2437 4928 2638 4983 Οιιειιη

2235 5000 2300 5054 Et
2324 5000 2547 5072 victoriis
2575 5000 2891 5072 postmodum
2917 5002 3330 5072 successibusque
3354 5012 3606 5057 correcta.
3630 5001 3742 5058 Jul.

2160 5071 2377 5127 Firmic.
2425 5069 2645 5125 Matbes.
2676 5113 2690 5135 ,
2720 5070 2810 5124 lib.
2845 5086 2894 5126 tv
2921 5114 2932 5131 .
2963 5088 3011 5125 c.
3048 5074 3132 5126 Η.
3163 5069 3315 5128 Tunc
3345 5075 3489 5128 enim
3519 5073 3752 5128 infortu-

2159 5144 2245 5197 nia
2273 5156 2569 5212 gravesque
2608 5157 2765 5195 rasus
2808 5144 3079 5209 prosueris
3115 5159 3295 5199 rerum
3329 5144 3537 5200 actibus
3580 5145 3755 5201 corri-

2158 5211 2724 5288 gunluadtopﬂofafrat.
2815 5213 3056 5269 HERALD.

2237 5284 2371 5359 irati
2392 5296 2437 5337 et
2464 5284 2704 5359 difﬁciles
2727 5300 2825 5359 non
2847 5297 2984 5359 sunt.
3008 5287 3204 5359 contra
3239 5286 3418 5359 faciles
3439 5296 3485 5341 et
3515 5288 3747 5359 propitii.

2162 5355 2417 5434 Oilliciles
2462 5355 2719 5434 dicuntur
2756 5355 3032 5423 δύσκολοι,
3063 5356 3328 5434 δυσξριᾷες
3350 5402 3365 5426 ,
3415 5355 3648 5434 quorum
3675 5368 3760 5412 est.

2162 5428 2449 5481 delicatum
2482 5427 2772 5481 iracundia:
2817 5443 3005 5497 genus,
3040 5441 3095 5482 ut
3133 5427 3208 5483 ait
3248 5431 3475 5495 Seneca,
3507 5429 3756 5484 homines

2163 5499 2251 5567 qui
2277 5497 2340 5551 ad
2370 5497 2596 5551 aliorum
2628 5512 2925 5551 moresnon
2945 5499 3097 5553 facile
3117 5501 3627 5558 scaccoumnnlant.
3654 5499 3749 5556 sed

2163 5570 2343 5621 Statim
2374 5570 2691 5630 irascuntur,
2724 5570 2767 5622 si
2796 5569 2922 5639 quid
2953 5571 3187 5639 ingenio,
3218 5573 3330 5625 sive
3359 5580 3532 5639 [lOllllS
3563 5574 3758 5624 morbo

2162 5652 2263 5725 suo
2284 5638 2460 5725 min-us
2484 5639 2771 5725 concidere
2792 5638 3030 5725 videtur,
3046 5656 3181 5725 quos
3200 5638 3402 5697 idcirco
3423 5640 3759 5725 δυστρόπους

2162 5711 2325 5765 etiam
2357 5709 2632 5781 eleganter
2657 5708 2833 5767 (ἔτκοί
2855 5708 3077 5770 (ιίιξιιιιι.⁷
3099 5713 3340 5770 “anno.
