3986 6058
254 265 355 319 757

1632 258 1838 322 LIBER
1879 260 2155 327 PRIMUS.

3444 264 3546 322 758

251 375 414 432 dicris
434 416 451 443 ,
481 384 542 431 et
568 382 806 447 ponant,
840 383 896 431 et
938 384 1190 446 repetant
1234 376 1343 432 iras
1369 394 1382 431 :
1413 387 1467 433 et
1494 379 1546 435 in
1574 380 1842 454 integrum
1876 401 1921 458 Α
1950 384 2124 439 cuncti
2152 381 2284 439 nihil
2304 382 2410 439 laeti
2440 381 2638 439 habere
2663 380 2989 447 debuerunt,
3011 381 3058 437 si
3085 379 3351 437 malorum
3374 393 3543 445 causa

252 485 315 525 se
344 484 564 539 semper
585 466 944 525 offensionum
968 469 1343 525 recordatione
1373 472 1680 530 restituant.

329 558 471 617 XVI.
511 560 845 631 Quamquam
877 561 1020 617 istud
1051 561 1193 632 quod
1221 562 1438 628 dicitur,
1471 567 1628 635 quale
1652 568 1723 621 sit
1752 584 1849 623 ex-

262 660 501 733 plicabili
545 676 651 716 non
703 670 882 732 potest
925 663 1419 733 comprehensione
1465 662 1739 734 cognosci.
1792 661 1851 716 Si

255 753 620 822 Alamannos,
656 753 849 811 Persas
876 755 1077 810 idcirco
1104 757 1389 811 voluerunt
1428 755 1674 820 devinci,
1709 753 1848 824 quod

255 845 562 902 habitarent
584 854 639 902 et
662 847 924 919 degerent
956 848 1007 903 in
1035 864 1224 905 eorum
1256 849 1509 919 gentibus
1537 846 1847 911 christiani,

255 936 710 1008 quemadmodum
766 939 1022 995 Romanis
1079 941 1318 996 tribuere
1368 940 1679 1007 victoriam,
1729 953 1851 995 cum

259 1030 565 1086 habitarent
610 1039 666 1087 et
709 1031 968 1103 degerent
1010 1034 1062 1089 in
1106 1048 1297 1089 eorum
1340 1049 1556 1104 quoque
1601 1032 1853 1103 gentibus

256 1122 584 1179 christiani?
626 1123 685 1180 Si
710 1124 763 1180 in
793 1124 942 1190 Asia,
974 1125 1155 1198 Syria,
1189 1126 1397 1182 idcirco
1429 1141 1645 1191 mures,
1692 1134 1747 1180 et
1774 1125 1856 1179 lo-

257 1224 440 1270 custas
463 1213 819 1272 eﬂervescere
850 1216 1218 1289 prodigialiter
1241 1218 1526 1275 voluerunt
1551 1261 1565 1285 ,
1597 1217 1740 1289 quod
1768 1232 1856 1273 ra-

259 1305 411 1363 tione
451 1307 720 1363 consimili
763 1308 1067 1365 habitarent
1098 1312 1151 1365 in
1183 1326 1372 1367 eorum
1411 1310 1664 1382 gentibus
1704 1308 1845 1364 chri-

257 1403 416 1459 stiani
451 1422 467 1459 :
490 1404 543 1458 in
573 1403 826 1475 Hispania
850 1447 866 1473 ,
892 1404 1063 1461 Gallia
1090 1447 1106 1471 ,
1130 1420 1229 1461 cur
1261 1408 1453 1461 eodem
1475 1414 1720 1476 tempore
1747 1403 1846 1459 ho-

259 1510 381 1550 rum
412 1494 545 1551 nihil
586 1505 771 1552 natum
801 1505 921 1563 est,
954 1513 1076 1553 cum
1108 1498 1380 1555 innumeri
1406 1499 1651 1554 viverent
1686 1499 1738 1553 in
1775 1497 1858 1554 his

260 1604 478 1662 quoque
504 1589 798 1661 provinciis
825 1591 1143 1647 christiani?
1180 1592 1236 1648 Si
1266 1591 1406 1662 apud
1437 1591 1694 1656 Getnlos,
1728 1589 1861 1645 Tin-

259 1682 507 1754 guitanos
534 1681 694 1753 hujus
722 1684 801 1738 rei
832 1699 992 1739 causa
1021 1684 1323 1741 siccitatem
1349 1685 1482 1740 satis
1520 1683 1857 1739 ariditatcm-

1955 488 2055 528 nos
2096 488 2279 528 sumus
2308 489 2323 526 :
2355 473 2662 528 nationibus
2687 472 2833 527 enim
2860 486 3051 528 sumus
3089 473 3142 527 in
3184 472 3393 529 cunctis
3416 490 3430 527 :
3457 479 3553 528 aut

1955 581 2078 622 cum
2115 567 2277 620 mixta
2308 565 2536 621 videatis
2575 580 2698 621 cum
2733 566 3090 622 incommodis
3134 566 3288 634 lana,
3320 566 3554 623 desinite

1956 658 2111 714 nobis
2149 658 2423 714 ascribere
2470 658 2522 713 id
2563 659 2708 729 quod
2739 658 2965 715 offendit
3010 675 3099 716 res
3128 669 3336 716 veStras
3359 702 3375 727 ,
3422 675 3548 716 eum

1956 752 2091 806 nihil
2119 752 2258 808 lictis
2293 751 2594 809 ofliciamus
2625 759 2681 808 et
2721 753 3012 823 prosperis.
3062 751 3121 808 Si
3158 752 3303 809 enim
3346 766 3447 823 ego
3490 760 3550 810 ut

1957 845 2099 900 male
2125 845 2194 899 sit
2222 842 2362 899 facio
2385 883 2400 908 ,
2449 858 2546 899 cur
2576 853 2632 898 ut
2670 844 2809 900 bene
2836 844 2939 912 sit,
2974 859 3081 899 non
3118 842 3322 900 obsto?
3361 842 3421 900 Si
3447 884 3462 910 ,
3493 850 3554 899 ut

1957 937 2135 1006 inopia
2182 950 2371 1007 magna
2414 936 2518 1002 sit,
2566 951 2744 992 meum
2777 951 2974 992 nomen
3020 936 3074 991 in
3113 949 3275 991 causa
3299 944 3384 991 est
3414 952 3427 989 :
3456 949 3556 992 cur

1959 1030 2092 1085 nihil
2143 1030 2417 1100 impedio,
2464 1037 2521 1084 ut
2559 1029 2629 1084 sit
2668 1027 2922 1085 feracitas
2965 1028 3238 1084 maxima?
3281 1028 3382 1095 Si,
3412 1036 3472 1083 nt
3499 1027 3554 1084 in

1958 1123 2114 1179 bellis
2144 1122 2436 1193 accipiatur
2466 1122 2691 1188 vulnus,
2722 1138 2822 1192 ego
2849 1121 3002 1178 dicor
3022 1121 3218 1177 afferre
3256 1120 3552 1189 fortunam,

1959 1232 2058 1274 cur
2077 1216 2283 1272 duclles
2313 1232 2436 1272 eum
2467 1226 2714 1286 pereunt,
2740 1216 2936 1272 laevum
2957 1217 3241 1287 augurium
3273 1229 3381 1270 non
3409 1229 3555 1284 sum,

1962 1326 2063 1367 nec
2089 1310 2348 1367 adversus
2394 1324 2519 1380 spes
2560 1312 2731 1367 bonas
2762 1319 2788 1348 α
2819 1311 2948 1367 mali
2977 1310 3175 1367 ominis
3201 1309 3557 1366 obscoenitate

1964 1402 2254 1458 traducor?

2036 1495 2200 1552 XVII.
2234 1496 2300 1551 Et
2325 1505 2525 1564 tamen,
2558 1512 2591 1552 ο
2622 1496 2801 1567 magni
2839 1494 3077 1551 cultores
3102 1505 3265 1565 atque
3291 1493 3561 1552 antistites

1965 1591 2244 1645 numinum
2270 1632 2286 1659 ,
2314 1606 2413 1646 cur
2439 1603 2496 1646 ut
2519 1589 2679 1646 irasci
2707 1589 2920 1659 populis
2948 1588 3261 1644 ehristianis
3283 1589 3560 1660 angustis-

1964 1684 2132 1739 simos
2155 1684 2275 1739 illos
2305 1684 2628 1740 asseveratis
2661 1682 2827 1748 deos,
2859 1682 2934 1737 ita
2963 1697 3069 1737 non
3097 1680 3415 1748 advertitis,
3450 1696 3562 1738 non

258 1792 366 1848 que
392 1777 675 1844 miserunt,
705 1792 773 1834 eo
792 1793 935 1834 anno
962 1794 1059 1834 cur
1082 1795 1288 1837 messes
1315 1780 1683 1851 amplissimas
1708 1779 1856 1834 Mau-
1890 1815 1937 1875 Β
1965 1776 2192 1843 videtis,
2227 1774 2452 1831 allectus
2479 1791 2647 1847 quam
2680 1784 2865 1844 turpes
2888 1816 2904 1841 ,
2936 1789 3097 1845 quam
3141 1774 3426 1830 indecoras
3457 1789 3557 1828 nu-

260 1873 338 1924 ris
368 1868 807 1941 Nomadibusque
831 1870 1158 1938 tribuerunt,
1183 1888 1306 1928 cum
1334 1872 1527 1945 religio
1554 1873 1745 1929 similis
1772 1873 1859 1930 bis

257 1976 473 2031 quoque
499 1963 552 2017 in
581 1962 892 2034 regionibus
914 1973 1224 2021 verteretur
1248 1965 1272 2018 ?
1296 1966 1354 2021 Si
1387 1967 1439 2020 in
1467 1965 1694 2022 civitate
1725 1981 1858 2022 nna-

256 2055 500 2125 qualibet
542 2056 682 2112 fame
728 2056 991 2128 plurimos
1013 2059 1183 2115 emori
1228 2061 1402 2114 nostri
1438 2059 1683 2137 nominis
1708 2076 1861 2116 aver-

257 2146 416 2203 sione
442 2145 727 2215 l'ecerunt,
758 2164 855 2205 cur
894 2148 1092 2207 ibidem
1139 2152 1435 2208 annonaria
1479 2152 1705 2208 caritate
1742 2168 1853 2208 non

258 2249 467 2296 tantum
493 2243 739 2313 corporis
770 2260 876 2299 non
901 2244 1094 2312 nostri,
1124 2260 1311 2301 verum
1336 2245 1501 2301 etiam
1526 2245 1859 2301 christianos

256 2333 479 2393 ditiores
524 2344 578 2398 et
617 2335 1076 2407 locupletissimos
1117 2336 1508 2395 reddiderunt?
1550 2339 1659 2393 Aut
1699 2337 1862 2408 igitur

1966 1866 2203 1923 minihus
2250 1868 2557 1923 attribuatis
2604 1866 2878 1924 insanias?
2916 1866 3057 1936 Quid
3098 1876 3183 1923 est
3226 1869 3370 1923 enim
3415 1865 3562 1923 aliud

1962 1964 2152 2029 irasci,
2183 1979 2343 2035 quam
2369 1963 2607 2020 insanire
2632 2005 2648 2029 ,
2680 1978 2841 2034 quam
2870 1962 3051 2019 furere
3071 2004 3086 2029 ,
3114 1967 3276 2034 quam
3304 1965 3359 2018 in
3390 1962 3556 2018 ultio-

1962 2055 2049 2111 nis
2084 2054 2367 2112 libidinem
2400 2056 2549 2125 ferri,
2585 2065 2641 2112 et
2670 2056 2722 2110 in
2762 2055 2984 2112 alterius
3012 2054 3218 2111 doloris
3243 2071 3455 2123 cruces,
3485 2053 3569 2112 el-

1960 2147 2120 2203 lerati
2166 2148 2401 2218 pectoris
2451 2147 2783 2205 alienatione
2819 2146 3116 2204 bacchari?
3156 2147 3269 2203 Hoc
3310 2162 3441 2219 ergo
3488 2146 3567 2205 dii

1915 2285 1924 2294 .
1964 2240 2146 2313 magni
2174 2251 2397 2309 norunt,
2426 2241 2824 2312 perpetiuntur,
2857 2251 2913 2296 et
2941 2240 3203 2307 sentiunt,
3231 2240 3378 2312 quod
3412 2239 3566 2311 ferte,

1964 2335 2113 2407 quod
2141 2334 2359 2404 bellum,
2386 2334 2531 2408 quod
2559 2334 2855 2393 mortifera:
2890 2335 3171 2393 continent
3204 2345 3474 2394 venenato
3511 2338 3568 2393 in

1486 2477 1863 2536 LECTIONES
1900 2476 2316 2534 VARIANTES.

323 2615 351 2644 α
371 2614 488 2677 Ms,
509 2613 559 2664 in
590 2612 839 2678 adversas,
862 2618 954 2666 etc.
988 2610 1151 2677 Fulv.,
1176 2628 1270 2667 nec
1301 2615 1532 2668 adversas
1554 2629 1640 2666 res
1661 2616 1834 2668 bonas.

1943 2611 2065 2674 Alii,
2100 2628 2196 2666 nec
2218 2615 2452 2667 adversas
2489 2628 2607 2680 spes
2644 2616 2800 2667 bonas
2830 2628 2896 2666 ιιι.
2925 2628 2975 2665 o.
2996 2613 3321 2667 obsctenltate
3348 2613 3577 2668 traduce.

1615 2723 2175 2783 COMMENTARIUS.

331 2863 400 2920 In
445 2864 696 2935 integrum
728 2879 799 2935 _se
853 2879 1048 2935 semper
1098 2862 1443 2930 oﬂ'ensionum
1495 2863 1852 2919 recordatione

257 2933 565 2995 restituant;
610 2935 684 2990 Ita
715 2933 849 3005 God.
879 2933 1005 3001 ms),
1027 2951 1143 2993 una:
1169 2935 1329 2991 lectio
1368 2950 1535 3005 quare
1560 2935 1852 2991 deferenda

258 3010 327 3065 sit
349 3053 364 3075 ,
395 3024 500 3063 non
532 3005 708 3062 video.
744 3004 899 3061 Fulv.
945 3005 1170 3061 Ursinus
1200 3023 1214 3059 :
1247 3007 1300 3060 in
1340 3004 1595 3074 integrum
1634 3023 1741 3061 sese
1768 3023 1858 3076 per

261 3078 602 3147 offensionum
623 3076 1049 3141 recordationem,
1076 3085 1182 3132 etc.
1199 3076 1325 3132 Vult
1353 3078 1533 3133 dicere
1563 3078 1855 3140 Arnobius.

260 3153 394 3207 deos
434 3163 555 3204 esse
597 3155 785 3202 natura
836 3149 1000 3202 iratos
1057 3158 1108 3201 et
1155 3147 1442 3214 difficiles,
1492 3149 1627 3203 adeo
1673 3158 1760 3211 ut,
1812 3151 1855 3204 si

261 3221 476 3289 quando
508 3219 866 3289 precibusvel
904 3218 1180 3274 sacriﬁciis
1209 3220 1407 3274 fuerint
1434 3220 1681 3287 mitigati.
1727 3235 1853 3274 mox

261 3290 669 3365 primagstatitn
706 3288 1068 3365 offensionum
1104 3291 1483 3365 recordatione
1520 3290 1861 3365 inintcgrum

261 3359 316 3420 3e
338 3363 629 3422 restituant.
656 3360 710 3414 h.
744 3375 796 3416 e.
821 3359 889 3415 ad
921 3360 1198 3430 pristinam
1224 3360 1570 3429 innatamqne
1592 3359 1725 3430 ipsis
1753 3363 1861 3416 ira-

261 3434 472 3489 cundia:
528 3431 762 3486 indolem
807 3440 1167 3488 revertantur.
1222 3433 1329 3488 Pro
1382 3433 1573 3488 uicibus
1621 3434 1858 3488 ludicris.

264 3506 465 3561 Metire.
484 3504 539 3575 in
553 3500 778 3575 Qritieo,
797 3502 892 3575 lib.
917 3517 1011 3566 VII,
1031 3517 1152 3573 cap.
1172 3504 1226 3568 9,
1251 3504 1537 3575 legendum
1560 3508 1864 3575 suspicatur

264 3576 493 3631 lubricis.
525 3573 639 3630 Non
670 3574 829 3629 male.
859 3571 1063 3628 Οιιειι.

340 3645 477 3709 XVI.
501 3674 574 3687 —-
601 3644 951 3716 Alamannos._
983 3644 1334 3716 Intelligenda
1381 3661 1489 3702 non
1530 3654 1676 3702 certa
1723 3646 1858 3703 Ger-

267 3719 462 3775 mania:
528 3714 851 3788 genshsed
913 3713 1308 3788 Germanorum
1380 3722 1525 3772 natio
1591 3718 1860 3788 universa,

267 3789 412 3871 quod
468 3786 710 3871 pluribus
736 3786 1439 3871 ostendit“Saltttasins‘ad
1488 3788 1648 3871 verba
1696 3787 1895 3871 lj‘lavii'

270 3857 484 3927 Vopisci
535 3861 587 3913 in
627 3858 859 3912 Proculo
896 3857 1093 3927 Script.
1143 3857 1278 3913 llist.
1322 3859 1546 3925 August.
1579 3900 1593 3921 .
1638 3859 1746 3913 vol.
1802 3874 1862 3923 tt,

268 3948 322 4002 p.
370 3931 471 3986 761
511 3948 524 3985 :
562 3928 696 3983 Nam
742 3928 1087 4002 Alamannos,
1133 3931 1219 4002 qui
1254 3940 1371 3984 tunc
1401 3932 1572 3984 adhuc
1621 3928 1865 4002 Germani

269 4000 567 4058 dicebantur
592 4042 607 4065 ,
648 4016 749 4053 non
788 4001 897 4053 sine
928 4000 1111 4070 gloria:
1133 4000 1407 4068 splendore
1443 4002 1678 4055 contriuit
1706 4042 1718 4063 ,
1763 4000 1865 4055 do-

268 4089 402 4130 cens
429 4073 790 4142 Alamannos,
843 4069 1058 4142 gentem
1085 4069 1393 4126 Germania;
1432 4072 1784 4142 populosam,
1813 4080 1869 4125 et

270 4146 354 4216 (ut
381 4144 569 4216 scribit
596 4140 1081 4216 Aurelius‘Victor)
1110 4158 1176 4197 ex
1201 4140 1596 4216 equotniriiice
1626 4157 1867 4216 pugnan-

273 4212 380 4272 tem
418 4213 599 4284 (quos
640 4228 762 4268 cum
801 4212 1087 4268 devicisset
1129 4229 1297 4281 prope
1345 4214 1579 4270 Manium
1620 4213 1871 4268 Caracal-

272 4288 356 4343 ltts
375 4327 390 4348 .
420 4283 749 4341 Alamannici
778 4299 1076 4354 eognomeu
1105 4287 1525 4355 assumpserat),
1561 4294 1744 4353 postea
1774 4283 1869 4355 toti

272 4357 577 4415 Germania:
619 4370 811 4410 nomen
842 4354 1097 4417 dedisse,
1145 4371 1264 4422 quae
1298 4354 1366 4409 ab
1410 4357 1513 4410 illis
1553 4354 1871 4409 Alamannia

1881 2966 1928 3030 C

1958 2877 2058 2934 pro
2091 2862 2298 2928 bellum,
2330 2861 2440 2917 vid.
2472 2861 2642 2932 intpp.
2683 2859 2750 2934 ad
2779 2860 2927 2934 Fest.
2958 2875 3013 2934 v.
3045 2859 3295 2934 duellum.
3327 2860 3532 2934 Onus.

2034 2934 2286 2989 Adversus
2327 2950 2443 3003 spes
2485 2934 2665 2988 bonas.
2697 2932 2800 2988 Ms.
2840 2932 2894 2986 in
2933 2933 3195 2987 aduersos.
3241 2931 3386 3004 Lego
3415 2931 3572 2988 inad-

1962 3022 2166 3075 versus,
2200 3006 2474 3075 quomodo
2500 3006 2695 3069 inunte,
2724 3006 2971 3075 incoram.
3008 3004 3298 3075 Meuusws.

2037 3074 2172 3130 Mali
2199 3074 2386 3130 ominis
2414 3075 2762 3130 obscoenitate.
2793 3074 3015 3130 Herald.
3041 3075 3093 3129 in
3120 3074 3277 3145 Curis
3296 3075 3572 3145 secundis,

1962 3148 2184 3203 insertis
2204 3145 2690 3202 Ohservationibus
2708 3147 2821 3200 suis
2847 3146 2898 3199 in
2928 3145 3177 3201 Salmasii
3212 3144 3304 3215 jus
3333 3144 3572 3203 Atticum

1963 3229 2019 3274 et
2050 3218 2352 3289 Rettianttm
2374 3261 2389 3285 ,
2423 3218 2626 3289 mavult
2679 3217 2803 3289 ntali
2847 3216 3089 3271 nominis.
3121 3216 3419 3289 _Stevvech.
3467 3219 3572 3289 leg.

1963 3289 2113 3357 conj.
2147 3287 2272 3342 mali
2302 3288 2487 3343 ominis
2530 3288 2871 3351 obscoenitate,
2918 3290 3092 3342 citans
3120 3286 3353 3342 Nonium
3383 3304 3434 3342 v.
3484 3286 3575 3343 ob-

1964 3360 2195 3422 caavavit,
2229 3360 2384 3429 quasi
2424 3374 2686 3421 scaevum.
2721 3358 2920 3413 malum
2952 3373 3112 3429 omen
3140 3358 3340 3423 attulit,
3381 3374 3578 3415 sctevus

1965 3433 2218 3486 nimirum
2248 3428 2262 3493 ,
2296 3431 2454 3485 lwvus
2482 3440 2539 3486 et
2565 3431 2805 3493 sinister,
2839 3429 2875 3482 i.
2911 3445 2966 3499 q.
3000 3428 3264 3485 infaustus
3290 3429 3573 3498 signiﬁca-

1967 3504 2114 3558 tione
2142 3500 2331 3557 Grteca
2366 3518 2379 3554 :
2412 3517 2535 3556 nam
2566 3501 2705 3572 apud
2744 3500 3016 3572 Romanos
3045 3501 3198 3572 laeva,
3229 3501 3446 3556 sinistra
3472 3517 3574 3572 au-

1964 3575 2115 3644 guria
2144 3581 2309 3644 erant
2326 3572 2465 3627 bona
2497 3570 2795 3644 faustaque,
2841 3570 2968 3637 Sed,
2999 3581 3058 3626 ut
3089 3571 3224 3644 bene
3253 3581 3438 3644 nutriet
3466 3571 3574 3644 lle-

1966 3641 2171 3708 raldus,
2201 3643 2335 3698 nihil
2360 3641 2701 3698 mutandum.
2724 3641 3000 3697 Obscaenus
3025 3642 3243 3698 enimet
3276 3642 3577 3698 obsctelt'nas

1970 3716 2189 3785 proprie
2217 3715 2286 3769 de
2312 3714 2583 3769 ominibus
2606 3714 2785 3776 malis.
2813 3728 3008 3784 nempe
3028 3714 3158 3785 quia
3186 3713 3438 3770 obscteua
3463 3730 3581 3769 om-

1970 3783 2057 3841 nia
2075 3783 2134 3841 et
2156 3785 2297 3841 foeda
2322 3785 2560 3854 antiquis
2588 3786 2702 3840 visa
2736 3785 2912 3839 tristia
2941 3783 2997 3854 et
3023 3783 3276 3851 infausta,
3302 3794 3361 3839 ut
3387 3794 3577 3841 cmitra

1971 3873 2100 3927 pura
2136 3853 2469 3927 purgataque
2501 3856 2621 3909 laeta
2662 3864 2727 3927 et,
2747 3854 2947 3927 felicia.
2980 3853 3253 3927 lta_Virgil
3300 3854 3503 3926 Georg.
3532 3871 3577 3927 ι,

1970 3924 2049 3981 vs.
2068 3924 2625 3992 470,0bsctenicanes,
2644 3926 2734 3981 ubi
2748 3924 3345 3992 vid.Voss.ldem7A§n.,
3366 3924 3481 3992 ttt,‘2
3491 3926 3576 3993 52,

1968 3998 2108 4055 262.
2145 3997 2412 4053 Obscmna:
2441 3998 2709 4062 uolucres,
2737 4006 2791 4051 et
2826 3996 3041 4060 Festus,
3074 4012 3127 4061 v,
3162 3995 3580 4053 Alliensiszbies

1969 4070 2199 4124 alliensis
2229 4068 2494 4121 dicebatur
2527 4068 2669 4137 apud
2699 4066 2956 4122 Romanos
2977 4067 3345 4122 obscenissimi
3365 4069 3574 4124 ominis.

1969 4139 2052 4195 Cl.
2073 4140 2347 4205 eumdem,
2364 4155 2414 4194 v.
2438 4136 2601 4192 Oscus
2620 4148 2676 4194 et
2691 4139 2943 4202 Nonium,
2965 4153 3018 4191 v.
3043 4137 3342 4193 Obscaenus.
3364 4137 3574 4198 Οιιειι..

2042 4210 2210 4294 xvii.
2258 4238 2328 4250 ——
2365 4208 2635 4294 :‘Iintistites
2700 4210 2990 4294 numinum.
3068 4211 3363 4294 Antistius,
3420 4212 3458 4294 i_.
3514 4226 3575 4294 ιι.

1973 4283 2281 4343 sacerdotes,
2327 4279 2400 4334 nil
2433 4282 2682 4350 amplius.
2720 4280 2853 4336 Vide
2881 4289 3159 4337 auctorem
3190 4279 3577 4337 coniutalimtis

1977 4352 2416 4407 virulentissimte
2444 4350 2977 4407 animadversionum
3012 4353 3136 4406 Ant.
3187 4350 3441 4409 Cercetii
3472 4351 3490 4409 l
3515 4353 3578 4408 D.

273 4430 415 4507 dicta
453 4436 539 4507 est
553 4469 582 4507 ,_
598 4437 652 4482 et
680 4441 821 4482 nunc
856 4425 1053 4507 dicitur
1077 4420 1666 4507 apud'Francogallos;
1706 4425 1869 4507 idque
1894 4443 1947 4502 D
1973 4424 2178 4507 Petavii
2247 4421 2322 4507 ,ωλι
2347 4420 2431 4477 Cl.
2456 4421 2709 4507 Salmasii
2739 4432 2896 4507 tiotas
2925 4425 2976 4477 in
3005 4421 3324 4507 Tertulliani.
3342 4424 3427 4507 _de
3458 4420 3584 4507 Pal-

275 4499 472 4554 factum
514 4500 677 4552 inisse
705 4515 808 4552 non
839 4496 1007 4551 multo
1037 4505 1162 4550 ante
1201 4496 1441 4567 Vospisci
1472 4506 1710 4565 tempora
1737 4539 1752 4563 ,
1780 4496 1871 4566 qui

275 4583 761 4640 contetnporaneus
796 4567 1015 4640 Arnohii
1044 4566 1200 4634 vixit,
1237 4566 1623 4640 imperantibus
1658 4569 1873 4640 Dioclef

278 4642 424 4697 tiano
456 4637 513 4697 et
558 4639 895 4695 Maximiano.
934 4637 1051 4693 Non
1093 4639 1395 4694 necessaria
1437 4639 1613 4710 itaque
1655 4638 1871 4694 Meursii

278 4712 587 4780 conjectura
610 4710 826 4766 Alanos.
851 4711 1054 4780 Οιιειι..

355 4778 416 4837 Si
452 4782 593 4848 apud
636 4780 843 4852 Getulos
882 4779 1241 4852 Tinguitanos.
1277 4781 1403 4837 llaec
1442 4790 1525 4837 est
1563 4778 1873 4835 emendatio

280 4853 559 4909 verissima
601 4852 736 4907 Lud.
783 4850 1053 4906 Carrionis
1097 4852 1292 4906 merito
1323 4854 1375 4906 in
1409 4862 1620 4907 textum
1656 4862 1872 4919 recepta

279 4925 352 4979 ab
395 4923 599 4979 editore
645 4922 930 4980 Leidensi.
974 4924 1195 4990 probata
1238 4925 1399 4978 etiam
1449 4940 1478 4976 a
1525 4922 1762 4977 Livinmo
1805 4920 1874 4976 ad

281 4994 713 5067 Patiegyr._Lat.,
749 5008 801 5063 p.
837 4992 961 5067 158,
988 4993 1076 5067 ed.
1112 4997 1368 5049 Arntzen.
1396 4991 1582 5067 Lectio
1607 4993 1871 5067 antiqua:

279 5068 325 5121 si
354 5063 495 5136 apud
539 5064 744 5121 Getulos
784 5075 890 5118 tum
920 5064 1202 5136 Aquitanos
1237 5076 1354 5120 orta
1394 5065 1604 5136 videtur
1632 5078 1662 5117 a
1702 5063 1875 5136 seiolo

281 5134 466 5206 aliquo
510 5136 730 5192 librario
776 5136 1072 5206 Aquitanos
1117 5134 1206 5191 hic
1250 5135 1594 5206 intrudente,
1647 5149 1769 5188 cum
1822 5134 1874 5188 in

282 5205 712 5276 prarcedentibus
742 5207 922 5261 verhi~
950 5205 1084 5261 facta
1117 5218 1261 5262 esset
1289 5205 1476 5262 Gallia:
1501 5205 1702 5261 mentio
1726 5245 1743 5271 ,
1773 5220 1871 5259 cu-

279 5283 371 5347 jus
401 5279 673 5343 provincia
702 5286 818 5332 erat
845 5276 1151 5348 Aquitania.
1170 5281 1260 5348 iAt
1289 5293 1419 5332 vero
1448 5278 1629 5348 verbis
1666 5278 1706 5329 si
1738 5276 1878 5348 apud

286 5348 496 5404 Gctulos
521 5391 537 5417 ,
571 5360 676 5405 etc.
705 5389 720 5413 ,
767 5347 957 5403 novam
1000 5347 1275 5416 periodum
1306 5348 1562 5403 inchoatis
1606 5347 1879 5402 Arnobius

286 5421 522 5491 loquitur
549 5419 619 5475 de
650 5420 857 5491 ponulis
894 5419 1089 5491 Africa:
1130 5419 1569 5488 septentrionalis
1611 5417 1879 5488 ejusmodi

286 5488 682 5546 calamitatibus
720 5490 999 5546 infestatis.
1034 5488 1234 5544 Οιιειι..

363 5560 513 5632 1_Viliil
541 5562 663 5632 laeti.
701 5560 795 5616 Ms.
835 5562 964 5615 nihil
990 5561 1180 5632 lectum.
1216 5561 1421 5617 Manus.
1442 5603 1456 5628 ,
1484 5561 1539 5616 in
1569 5559 1806 5632 Append.

363 5577 512 5616 num
541 5577 663 5615 ueri.
701 5577 795 5616 MS.
835 5577 962 5615 num
990 5577 1180 5614 uelum.
1216 5577 1421 5617 ιιιεῠιιε.
1442 5603 1456 5628 ,
1484 5578 1539 5616 ιιι
1569 5577 1646 5632 Ap
1687 5577 1806 5616 ena.

360 5629 592 5696 Duelles,
622 5631 664 5687 Ι.
692 5647 740 5687 e.
772 5633 959 5698 hostes,
986 5630 1139 5699 cujus
1167 5632 1412 5688 vocabuli
1442 5648 1607 5688 unum
1647 5577 1750 5687 (ioc
1777 5631 1881 5686 Ar-

289 5702 437 5760 nobii
455 5703 761 5772 eseniplum
787 5704 915 5758 citat
940 5702 1165 5758 Gesner.
1191 5701 1244 5756 in
1267 5702 1565 5773 Thesauro.
1595 5702 1883 5773 Composi-

288 5791 378 5835 um
406 5772 681 5845 perduellis
707 5773 879 5830 multo
907 5773 1266 5844 frequentius.
1301 5774 1347 5832 Α
1374 5772 1608 5830 duellum
1660 5775 1881 5845 antique

1976 4496 2071 4562 lio,
2116 4512 2168 4564 p.
2201 4494 2303 4548 M7
2352 4510 2459 4565 ξφ,
2509 4494 2599 4565 qui
2629 4495 2728 4565 hac
2756 4495 2824 4549 de
2868 4510 2928 4551 re
2960 4494 3160 4550 multus
3189 4504 3291 4565 est.
3316 4564 3319 4565 ν
3342 4493 3416 4548 Ita
3456 4494 3581 4565 Liv.

1977 4563 2140 4633 Hisl.,
2172 4581 2211 4627 ι,
2244 4565 2275 4618 7
2303 4584 2316 4620 :
2340 4563 2541 4618 Potitii"
2562 4564 2625 4618 ab
2660 4564 2904 4620 Evandro
2940 4566 3106 4620 edocti
3149 4564 3399 4620 antistites
3443 4564 3584 4619 sacri

1975 4639 2087 4708 ejus
2110 4653 2227 4708 per
2248 4638 2437 4691 multas
2467 4644 2642 4690 letales
2688 4641 2852 4706 fuere.
2902 4634 2989 4692 Cf.
3036 4636 3157 4692 loca
3193 4637 3356 4692 citata
3385 4634 3455 4691 ab
3480 4635 3582 4691 El-

1977 4705 2163 4763 menh.
2195 4705 2399 4762 Οιιειι..

2048 4778 2153 4834 Cur
2184 4787 2238 4832 ut
2269 4778 2443 4832 irasci.
2482 4776 2549 4833 Ut
2581 4780 2948 4834 necessarium
2981 4777 3046 4832 ad
3077 4792 3296 4832 sensum
3338 4776 3579 4833 restituit

1976 4850 2151 4905 editor
2172 4848 2343 4919 Lugd.
2371 4848 2693 4904 Bat.Beltot.
2722 4849 2869 4918 conj.
2891 4849 2978 4919 qui
3004 4849 3154 4914 iraci,
3191 4863 3297 4919 non
3323 4848 3482 4904 male.
3502 4848 3579 4904 In.

2052 4920 2190 4986 Quid
2228 4918 2300 4973 est
2343 4920 2475 4973 enim
2519 4918 2664 4974 aliud
2700 4920 2883 4984 irasci,
2907 4918 3081 4989 ’quam
3121 4918 3387 4989 insanire.
3428 4935 3586 4988 quam
3640 4952 3649 4959 κ

1977 4992 2148 5062 furere
2170 4992 2195 5046 7
2217 4990 2294 5046 Ita
2319 4990 2500 5062 llorat.
2528 4990 2701 5062 Epist.
2725 5007 2784 5057 tt,
2810 4991 2864 5055 1,
2886 4988 2964 5045 ira
3004 4991 3152 5060 [uror
3172 4988 3353 5062 breuis.
3378 4989 3589 5062 Seneca

1978 5060 2047 5117 de
2076 5064 2177 5129 Ira,
2211 5063 2305 5117 lib.
2330 5078 2367 5125 ι,
2400 5075 2450 5117 c.
2478 5061 2503 5116 1
2533 5080 2547 5116 :
2577 5061 2803 5129 Quidum
2830 5078 2858 5116 ο
2882 5062 3196 5132 sapientibus
3225 5060 3359 5115 iram
3383 5060 3585 5117 brevem

1981 5133 2221 5197 dixerunt
2246 5133 2520 5187 insaniam.
2541 5131 3132 5189 Ebusum—Caeterum
3160 5134 3444 5199 Arnobius,
3469 5134 3524 5187 It.
3545 5133 3585 5188 Ι.

1985 5205 2225 5274 l0quitur
2252 5221 2317 5259 ex
2345 5206 2613 5260 sententia
2636 5204 2961 5266 Stoicorum,
2986 5204 3078 5274 qui
3102 5203 3388 5274 benignam
3419 5213 3476 5274 et
3498 5203 3592 5274 be-g

1982 5271 2211 5332 nelicam
2240 5285 2486 5330 naturain
2516 5275 2625 5331 Deo
2644 5276 2971 5341 tribuebant,
2988 5271 3220 5346 eumque
3235 5271 3404 5346 besse
3422 5271 3595 5332 irasci

1984 5347 2270 5415 negabant.
2316 5347 2559 5401 HERALD.

2056 5414 2121 5471 In
2148 5418 2356 5473 alterius
2386 5418 2579 5472 doloris
2606 5433 2807 5483 cruces,
2838 5425 2944 5473 etc.
2986 5416 3063 5472 Ita
3102 5414 3391 5485 legendum
3415 5459 3432 5483 ,
3465 5431 3592 5472 cum

1987 5488 2057 5544 sit
2085 5490 2135 5542 in
2166 5488 2302 5543 Cod.
2322 5503 2422 5544 ms.
2443 5489 2631 5549 crucis,
2661 5489 2781 5544 scil.
2812 5502 2909 5556 pro
2935 5504 3129 5543 cruces.
3163 5485 3442 5552 (Herald.,
3466 5487 3592 5544 Cur.

1986 5558 2198 5613 secund.
2222 5558 2373 5614 Obss.
2403 5560 2458 5613 in
2483 5559 2761 5614 Salamasii
2789 5558 2891 5613 .Ius
2914 5560 3050 5626 Att.,
3069 5576 3123 5627 p.
3145 5557 3303 5624 600).
3328 5556 3596 5614 Meursius

1988 5631 2039 5685 in
2074 5629 2346 5700 Append.,
2376 5628 2664 5700 legendum
2686 5631 3027 5699 suspicatur:
3053 5626 3107 5684 in
3125 5628 3339 5700 alterius
3363 5626 3592 5693 dolores,

1987 5696 2173 5767 trucis,
2200 5699 2397 5768 e/ferati
2423 5696 2641 5769 pectoris
2665 5696 2979 5755 alienatione
3007 5697 3270 5769 baccltari.
3297 5696 3503 5769 Onus.

2064 5769 2178 5828 Hoc
2204 5766 2323 5845 ergo
2350 5766 2432 5826 dii
2448 5771 2624 5842 magni
2644 5779 2853 5827 norunt.
2891 5770 3123 5838 Norunt,
3147 5766 3202 5823 ιι.
3229 5767 3270 5825 ι.
3298 5768 3337 5827 i.
3364 5783 3420 5843 q.
3444 5782 3600 5846 expc.
