3986 6058
266 145 367 210 ⁸141

1622 156 1829 221 LIBER
1868 160 2138 222 PRIMUS.

3458 163 3564 237 πθ

261 284 458 326 nomen
495 270 709 339 odisse,
753 277 809 329 et
848 272 1145 345 dispendiis
1191 275 1441 333 omnibus
1481 289 1609 333 suos
1653 276 1856 335 labeta-
1880 283 1931 346 Α
1959 278 2284 349 dignationis
2313 281 2524 352 signum
2548 280 2596 348 ,εἰ
2619 297 2714 352 per
2740 284 3037 357 quodiesse
3067 284 3324 356 liquidum
3350 290 3559 347 cunctis

259 368 411 417 clare
435 362 706 418 cultores?

330 453 453 509 XX.
484 456 565 511 An
596 456 849 528 numquid
883 457 1085 513 idcirco
1112 459 1164 515 in
1196 474 1293 515 vos
1316 460 1479 516 etiam
1499 460 1731 516 saeviunt
1753 502 1769 528 ,
1798 471 1858 519 ut

260 546 533 605 intestinis
579 550 892 606 vulneribus
938 554 1190 610 concitati
1237 554 1289 608 in
1331 554 1592 610 ultionem
1632 569 1857 611 consur-

259 642 399 711 gatis
435 642 690 698 illorum?
720 645 859 715 Ergo
888 644 1122 700 humana
1153 646 1450 716 patrocinia
1478 646 1550 702 dii
1582 655 1851 717 quaerunt,

260 745 314 790 et
355 735 456 790 nisi
486 746 666 792 vestra
698 736 894 793 fuerint
921 738 1222 796 assertione
1253 741 1519 810 protecti,
1548 741 1722 797 idonei
1747 755 1853 799 non

257 837 387 883 sunt
427 829 570 899 ipsi,
625 833 714 900 qui
761 832 1111 901 propulsare,
1152 831 1448 889 defendere
1487 848 1614 889 suas
1640 834 1856 895 valeam

257 922 631 978 contumelias.
677 924 986 992 Quinimmo
1033 926 1079 980 si
1128 942 1311 981 verum
1362 936 1445 982 est
1493 927 1685 983 ardere
1734 928 1855 983 illos

258 1013 373 1080 ira,
424 1015 720 1084 permittite
768 1017 871 1072 illis
921 1026 1243 1086 potestatem
1290 1019 1412 1084 sui,
1461 1017 1755 1074 defendant
1793 1034 1853 1075 se

256 1106 357 1177 ipsi
402 1124 416 1159 :
450 1119 611 1179 atque
650 1108 703 1163 in
739 1109 997 1166 ultionem
1040 1110 1339 1179 majestatis
1374 1110 1594 1167 oﬂ‘cnsm
1633 1111 1845 1167 intesti-

254 1213 353 1254 nas
382 1210 627 1267 exerant,
657 1203 1107 1271 experiamurque
1129 1211 1157 1242 α
1181 1202 1427 1261 virtutes.
1455 1202 1688 1259 Possunt
1715 1217 1844 1269 nos,

252 1292 299 1347 si
351 1293 660 1360 voluerint,
704 1302 878 1361 testu,
928 1302 1153 1366 possunt
1193 1294 1575 1351 nocentissima
1623 1295 1844 1365 frigore,

252 1395 479 1455 possunt
500 1385 647 1440 auris
674 1386 990 1454 pestilibus,
1038 1395 1265 1457 possunt
1304 1387 1615 1443 morborum
1653 1386 1847 1443 obscu-

246 1478 477 1534 rissimis
512 1479 689 1535 causis
715 1494 969 1544 enecare,
1000 1493 1320 1536 consumere
1336 1478 1387 1543 ι),
1415 1489 1574 1548 atque
1600 1479 1667 1534 ab
1697 1479 1844 1535 omni

246 1572 462 1640 penitus
487 1582 631 1627 cmtu
654 1569 1018 1629 exterminare
1039 1570 1346 1627 mortalium
1367 1581 1411 1638 α,
1449 1579 1538 1626 aut
1565 1570 1609 1627 si
1640 1571 1840 1625 matmu

241 1663 524 1721 consilium
556 1673 642 1720 est
679 1663 898 1736 aggredi
944 1679 1041 1720 nos
1070 1664 1118 1719 vi
1144 1704 1161 1733 ,
1199 1661 1492 1721 emittant~1
1514 1663 1730 1734 aliquod
1759 1664 1846 1717 in-
1874 1649 1922 1709 Β

1966 376 2155 443 possit,
2189 376 2523 432 invitissimis
2553 392 2648 432 nos
2674 378 2755 434 eis
2783 379 3026 435 habitare
3053 380 3152 435 sub
3182 382 3341 437 casio.

2032 466 2180 523 XXI.
2224 467 2392 524 Vobis
2440 469 2707 529 secundas
2756 470 2992 529 tribuant
3038 472 3422 531 valetudines:
3456 475 3558 530 ad-

1958 573 2144 614 versas
2183 560 2367 626 nobis,
2402 576 2464 617 ac
2491 562 2772 630 pessimae.
2801 562 3133 633 Opportuuis
3166 566 3431 625 imbribus
3466 584 3557 624 ve-

1957 659 2072 707 stra
2096 651 2321 720 irrigent
2344 668 2465 708 rura
2500 670 2513 708 :
2548 654 2851 724 pluviarum
2881 657 3201 727 quicumque
3230 668 3353 715 sunt
3381 675 3556 731 rores,

1958 741 2156 797 nostris
2183 743 2252 799 ab
2292 744 2535 815 agellulis
2587 745 2826 815 abigant.
2879 748 3085 805 Lanitia
3131 759 3322 807 curent
3373 764 3555 809 vestra

1956 836 2262 892 numerosis
2302 837 2520 895 ftetibus
2561 840 2950 907 multiplicari,
2985 842 3328 899 sterilitatem
3375 844 3553 903 infau-

1955 937 2091 985 stam
2130 930 2328 985 nostris
2356 930 2623 999 pecuariis
2651 931 2904 988 inferant.
2959 933 3033 989 Ex
3063 933 3221 989 olivis
3248 936 3443 992 vestris
3473 946 3556 993 at-

1955 1035 2061 1090 que
2096 1020 2290 1077 vinetis
2330 1023 2541 1091 plenam
2590 1022 2783 1079 faciant
2831 1026 3239 1085 autnmnitatem
3277 1025 3469 1083 fundi:
3499 1038 3558 1086 at

1957 1127 2022 1166 ex
2046 1114 2243 1167 nostris
2262 1115 2486 1183 exprimi
2508 1131 2673 1170 unum
2692 1116 3015 1186 prohibeant
3031 1118 3264 1186 palmitis
3280 1135 3459 1177 rorem
3487 1132 3511 1159 θ
3525 1161 3539 1176 .
3608 1173 3616 1181 .

1958 1202 2040 1260 Ad
2068 1212 2366 1261 extremum
2406 1217 2459 1262 et
2499 1205 2742 1265 ultimum
2765 1249 2779 1275 ,
2813 1209 2865 1265 in
2894 1218 3081 1266 vestro
3112 1225 3209 1269 ore
3239 1213 3555 1281 praecipiant

1956 1310 2110 1352 suam
2155 1295 2335 1365 fruges
2382 1299 2618 1356 retinere
2661 1312 2953 1357 naturam:
2988 1310 3042 1358 at
3081 1318 3211 1358 vero
3258 1304 3309 1359 in
3364 1316 3551 1361 nosuo

1955 1390 2063 1445 mel
2093 1405 2332 1447 amarum
2364 1388 2384 1429 τ
2420 1392 2534 1446 lieri
2555 1434 2569 1457 ,
2600 1393 2840 1455 olearum
2879 1395 3077 1451 ﬂuenta
3120 1410 3469 1464 rancescere,
3499 1406 3554 1453 et

1954 1482 2057 1538 sub
2087 1483 2218 1552 ipsis
2268 1492 2451 1553 potum
2479 1485 2646 1542 labris
2696 1486 2751 1543 in
2779 1495 2804 1539 ε
2829 1487 3005 1545 acoris
3044 1488 3326 1558 perfidiam
3365 1490 3549 1548 vinum

1953 1581 2178 1644 repente
2208 1574 2424 1631 mutari.

1491 1752 1882 1812 LECTIONES
1919 1751 2334 1809 VARIANTES.

297 1872 327 1971 ;
369 1871 746 1971 stiriam
775 1869 919 1923 ναιυο

298 1933 327 1971 ι’
371 1933 514 1985 Abest
558 1933 608 1985 in
640 1933 746 1986 ius:

298 1998 324 2028 °
359 1997 440 2048 Ita
463 1995 606 2048 Fulv.
634 1996 856 2049 Mortalia
877 1992 1023 2049 male.
1065 1995 1185 2048 Sub.

296 2057 326 2101 ι
357 2058 568 2112 Hittaut.
597 2056 739 2113 Fulv.

2010 1870 2034 1899 θ
2072 1866 2383 1918 Ullum.......
2416 1880 2581 1917 rorem
2604 1865 2746 1919 Fulu.
2806 1875 2812 1881 '

2006 1928 2027 1970 ι
2077 1929 2311 1981 Oleorum
2329 1926 2401 1981 vel
2424 1929 2535 1979 olivi
2561 1927 2703 1981 Fulv.

2005 1995 2030 2037 ε
2055 1992 2158 2045 Sub
2177 1993 2327 2057 ipsius
2350 2000 2465 2056 potu
2482 1992 2663 2044 laboris
2684 1990 2985 2046 Sab.

1613 2164 2178 2223 COMMENTARIUS.

308 2260 651 2321 Christianum
694 2277 874 2316 nomen
904 2261 1070 2321 odisse
1098 2269 1142 2317 et
1166 2261 1403 2318 cultores.
1430 2260 1577 2317 Idem
1616 2257 1829 2316 Canne-

232 2331 424 2403 gieter.
462 2333 671 2402 lcgcntl.
723 2343 906 2389 censet
950 2333 1282 2389 cltiistitmum
1332 2349 1548 2399 numen,
1605 2330 1825 2395 dicens,

235 2418 295 2458 v.
326 2405 541 2458 cultores
568 2420 672 2459 non
704 2421 907 2469 nomen,
940 2404 1032 2458 sed
1084 2420 1266 2457 numen
1312 2404 1570 2469 flagitare.
1602 2405 1668 2457 At
1695 2404 1829 2458 bene

231 2474 395 2531 baliet
435 2477 642 2545 vulgata
678 2477 837 2531 lectio
877 2477 1093 2545 cultores
1118 2491 1269 2541 suos,
1294 2475 1410 2529 scil.
1438 2471 1658 2537 Christi,
1689 2472 1829 2545 quod

232 2544 557 2601 eliciendum
588 2562 656 2602 ex
687 2545 1009 2614 praecedent.
1034 2544 1380 2603 Christianum
1412 2562 1613 2607 nomen,
1646 2544 1753 2610 vel,
1787 2545 1830 2600 si

277 2617 362 2669 uid
388 2617 724 2680 mutandum,
755 2617 935 2677 malim
965 2618 1144 2685 legere
1170 2615 1357 2672 Christi
1380 2633 1558 2677 nomen
1592 2632 1687 2689 pro
1720 2617 1834 2739 ipso

277 2686 473 2739 .hristo.
507 2698 560 2739 ut
612 2705 791 2739 nomen
846 2687 941 2739 Dei
972 2702 1067 2739 ιιι-ο
1101 2688 1228 2739 Deo.
1266 2687 1397 2739 Vide
1426 2686 1634 2739 Suicer.
1688 2686 1730 2739 Τ
1755 2702 1832 2739 te-

284 2686 473 2759 ltristo,
507 2698 560 2759 ιιι
612 2705 791 2759 nomen
846 2687 941 2743 Dei
972 2702 1067 2754 pro
1101 2688 1228 2759 Deo2
1266 2687 1410 2759 Vide
1426 2686 1634 2747 Suicer.
1688 2686 1832 2742 The-

235 2772 383 2814 saur.
410 2758 689 2832 Ecclestin
717 2758 905 2832 Patres
930 2753 1104 2832 Graec.
1199 2753 1353 2832 ὄνομα
1373 2756 1723 2832 Christianum
1744 2773 1834 2832 na:

234 2845 354 2884 men
383 2840 536 2954 sunt0
539 2829 638 2897 ipsi
682 2830 994 2896 christiani,
1031 2839 1087 2883 ιιι
1117 2828 1521 2887 observavimus
1565 2842 1724 2898 supra
1768 2828 1833 2883 ad

238 2914 361 2954 ean.
392 2916 444 2953 v.
541 2916 698 2954 neu.

238 2914 361 2969 Cap.
392 2916 444 2953 v.
492 2914 698 2956 URELL.

322 2969 622 3026 XX.—An
663 2970 928 3041 numquid.
959 2969 1104 3036 Scio,
1156 2971 1230 3029 ab
1270 2970 1511 3031 Arnob’o
1559 2986 1828 3025 nonnutn-
1861 2969 1869 3007 Ἰ

230 3058 392 3112 quam
426 3044 676 3112 coniungi
716 3058 875 3097 voces
921 3051 976 3097 et
1020 3043 1289 3113 praecipue
1335 3041 1590 3099 adverbia
1628 3049 1683 3113 et
1702 3057 1825 3113 par-1

234 3111 425 3169 ticulas
449 3111 684 3180 similes;
712 3113 904 3169 similia
926 3111 1104 3169 autem
1128 3123 1253 3168 sunt
1273 3130 1339 3169 an
1360 3122 1414 3168 et
1441 3112 1704 3182 numquid.
1727 3111 1831 3166 Sed

232 3199 421 3239 carere
451 3185 631 3238 licebit
662 3184 750 3239 illa
778 3187 1171 3248 observatione,
1204 3185 1248 3239 si
1278 3184 1341 3239 At
1371 3185 1613 3255 numquid
1645 3184 1831 3255 scribi-

232 3271 374 3322 mus,
399 3255 634 3310 litterula
666 3273 765 3309 una
800 3256 1106 3311 sollicitata.
1142 3257 1220 3311 Att
1269 3256 1409 3310 idem
1440 3254 1726 3311 dii-exulum
1764 3254 1832 3309 de

232 3324 355 3381 Ιοευ
384 3325 477 3381 lib.
514 3343 546 3380 II
566 3369 578 3387 .
609 3342 659 3380 c.
690 3343 744 3379 γ.
779 3326 859 3380 An
882 3327 1128 3393 numquid
1159 3326 1266 3380 luet:
1298 3326 1407 3395 ﬁeri
1430 3325 1619 3397 possint
1646 3335 1692 3397 el
1714 3326 1828 3383 ina-

231 3399 365 3452 niter
390 3398 631 3452 creditis?
653 3397 937 3466 Numquid,
981 3398 1223 3452 detracto
1250 3415 1337 3457 an,
1366 3396 1635 3454 crebrum.
1666 3396 1758 3452 lib.
1791 3412 1828 3461 I,

232 3483 282 3524 c.
309 3469 374 3536 2;
401 3467 491 3522 lib.
526 3484 578 3535 v,
606 3484 655 3523 c.
684 3470 786 3529 2i;
819 3469 912 3524 lib.
945 3485 1041 3535 vit,
1074 3484 1123 3525 c.
1156 3468 1212 3524 9.
1245 3466 1635 3536 (CANSEGIETER
1656 3469 1708 3522 in
1736 3486 1830 3522 van

237 3537 418 3611 Hagen
451 3538 538 3595 0t.
575 3538 778 3611 Litter.)

310 3609 378 3687 Ut
412 3610 663 3687 intestinis
706 3609 1290 3687 vulneribus_concitttti.
1336 3609 1515 3687 Iducst
1562 3609 1820 3687 propriis,

232 3682 432 3743 ὀικείοις
462 3685 544 3737 καὶ
563 3680 723 3743 ἰδίοις.
756 3680 863 3738 Vox
897 3692 978 3739 est
1009 3681 1350 3744 Lucretiam,
1370 3681 1461 3745 lib.
1491 3698 1549 3747 ιι,
1582 3680 1789 3741 νδ.’290
1815 3698 1826 3732 :

595 3794 697 3844 Sed
716 3807 781 3844 ne
806 3807 891 3844 res
910 3797 1011 3857 ipsa
1036 3807 1296 3845 necessum

357 3857 649 3908 Intestiuum
676 3858 854 3907 habeat
877 3857 1067 3907 cunctis
1090 3859 1139 3906 in
1163 3859 1316 3908 rebus
1337 3857 1563 3920 agendis.

232 3965 298 4020 Et
325 3965 519 4045 stepius
547 3964 813 4045 Arnobius
837 3965 994 4035 paulo
1021 3973 1140 4045 post
1173 3982 1184 4016 :
1221 3961 1497 4045 lntestinus
1523 3972 1729 4045 eguerunt
1752 3979 1831 4045 ex:

232 4033 594 4106 pet'iatiturqtte
635 4033 859 4106 virtutes,
917 4045 971 4090 et
1021 4033 1177 4095 infra,
1231 4051 1349 4103 cap.
1383 4035 1486 4101 36,:
1524 4033 1692 4088 Venus
1737 4035 1828 4089 viri

231 4105 621 4176 materfamilias
648 4105 842 4174 Troici,
868 4119 1015 4177 atque
1041 4107 1263 4161 intestini
1282 4106 1475 4161 decoris
1498 4106 1825 4175 publicatrix,

232 4190 284 4235 et
324 4178 413 4233 lib.
450 4195 482 4232 ll
518 4199 529 4232 ;
561 4179 770 4247 ﬁerique
803 4194 886 4232 uos
925 4176 1043 4231 deos
1080 4188 1241 4235 vestro
1287 4176 1445 4247 ﬁtlitis
1494 4177 1830 4244 intestianue

232 4261 441 4314 conatu,
473 4259 526 4303 et
552 4252 767 4315 passim.
803 4249 1045 4305 llenscn.

1927 2255 2144 2327 Veget.,
2169 2256 2235 2313 de
2259 2258 2338 2315 Re
2369 2258 2546 2321 milit.,
2575 2258 2669 2313 lib.
2694 2273 2844 2323 ns,c.
2870 2259 2962 2321 2|.
2996 2275 3047 2326 p.
3078 2258 3207 2327 260,
3232 2260 3318 2315 ed.
3348 2261 3531 2321 Vesal.

1931 2326 2137 2384 Οιιειι..
2158 2359 2231 2369 -
2252 2328 2333 2383 Cf.
2364 2329 2507 2399 Lips.
2539 2328 2665 2383 Var.
2698 2330 2869 2385 Lecu.
2903 2346 2960 2397 ιι,
2995 2330 3085 2384 22.
3121 2326 3391 2388 Ociusxen.

2008 2403 2106 2452 Aut
2137 2401 2178 2454 si
2210 2400 2401 2472 malum
2431 2400 2698 2454 consilium
2736 2410 2829 2455 est.
2873 2402 3252 2472 Caunegieter.
3289 2407 3399 2458 vult
3428 2423 3541 2460 ma-

1939 2471 2041 2524 lum
2076 2486 2178 2523 non
2210 2471 2645 2541 conjungentlum
2678 2488 2800 2527 cum
2834 2488 2966 2527 voce
2992 2471 3295 2540 concilium,
3327 2476 3419 2530 sed
3454 2478 3537 2532 in-

1941 2541 2311 2615 terjcctinnem
2364 2558 2485 2615 es~c
2540 2543 2868 2615 indignantis
2923 2552 3017 2597 aut
3067 2545 3538 2615 reprehendentis.

1939 2611 2035 2666 Cui
2067 2613 2411 2682 cxplicalioni
2438 2611 2688 2682 equidem
2714 2617 2878 2669 nolim
2903 2611 3181 2670 accedere.
3208 2616 3340 2671 Nam
3365 2621 3538 2672 Arno-

1943 2684 2065 2737 bius
2105 2700 2212 2737 non
2242 2694 2325 2738 est
2356 2686 2425 2737 ita
2458 2695 2637 2738 tersus
2667 2695 2722 2738 et
2754 2688 2969 2739 litnatus
3000 2686 3252 2754 scriptor.
3286 2689 3370 2741 cui
3401 2690 3538 2746 nihil

1946 2756 2103 2824 plane
2144 2756 2270 2811 insit
2309 2755 2467 2809 Otiosi
2511 2764 2565 2808 et
2607 2755 2947 2822 supervacui.
2994 2756 3144 2810 Fulv.
3189 2756 3418 2814 Ursinus
3457 2760 3537 2815 le-

1942 2827 2106 2899 genti.
2149 2827 2294 2899 conj,
2338 2827 2427 2899 sin
2457 2826 2568 2899 alia
2605 2826 2879 2881 consilium
2917 2836 2988 2899 est
3040 2829 3251 2899 aggredi
3290 2847 3382 2884 nos
3418 2833 3534 2898 uia,

1943 2897 2086 2966 quod
2101 2940 2121 2973 ,
2158 2898 2208 2973 si
2249 2896 2474 2973 (Indicis
2504 2897 2608 2952 title
2652 2899 2931 2963 niteretur,
2964 2897 3018 2951 in
3051 2896 3255 2954 teittum
3283 2896 3533 2973 recipere

1940 2983 2046 3022 non
2080 2968 2404 3022 dubitarem.
2439 2968 2642 3023 Οιιειι..

2012 3037 2587 3126 Indignationis.‘Fulv.
2618 3038 2801 3126 Ursin:
2831 3049 3096 3126 sequente
3118 3040 3330 3126 editore
3359 3042 3528 3126 Lugd.

1938 3109 2056 3181 Bal.
2083 3110 2299 3165 etut-nd.
2329 3110 2677 3175 indicationis;
2702 3110 2796 3165 sed
2819 3112 3024 3181 signum
3047 3121 3102 3165 et
3128 3112 3395 3181 indicium,
3418 3109 3534 3171 sive

1936 3180 2183 3234 iudicatio
2214 3181 2351 3234 idem
2386 3184 2543 3249 plane
2577 3192 2718 3234 sunt.
2764 3180 2944 3248 Quare
2973 3198 3079 3237 non
3112 3183 3271 3239 video
3294 3180 3392 3240 cur
3419 3202 3535 3241 mu-

1936 3252 2093 3305 tanda
2127 3253 2195 3305 sit
2224 3252 2441 3321 antiqua
2472 3252 2650 3307 lectio.
2678 3250 2880 3307 OneLL.

2011 3322 2152 3397 XXI.
2199 3352 2272 3397 -_—-
2300 3322 2743 3397 AAutumnitnatem.
2783 3323 3143 3397 _chabulum
3196 3326 3433 3397 antiquae
3477 3337 3533 3383 et

1935 3395 2178 3463 probatas
2222 3394 2523 3449 latinitatis.
2567 3392 2732 3460 Cato,
2764 3394 2833 3450 de
2873 3394 2953 3451 Re
3007 3395 3234 3462 rustica,
3276 3392 3343 3452 cf
3386 3399 3529 3455 155:

1939 3463 2118 3519 Prima
2148 3466 2516 3531 autumnitate,
2549 3482 2664 3518 cum
2697 3466 2897 3534 pluvius
2925 3477 3019 3532 est,
3063 3476 3170 3519 tum
3210 3471 3432 3523 maxime
3468 3470 3529 3525 ab

1934 3551 2067 3606 aqua
2088 3535 2370 3606 periculum
2392 3547 2484 3590 est.
2508 3535 2620 3590 Hoc
2644 3536 2764 3590 loco
2785 3548 2963 3592 autem
2985 3540 3377 3593 autumnitatem
3400 3540 3531 3595 dicit

1934 3608 2206 3661 Arnobius
2227 3608 2457 3660 autumni
2483 3608 2597 3662 sive
2624 3609 2915 3662 vintearum
2941 3619 3279 3673 proventum.
3321 3609 3527 3667 Eodem

1932 3693 2095 3733 sensu
2121 3678 2465 3733 Mamertinus
2490 3677 2639 3733 Grat.
2673 3678 2794 3733 Act.
2825 3680 2890 3733 ad
2918 3678 3141 3743 Iuliam,
3172 3695 3222 3734 c.
3250 3681 3347 3746 2%,
3377 3682 3528 3737 olivi-

1934 3759 2088 3803 totem
2131 3751 2262 3803 diett
2291 3763 2388 3818 pro
2433 3759 2693 3817 proventu
2734 3750 2872 3812 olei,
2911 3751 3001 3805 ubi
3039 3752 3147 3805 vid.
3192 3750 3524 3817 Livintcum,

1940 3836 2060 3889 pag.
2108 3820 2469 3902 18.5,_V0l..ll
2512 3819 2777 3902 Panegyr.
2810 3820 2964 3902 veL,
3126 3821 3523 3902 Jteglerz‘Plura

1932 3893 2203 3961 congessit
2228 3890 2521 3953 Meursius,
2551 3890 2602 3943 in
2624 3890 2820 3945 Critico
2853 3893 3081 3955 Arnob.,
3112 3907 3165 3961 p.
3198 3890 3285 3947 {6.
3312 3892 3516 3951 OnzLL.

2006 3963 2070 4014 At
2101 3976 2163 4014 ea:
2192 3962 2376 4015 nostris
2404 3962 2622 4026 exprimi
2659 3977 2817 4015 unum
2849 3961 3147 4023 prohibeant
3177 3964 3403 4031 palmitis
3432 3982 3521 4019 ro-

1931 4048 2059 4087 rem.
2094 4032 2263 4085 Variis
2293 4032 2467 4085 locum
2498 4032 2638 4089 hunc
2667 4032 3006 4087 sanissitnum
3035 4032 3361 4102 coniecturis
3386 4035 3524 4090 oliu-

1932 4104 2125 4158 derunt
2154 4105 2490 4172 interpretes.
2526 4102 2630 4156 Alii
2663 4102 2844 4172 legunt
2873 4102 3134 4171 palmites,
3164 4104 3337 4159 editor
3363 4105 3517 4163 Leid.

1933 4173 2246 4245 palmitibus,
2279 4173 2549 4245 Stewech.
2580 4173 2721 4241 con].
2753 4175 2923 4227 vinum
2948 4214 2960 4227 .
2986 4212 2999 4227 .
3023 4213 3037 4228 .
3062 4213 3077 4228 .
3101 4191 3295 4241 rorem,
3326 4177 3518 4233 eodem

1933 4244 2097 4300 Sensu
2125 4260 2233 4313 quo
2257 4244 2433 4298 dicunt
2468 4244 2641 4298 Latini
2675 4246 2782 4299 dies
2812 4255 3105 4313 autumnos,
3133 4244 3187 4300 id
3212 4252 3292 4300 est
3316 4260 3519 4302 autum-

306 4311 446 4390 Ergo
473 4311 694 4374 humana
728 4321 1011 4391 patrocinia
1034 4319 1107 4391 dii
1129 4327 1381 4391 quterunt.
1421 4315 1683 4391 Similiter
1740 4335 1825 4383 ar-
1848 4330 1903 4391 ι)
1932 4316 2106 4391 nales,
2139 4311 2315 4391 serum
2346 4332 2535 4391 marem
2567 4332 2661 4386 pro
2688 4311 3180 4391 ntuscu'linoteerbu
3209 4317 3395 4391 obliuia
3424 4334 3519 4388 pro

230 4388 572 4462 gtttneittzittir
598 4390 925 4455 Lactantius,
960 4388 1145 4462 Instit.
1164 4389 1237 4444 lib
1263 4406 1318 4457 tt,
1341 4406 1407 4462 rc.
1426 4389 1458 4445 ὅ
1490 4408 1512 4462 :_
1537 4388 1643 4446 Sed
1668 4407 1823 4459 quum

232 4460 446 4531 puniunt
487 4462 824 4528 deprehensos
853 4464 905 4516 in
932 4461 1217 4528 sacrilegio,
1251 4461 1348 4520 ipsi
1376 4460 1438 4531 de
1481 4460 1686 4515 deorum
1726 4479 1821 4531 po-

231 4528 405 4586 testate
431 4534 695 4600 dif/idunt.
734 4532 836 4586 Cur
871 4533 1004 4588 enim
1042 4532 1146 4588 illis
1174 4528 1488 4599 potissintttm
1531 4548 1631 4586 non
1661 4528 1819 4587 relin-

230 4614 387 4673 quant
412 4604 689 4659 ulciscendi
709 4609 785 4658 sui
807 4604 1059 4661 locunt..si
1081 4619 1162 4656 eos
1180 4618 1325 4672 posse
1345 4600 1542 4670 aliquid
1570 4602 1822 4656 arbitran-

232 4674 361 4746 tur?
412 4676 546 4741 Quid
597 4675 737 4746 quod
795 4677 937 4743 ipsos
983 4674 1115 4727 altas
1154 4673 1380 4746 gentiles
1436 4675 1505 4746 ita
1561 4675 1815 4746 sensisse,

231 4743 383 4811 leges
428 4743 634 4799 illorum
663 4747 1053 4804 tlemOttstrant.
1085 4745 1275 4814 quibus
1308 4746 1358 4797 itt
1387 4744 1626 4812 pt'l'jtll‘os
1658 4744 1820 4798 nulla:

231 4830 408 4885 paenae
438 4818 760 4883 constitutae,
794 4818 837 4870 si
885 4830 979 4882 per
1007 4816 1137 4869 deos
1167 4816 1561 4883 pejeraveraut;
1596 4828 1779 4869 contra
1803 4858 1816 4880 ,

229 4885 280 4958 sj
310 4903 401 4956 per
448 4888 821 4956 Imperatores,
849 4902 1020 4956 preme
1042 4897 1301 4958 prompta:
1331 4897 1383 4940 et
1415 4894 1613 4958 parata:
1642 4896 1816 4942 erant.

229 4956 390 5012 Conf.
420 4959 522 5013 LXI
554 5001 567 5020 ,
595 4962 729 5016 c.dc
761 4958 938 5012 llcbus
956 4956 1392 5011 creditiSIDt-um
1417 4957 1574 5026 igitur
1596 4958 1816 5026 perjurti

228 5029 459 5084 ultorem
482 5029 879 5101 existimabunt;
908 5038 961 5081 et
978 5043 1079 5101 eos
1106 5027 1328 5101 idcirco,
1359 5029 1446 5101 qui
1466 5028 1817 5101 jurisjurantli

227 5101 548 5171 religionem
576 5097 925 5166 violaverant,
960 5098 1181 5171 deorum
1207 5097 1406 5164 judicio
1440 5097 1816 5171 relinquendos

228 5169 541 5228 censebant.
575 5173 793 5226 Deorum
814 5172 946 5226 enim
970 5170 1186 5240 injurias
1207 5171 1306 5225 diis
1341 5183 1497 5235 cura,
1532 5169 1701 5239 inquit
1728 5170 1818 5224 Ti-

225 5241 565 5314 beriuSapud
595 5243 858 5298 Tacitum.
894 5243 1132 5296 IIERALD.

305 5309 638 5380 PrOpulsare,
669 5314 956 5385 dtfendere.
991 5311 1286 5367 Sterwech.
1326 5312 1392 5385 ’τό
1414 5310 1693 5385 defendere
1721 5309 1816 5367 de.-

229 5385 447 5440 lcndum
483 5398 665 5441 cruset
690 5382 956 5450 tamquam
1001 5385 1285 5454 glossema.
1326 5382 1487 5449 Male;
1520 5383 1638 5454 talia
1671 5385 1812 5436 enim

230 5456 467 5527 epitheta
491 5458 629 5509 idem
653 5452 1166 5527 sigttilicantia‘amat
1182 5469 1501 5527 coacervare
1522 5452 1810 5527 Arnobius.

144 5568 145 5571 η
229 5525 370 5583 Vide
397 5543 553 5595 supra
584 5527 648 5580 ad
676 5522 793 5595 cap.
819 5525 1058 5590 x1,iuit.,
1082 5534 1258 5579 notant
1288 5522 1520 5579 Hcraldi.
1546 5523 1813 5580 Caeterum

142 5626 149 5649 ι
230 5597 499 5663 defendere
544 5600 643 5653 hoc
670 5599 809 5663 loco,
863 5597 1007 5667 idem
1052 5597 1192 5667 quod
1237 5611 1439 5667 arcere,
1475 5595 1810 5667 prapulsare,

144 5694 155 5732 ι
228 5668 372 5746 quod
400 5668 635 5743 pluribus
669 5668 935 5741 exemplis
961 5666 1191 5723 illustrat
1232 5666 1377 5723 idem
1419 5668 1714 5738 Stewech.,
1747 5666 1813 5722 ad

1927 4388 2192 4460 oblivioso.
2216 4386 2392 4460 Nicol.
2420 4387 2628 4452 Heius.,
2658 4388 2972 4460 Adttersar.,
2999 4387 3093 4441 lib.
3121 4403 3170 4454 ι,
3197 4405 3247 4442 c.
3276 4388 3364 4447 10.
3394 4386 3515 4460 pag.

1927 4457 2062 4529 £02,
2093 4459 2375 4529 legentium
2406 4468 2591 4513 censet
2618 4458 2775 4511 udum
2801 4475 2988 4512 rorem.
3021 4460 3152 4523 Qth
3191 4457 3515 4527 conjectura—13

1924 4528 2037 4584 fere
2065 4546 2256 4587 onincs
2287 4530 2556 4583 tinxerunt
2585 4545 2615 4582 e
2641 4544 2773 4583 voce
2812 4545 2981 4584 rorem
3009 4532 3152 4585 male
3184 4529 3451 4585 intellecta
3482 4547 3512 4586 a

1923 4601 2054 4655 viris
2084 4600 2276 4656 doctis.
2314 4600 2417 4658 llas
2446 4602 2591 4656 enim
2623 4600 2726 4655 hoc
2758 4602 2876 4656 loco
2906 4617 3012 4654 non
3043 4611 3119 4654 est
3157 4600 3348 4654 humor
3380 4601 3470 4656 ille
3494 4644 3510 4668 ,

1923 4674 2012 4741 qui
2054 4673 2259 4729 serenis
2302 4674 2546 4726 uestibus
2572 4671 2837 4742 colligitur
2863 4673 2915 4726 in
2940 4672 3132 4741 plantis
3162 4670 3318 4742 (nam
3348 4671 3392 4725 is
3417 4671 3515 4726 de-

1926 4744 2168 4811 tergitur,
2199 4760 2301 4795 non
2332 4742 2694 4810 exprimitur),
2723 4741 2814 4796 sed
2844 4744 2958 4811 ipse
2984 4741 3178 4797 succus
3206 4742 3508 4810 palmitum.

1921 4812 2286 4885 Namrosiap.
2322 4813 2541 4867 Latinos
2571 4813 2639 4866 de
2668 4814 2859 4880 quovis
2891 4814 3127 4883 liquore,
3159 4827 3327 4885 aqua,
3360 4814 3507 4881 vino,

1921 4897 2027 4939 etc.
2058 4884 2130 4938 lta
2175 4884 2386 4948 8ιᾰοιι.,
2415 4900 2585 4938 carm.
2616 4899 2755 4948 nu,
2791 4900 2841 4937 v.
2871 4884 2964 4946 25,
2988 4899 3073 4936 ros
3100 4890 3221 4937 meri
3249 4899 3344 4950 pro
3369 4885 3505 4939 uino.

1926 4954 2098 5009 Unum
2148 4972 2313 5009 rorem
2353 4956 2531 5025 itaque
2581 4954 2709 5009 dicit
2737 4954 3007 5009 Arnobius
3059 4969 3218 5009 uuam
3270 4955 3382 5009 vini
3424 4957 3510 5012 vel

1920 5025 2087 5081 musti
2130 5037 2355 5098 guttam.
2400 5025 2603 5081 OBELL.
2639 5026 2875 5098 --7M‘i_hi
2921 5026 3240 5098 conciunius
3290 5026 3508 5082 videtur

1921 5095 2171 5152 Salmasii
2224 5099 2549 5167 palmitibus,
2594 5097 2734 5165 quod
2786 5095 3045 5151 Heraldus
3081 5095 3247 5152 etiam
3288 5106 3507 5153 secutus

1917 5179 2032 5243 est,
2070 5172 2292 5243 ipsaque
2321 5167 2925 5243 verborumcollocatio
2958 5167 3116 5237 plane
3156 5168 3503 5243 Arnobiana:

1918 5237 2005 5293 Ea:
2031 5241 2177 5295 olivis
2207 5237 2384 5299 inauris
2412 5250 2561 5311 atque
2587 5240 2763 5292 vinetis
2787 5277 2801 5290 .
2828 5278 2840 5291 .
2871 5278 2884 5292 .
2907 5251 2977 5311 at;
3001 5254 3064 5295 ea:
3090 5242 3275 5293 nostris
3316 5240 3507 5309 palmi-

1918 5312 2067 5366 tibus.
2116 5312 2215 5379 ριιί
2256 5309 2487 5379 palmites
2526 5311 2847 5378 voluerunt,
2891 5309 3145 5365 videntur
3182 5311 3505 5381 quaesivisse

1917 5383 2303 5436 nominativum
2333 5382 2397 5436 ad
2429 5383 2648 5436 verbum
2675 5381 2971 5450 prohibeant
2991 5423 3006 5446 ,
3032 5383 3121 5451 qui
3149 5382 3507 5451 responderet

1917 5455 2178 5520 superiori
2204 5457 2446 5508 tncmbro
2468 5453 2615 5521 [undi
2636 5454 2848 5525 faciant,
2873 5453 3012 5522 quod
3033 5453 3255 5525 quidem
3274 5467 3377 5506 non
3404 5470 3503 5509 ne-

1915 5537 2071 5580 cesse
2114 5531 2231 5587 est,
2283 5540 2404 5578 cum
2447 5525 2589 5583 idem
2621 5523 2980 5577 norninativus
3009 5523 3165 5578 facile
3194 5523 3262 5578 ad
3298 5533 3508 5580 utrum-

1915 5595 2348 5666 quejtnembrum
2379 5594 2657 5666 pertineat.
2688 5594 2958 5649 Ocastven.

1944 5656 1950 5712 Ῐ
1991 5656 2059 5719 Et
2088 5664 2181 5719 sub
2209 5665 2335 5736 ipsis
2364 5656 2539 5737 potum
2567 5664 2723 5721 labris
2751 5666 2804 5720 in
2832 5665 2997 5721 acori:
3026 5663 3302 5737 perﬁdiam
3330 5665 3506 5722 vinum
