3986 6058
199 213 310 268 ’145
1522 212 1730 268 LIBER
1768 212 1831 268 Pl

1946 211 2040 269 US.
3385 210 3488 266 746

195 341 313 382 rem
342 325 531 381 venire
548 324 601 380 in
628 324 884 381 invidiam
905 334 1306 397 compererunt,
1334 326 1676 397 negliguntur
1696 325 1791 394 dii,
1824 327 1872 387 Α
1900 323 2239 393 exposcimus
2260 366 2273 386 ,
2328 339 2576 395 quamam
2605 322 2674 378 sit
2723 324 2839 378 haec
2894 324 3030 376 ratio
3049 363 3065 388 ,
3116 336 3236 389 quae
3291 335 3448 377 causa
3469 362 3488 389 ,

195 417 511 485 clamitant,
562 425 721 487 atque
746 418 799 472 in
822 418 1034 488 templis
1055 418 1163 488 jam
1203 418 1395 473 raritas
1423 431 1629 472 summa
1658 424 1743 472 est
1775 433 1791 471 :
1895 424 2115 486 prepter
2138 430 2297 485 quam
2324 415 2377 470 in
2407 430 2505 470 nos
2526 424 2731 470 tantum
2762 423 2814 468 et
2836 413 2911 468 dii
2934 414 3350 480 smviantsuperi
3371 455 3386 476 ,
3435 420 3492 468 et

197 511 381 583 jacent
428 510 660 582 antiquae
718 510 919 568 derisui
966 512 1287 567 ceremonite
1318 552 1334 578 ,
1413 520 1470 568 et
1516 526 1792 567 sacrarunt
1895 508 2128 579 asperati
2176 508 2425 563 homines
2466 508 2825 563 inardescant.
2858 506 3187 577 Religiones,
3220 505 3489 576 inquiunt,

202 605 478 679 quondam
499 604 773 661 veterrimi
807 606 940 661 ritus
966 605 1285 677 religionum
1314 619 1574 661 novarum
1606 619 1797 674 super-
1894 602 2108 672 impias,
2133 612 2295 671 atque
2321 602 2591 657 inauditos
2612 602 2789 656 cultus
2819 612 3082 656 terrarum
3115 601 3167 654 in
3195 599 3324 655 orbe
3353 610 3494 655 trace

202 696 511 753 stitiouibns
556 696 904 752 occiderunt:
955 697 1148 752 merito
1189 696 1482 752 humanum
1524 710 1693 767 genus
1719 703 1797 749 tot
1900 698 2045 752 tatis.
2087 695 2245 763 Quid,
2289 712 2321 750 ο
2366 697 2655 767 participes
2682 696 2925 760 rationis,
2973 694 3198 760 audetis,
3249 693 3495 751 homines

204 793 544 849 miseriarum
598 791 856 863 angustiis
905 790 1194 862 premitur,
1226 798 1305 845 tot
1330 790 1571 846 laborum
1599 805 1796 846 excru-
1900 790 2170 862 proloqui,
2192 790 2313 861 quid
2345 790 2574 854 effutire,
2600 790 2726 860 quid
2751 805 2999 861 promere
3023 788 3321 843 temeraria:
3351 788 3502 842 vocis

198 885 378 942 ciatur
399 883 675 939 aerumnis.
722 883 791 937 Et
817 881 1065 937 homines
1095 882 1308 937 brutum
1330 896 1497 952 genus
1516 922 1532 949 ,
1576 892 1630 937 et
1655 880 1795 950 quod
1901 883 2281 954 desperatione
2310 883 2566 938 tentatis?
2600 883 2765 938 Deum
2790 882 3111 952 principem,
3137 897 3314 937 rerum
3336 894 3501 935 cuneo

206 979 370 1034 situm
400 977 502 1033 sub
526 975 730 1031 lumine
773 985 891 1042 est,
933 976 1174 1031 caecitate
1203 974 1438 1044 ingenita
1468 982 1800 1044 nequeuntes

205 1071 427 1136 videre,
458 1069 658 1125 audent
684 1083 998 1124 asseverare
1023 1067 1249 1135 furiosi,
1284 1066 1427 1139 quod
1459 1082 1552 1122 vos
1578 1067 1801 1123 credere

207 1181 319 1222 non
350 1163 667 1219 erubescitis
696 1163 835 1219 sani.

285 1258 452 1315 XXV.
502 1258 579 1315 Ac
605 1274 675 1314 ne
698 1260 818 1331 quis
837 1273 936 1314 nos
966 1267 1143 1315 tamen
1170 1256 1463 1313 diffidentia
1493 1256 1805 1328 responsio.

211 1353 318 1416 nis,
347 1350 747 1422 tranquillitatis
773 1349 1045 1406 existimet
1076 1351 1214 1407 Deos
1239 1348 1443 1405 donare
1469 1349 1802 1417 muneribus,

211 1443 468 1501 innoxius
483 1443 781 1516 afﬁngereﬂ
804 1443 887 1500 his
908 1446 1312 1517 mentes,[atque
1337 1443 1407 1499 ab
1432 1444 1574 1499 omni
1600 1453 1807 1513 pertur-

211 1539 430 1596 batione
452 1536 707 1606 dimotas,
729 1538 1111 1607 concedamus,
1131 1539 1274 1594 sicut
1299 1538 1505 1594 libitum
1526 1538 1679 1595 vobis
1700 1546 1804 1605 est,

211 1632 497 1689 intendere
521 1632 576 1688 in
598 1647 697 1689 nos
720 1633 847 1700 iras,
875 1633 1188 1706 sanguinem
1217 1633 1339 1689 illos
1364 1634 1514 1690 sitire
1538 1642 1802 1701 nostrum,

211 1738 268 1786 et
288 1727 600 1800 jamdudum
631 1742 730 1784 nos
760 1743 958 1799 cupere
1004 1728 1309 1785 mortalium
1365 1730 1687 1786 submovere
1739 1728 1808 1784 de

210 1821 444 1879 smculis.
467 1820 572 1878 Sed
602 1822 645 1878 si
671 1837 775 1878 non
800 1830 885 1879 est
909 1822 1217 1891 molestum,
1249 1838 1353 1878 non
1382 1838 1563 1895 grave,
1592 1822 1635 1877 si
1662 1837 1809 1877 com-

212 1918 392 1973 munis
416 1916 577 1972 oflicii
607 1932 693 1972 res
718 1926 837 1983 est,
868 1932 972 1971 non
1005 1932 1069 1973 ex
1098 1916 1290 1988 gratia,
1323 1917 1418 1972 sed
1445 1931 1512 1971 ex
1540 1930 1669 1969 vero
1695 1914 1808 1969 dis-

212 2011 532 2084 ceptatiOnis
563 2010 718 2080 hujus
745 2010 1050 2083 disceptare
1074 2021 1362 2080 momenta,
1397 2011 1585 2067 audire
1605 2027 1634 2065 a
1656 2011 1810 2069 vobis

1903 988 2076 1034 tarum
2109 993 2458 1049 quiscumque
2487 988 2611 1033 sunt
2637 977 2912 1032 dominum
2932 1018 2946 1042 ,
2992 977 3358 1031 summitatem
3385 989 3503 1029 0m-

1905 1074 2050 1126 nium
2079 1087 2411 1127 summorum
2445 1072 2801 1136 obtinentem,
2834 1070 3081 1127 adorare.
3114 1070 3372 1137 obsequio
3411 1084 3504 1124 ve-

1907 1166 2131 1223 nerabili
2161 1168 2430 1228 invocare.
2458 1167 2510 1221 iu
2534 1166 2694 1221 rebus
2720 1165 2875 1221 fessis
2901 1165 3045 1230 totis,
3070 1174 3127 1219 ut
3148 1164 3217 1218 ita
3250 1164 3502 1229 dixerim,

1907 1260 2156 1315 sensibus
2200 1259 2532 1330 amplexari,
2583 1276 2767 1316 amare
2793 1302 2808 1326 ,
2851 1260 3160 1330 suspicere,
3190 1257 3511 1315 execrabilis

1906 1353 2095 1425 religio
2125 1363 2207 1408 est
2233 1364 2286 1409 et
2312 1353 2541 1409 infausta
2562 1396 2576 1419 ,
2611 1353 2903 1425 impietatis
2932 1362 2987 1408 et
3016 1351 3280 1423 sacrilegii
3311 1351 3467 1422 plena
3487 1393 3503 1417 ,

1907 1447 2245 1502 caerimonias
2291 1446 2584 1517 antiquitus
2632 1446 2906 1502 institutas
2960 1445 3218 1501 novitatis
3256 1459 3369 1499 sua:
3419 1459 3512 1500 su-

1910 1541 2231 1612 perstitione
2258 1540 2666 1595 contaminans?

1984 1633 2172 1690 XXVI.
2203 1633 2437 1690 Hoccine
2464 1642 2569 1699 est,
2598 1647 2801 1703 quaeso,
2847 1631 3020 1688 audax
3066 1631 3196 1686 illud
3229 1631 3432 1687 facinus
3459 1641 3515 1689 et

1914 1727 2171 1794 immane,
2209 1737 2429 1799 prapter
2452 1727 2593 1797 quod
2619 1728 2836 1783 maximi
2863 1727 3074 1784 caelites
3099 1727 3319 1783 aculeos
3341 1728 3392 1782 in
3417 1744 3515 1785 nos

1913 1820 2197 1877 intendunt
2222 1823 2420 1875 irarum
2443 1830 2603 1891 atque
2630 1820 3054 1890 indignationum
3078 1821 3334 1876 suarum?
3355 1836 3516 1892 prop-

1914 1926 1997 1972 ter
2022 1916 2162 1986 quod
2191 1928 2286 1970 vos
2313 1916 2436 1986 ipsi,
2469 1932 2588 1970 cum
2620 1914 2786 1971 libido
2811 1914 3096 1970 incesserit
3120 1931 3283 1985 saeva,
3321 1917 3522 1971 exuitis

1917 2024 2015 2064 nos
2050 2009 2246 2073 bonis,
2305 2009 2674 2065 exterminatis
2722 2008 2905 2078 patriis
2957 2007 3217 2075 sedibus,
3265 2008 3517 2081 irrogatis

1465 2094 1857 2184 LECTIONES
1886 2124 2300 2182 VARIANTES.

282 2247 309 2277 ι
333 2247 571 2311 Αιιιερνε.
610 2244 751 2297 Male.
777 2244 893 2297 Sab.

1585 2332 2146 2392 COMMENTARIUS.

219 2461 479 2521 pererunt,
502 2465 589 2503 vos
609 2451 747 2522 ipsos
765 2449 1019 2523 (gentiles
1039 2450 1183 2521 scil.)
1206 2451 1330 2505 velle
1350 2467 1455 2505 rem
1475 2458 1647 2521 (suam
1671 2452 1817 2523 scil.)

217 2522 390 2577 venire
407 2523 460 2576 in
487 2521 749 2594 invidiam.
814 2521 974 2576 'l‘ales
1002 2523 1252 2576 nimirum
1287 2531 1503 2594 agyrtas
1532 2532 1584 2577 et
1611 2521 1816 2577 sacrtﬁ-F

217 2594 375 2649 culos
399 2593 469 2648 ob
498 2592 898 2648 mendicitatem
930 2607 1081 2646 suam
1112 2592 1391 2663 malasque
1416 2604 1591 2659 artes,
1623 2595 1820 2661 quibus

219 2664 489 2736 imperitis
530 2664 836 2719 hominibus
882 2665 1269 2733 imponebant,
1318 2667 1386 2720 ab
1434 2665 1566 2736 ipsis
1593 2666 1817 2720 deorum

219 2735 521 2791 cultoribus
548 2744 890 2809 ccutemptos
917 2745 972 2789 et
1001 2749 1194 2792 exosos
1227 2735 1389 2791 fuisst»
1407 2778 1430 2809 ί,
1461 2735 1538 2791 ex
1577 2736 1818 2809 plurimis

220 2818 471 2878 veterum
499 2807 820 2862 tesumoniis
867 2809 1001 2878 satis
1047 2818 1278 2862 constat.
1322 2808 1441 2872 Vel,
1478 2810 1521 2863 si
1546 2807 1673 2878 quid
1703 2823 1820 2863 mu-

219 2877 504 2960 tan-dum,_
527 2878 936 2960 mallemplane
965 2876 1146 2960 delere
1178 2895 1475 2960 pronomen
1498 2876 1585 2960 vos
1606 2922 1621 2947 ,
1674 2889 1826 2960 ttt_5|t

222 2950 355 3021 velle
392 2950 559 3006 venire
599 2951 655 3003 in
685 2950 973 3013 invidiam;
1015 2951 1155 3003 idem
1206 2951 1346 3021 quod
1380 2952 1604 3019 simplex
1638 2952 1823 3006 venire.

234 3020 379 3075 Velle
399 3036 518 3075 cum
546 3020 810 3077 inﬁnitive
837 3022 1136 3090 sa-pissime
1157 3020 1394 3076 abundat
1424 3023 1564 3089 apud
1590 3032 1826 3077 veteres.

222 3093 305 3149 Ita
351 3108 438 3161 ap.
481 3092 789 3150 Petronium
819 3092 1105 3163 aliquoties
1140 3096 1285 3163 velle,
1311 3094 1641 3163 pleonastice
1680 3094 1828 3163 posi-

224 3175 364 3232 tum,
400 3164 545 3218 verbi
576 3179 759 3233 causa,
794 3162 921 3234 cap.
945 3162 1044 3235 70,
1087 3163 1116 3235 §
1144 3164 1231 3219 10.
1254 3162 1378 3218 lam
1395 3175 1614 3231 δωρειαί
1640 3162 1833 3218 Ρονιιι-

222 3246 353 3291 nata
379 3236 505 3290 velle
529 3236 737 3297 saltare,
771 3236 859 3289 ubi
893 3234 1013 3290 vide
1045 3234 1337 3290 Burmann.
1366 3245 1422 3291 et
1452 3237 1684 3291 indicem
1718 3239 1833 3290 An-

224 3308 455 3373 tonii,et
486 3307 729 3377 apposite
758 3307 823 3362 ad
850 3316 1091 3379 nostrum
1121 3307 1296 3362 locum
1323 3317 1534 3363 auctor.
1558 3307 1836 3379 Priapeio—

224 3394 375 3448 rum,
404 3394 573 3434 carm.
604 3394 773 3442 usu,
797 3395 876 3434 vs.
909 3378 942 3434 9
967 3389 1018 3434 et
1046 3393 1129 3448 sq.
1161 3396 1175 3432 :

419 3493 484 3544 At
507 3507 596 3543 vos
628 3492 836 3556 amplius
860 3493 954 3544 hoc
976 3492 1087 3545 loco
1111 3503 1288 3546 cavete

420 3556 693 3620 Quicquam
717 3569 906 3620 ponere
932 3572 944 3604 :
973 3570 1038 3607 ne
1064 3556 1403 3609 famelicorum

423 3618 500 3668 Ad
527 3618 606 3669 me
630 3620 777 3669 turba
799 3618 925 3670 Velit
947 3633 1124 3670 canum
1141 3622 1339 3673 venire.

232 3726 328 3783 ubi
356 3726 679 3801 velityenire
706 3739 800 3795 pro
827 3728 1025 3801 veniat.
1073 3725 1275 3801 sensus
1317 3728 1495 3801 itaque
1528 3731 1839 3801 nostri'loci

232 3812 415 3856 esset:
439 3797 607 3852 Wenn
636 3796 708 3853 sie
738 3795 938 3852 nterken
963 3797 1081 3852 dass
1109 3799 1220 3852 ihre
1245 3795 1424 3854 Sac/te
1441 3801 1574 3868 (i/tre
1598 3800 1837 3866 Kunstel,

235 3871 322 3924 iltr
352 3868 754 3941 Drakelgewerb)
776 3870 920 3921 iln'en
961 3868 1132 3923 Credit
1153 3871 1397 3926 uerlieren
1434 3871 1598 3927 wolle.
1632 3873 1835 3930 ORELD.

315 3940 663 4012 Negltguntur
689 3941 799 4014 dii1
834 3940 1289 4014 clantitant,atque
1317 3946 1368 3997 in
1396 3944 1597 4013 templis
1622 3946 1726 4010 iam
1755 3964 1841 3999 ra-

237 4015 367 4069 ritas
390 4010 589 4067 summa
613 4022 705 4067 est.
760 4010 1015 4067 Gelenius
1054 4010 1215 4067 solita
1244 4017 1477 4070 mutandi
1498 4010 1727 4072 libidine
1757 4032 1842 4070 sa—

238 4084 518 4141 nissimatn
544 4085 680 4140 banc
703 4082 904 4139 codicis
936 4099 1035 4138 ms.
1058 4085 1342 4141 lectionem
1366 4086 1443 4142 sic
1472 4087 1840 4153 interpolavit:

242 4156 612 4230 Indignamur,
660 4154 1135 4230 declamitantque;
1164 4159 1218 4211 in
1249 4158 1473 4230 templis,
1502 4168 1607 4213 etc.
1642 4160 1840 4226 Editio,

240 4227 494 4300 princeps
522 4228 681 4283 habet
708 4227 911 4300 vitiose
941 4243 964 4300 εί
996 4227 1692 4300 ηεθιὶριιηιιιν,ἰ1εειαηιίιαιιι
1715 4272 1729 4296 ,
1759 4242 1840 4284 at-

242 4297 342 4367 que
364 4301 418 4354 in
447 4299 681 4368 templis,
710 4311 812 4355 etc.
871 4297 1027 4353 Fulv.
1053 4297 1238 4371 Ursin.
1267 4301 1372 4371 leg.
1404 4301 1547 4370 conj.
1591 4311 1695 4358 etc.
1740 4304 1845 4356 cla-

1920 2450 2014 2525 lib.
2043 2469 2094 2507 VI
2123 2471 2139 2525 :_
2166 2451 2369 2525 Psyche
2398 2454 2554 2507 tantis
2580 2454 2800 2508 exercita
2828 2456 3102 2518 wruumis,
3146 2453 3287 2521 quod
3309 2454 3525 2525 elegan-

1921 2523 2026 2578 tius
2052 2523 2264 2595 quidem
2289 2534 2343 2578 et
2369 2525 2511 2579 bono
2531 2526 2794 2594 scriptore
2818 2525 3048 2595 dignius.
3077 2526 3180 2584 Sed
3209 2526 3261 2580 in
3291 2523 3530 2583 Arnobio

1921 2595 2058 2666 taleis
2087 2596 2367 2663 elegantia:
2393 2611 2498 2650 non
2529 2596 2823 2666 exigendae.

1995 2665 2089 2740 Tot
2138 2667 2366 2720 laborant
2411 2670 3037 2740 excruciaturatrnumis.
3093 2669 3363 2723 Stewecb.
3416 2669 3527 2740 leg.

1921 2738 2066 2806 conj.
2098 2748 2360 2792 exercetur
2386 2741 2658 2806 azrumnis,
2711 2739 2941 2795 afferens
2974 2741 3085 2793 lora
3113 2740 3251 2802 duo,
3300 2738 3529 2795 alterum

1922 2810 2157 2881 Apuleii,
2194 2808 2285 2863 lib.
2319 2825 2393 2863 Vl.
2425 2809 2637 2865 Metam.
2676 2809 2874 2881 Psyche
2899 2811 3055 2865 tantis
3085 2813 3307 2866 exercita
3335 2828 3525 2866 atrum-

1927 2881 2030 2946 nis,
2065 2880 2294 2936 alterum
2323 2882 2534 2954 Virgilii
2564 2880 2692 2938 IEn.
2724 2880 2804 2950 ιιι,
2835 2898 2917 2948 vs,
2949 2882 3075 2936 182.

2586 2994 2715 3045 Nate
2735 2994 2899 3045 Iliacis
2922 2998 3145 3047 exercite
3168 3000 3305 3047 satis.

1934 3100 2039 3156 Sed
2070 3115 2175 3154 non
2208 3101 2386 3155 minus
2414 3100 2665 3169 frequens
2686 3116 2774 3168 ap.
2804 3098 3022 3155 Latinos
3043 3102 3325 3157 excruciari
3351 3117 3539 3155 arum-

1935 3176 2049 3235 nis,
2097 3172 2429 3242 (egritudine,
2461 3172 2843 3237 sollicitudine,
2892 3174 3124 3227 miseriis.
3179 3170 3260 3227 Cf.
3315 3172 3536 3228 Terent.

1937 3242 2225 3314 Heautont.
2267 3259 2303 3307 ι,
2334 3243 2390 3309 9,
2423 3258 2505 3298 vs.
2536 3244 2592 3309 lt,
2624 3256 2671 3297 et
2706 3243 2821 3298 Cic.
2849 3243 3021 3314 Epist.
3057 3248 3121 3298 ad
3153 3242 3304 3297 Fam.
3338 3260 3451 3311 xlv,
3479 3245 3532 3300 3.

1937 3313 2124 3382 Itaque
2156 3316 2228 3369 nil
2251 3316 2585 3369 mntandnttt.
2620 3314 2824 3370 ORELL.

2011 3384 2077 3458 Et
2106 3386 2369 3449 homines,
2400 3386 2601 3440 brutum
2640 3403 2819 3456 genus.
2862 3385 3216 3456 Cannegieter
3256 3387 3361 3458 leg.
3386 3403 3535 3444 cens.

1940 3456 2006 3513 Ei
2029 3456 2277 3518 homines.
2319 3473 2423 3511 non
2453 3460 2612 3529 male.
2645 3463 2844 3513 UnELL.
2868 3489 2938 3498 —
2969 3459 3088 3513 Pari
3115 3473 3277 3514 sensu
3316 3456 3535 3529 Horat”

1940 3529 2033 3584 lib.
2064 3528 2104 3583 l.
2144 3541 2247 3583 sat.
2279 3529 2331 3583 5.
2363 3529 2496 3584 dixit
2522 3527 2724 3583 Mutum
2752 3539 2797 3583 et
2825 3539 2971 3597 turpe
2993 3547 3162 3597 pecus.
3193 3530 3378 3586 PRIOR.

2012 3599 2241 3655 Furiosi.
2275 3600 2412 3656 Vide
2443 3610 2620 3656 notata
2651 3600 2718 3655 ad
2742 3602 2949 3655 initium
2978 3602 3166 3669 capitis
3195 3618 3231 3656 ι.
3259 3602 3464 3659 Οιιειι.

2011 3670 2179 3727 XXV.
2229 3702 2301 3712 —
2350 3671 2767 3726 Mortalium.....
2826 3672 2889 3726 de
2950 3672 3168 3727 sa'culis.
3226 3672 3283 3728 Id
3336 3683 3421 3729 est.
3471 3675 3536 3729 de

1940 3760 2121 3813 genere
2144 3744 2435 3798 mortalium
2458 3744 2699 3797 swculum
2728 3757 2826 3812 pro
2851 3759 3080 3813 genere,
3114 3746 3317 3810 sobole,
3350 3746 3537 3800 multi-

1945 3813 2128 3870 tudine
2171 3815 2466 3882 saepissime
2514 3822 2736 3883 usurpat
2783 3813 3088 3881 Lucretius,
3124 3831 3176 3869 v.
3224 3832 3300 3882 c.,
3332 3816 3424 3870 lib.
3459 3834 3538 3884 ιιι,

1944 3885 2082 3942 ϐἳ9ε
2117 3884 2351 3939 Priorum
2380 3885 2532 3939 saecla
2558 3887 2885 3953 scriptorum,
2908 3895 2964 3940 et
2990 3902 3049 3948 ιι,
3075 3900 3155 3940 vs.
3182 3886 3269 3939 77.
3293 3887 3542 3941 Animan-

1943 3967 2047 4011 tum
2098 3958 2250 4011 δίει-[α
2303 3957 2354 4009 in
2405 3959 2537 4009 brevi
2576 3957 2744 4024 spatio
2799 3967 3082 4011 mutantur.
3136 3956 3255 4009 Vid.
3303 3956 3532 4013 Gesner.

1944 4028 1999 4082 in
2025 4027 2305 4083 Thesauro
2341 4036 2396 4082 et
2431 4043 2551 4097 quae
2596 4027 2972 4081 annotabitnus
3016 4028 3152 4080 infra
3192 4027 3258 4081 ad
3301 4027 3395 4081 lib.
3424 4044 3534 4097 vn,

1943 4115 1992 4156 c.
2021 4099 2111 4154 24.
2143 4098 2345 4154 Onus.

2018 4171 2377 4226 Summitatem
2402 4169 2627 4224 omnium
2650 4184 2960 4222 summorum
2980 4168 3305 4224 obtinentem.
3325 4168 3375 4224 Is
3394 4170 3539 4228 Deus

1945 4258 2070 4298 mox
2098 4258 2323 4296 summus
2344 4241 2559 4301 dicitur,
2586 4254 2692 4309 quo
2722 4240 2938 4295 nomine
2963 4247 3173 4298 veteres
3198 4242 3540 4312 appellarunt

1948 4330 2109 4370 unum
2133 4312 2262 4368 illud
2289 4322 2341 4367 et
2363 4326 2671 4381 supremum
2704 4325 2922 4374 numen,
2946 4328 3126 4366 rerum
3161 4315 3398 4369 omnium
3438 4330 3538 4369 au-

246 4374 427 4455 ηξίξαηι
454 4386 718 4455 namque
747 4412 761 4435 ›
804 4378 910 4426 Θῑε·
960 4370 1065 4426 Sed
1102 4370 1594 4427 εθυεδηιίηιυιδηάί
1642 4375 1843 4430 nullam
1868 4375 1922 4436 D
1948 4396 2151 4441 ctorem
2191 4394 2245 4438 ct
2282 4370 2716 4455 gubernatorem.
2749 4370 3060 4454 Philosophi
3089 4384 3255 4440 Deum
3287 4386 3535 4454 opificem

246 4443 428 4499 video.
456 4443 660 4498 Οιιειι..

319 4513 592 4570 laeent....
650 4513 845 4588 derisui
872 4516 1224 4588 Acteremonite.
1262 4516 1375 4571 Hoc
1414 4526 1497 4573 est
1520 4526 1841 4588 contempta:

247 4595 380 4643 sunt
404 4598 457 4641 et
479 4586 766 4661 expositae,
797 4585 1023 4661 objecta:
1044 4586 1250 4642 dirisui.
1290 4588 1490 4653 Jaeere,
1526 4585 1838 4661 centies—ap.

246 4666 463 4714 Veteres
482 4658 549 4732 de
576 4658 736 4732 rebus
764 4659 1050 4732 neglectis,
1077 4663 1419 4732 contemptis,
1453 4662 1594 4732 quod
1626 4658 1842 4719 notissi-

248 4744 423 4786 mum.
473 4731 540 4782 At
583 4731 758 4784 rarior
789 4729 946 4798 ltujus
988 4730 1134 4785 verbi
1175 4729 1504 4790 constructio
1542 4750 1662 4791 cum
1691 4736 1848 4792 tertio

250 4814 407 4858 casu.
429 4799 503 4855 Ita
523 4798 615 4855 Sil.
642 4800 789 4868 Ital.,
819 4801 913 4855 lib.
941 4816 1033 4868 xv,
1057 4817 1136 4858 vs.
1165 4802 1270 4860 6&6
1289 4814 1346 4861 et
1365 4820 1448 4877 sq.
1477 4822 1493 4861 :

669 4915 976 4978 Quicumque
996 4916 1163 4967 timeri

412 4976 521 5028 Dux
540 4979 674 5029 bello
697 4976 911 5042 poterat,
934 4977 1074 5030 fratri
1093 4980 1245 5043 jacet.

258 5085 313 5142 id
340 5093 440 5149 est,
470 5086 539 5141 ab
568 5101 634 5142 eo
663 5101 856 5156 caesus,
889 5097 1161 5156 postratus
1189 5099 1292 5145 est.
1334 5090 1535 5149 Οιιειι..

336 5157 665 5233 Occiderunt.
711 5155 863 5233 Fulv.
892 5155 1122 5217 Ursinus
1153 5161 1363 5233 legend.
1405 5174 1591 5221 censet
1619 5165 1856 5220 concide—

260 5239 400 5308 runt.
445 5229 561 5308 Sed_
604 5230 739 5284 bene
774 5231 932 5308 habet
955 5229 1246 5308 occiderunt
1274 5244 1326 5308 et
1359 5238 1524 5292 multo
1547 5248 1629 5293 est
1658 5236 1858 5308 signiti-

260 5303 491 5358 cantius.
511 5301 720 5380 imago
747 5303 862 5358 scil.
889 5306 1046 5359 «lucta
1076 5306 1406 5380 asitleribus
1427 5351 1441 5375 ,
1483 5325 1602 5380 qua:
1627 5301 1740 5364 sole
1768 5324 1860 5364 ex-

262 5383 384 5429 orto
409 5372 687 5441 occidunt;
708 5386 1059 5432 evanescunt.
1093 5379 1297 5433 URELL.

337 5444 406 5499 Et
437 5446 616 5499 merito
646 5447 925 5502 humanum
950 5466 1203 5518 genus....
1234 5458 1306 5505 tot
1347 5450 1578 5506 laborum
1601 5454 1865 5508 excrucia-

265 5528 352 5573 tur
375 5519 637 5590 aerumnis.
701 5518 1033 5574 Steweclnus
1064 5520 1344 5590 legendum
1372 5534 1560 5579 censet
1588 5541 1646 5581 eo
1685 5526 1758 5587 (ιιι
1785 5533 1871 5581 est

265 5586 560 5659 eapropter)
600 5590 778 5663 merito
829 5586 1468 5663 humanum'genus.......
1515 5606 1588 5650 tot
1637 5586 1871 5652 laborum

266 5669 529 5737 querceta:
567 5661 842 5737 erumnis,
872 5664 1052 5737 citans
1072 5661 1418 5734 Virgilianunt
1456 5667 1583 5722 illttd
1608 5712 1624 5736 ,
1657 5669 1759 5725 Ab.
1789 5686 1868 5737 tn,

272 5730 435 5793 1821.
481 5730 621 5786 Puer
666 5731 844 5788 Iliacis
886 5735 1104 5789 exercite
1139 5730 1285 5802 satis,
1325 5747 1379 5794 et
1425 5730 1633 5809 Apulei.
1662 5730 1871 5808 Miles,

812 5828 1084 5891 ΡΑτιιοι..
1134 5829 1207 5893 V.

1945 4456 2324 4522 nominabant,
2357 4456 2445 4510 alii
2475 4455 2660 4511 Jovem
2689 4465 2947 4509 aeternum
3000 4466 3054 4511 et
3090 4456 3538 4526 exsuperantissi-

1946 4545 2126 4656 ιὸιιιιιὶξ
2145 4528 2318 4584 Graeci
2331 4529 2491 4583 etiam
2503 4526 2740 4599 ὕψιστον.
2764 4542 3135 4584 CANNEGIETER
3162 4528 3216 4582 in
3234 4545 3330 4582 van
3357 4526 3536 4583 Houen

1999 4611 2036 4655 ι.
2109 4610 2188 4655 ιιι.

1999 4611 2036 4655 t.
2064 4601 2188 4655 Litt.

2021 4671 2323 4752 Temeraria:
2362 4671 2498 4752 vocis
2542 4670 2911 4752 desperatione.
2950 4669 3109 4752 _Fulv.
3158 4669 3382 4752 Ursinus
3429 4669 3535 4741 leg.

1948 4753 2134 4799 censet
2167 4744 2545 4813 disparatione,
2577 4732 2664 4795 alii
2694 4741 3059 4809 disceptatione
3086 4742 3244 4796 male.
3275 4732 3536 4813 DesperE-g

1950 4817 2040 4882 tio,
2071 4824 2129 4870 ut
2156 4812 2291 4870 bene
2324 4812 2538 4868 lleraltl.
2573 4813 2821 4881 explicat,
2855 4822 2939 4867 est
2965 4814 3172 4869 ἀπόνοια
3199 4816 3382 4884 eorum
3404 4854 3419 4875 ,
3446 4812 3539 4884 qui

1952 4888 2184 4942 divinam
2217 4888 2347 4939 iram
2368 4896 2715 4941 contemnere
2741 4893 3040 4954 eruperunt,
3071 4895 3125 4938 et
3145 4883 3299 4937 simul
3322 4900 3538 4940 omnem

1954 4959 2142 5015 salutis
2171 4972 2354 5013 curam
2387 4956 2641 5026 abjicere.
2677 4955 2972 5026 Desperatio
2996 4955 3129 5009 vocis
3155 4957 3436 5011 temeraria?
3455 4967 3542 5013 est

1956 5030 2133 5100 itaque
2170 5045 2270 5083 vox
2304 5028 2586 5083 temeraria
2617 5026 2851 5082 bonunis
2894 5027 3136 5100 scelerati
3179 5036 3231 5081 et
3272 5026 3339 5081 de
3368 5029 3543 5100 salute

1957 5096 2063 5172 sna-
2103 5116 2322 5172 prersus
2373 5100 2740 5171 desperantis,
2794 5100 2875 5152 ein
2921 5096 3237 5165 tollkultnes,
3286 5098 3549 5155 rucltloses

1962 5171 2133 5229 Wort.
2166 5172 2369 5229 Οιιειι..

2034 5243 2103 5299 1η
2149 5246 2299 5299 rebus
2340 5243 2503 5313 fessis.
2536 5242 2704 5306 Infra,
2737 5240 2833 5295 lib.
2876 5257 2931 5313 ιιι
2961 5260 2974 5295 :
3009 5241 3285 5297 Ineazorata
3311 5242 3554 5312 beneﬁcia

1965 5318 2187 5445 agitabere
2214 5316 2360 5443 [iisiiss
2397 5327 2547 5387 atque
2583 5313 2822 5369 invalidis
2848 5312 3014 5370 rebus.
3050 5313 3220 5371 Habet
3247 5330 3278 5369 a
3312 5314 3554 5386 Virgilio,

2042 5405 2097 5443 ιι.
2127 5405 2205 5445 ιιι.
2371 5405 2385 5441 :

2042 5405 2097 5443 ιι.
2127 5405 2205 5452 ιιι,
2240 5405 2342 5443 ua
2371 5405 2385 5441 :

2124 5501 2277 5560 Quam
2299 5498 2447 5551 fessis
2467 5498 2616 5549 ﬁnem
2640 5500 2791 5549 rebus
2810 5496 2967 5561 ferat;
3002 5500 3134 5552 unde
3158 5502 3377 5552 laborum

2128 5564 2347 5615 Tentare
2370 5561 2608 5612 auxilium
2623 5562 2813 5625 jubeat.
2877 5562 3096 5614 lienam.

1976 5670 2112 5728 Add.
2142 5668 2345 5736 Tacit.,
2376 5666 2571 5726 Annal.
2602 5681 2698 5740 xv_,
2740 5681 2791 5721 c.
2836 5666 2927 5725 50.
2976 5666 3438 5740 Diligendumque,
3487 5666 3575 5735 qui

1979 5744 2122 5819 fessis
2134 5741 2284 5800 rebus
2306 5750 2636 5800 succurreret.
2657 5738 2859 5797 OnuLL.

3105 5831 3187 5897 at.

3474 5904 3599 5948 .qﬁs‘
