3986 6058
503 239 603 299 747

1595 236 1870 297 ARNOBII
1895 236 2259 299 ADVERSUS
2295 235 2567 296 CENTES

3699 237 3807 297 748

501 354 763 429 supplicia
790 357 1056 427 capitalia,
1088 355 1369 427 torquetis.
1396 354 1727 421 dilaceratis,
1755 358 2003 423 exnritis,
2038 365 2093 413 et
2118 358 2169 418 Α
2196 356 2309 412 sius
2328 397 2343 423 ,
2396 354 2618 427 Pythius
2636 394 2652 421 ,
2702 363 2756 411 et
2784 353 2830 410 is
2854 351 3132 412 habendus
3155 354 3369 411 divinus
3397 361 3484 410 est
3504 395 3520 421 ,
3575 355 3666 423 qui
3704 363 3806 409 aut

506 448 574 504 ad
604 458 900 504 extremum
930 463 1027 502 nos
1067 446 1193 502 feris
1225 456 1277 503 ct
1304 447 1611 503 belluarum
1658 449 1943 504 Ianiatibus
1993 450 2091 504 ob-

498 539 752 613 jectatis?
773 538 1023 611 Quisquis
1047 539 1187 593 istud
1213 541 1267 594 in
1294 539 1448 597 nobis
1474 540 1712 607 damnat,
1736 551 1827 595 ant
1848 542 1898 595 in
1916 540 2093 612 aliqua

507 633 651 687 ducit
677 632 1049 688 criminatione
1074 632 1378 702 ponendum
1400 677 1416 701 ,
1465 634 1510 689 is
1550 643 1640 689 aut
1668 634 1885 689 nomine
1910 634 2095 704 appel-

499 728 691 783 landus
712 727 1084 794 esthominis,
1117 729 1362 799 quamvis
1401 728 1491 783 ille
1532 728 1778 783 videatur
1816 728 1955 784 sibi?
1997 736 2092 783 aut

500 818 641 875 Deus
670 835 788 876 esse
826 818 1129 876 credendus
1172 830 1276 885 est,
1304 821 1545 891 quamvis
1572 821 1686 891 ipse
1713 835 1771 876 se
1800 835 1919 877 esse
1946 821 2091 878 mille

495 913 812 987 proﬁteatur
833 913 886 968 in
918 912 1165 969 vatibus?
1203 913 1546 984 Trophonius
1574 928 1672 968 nos
1693 914 1884 982 impios
1910 913 2088 969 Dodo-

496 1022 647 1062 meus
677 1015 770 1062 aut
797 1004 1005 1076 Jupiter
1032 1005 1273 1060 nominat
1302 1014 1357 1071 ⁸,
1406 1015 1463 1061 et
1508 1005 1624 1074 ipse
1666 1003 1873 1060 dicetur
1912 1005 2089 1069 Deus,

490 1109 651 1171 atque
703 1099 755 1153 in
806 1097 995 1154 ordine
1048 1098 1446 1168 computabitur
1499 1099 1816 1166 numinum,
1868 1098 1958 1169 qui
1998 1107 2088 1154 aut

490 1211 703 1252 summo
743 1193 1101 1250 servientibus
1127 1196 1239 1265 regi
1282 1193 1485 1247 crimen
1529 1192 1820 1261 impietatis
1850 1190 2082 1262 afﬁngit,

489 1297 581 1343 aut
606 1287 705 1343 sibi
738 1296 1017 1357 torquetur
1062 1285 1395 1355 majestatem
1426 1285 1562 1353 ejus,
1604 1284 1913 1353 cultumque
1944 1300 2080 1354 prte-

486 1382 652 1455 poni?
681 1382 864 1438 Delius
891 1382 1082 1452 Apollo
1101 1423 1116 1451 ,
1167 1380 1247 1436 vel
1274 1378 1504 1444 Clarius,
1540 1379 1869 1452 Didymzeus,
1900 1378 2083 1435 Phile-

2198 461 2470 502 snmmum
2512 447 2887 517 imperatorem
2930 449 3142 516 nescit,
3185 458 3276 504 aut
3330 448 3541 519 ignorat
3581 462 3611 501 a
3641 447 3807 503 nobis

2198 538 2524 609 quotidianis
2547 538 2596 594 ei
2639 537 2888 608 precibus
2937 539 3262 611 supplicari?
3312 539 3412 608 Qui
3439 540 3484 595 si
3515 550 3801 610 pectorum

2195 641 2402 688 secreta
2449 632 2718 695 nesciret,
2750 647 2850 688 nec
2871 632 2999 703 quid
3031 633 3083 688 in
3113 632 3316 688 intimis
3345 633 3596 689 sensibus
3616 636 3796 690 conti-

2196 739 2416 780 neamus
2440 764 2457 790 ,
2510 735 2828 795 agnosceret
2861 743 2872 780 ε
2902 738 3172 780 summum
3202 735 3381 781 tamen
3412 726 3666 781 invocare
3693 740 3798 781 nos

2196 818 2362 873 Deum
2381 860 2396 884 ,
2429 826 2483 874 et
2514 816 2583 872 ab
2602 833 2668 873 eo
2693 817 2837 888 quod
2860 818 3196 887 postulamus
3223 833 3381 874 orare
3403 861 3416 883 ,
3460 819 3544 873 vel
3572 818 3800 874 auribus

2194 911 2363 982 potuit
2384 911 2544 977 scire,
2578 911 2662 967 vel
2681 911 2850 982 ipsius
2875 911 3023 969 vocis
3050 927 3211 981 sono,
3234 924 3341 984 qua
3362 913 3562 969 utimur
3584 914 3641 969 in
3673 928 3803 984 pre-

2192 1006 2367 1073 cibus,
2396 1005 2687 1062 noscitare.

2265 1097 2480 1154 XXVII.
2542 1097 2790 1155 Nondum
2815 1109 2900 1156 est
2922 1101 3104 1167 locus,
3159 1111 3218 1156 nt
3243 1101 3578 1172 explicemus
3604 1117 3799 1158 omnes

2198 1194 2364 1261 istos,
2398 1194 2486 1265 qui
2519 1208 2617 1249 nos
2644 1193 2938 1261 damnant,
2988 1196 3077 1266 qui
3122 1195 3265 1264 sint,
3321 1196 3409 1252 vel
3455 1197 3598 1251 unde
3646 1196 3797 1252 sint:

2190 1293 2444 1356 quantum
2500 1286 2705 1356 possint
2735 1328 2751 1353 ,
2798 1286 2883 1343 vel
2927 1288 3178 1344 noverint
3204 1304 3220 1343 :
3249 1303 3348 1344 cur
3369 1288 3436 1343 ad
3460 1287 3663 1344 Christi
3690 1305 3793 1361 pa-

2191 1392 2355 1435 veant
2402 1380 2729 1438 mentionem
2753 1422 2769 1446 ,
2824 1380 3122 1454 discipulos
3146 1397 3247 1439 cur
3270 1381 3389 1455 ejus
3414 1383 3663 1440 inimicos
3694 1383 3796 1438 ba-

1700 1493 2083 1550 LECTIONES
2118 1492 2528 1551 VARIANTES.

542 1615 568 1643 ιι
610 1610 667 1661 In
690 1611 866 1661 ritibus
886 1608 1108 1672 profanos
1132 1621 1220 1659 nos
1242 1614 1326 1658 aut
1356 1609 1526 1670 impios
1546 1606 1822 1657 Dodonaeus
1876 1603 2070 1667 Jupiter

2177 1607 2412 1659 nominat.
2451 1602 2595 1656 Fulv.

1840 1707 2409 1768 COMMENTARIUS.

552 1830 743 1889 XXVI.
794 1860 862 1871 —-
908 1828 1240 1901 Dilaceratis.
1276 1832 1287 1901 ί
1313 1827 1517 1901 Nempe
1592 1826 1840 1901 ﬂagellis
1868 1836 1923 1881 et
1976 1841 2076 1880 un—
2111 1826 2405 1893 BIectori,
2453 1844 2548 1883 cur
2568 1827 2859 1901 Arnobius
2903 1829 3525 1901 pleraque‘Grarcorum
3573 1834 3799 1890 oracula

479 1906 641 1979 gulis,
669 1902 862 1979 quibus
887 1900 1079 1979 derasa
1100 1910 1175 1979 _et
1217 1900 1431 1979 falcata
1459 1899 1608 1954 fuere
1658 1898 2075 1954 Christianorum

483 1972 668 2034 latera.
690 1972 757 2030 ’In
793 1975 874 2027 his
903 1974 1064 2028 etiam
1100 1972 1518 2026 lacerationibus
1549 1986 1835 2025 numerare
1884 1985 2081 2039 possu-

479 2064 597 2105 mus
644 2048 928 2120 ἑλκυσμᾳὺς
974 2047 1173 2120 θηρίῳν.
1222 2044 1378 2120 Nam
1409 2055 1624 2120 sanctos
1670 2040 1869 2096 Christi
1919 2051 2083 2120 testes

479 2121 665 2176 bestiis
695 2111 1017 2189 quandoque
1036 2111 1447 2189 'ailinordeodos
1474 2113 1703 2176 dabant,
1749 2123 1801 2189 ut
1850 2112 1932 2165 vel
1982 2111 2081 2167 hac

477 2193 686 2248 ratione
714 2184 980 2244 summum
1012 2188 1074 2239 iis
1103 2197 1364 2240 terrorem
1398 2187 1719 2239 incuterent.
1753 2184 1998 2238 IIERALD.

552 2261 805 2317 Exuritt's.
846 2258 1044 2313 Refero
1082 2258 1183 2312 hoc
1225 2274 1330 2310 non
1375 2259 1439 2310 ad
1470 2257 1937 2320 vivicomburium,
1974 2270 2080 2323 quo

476 2350 623 2405 saepe
664 2330 864 2387 Christi
912 2329 1105 2383 milites
1138 2330 1527 2405 ἐτελειώθηςαγ,
1560 2328 1653 2381 sed
1700 2327 1766 2379 ad
1808 2342 1998 2405 cruces
2029 2336 2084 2380 et

480 2397 783 2465 tormenta,
835 2416 956 2470 quae
1014 2410 1311 2453 extremam
1372 2401 1627 2454 τελείωσιν
1684 2397 2079 2466 ιιταγοράθῦςιηι.

479 2476 895 2544 Torquebantur
935 2472 1076 2544 enim
1107 2472 1411 2544 christiani,
1451 2470 1844 2544 lacerabantnr,
1880 2485 2080 2544 exure—

478 2539 695 2611 bantur,
727 2544 779 2598 id
812 2553 914 2610 est,
943 2542 1048 2611 igni
1074 2553 1125 2596 et
1158 2542 1371 2596 laminis
1402 2544 1573 2612 igneis
1603 2541 1822 2610 propius
1848 2539 2079 2612 admotis

481 2618 843 2675 lentabatttur.
879 2614 952 2669 De
983 2614 1087 2683 igni
1119 2612 1184 2666 ad
1226 2611 1505 2669 veritatmn
1539 2612 1830 2667 eruendam
1859 2611 2079 2683 admoto

478 2688 848 2758 antiquissima
873 2700 958 2739 res
987 2682 1088 2758 est.
1126 2684 1496 2758 Recteantem
1526 2692 1580 2738 et
1605 2684 1970 2739 condeeenter
2010 2682 2078 2737 ab

480 2753 718 2818 Arnobio
741 2757 1034 2812 collocatur
1062 2757 1181 2809 loco
1209 2756 1419 2809 ultimo.
1456 2753 1586 2809 Nam
1612 2770 1796 2810 revera
1828 2763 1940 2808 erat
1974 2770 2079 2809 sa:—

479 2835 599 2900 pius
630 2830 847 2884 ultimus
868 2828 1209 2902 βασανισμρς.
1240 2826 1446 2902 Seneca
1489 2827 1582 2880 lib.
1612 2842 1692 2892 ιιι,
1726 2825 1795 2879 de
1818 2824 1921 2888 Ira,
1945 2839 2073 2902 _ca_p.

482 2896 550 2961 19
576 2921 590 2959 :
619 2896 978 2967 Torserat'per
1011 2896 1201 2961 omnia,
1232 2914 1344 2967 qua:
1380 2899 1430 2951 in
1462 2914 1632 2951 rerum
1672 2907 1859 2951 natura
1890 2896 2080 2951 tristis-

480 2977 609 3031 sima
635 2984 772 3037 sunt,
804 2971 1047 3039 ﬁdiculis,
1076 2970 1407 3033 tabularibus,
1425 2972 1624 3029 aculeo.
1645 2969 1770 3038 igni,
1796 2968 1939 3021 vultu
1957 2985 2075 3039 suo.

484 3046 762 3117 Apuleius,
797 3038 1018 3117 Milesia,
1052 3058 1080 3095 ιι
1110 3058 1125 3097 :
1156 3040 1267 3096 Nec
1289 3051 1407 3117 rota
1432 3043 1509 3095 vel
1540 3039 1745 3117 eculeus
1773 3056 1913 3117 inore
1941 3038 2085 3117 Cete—

482 3109 660 3172 co'rum
687 3114 948 3169 tormentis
971 3115 1079 3182 ejus
1106 3123 1359 3183 apparata
1386 3115 1495 3180 jam
1525 3112 1757 3166 deerant.
1791 3109 1898 3165 Sed
1925 3113 2086 3178 obﬁr—

485 3201 652 3245 tnatus
680 3188 807 3241 mira
830 3186 1225 3256 privsuntptione
1257 3183 1416 3256 nullis
1444 3183 1752 3256 verberibus,
1787 3197 1846 3234 ac
1874 3184 2089 3256 ne_ipso

486 3261 688 3331 quidem
717 3253 980 3313 succubuit
1004 3256 1133 3328 igni.
1165 3255 1492 3310 Prudentius
1512 3297 1527 3319 ,
1572 3256 1627 3310 in
1667 3253 1923 3325 Martyrio
1954 3253 2089 3309 Viu-

491 3330 654 3388 Centii
685 3349 697 3383 :

742 3421 867 3475 Tum
889 3421 1071 3470 deinde
1098 3426 1352 3469 cunctatus
1375 3419 1476 3468 diu.

746 3481 982 3533 Decernit
1014 3491 1235 3532 extrema
1256 3485 1471 3531 omnium

745 3547 870 3608 Igni,
892 3545 1098 3609 grabato
1123 3551 1176 3593 et
1201 3545 1393 3609 laminis

737 3605 1043 3660 E'xerc'eatur
1065 3610 1288 3670 qttaastio.
1358 3605 1577 3654 Hanno.

566 3717 644 3771 Ad
675 3724 954 3770 extremum
981 3729 1075 3767 nos
1099 3711 1222 3782 [eris
1248 3721 1297 3764 et
1323 3709 1613 3763 belluarum
1633 3709 1908 3763 laniatibus
1927 3710 2096 3778 objec-

494 3791 634 3845 tatis.
668 3787 803 3841 Nota
838 3785 906 3840 ad
935 3795 1240 3839 extremum.
1275 3782 1557 3837 Praemissa
1594 3796 1721 3850 ergo
1760 3791 1886 3835 ante
1915 3790 2097 3836 extre-

497 3877 639 3917 mum
670 3873 913 3925 agonem.
965 3855 1098 3910 Iliuc
1138 3853 1461 3909 Prudentius
1510 3853 1719 3923 Ilymno
1768 3854 1943 3922 primo
1978 3855 2099 3927 περὶ

502 3934 775 4005 στεφάνων,
800 3945 882 3984 vs.
917 3927 1006 3991 54,
1032 3943 1185 3997 seqq.

593 4045 734 4095 Stant
758 4043 907 4104 parati
925 4040 1075 4095 ferre,
1093 4038 1341 4104 quidquid
1357 4035 1676 4104 sorstullsset
1700 4036 1870 4104 ultima
1898 4050 1908 4084 :

594 4108 700 4157 Seu
722 4099 851 4154 foret
870 4099 1137 4167 praebenda
1160 4099 1329 4151 cervix
1351 4101 1410 4150 ad
1434 4102 1703 4164 bipennem
1730 4099 1975 4167 publicam
1990 4139 2003 4157 ,

595 4164 882 4219 Verberum
898 4174 1009 4229 post
1027 4168 1125 4215 vim
1140 4172 1452 4229 crepantum,
1474 4170 1811 4229 postcatastas
1834 4164 2037 4225 igneas;

599 4234 717 4283 Sive
744 4224 911 4293 pardis
925 4224 1250 4278 oﬁ‘ereudum'
1263 4234 1456 4289 pectus,
1476 4224 1569 4275 aut.
1585 4224 1832 4273 leonibus.

507 4334 700 4391 Bcstiis
725 4340 904 4388 autem
932 4330 1358 4399 objectabantur,
1392 4344 1513 4383 cum
1551 4328 1868 4383 venationes
1909 4328 2101 4382 daren-

508 4417 625 4473 tur;
679 4404 808 4458 alias
830 4404 970 4457 enim
1004 4419 1108 4456 non
1140 4401 1353 4456 licebat.
1410 4401 1562 4473 Illuc,
1595 4415 1715 4453 enm
1748 4400 2098 4473 I’olycatjpum

509 4478 574 4534 ad
604 4471 813 4532 Ieoiiem
835 4474 1188 4545 postularent,
1227 4472 1507 4545 respondit
1540 4472 1832 4525 Proconsul
1859 4471 1973 4545 lieri
2002 4473 2101 4525 hoc

511 4565 614 4605 nOn
665 4543 855 4620 posse,
902 4545 1027 4616 quia
1075 4544 1388 4598 venationes
1434 4553 1665 4620 peracta:
1707 4550 1879 4620 erant.
1919 4543 2101 4620 Quare

508 4610 1065 4675 vivus'concreniatus
1094 4624 1177 4669 est
1210 4610 1681 4670 constantissimus
1720 4621 1774 4666 ct
1812 4610 2097 4669 ﬂoridissi-

512 4710 630 4749 mus
652 4691 869 4761 Martyr.
900 4688 1134 4742 HERALD.

460 4756 476 4765 ’
584 4763 638 4817 Is
666 4775 751 4815 aut
783 4756 985 4814 nomine
1016 4756 1442 4828 appellandusest
1460 4756 1701 4810 hominis.
1724 4756 1953 4824 quamvis
1976 4756 2093 4811 ille:

511 4837 741 4891 videatur
761 4831 893 4888 sibi?
912 4842 998 4884 aut
1022 4830 1154 4883 Deus
1182 4846 1288 4883 esse
1307 4829 1588 4882 credendus
1610 4839 1681 4899 est
1702 4871 1715 4893 ,
1741 4829 1967 4899 quamvis
1989 4829 2098 4895 ipse

509 4924 563 4963 se
601 4924 711 4962 esse
756 4906 896 4959 mille
935 4903 1236 4972 proﬁteatur
1272 4903 1324 4953 in
1360 4898 1965 4972 vatibuslTropltonius
2005 4914 2097 4955 nos

511 4981 715 5048 impios,
749 4987 853 5032 etc.
887 4971 1011 5029 Haec
1030 4983 1113 5028 est
1142 4971 1741 5048 palmaria__emendati_o
1867 4971 2092 5048 Pitltoei,

512 5041 775 5105 meritoin
797 5058 999 5103 textum
1027 5041 1237 5113 recepta
1259 5043 1326 5097 ab
1344 5044 1549 5098 editore
1570 5042 1889 5113 Lugd-But.
1916 5041 2093 5097 Editio

512 5123 681 5193 prima
732 5119 969 5193 Romana
994 5112 1180 5193 ‘Itabet
1209 5131 1238 5169 e
1282 5116 1403 5169 eod.
1440 5129 1537 5193 ms.
1565 5112 1680 5193 iis
1708 5115 1847 5193 [laud
1890 5118 2095 5193 nomine

508 5186 826 5263 appetenda;
870 5201 941 5243 est
986 5188 1242 5263 hominis,
1290 5186 1516 5257 quamvis
1560 5186 1649 5263 ille
1679 5187 1922 5263 rideatur
1960 5186 2089 5263 sibi,

510 5258 648 5321 haud
687 5262 826 5315 Deus
859 5278 965 5316 esse
996 5259 1276 5313 credendus
1303 5269 1394 5324 est,
1419 5259 1644 5328 quamvis
1672 5258 1779 5327 ipse
1806 5274 1857 5309 se
1884 5272 1988 5309 esse
2015 5258 2089 5311 si-

507 5336 676 5390 milem
705 5333 1018 5400 proﬁteatur.
1050 5330 1113 5385 In
1142 5332 1334 5384 vatibus
1359 5333 1604 5400 profanus
1633 5344 1721 5400 nos
1747 5329 1949 5399 impios,
1982 5339 2087 5385 etc.

509 5399 818 5465 Falsissiute
860 5419 1032 5471 neque
1078 5401 1218 5459 enim
1261 5399 1473 5457 Ol'aCuIa
1518 5399 1926 5471 proﬁtebantur,
1959 5414 2085 5465 eos,

506 5496 641 5549 quos
683 5486 869 5546 gentes
910 5475 1187 5549 colebmt,
1221 5472 1447 5549 similes‘
1470 5472 1729 5549 deorum,
1786 5470 1887 5549 sed
1932 5485 2087 5549 veros

505 5542 637 5605 dcas
667 5542 815 5611 esse;
843 5557 897 5601 et
928 5546 978 5601 in
1010 5546 1377 5615 sequentibus,
1412 5542 1702 5598 Dodomeus
1730 5554 1816 5597 aut
1857 5542 2081 5615 Jupiter,

502 5631 588 5675 aut
614 5637 718 5674 non
752 5618 972 5672 haberet
999 5613 1104 5683 quo
1130 5618 1444 5673 referretur.
1484 5616 1667 5685 Itaque
1695 5620 1880 5679 miror,
1911 5613 2082 5668 Ober-

499 5692 732 5747 thurium
761 5688 1195 5744 emendationem
1246 5690 1391 5743 illam
1437 5688 1594 5742 unice
1637 5702 1820 5742 veram
1862 5701 1893 5741 e
1933 5696 2081 5741 textu

486 5780 585 5821 suo
610 5762 941 5820 eliminasse.
972 5758 1042 5816 Et
1078 5761 1273 5818 mirmu
1299 5774 1428 5816 sane
1472 5758 1640 5814 videri
1673 5759 1842 5829 possit
1871 5767 2079 5813 attento

2188 1914 2485 1975 recensens
2502 1899 2929 1975 celebratissimi:
2941 1919 2988 1955 ιιι
3011 1899 3139 1957 illud
3164 1900 3458 1975 Trophonii
3488 1903 3541 1958 in
3564 1903 3804 1962 Lebadia

2185 1968 2417 2026 Bmotize
2446 1974 2788 2039 prietes-ierit.
2812 1972 3017 2029 ORELL.

2262 2041 2486 2116 Clarius.
2514 2042 2728 2116 Clarius
2756 2045 2953 2115 Apollo
2980 2061 3009 2099 a
3037 2044 3219 2100 Clario
3247 2061 3467 2101 nemore
3501 2061 3670 2116 prope
3698 2046 3804 2103 Co-

2186 2113 2476 2189 lophonem
2498 2158 2512 2180 ,
2565 2115 2706 2184 quod
2740 2113 2875 2189 cum
2930 2116 3302 2173 sacerdOtibus
3328 2128 3471 2173 esset
3500 2113 3684 2189 aptum
3712 2122 3801 2174 vi-

2184 2200 2304 2240 sum
2324 2229 2337 2249 ,
2356 2187 2423 2259 in
2454 2202 2561 2256 quo
2586 2186 2849 2259 templum
2882 2196 3185 2242 strueretur
3206 2231 3221 2252 ,
3253 2204 3508 2244 successu
3537 2186 3804 2259 temporis

2184 2258 2408 2311 oraculo
2462 2258 2731 2325 Apollinis
2777 2259 3027 2314 inclaruit
3071 2260 3290 2315 Condito
3338 2277 3367 2314 a
3410 2260 3626 2324 Manto,
3659 2258 3802 2319 vatis

2186 2327 2410 2400 Tiresia:
2436 2328 2561 2392 tilia,
2586 2328 2819 2398 fugiente
2842 2332 3079 2385 victores
3100 2329 3479 2387 Thebanorum
3507 2332 3800 2400 Epigonos,

2188 2410 2322 2454 teste
2353 2399 2543 2467 Pomp.
2578 2400 2736 2464 Mela,
2774 2401 2843 2455 de
2883 2402 3000 2456 Sitti
3041 2401 3170 2457 Orb.
3200 2420 3238 2469 ι,
3265 2419 3315 2459 c.
3350 2404 3439 2466 t7,
3464 2399 3619 2471 cujus
3648 2399 3801 2461 cele4

2184 2471 2353 2525 britas
2380 2472 2697 2543 eo‘colonos
2720 2473 2964 2536 attraxit,
2993 2488 3222 2543 quorum
3255 2475 3504 2529 manibus
3530 2487 3799 2531 structum

2183 2553 2266 2596 est
2312 2541 2588 2615 Oppidum.
2622 2542 2873 2597 Nicandri
2907 2541 3103 2613 patria.
3140 2545 3214 2601 De
3240 2547 3463 2602 condito
3495 2546 3565 2601 ibi
3594 2549 3802 2615 templo

2183 2626 2236 2688 et
2264 2613 2484 2688 oraculo
2517 2614 2622 2688 vid.
2655 2614 2939 2688 Strabon.,
2971 2616 3069 2688 lib.
3113 2632 3226 2677 xw,
3279 2632 3399 2688 pag.
3446 2617 3583 2683 6‘2;
3628 2613 3801 2675 scho-

2186 2684 2378 2755 liasten
2414 2685 2687 2755 Apollonii
2721 2686 2922 2753 Rbod.,
2948 2687 3014 2741 ad
3043 2704 3081 2749 ι,
3109 2704 3190 2742 vs.
3214 2689 3322 2744 308
3345 2684 3371 2753 ξ
3393 2689 3711 2745 Pausaniam
3742 2692 3798 2746 in

2188 2754 2551 2828 Acltaicis,’c.
2594 2759 2647 2822 3,
2697 2766 2751 2812 et
2794 2773 2932 2828 quos
2978 2760 3179 2819 laudat,
3226 2759 3494 2827 0berliu.,
3542 2760 3605 2816 V.
3634 2760 3697 2817 C.
3729 2763 3802 2819 ad

2187 2826 2356 2902 Taciti
2398 2828 2563 2902 An_n.,
2594 2844 2653 2893 ιι,
2689 2828 2780 2902 5i,
2809 2826 2857 2883 et
2889 2829 2956 2883 ad
2986 2830 3111 2886 νη).
3160 2826 3485 2900 δθιιιιθειικμ
3510 2848 3630 2902 pag.
3665 2832 3796 2901 265,

2185 2900 2417 2977 quinhac
2457 2900 2525 2977 de
2564 2916 2623 2954 re
2666 2900 2861 2977 ηιιιζιιιε
2882 2912 3011 2977 _est.
3059 2901 3263 2958 ORELL.
3311 2933 3382 2944 —
3421 2900 3799 2977 Coufflntpp;

2109 3002 2156 3065 C
2187 2971 2251 3025 ³ί¹
2274 2971 2454 3065 RW:
2469 2969 3145 3065 {iif'm‘aiil‘itgflasmi'i'

2264 3038 2586 3114 Didymazus.
2616 3041 2805 3114 Pomp.
2839 3044 2972 3098 Mela
3001 3085 3017 3109 ,
3067 3047 3134 3101 de
3181 3045 3298 3102 Situ
3327 3046 3482 3112 0rb.,
3528 3064 3567 3113 t,
3601 3064 3652 3103 c.
3680 3049 3750 3104 17
3782 3067 3803 3105 :

2194 3114 2322 3189 Post
2346 3112 2811 3189 Basilifumlonia
2853 3115 3046 3185 aliquot
3076 3134 3130 3171 se
3159 3117 3461 3189 ambagibus
3508 3122 3680 3174 sinuat
3708 3138 3724 3173 :
3750 3132 3805 3176 et

2193 3187 2414 3258 primum
2435 3205 2465 3237 a
2490 3183 2711 3258 Posideo
2736 3183 3085 3255 promontorio
3113 3183 3606 3258 ﬂexum'incltoans,
3638 3192 3807 3258 cingit

2178 3257 2759 3329 'oraculunrdpollmis,
2790 3259 2987 3312 dictum
3013 3257 3135 3313 olim
3169 3259 3499 3329 Branchidae,
3530 3276 3666 3316 nunc
3696 3257 3801 3317 Di-

2195 3329 2399 3402 dyntwi,
2427 3326 2515 3383 ubi
2545 3329 2654 3385 vid.
2684 3327 2848 3402 foss.
2880 3329 2965 3385 Cf.
2992 3330 3212 3402 Strabo,
3249 3332 3283 3385 I.
3309 3347 3422 3395 xtv,
3456 3326 3510 3402 p'.
3543 3333 3672 3400 654,
3699 3335 3800 3391 ed.

2195 3392 2501 3475 Casaubon.
2535 3415 2549 3462 ;
2580 3409 2636 3475 et
2684 3392 2897 3475 Ernest.
2942 3400 3017 3475 ad
3069 3392 3296 3459 Sueten.
3326 3392 3582 3475 Calignl.,
3611 3392 3670 3460 οξ
3695 3405 3800 3462 21.

2199 3471 2508 3552 Didymwns
2533 3470 2890 3552 scil.‘A‘pollo
2923 3473 3099 3552 dictus
3129 3489 3157 3527 a
3192 3475 3411 3552 nomine
3438 3470 3540 3552 foci
3574 3475 3799 3552 Δίδυμα,

2198 3541 2287 3596 alii
2308 3540 2581 3619 ‘d_e_rivant
2610 3557 2639 3595 a
2673 3541 2904 3615 δίδυμος,
2936 3546 3179 3619 geminus
3211 3547 3324 3619 sive
3348 3540 3615 3615 gemelus,
3646 3540 3801 3619 quod

2199 3629 2319 3668 cum
2357 3613 2523 3667 Diana
2559 3629 2663 3666 uno
2694 3613 2847 3682 parin
2905 3615 3086 3670 editus
3136 3618 3226 3672 sit.
3258 3613 3498 3673 Tertiam
3552 3613 3801 3677 nominis

2202 3685 2465 3761 rationem
2495 3682 2920 3761 pltilosophicam
2960 3686 3122 3761 all‘ert
3149 3686 3471 3761 Macrobius,
3503 3691 3727 3745 Saturn.
3754 3709 3795 3761 ι,

2200 3756 2289 3818 I7.
2314 3756 2406 3825 qui
2453 3772 2520 3810 eo
2576 3759 2795 3812 nomine
2836 3758 3142 3827 Apollinem
3173 3761 3338 3813 etiam
3369 3760 3557 3817 Romae
3584 3756 3798 3820 cultuni

2200 3825 2347 3882 dicit.
2378 3824 2583 3883 ORELL.

2242 3840 2323 3882 I('II
2336 3865 2347 3878 .
2378 3840 2583 3882 URELL.

2272 3897 2554 3974 Pliilesius.
2580 3900 2809 3974 φιλήσιος
2839 3900 3027 3974 .Ipollo
3081 3902 3265 3965 dictus,
3308 3905 3444 3969 quod
3483 3903 3652 3959 lumen
3679 3907 3798 3974 ejus

2202 3971 2438 4047 exoriens
2458 3971 2676 4047 mirabile
2696 3972 3009 4047 amicissima
3034 3975 3357 4047 veneratione
3381 3971 3794 4047 consalutamus,

2206 4052 2367 4120 testc_
2393 4040 2682 4101 Macrobio.
2732 4052 2834 4120 sat.
2877 4058 2913 4103 ι.
2951 4045 3035 4099 17.
3079 4043 3221 4099 Alibi
3260 4045 3425 4117 hujus
3452 4040 3797 4120 cognominis

2206 4114 2406 4169 mentio
2429 4130 2533 4170 non
2557 4123 2753 4167 exstat.
2783 4117 2987 4170 UnsLL.

2278 4186 2354 4239 Ab
2382 4202 2439 4237 eo
2465 4187 2603 4257 quod
2634 4185 2951 4251 postulamus
2979 4204 3145 4241 orare.
3180 4185 3514 4245 Hostiliam»
3538 4190 3644 4247 hoc
3669 4190 3797 4251 I000

2206 4257 2347 4310 idem
2399 4256 2541 4329 quod
2589 4266 2860 4325 optamus.
2893 4256 3245 4327 Consequens
3284 4276 3382 4329 pro
3406 4263 3792 4321 antecedente.

2205 4328 2453 4382 Ceterum
2503 4328 2721 4384 minime
2750 4330 3140 4384 contemnenda
3189 4328 3400 4386 videtur
3424 4332 3580 4389 Fulv.
3607 4334 3796 4394 Ursini

2204 4401 2532 4471 conjectura.
2558 4403 2619 4454 ab
2641 4418 2719 4463 eo,
2749 4417 2849 4471 quo
2876 4403 3331 4467 pastutamus,ore.
3364 4405 3571 4462 Οιιειι.

2290 4470 2377 4523 νει
2404 4472 2607 4525 auribus
2635 4470 2799 4539 potuit
2827 4476 2974 4539 scire,
2999 4474 3076 4527 vel
3098 4474 3259 4541 ipsius
3288 4478 3422 4529 vocis
3445 4492 3591 4532 sono.
3625 4478 3679 4532 Id
3703 4488 3795 4534 est

2203 4551 2250 4595 et
2275 4542 2455 4609 ipsius,
2489 4554 2591 4597 etc.
2618 4541 2751 4597 Nam
2781 4544 3051 4611 particula:
3080 4546 3195 4598 ista:
3220 4545 3557 4614 disiunctiva
3578 4563 3794 4615 ponun-

2204 4624 2289 4667 tur
2316 4629 2461 4678 διιορο
2517 4630 2614 4681 pro
2655 4616 2980 4682 copulativis
3017 4616 3086 4671 ab
3136 4617 3407 4681 Arnobio,
3438 4621 3684 4675 utetiam
3716 4624 3793 4678 ab

2207 4682 2339 4738 Iulio
2367 4682 2603 4742 Firmico
2635 4686 2767 4741 locis
2824 4686 3063 4741 inﬁnitis.
3100 4690 3231 4754 Quae
3275 4689 3329 4743 itt
3357 4690 3597 4747 editione
3624 4691 3783 4747 Fulv.

2202 4754 2595 4881 Plrsininnotata
2625 4767 2751 4812 sunt
2803 4758 2872 4813 ad
2903 4760 3048 4814 hunc
3079 4759 3275 4827 locum,
3310 4773 3435 4817 sunt
3464 4764 3625 4835 plane
3662 4766 3791 4819 inu-

2229 4845 2237 4880 ι
2269 4844 2338 4881 ia.
2419 4844 2611 4881 ERALD.

2201 4830 2338 4882 tilia.
2371 4830 2611 4883 IIERALD.

2270 4899 2486 4974 XXVII.
2543 4931 2613 4974 7—
2669 4899 2773 4974 Cur
2822 4902 2890 4954 ad
2946 4899 3139 4974 Christi
3183 4915 3402 4974 paveant
3452 4908 3788 4966 mentionem.

2198 4970 2517 5027 Prudentius
2548 4971 2843 5042 Apmheos.
2877 4989 2927 5026 v.
2954 4972 3081 5041 402,
3109 4970 3262 5047 seqq.

2855 5087 3140 5154 Torquetur
3160 5088 3334 5154 Apollo

2287 5148 2491 5211 Nomine
2510 5161 2765 5211 percussus
2784 5148 2985 5206 Christi,
3002 5164 3097 5199 nec
3118 5148 3313 5202 fulmina
3332 5153 3472 5205 verbi

2287 5209 2451 5281 Ferre
2475 5209 2870 5281 [btestdgitant
2893 5214 3124 5281 miserum
3151 5221 3222 5281 tot
3245 5217 3455 5281 verbera
3476 5215 3686 5281 linguae,

2286 5273 2411 5333 Quot
2438 5273 2629 5325 laudata
2652 5273 2745 5325 Dei
2769 5285 2999 5326 resonant
3021 5277 3251 5327 miracula
3274 5277 3469 5330 Christi.

2262 5398 2534 5464 I.actant.,
2569 5401 2607 5453 I.
2632 5416 2684 5463 v,
2728 5416 2776 5456 c.
2809 5402 2873 5455 Ἦ
2918 5419 2932 5458 :
2968 5402 3039 5457 lli
3062 5404 3273 5473 spiritus
3299 5374 3637 5463 ea:th
3664 5424 3792 5462 cum

2187 5488 2404 5547 corpora
2452 5473 2713 5547 hominum
2767 5486 3033 5547 occupant,
3066 5477 3367 5547 animasque
3394 5477 3653 5545 diversam,
3684 5480 3790 5533 ad-

2175 5546 2425 5619 jurantur
2454 5543 2515 5596 ab
2546 5544 2623 5596 Itis
2650 5554 2699 5619 et
2738 5547 2940 5600 nomine
2964 5545 3063 5601 Dei
3103 5550 3208 5601 veri
3234 5543 3500 5619 fugantur.
3550 5543 3668 5618 Quo
3688 5564 3790 5605 mr-

2185 5615 2292 5667 dito
2317 5624 2559 5689 tremunt,
2576 5613 2898 5689 exclamant,
2922 5628 2968 5672 et
2995 5619 3074 5672 uri
3098 5636 3151 5673 se
3204 5613 3787 5689 uerierarique'testan-

2183 5682 2453 5812 cgénVide
2503 5682 2895 5756 Athanasium,
2946 5688 3018 5746 de
3057 5691 3403 5748 Humanitate
3453 5682 3636 5750 Verbi.
3673 5691 3788 5750 Et.-
