3986 6058
471 260 578 314 75Ξί

1604 254 1884 313 ARNOBII
1913 255 2279 314 ADVERSUS
2316 254 2591 312 GENTES

3655 255 3767 309 756

474 372 660 429 curius
692 372 844 428 vobis
874 372 1049 442 pluit?
1074 369 1443 441 Esculapius,
1472 370 1755 437 Hercules,
1786 383 1877 426 aut
1900 373 2066 429 Diana
2092 384 2148 444 Α
2171 378 2340 429 minat
2370 373 2795 444 circumscriptio
2815 415 2829 439 ,
2853 371 3127 444 qualitatis
3154 386 3348 444 expers
3371 414 3387 439 ,
3417 373 3758 445 quantitatis,

471 465 738 520 rationem
784 463 1078 529 imbrium,
1131 471 1614 534 tempestatumque
1644 462 1953 519 ﬁnxerunt?
1997 464 2066 520 Et

472 558 583 613 hoc
623 556 739 613 ﬁeri
770 557 859 628 qui
892 567 1097 627 potest,
1131 572 1252 612 cum
1282 559 1335 612 in
1361 556 1561 612 mundo
1586 558 1947 628 profiteamini
1969 573 2064 613 eos

470 661 629 706 natos
658 661 919 721 certoque
947 661 1190 722 tempore
1233 666 1451 707 sensum
1483 651 1775 722 arripuisse
1805 654 2064 708 vitalem?

472 744 527 800 Si
560 743 703 799 enim
753 743 1014 813 temporis
1062 743 1379 813 antiquitate
1424 743 1658 798 mundus
1702 760 1795 799 eos
1837 756 2060 801 anteve-

472 839 590 904 nit,
637 844 693 892 et
740 838 1056 906 priusquam
1100 837 1210 893 nati
1240 847 1404 901 sunt,
1444 836 1557 906 jam
1603 842 1831 892 noverat
1859 837 2063 906 pluvias

478 938 936 1000 tempestatesque
976 939 1165 985 natura
1194 946 1209 986 :
1244 931 1450 986 nullum
1481 931 1658 987 serius
1701 931 1811 985 nati
1843 930 2062 1001 pluendi

467 1024 556 1094 jus
583 1023 814 1089 habent,
846 1038 1021 1094 neque
1063 1023 1143 1079 eis
1187 1025 1432 1080 inserere
1476 1024 1772 1079 rationibus
1794 1032 1820 1060 ει
1848 1039 1906 1077 se
1934 1038 2060 1093 pos-

469 1126 628 1185 sunt,
657 1132 791 1189 quas
818 1117 1145 1174 invenerunt
1166 1119 1255 1175 hic
1281 1119 1399 1189 agi,
1431 1127 1486 1174 et
1517 1118 1723 1189 majore
1749 1116 1815 1174 ab
1841 1128 2063 1174 auctore

471 1212 713 1267 tractari.

558 1302 753 1359 XXXI.
785 1303 830 1359 Ο
858 1305 1127 1370 maxime,
1172 1320 1206 1360 o
1245 1320 1455 1361 summe
1494 1320 1672 1361 rerum
1716 1304 2060 1360 invisibilium

473 1397 826 1467 procreatur!
859 1394 904 1451 Ο
937 1398 1048 1467 ipse
1082 1397 1285 1452 invisus
1308 1439 1324 1465 ,
1365 1408 1419 1453 et
1444 1398 1606 1453 nullis
1632 1413 1884 1468 umquam
1914 1411 2061 1453 com-

472 1489 745 1561 prehense
769 1491 1012 1545 naturis!
1047 1491 1259 1561 dignus,
1289 1491 1481 1562 dignus
1528 1507 1587 1547 es
1617 1506 1740 1547 vere
1761 1534 1777 1559 ,
1824 1492 1869 1545 si
1900 1490 2061 1546 modo

478 1592 532 1636 te
570 1582 791 1651 dignum
843 1582 1056 1636 mortali
1110 1583 1394 1637 dicendum
1436 1591 1519 1637 est
1546 1598 1663 1649 ore,
1712 1581 1797 1637 cui
1849 1582 2062 1654 spirans

470 1675 647 1731 omnis
678 1674 1085 1745 intelligensque
1115 1686 1326 1742 natura,
1354 1685 1407 1731 et
1432 1675 1629 1731 habere
1649 1684 1702 1731 et
1727 1691 1884 1747 agerc
1905 1690 2063 1732 num-

2167 467 2283 522 sine
2305 466 2430 529 situ,
2460 475 2629 529 motu,
2659 474 2714 521 et
2744 465 2925 521 habitu
2950 506 2966 532 ,
3010 464 3078 520 de
3125 480 3232 536 quo
3260 462 3393 520 nihil
3435 460 3543 521 dici
3572 475 3625 521 et
3653 480 3753 521 ex-

2169 562 2327 633 primi
2360 560 2664 615 mortalium
2695 560 2832 630 potis
2861 569 2943 615 cst
2997 556 3390 630 signiﬁcatione
3415 556 3706 615 verborum
3743 579 3758 614 :

2168 655 2259 726 qui
2308 663 2365 709 ut
2389 653 2745 725 intelligaris,
2805 652 3088 708 tacendum
3132 662 3250 721 est,
3301 664 3499 725 atque,
3553 663 3612 709 ut
3665 670 3762 724 per

2168 749 2414 804 umbram
2449 757 2502 803 te
2544 748 2716 818 possit
2735 762 2924 803 errans
2956 749 3281 819 investigare
3323 750 3591 819 suSpicio,
3627 749 3762 804 nihil

2166 852 2250 897 est
2270 841 2490 896 omnino
2512 840 2866 895 mutiendum.
2892 841 2964 896 Da
2991 841 3230 909 veniam,
3257 855 3354 895 rex
3380 858 3609 906 summe,
3637 826 3763 897 tuos

2172 934 2622 1006 persequentibus
2663 931 2894 988 famulos
2927 952 2940 988 :
2973 940 3026 989 et
3066 933 3207 1004 quod
3256 942 3361 987 tute
3407 933 3763 1005 benignitatis

2165 1038 2250 1084 est
2276 1028 2569 1098 pr0prium,
2604 1028 2932 1099 fugientibus
2958 1029 3177 1099 ignosce
3210 1029 3283 1083 tui
3316 1028 3549 1083 nominis
3582 1038 3637 1083 et
3664 1044 3761 1084 re-

2164 1119 2380 1190 ligionis
2424 1122 2651 1176 cultum.
2690 1121 2808 1176 Non
2857 1129 2942 1176 est
2970 1122 3165 1175 mirum
3208 1119 3253 1175 si
3302 1120 3566 1192 ignoraris
3596 1137 3611 1175 :
3637 1138 3762 1176 ma-

2159 1215 2297 1286 joris
2317 1225 2398 1270 est
2422 1210 2818 1281 admiratiOnis,
2839 1218 2883 1270 si
2906 1214 3115 1271 sciaris.
3140 1215 3251 1270 Nisi
3271 1212 3409 1271 forte
3425 1216 3588 1272 audet
3611 1217 3761 1287 quis-

2165 1321 2347 1378 quam,
2383 1308 2484 1365 hoc
2512 1311 2654 1365 enim
2688 1309 2903 1365 furiosae
2947 1319 3117 1365 restat
3160 1309 3420 1377 insanias,
3454 1309 3757 1379 ambigere,

2165 1400 2415 1456 dubitare
2474 1418 2541 1455 an
2593 1404 2661 1458 sit
2705 1402 2807 1457 iste
2845 1396 3017 1465 Deus,
3063 1416 3240 1454 annon
3291 1403 3362 1456 sit
3413 1417 3430 1455 :
3475 1402 3753 1471 explorata

2167 1494 2297 1550 lidei
2325 1495 2554 1550 veritate
2574 1536 2588 1562 ,
2620 1510 2684 1549 an
2715 1494 2947 1549 rumoris
2989 1495 3126 1548 cassi
3152 1490 3462 1564 opinatione
3488 1495 3558 1548 sit
3583 1492 3762 1550 credi-

2168 1600 2273 1646 tus.
2299 1586 2560 1645 Audimus
2586 1590 2728 1645 enim
2753 1590 3013 1661 quosdam
3038 1587 3447 1659 pbil050pbandi
3466 1587 3643 1644 studio
3665 1588 3758 1645 de-

2166 1681 2328 1749 ditos,
2365 1684 2553 1752 partim
2585 1683 2745 1736 ullam
2774 1696 2973 1753 negare
2999 1682 3106 1735 vim
3130 1695 3251 1736 esse
3275 1681 3531 1747 divinam,
3563 1680 3759 1753 partim

470 1782 631 1835 quam
654 1766 865 1822 desinat
895 1769 1097 1836 gratias
1128 1786 1140 1821 :
1172 1768 1255 1823 cui
1298 1776 1406 1822 tota
1446 1769 1733 1823 conveniat
1771 1769 1876 1822 vita
1921 1784 2061 1840 genu
2093 1785 2140 1845 Β
2168 1791 2235 1831 an
2275 1776 2374 1840 sit,
2406 1776 2646 1846 quotidie
2671 1790 2917 1846 quaerere
2943 1792 2957 1829 :
2988 1776 3123 1828 alios
3165 1771 3380 1829 casibus
3412 1770 3675 1840 fortuitis,
3707 1785 3765 1830 et

474 1861 608 1915 nixo
636 1860 1011 1928 procumbere.
1036 1872 1090 1915 et
1116 1862 1447 1917 continuatis
1470 1863 1716 1933 precibus
1741 1865 2064 1935 supplicare.

474 1954 660 2009 Prima
691 1953 832 2009 enim
868 1964 923 2008 tu
952 1970 1113 2010 causa
1143 1971 1235 2022 es,
1279 1956 1431 2012 locus
1458 1973 1660 2024 rerum,
1704 1974 1765 2013 ac
1794 1963 2022 2029 spatium
2050 2002 2065 2025 ,

477 2048 952 2104 fundamentorum
1004 2061 1327 2105 cunctorum
1374 2066 1728 2123 quaecumque
1777 2066 1903 2108 sunt
1944 2052 2068 2107 inli-

478 2145 652 2211 nitus,
707 2144 1020 2214 ingenitus,
1076 2146 1433 2210 immortalis,
1488 2157 1822 2216 perpetuus,
1878 2148 2067 2214 solus,

475 2254 638 2309 quem
667 2238 812 2295 nulla
837 2238 1063 2295 deliniat
1106 2237 1279 2295 forma
1305 2240 1604 2310 corporalis
1633 2240 1685 2308 ι),
1718 2241 1868 2297 nulla
1891 2241 2071 2298 deter-

2170 1871 2618 1931 concursionibus
2646 1870 2946 1926 temerariis
2971 1884 3237 1924 summam
3270 1884 3450 1923 rerum
3480 1879 3738 1924 construe

2174 1982 2234 2022 re
2255 2009 2268 2032 ,
2304 1975 2466 2037 atque
2505 1965 2837 2022 diversitatis
2870 1965 3072 2036 impetu
3104 1963 3353 2019 fabricari
3382 1979 3541 2018 :cum
3572 1964 3771 2035 quibus

2175 2060 2280 2115 boc
2326 2070 2570 2130 tempore
2600 2072 2619 2098 ε
2650 2059 2855 2114 nullum
2884 2059 3040 2114 nobis
3066 2058 3286 2113 omnino
3314 2074 3476 2128 super
3530 2059 3618 2112 tali
3666 2061 3776 2113 erit

2176 2154 2545 2210 obstinatione
2574 2163 2870 2209 certamen.
2906 2153 3072 2208 Aiunt
3098 2154 3243 2207 enim
3275 2168 3404 2206 sana
3436 2153 3767 2217 sentientes,

2178 2246 2549 2303 contradicere
2576 2247 2740 2302 rebus
2765 2245 2945 2301 stultis
2964 2288 2980 2313 ,
3012 2245 3252 2301 stultitia:
3281 2259 3405 2300 esse
3441 2242 3681 2315 majoris.

1699 2381 2082 2440 LECTIONES
2121 2384 2539 2443 VARIANTES.

534 2478 563 2521 ί
607 2488 913 2541 Nationibus.
954 2486 1103 2542 Itale.
1143 2506 1233 2544 ms.

529 2550 560 2589 δ
605 2550 845 2617 Corporis.
903 2549 1045 2604 Fulv.

2244 2503 2267 2533 ο
2306 2500 2412 2553 Hoc
2433 2504 2689 2568 temporis.
2716 2498 2866 2554 Bene.
2908 2511 3079 2559 θηται
3100 2502 3310 2569 phrasis.
3343 2518 3434 2556 ms.
3470 2503 3658 2557 Meurs.

1852 2663 2412 2725 COMMENTARIUS.

472 2781 750 2847 ﬁnxerunt.
822 2776 1063 2836 HERALD.
1107 2810 1173 2819 —
1206 2781 1398 2836 Annon
1446 2779 1998 2908 legendumoﬁxerunt
2035 2782 2061 2834 ?

1796 2868 1950 2908 aena.

1796 2868 1950 2908 RELL.

547 2922 817 2995 Rationem
845 2923 1081 2995 imbrium
1122 2934 1571 2995 tempestatumque
1614 2926 1889 2992 ﬁnxerunt.
1917 2924 2062 2981 Scri-

478 2996 709 3050 bentlnm
743 2993 982 3064 ﬁxerunt.
1025 2994 1228 3050 OnELL.

543 3065 743 3121 XXXI.
784 3096 857 3106 —
897 3064 941 3119 Ο
978 3068 1086 3136 ipse
1130 3068 1318 3121 invisus
1373 3072 1420 3119 et
1469 3068 1624 3121 nullis
1662 3085 1902 3130 umquam
1932 3084 2068 3122 com-

470 3139 715 3209 prehensa
758 3139 972 3209 naturis.
1008 3141 1079 3194 lta
1109 3138 1240 3193 Cod.
1275 3153 1375 3209 ms.
1415 3148 1468 3192 et
1513 3140 1600 3192 ed.
1644 3140 1838 3195 Sainei.
1878 3141 2067 3193 Cmteri

470 3208 629 3263 invise
665 3226 683 3262 :
727 3208 821 3263 sed
870 3221 993 3285 sunt
1038 3208 1447 3285 linjusdgenirris
1490 3211 1747 3285 ἐναλλαγαί
1787 3210 2069 3285 apud_lios

468 3284 760 3345 soi-iptnres
789 3283 1055 3350 plurimm,
1092 3282 1245 3335 nullis
1271 3286 1633 3349 compreheuse
1659 3282 1874 3350 naturis,
1908 3283 1956 3337 itl
1987 3294 2070 3335 est

470 3353 1064 3419 incomprehensibilis,
1104 3369 1260 3415 illiilli!
1295 3368 1476 3405 vocem
1517 3354 1819 3421 signiﬁcare
1850 3355 2066 3415 malint,

470 3438 627 3492 quam
677 3423 1043 3491 prmmnliarc.
1076 3421 1433 3476 Tcrtulllmtts
1462 3442 1472 3477 :
1502 3422 1779 3479 Invisibilis
1819 3434 1919 3489 est,
1950 3435 1999 3478 et
2027 3426 2071 3478 si

468 3496 730 3559 videatur;
756 3493 1321 3566 incomprehensibilis,
1367 3497 1458 3547 etsi
1492 3512 1578 3566 per
1618 3498 1835 3566 gratiam
1881 3512 2066 3565 repraz-

469 3575 711 3619 sentetur.
746 3564 877 3618 Cum
918 3569 1015 3619 bac
1047 3564 1351 3634 precatione
1388 3564 1713 3620 Confereinla
1749 3568 1834 3620 illa
1861 3567 1916 3621 S.
1940 3564 2067 3622 'Auo

470 3635 665 3706 gnstini
699 3634 969 3707 (Iunios-5.,
1006 3632 1098 3689 lib.
1138 3651 1177 3701 ι,
1214 3653 1262 3690 c.
1298 3632 1331 3691 5
1360 3646 1411 3690 et
1434 3636 1488 3690 4.
1518 3634 1723 3691 Invisus
1748 3654 1841 3707 pro
1866 3654 1967 3694 n0n
1995 3639 2067 3692 vi-

471 3722 584 3772 sus,
611 3719 666 3760 ut
688 3722 849 3777 su-pe.
886 3706 1015 3760 Vide
1050 3708 1403 3770 Bunetnann.,
1428 3708 1491 3760 ad
1527 3706 1791 3772 Lactant,
1819 3710 1945 3764 Inst.
1971 3726 2064 3774 vn,

473 3790 589 3847 cap.
638 3777 734 3845 l6,
772 3776 902 3848 pag.
946 3778 1050 3850 947
1090 3793 1172 3848 sq.
1207 3776 1412 3832 Natura
1455 3790 1619 3832 autem
1669 3779 1771 3835 ltoc
1810 3781 1930 3835 loco
1972 3797 2068 3850 pro

473 3857 739 3914 creatura,
767 3858 823 3904 ut
848 3866 932 3919 ap.
958 3848 1307 3905 Prudentium
1330 3855 1450 3927 περὶ
1472 3853 1748 3925 στεφάνων,
1774 3848 2027 3923 Ιιγιιιησχ
2050 3870 2064 3906 :

628 3959 831 4024 Fluctus
852 3960 1087 4024 liquentis
1109 3962 1321 4023 aequoris
1336 3964 1518 4024 pressit
1542 3961 1687 4024 pede,

628 4021 813 4073 Natura
838 4021 971 4073 finita
994 4033 1046 4073 et
1066 4021 1227 4073 tenuis
1242 4027 1292 4073 in
1314 4021 1520 4073 solidum
1542 4021 1660 4075 coit.

471 4143 630 4198 quem
663 4128 838 4185 locum
870 4129 1052 4183 citavit
1080 4129 1362 4183 Meursius.
1403 4127 1608 4186 Οιιειι..

543 4195 685 4253 Genu
749 4201 868 4254 nixo
928 4200 1274 4270 procumbere.
1332 4201 1590 4271 Vulgatus
1644 4216 1761 4257 mos
1821 4211 2061 4259 veterum

469 4269 916 4330 cltristianornm.
946 4272 998 4326 in
1028 4272 1358 4327 orationibus
1396 4269 1458 4326 in
1478 4283 1674 4327 terram
1704 4273 1906 4341 poplite
1937 4276 2063 4331 nixo

469 4342 841 4415 procumbere.
884 4342 1142 4411 Origenes
1173 4344 1223 4397 in
1256 4345 1494 4405 Numeri,
1527 4360 1647 4415 cap.
1688 4347 1741 4408 4,
1772 4346 1972 4401 Homil.
2002 4347 2057 4415 5,

469 4413 571 4483 fol.
599 4412 701 4467 190
729 4429 743 4465 :
775 4411 950 4466 Genua
972 4415 1221 4483 ﬂectimus
1245 4421 1465 4468 orantes.
1509 4411 1755 4471 Emi-mu.

546 4481 714 4536 Locus
744 4494 913 4538 rerum
942 4481 1002 4537 ac
1031 4486 1270 4553 spatium.
1297 4485 1374 4541 Ita
1401 4485 1745 4541 nominarunt
1771 4488 1935 4543 Deum
1966 4506 2061 4543 ve-

468 4563 614 4624 teres
655 4555 1027 4624 Peripatetici,
1070 4557 1222 4611 τόπον
1258 4560 1482 4619 πάντων.
1517 4570 1649 4622 quos
1688 4559 1880 4614 refellit
1908 4562 2060 4615 Sext.

470 4622 1057 4695 Empiricus‘adversus
1087 4626 1365 4693 Mzitbeni.,
1396 4631 1488 4682 lib.
1530 4644 1590 4696 ι,
1629 4630 1716 4682 ubi
1748 4630 2057 4698 Fabricius,

470 4712 592 4768 pag.
618 4698 743 4764 639,
770 4698 883 4752 haec
904 4708 1160 4752 annulat:
1193 4717 1210 4749 ι
1237 4700 1402 4754 Deum
1431 4699 1637 4754 Hebraei
1662 4710 1767 4755 non
1795 4702 2059 4768 dubitant,

469 4772 594 4839 quia
643 4784 673 4823 a
720 4769 867 4824 nullo
904 4775 1236 4833 continetur,
1280 4772 1392 4840 ipse
1421 4786 1549 4823 vero
1580 4773 1836 4826 immensa
1871 4777 2062 4831 virtute

472 4854 566 4895 sua
597 4843 1073 4924 continuet-quinia,
1100 4842 1372 4924 appellare
1399 4847 1574 4924 Dfpp,
1627 4846 1740 4898 sive
1768 4845 1981 4924 locum,
2006 4856 2063 4924 ut

472 4926 616 4985 §iPptE
646 4911 705 4967 fit
746 4915 796 4966 in
845 4912 1027 4985 libi-lio
1064 4913 1266 4985 rituum
1297 4911 1663 4985 PgisciiI-Iium,
1709 4931 1868 4985 quem
1898 4917 2064 4972 edidit

475 4983 843 5057 Rittangelius.
875 4983 1291 5057 Pliilo_Jutl_a:us,
1324 4983 1460 5057 libro
1480 4986 1547 5039 de
1576 4983 1841 5052 Profugis,
1871 5003 1924 5057 p.
1955 4988 2061 5044 560

470 5057 743 5123 espticans
790 5055 966 5109 locum
1018 5055 1187 5110 Exod.
1221 5071 1330 5119 XXI,
1376 5056 1460 5110 15.
1493 5058 1656 5111 Τόπον
1697 5058 1836 5112 καλεῖ
1872 5055 1964 5113 iam
2006 5064 2062 5114 οὐ

466 5130 644 5202 χῴραν
673 5127 1119 5202 ἐκπεπληρωμέγην
1146 5128 1264 5202 ore
1288 5130 1523 5200 σώματος
1548 5170 1562 5193 ,
1583 5125 1707 5183 ἄλλά
1726 5128 1790 5185 δι’
1819 5131 2062 5186 ὑπονοιῶν

465 5197 615 5253 esea»
642 5200 724 5253 τὸν
761 5197 1095 5275 Brom-feracia
1124 5197 1383 5275 trepts'xwu
1421 5201 1477 5275 ou}
1508 5202 1844 5275 περιέχεται,
1880 5206 1959 5257 καὶ
1984 5202 2061 5260 ὅτι

465 5276 729 5343 ζᾳταφυγή
759 5276 856 5323 τῶν
893 5268 1017 5324 ὅλων
1055 5268 1310 5326 ient-Sid
1335 5280 1396 5343 ct_
1418 5268 1699 5343 _chrisit:tlti
1745 5274 2055 5342 scriptores.

467 5339 807 5421 'l‘lieopliilus
826 5354 862 5421 ιι
888 5343 965 5421 ad
985 5345 1257 5421 Antoiyc.,
1291 5359 1349 5421 p.
1371 5341 1471 5421 81Δ
1502 5344 1625 5421 Θεὸς
1652 5345 1750 5421 γὰρ
1778 5339 2060 5421 οὐηχωρεῐ-

464 5430 575 5472 ται,
606 5412 729 5467 ἀλλὰ
751 5413 898 5470 αὐτὸς
946 5414 1061 5470 ἔστι
1089 5409 1247 5474 coire:
1294 5420 1392 5468 τῶν
1430 5409 1571 5468 ὅλων.
1604 5409 1672 5468 Ιιί
1709 5409 2060 5472 Conlesstbne

466 5480 798 5548 Graecorum,
831 5498 989 5555 quam
1018 5484 1181 5538 edidit
1209 5485 1567 5550 Norinannus,
1605 5505 1654 5555 p.
1688 5489 1777 5544 56.
1813 5489 1952 5542 Deus
1979 5490 2061 5542 di-

463 5555 602 5606 citur
642 5554 797 5615 τόπος
844 5554 990 5615 αὐτὸς
1031 5556 1234 5610 ἑαυτοῦ.
1270 5556 1491 5626 Proprie
1537 5554 1713 5614 tamen
1749 5562 1922 5615 locum
1954 5560 2058 5615 dici

458 5637 621 5699 posse
651 5628 1017 5699 Denttt,_recte
1047 5640 1203 5695 negat
1241 5628 1298 5682 Β.
1333 5628 1683 5698 AuguSIinus,
1717 5633 1853 5686 libro
1878 5631 1945 5687 de
1974 5632 2056 5686 di-

456 5696 628 5749 versis
657 5694 1058 5763 Quazstionibus
1105 5694 1324 5762 Lxxxm,
1368 5694 1679 5763 quaestione
1708 5703 1780 5758 ‘20
1812 5721 1823 5753 ε
1856 5702 1922 5756 In
1953 5703 2058 5758 Deo

438 5776 565 5817 sunt
590 5776 760 5836 potius
789 5768 993 5835 omnia,
1020 5784 1171 5839 quam
1201 5773 1313 5842 ipse
1345 5768 1566 5835 alicubi;
1597 5788 1687 5826 nec
1715 5789 1884 5829 tamen
1909 5774 1980 5827 ita
2006 5776 2059 5829 in

2088 4397 2143 4458 D

2163 2780 2275 2855 illo,
2306 2790 2362 2837 ut
2391 2784 2500 2849 ipse
2523 2783 2587 2837 sit
2616 2785 2775 2838 locus.
2826 2783 2990 2839 Locus
3017 2783 3149 2838 enim
3197 2784 3249 2855 in
3280 2784 3448 2855 spatio
3485 2792 3558 2840 est
3584 2825 3599 2849 ,
3632 2787 3778 2855 quod

2167 2852 2511 2923 longitudine,
2543 2868 2589 2909 et
2628 2854 2930 2921 latitudine,
2973 2865 3023 2908 et
3057 2852 3329 2923 altitudine
3356 2857 3585 2923 corporis
3624 2852 3782 2909 occu-

2168 2937 2320 2999 patur
2344 2943 2362 2979 :
2390 2943 2480 2981 nec
2512 2926 2650 2999 Deus
2693 2927 2794 2981 tale
2836 2926 3032 2999 aliquid
3078 2937 3178 2999 est;
3210 2924 3293 2999 Et,
3318 2944 3513 2999 cummi
3536 2927 3693 2999 igitur
3722 2930 3781 2980 in

2092 2992 2137 3056 C
2170 2996 2283 3062 ipso
2310 3008 2445 3063 sunt,
2472 2998 2686 3070 etiam
2716 3016 2816 3052 non
2845 2992 3107 3070 est.rll:t_ee
3142 2997 3376 3063 Fabric,
3408 2992 3604 3070 quibus
3632 2998 3779 3054 adde

2175 3070 2483 3134 Augustin.,
2513 3067 2759 3125 Confess.
2790 3086 2825 3134 ι,
2855 3085 2905 3123 c.
2938 3069 2994 3124 5.
3035 3068 3240 3125 Οιιειι.

2308 3140 2410 3193 ulla
2452 3142 2750 3211 determinat
2779 3142 3215 3207 circumscriptio,
3259 3141 3519 3210 qualitatis
3562 3158 3776 3211 expers,

2173 3212 2505 3279 quantitatis.
2538 3210 2640 3267 Tb.
2667 3209 2931 3267 Canterns
2959 3213 3108 3267 verb.
3141 3214 3401 3282 qualitatis
3439 3209 3779 3283 conjungens

2174 3299 2295 3337 cum
2339 3285 2738 3351 circumscriptio
2771 3283 3053 3355 legendum
3086 3280 3303 3351 coniicit
3346 3303 3358 3338 :
3403 3280 3567 3338 Nulla
3606 3280 3782 3337 deter-

2174 3357 2333 3425 miunt
2356 3356 2755 3424 circumscriptio
2776 3356 3097 3425 quantitatis,
3119 3372 3297 3422 expers
3317 3356 3593 3421 qualitatis.
3616 3356 3774 3411 Male.

2174 3418 2447 3493 Expertem
2473 3418 2750 3493 qualitatis,
2779 3418 3074 3496 quantitatis
3102 3418 3265 3479 Deum
3295 3418 3450 3481 vocat
3471 3426 3771 3493 Arnobius,

2173 3500 2323 3576 cujus
2350 3514 2520 3579 neque
2544 3499 2873 3567 qualitatem,
2908 3497 3009 3552 hoc
3028 3506 3111 3551 est
3135 3498 3381 3579 uirtutes.
3410 3514 3583 3579 neque
3603 3515 3776 3568 quan-

2173 3570 2406 3622 titatem.
2442 3569 2489 3620 id
2524 3582 2891 3622 estsunimain
2943 3569 3234 3637 potentiam
3281 3579 3334 3623 et
3381 3572 3775 3638 omniprzrsen—

2174 3640 2322 3701 tiam,
2356 3641 2597 3711 homines
2627 3650 2829 3708 queunt.
2854 3640 2939 3695 vel
2970 3639 3183 3710 ingenio
3229 3654 3422 3711 capere
3472 3643 3554 3695 vel
3593 3641 3775 3695 verbis

2170 3714 2504 3778 exprimere.
2533 3710 2735 3766 OnELL.

2246 3780 2392 3836 Petis
2420 3792 2513 3836 est.
2545 3784 2841 3852 legebatur
2864 3791 3046 3852 potest.
3078 3783 3147 3837 At
3167 3784 3217 3836 in
3244 3797 3348 3838 ms.
3371 3799 3482 3851 reg.
3510 3785 3769 3852 scriptum

2171 3854 2301 3922 potis
2331 3864 2421 3915 est,
2457 3870 2613 3922 quam
2657 3855 2938 3908 lectionem
2970 3855 3355 3924 expressimus.
3386 3855 3476 3909 Sic
3502 3855 3627 3908 alibi
3667 3872 3771 3909 sae-

2173 3924 2388 3996 pissime
2422 3940 2515 3993 pro
2548 3937 2660 3993 pote
2703 3934 2777 3979 est
2816 3926 3152 3992 reposuimus
3201 3927 3332 3996 potis
3361 3935 3431 3981 est
3479 3942 3544 3980 ex
3576 3925 3767 3981 eodem

2170 4011 2270 4050 ms.
2302 3994 2377 4050 ita
2409 3996 2764 4069 loquebantur
2792 4004 3002 4052 veteres
3021 4036 3036 4061 ,
3065 3994 3208 4067 apud
3230 4010 3365 4069 quos
3392 3997 3638 4067 patissum
3672 4012 3769 4069 pro

2170 4082 2409 4136 possum.
2446 4066 2724 4124 Lucretius
2759 4085 2771 4120 :

2264 4198 2367 4252 Nec
2381 4201 2508 4266 potis
2533 4211 2610 4254 est
2623 4204 2788 4263 cerni,
2814 4203 2925 4266 quia
2949 4215 3142 4253 cassum
3165 4201 3349 4254 lumine
3370 4202 3546 4254 fertur.

3313 4307 3533 4359 Hanno.

2167 4431 2325 4503 Conl.
2350 4432 2519 4502 Lips.,
2553 4432 2677 4486 Var.
2710 4431 2881 4499 Lect.,
2912 4433 3006 4501 lib.
3036 4448 3071 4495 ι,
3101 4447 3222 4503 cap.
3252 4434 3338 4488 ii.
3382 4433 3578 4489 Ocnsu.

2243 4502 2442 4559 Partim
2488 4504 2648 4558 ullam
2696 4521 2879 4573 negare
2921 4505 3023 4558 vim
3065 4502 3177 4558 esse
3213 4505 3455 4558 divinam.
3506 4506 3770 4573 Diagoras

2168 4575 2306 4653 soils
2327 4586 2386 4653 e_t_
2417 4574 3248 4653 Tite.idorusgyrenaicns,__qui
3279 4577 3402 4632 ideo
3442 4578 3547 4653 m’
3578 4579 3769 4653 ἐξθχήν

2167 4648 2307 4721 ειιιιθὶ
2338 4647 2668 4703 dicebautur.
2695 4646 2819 4721 yid.
2851 4647 2990 4713 Cic.,
3015 4648 3081 4703 de
3102 4646 3224 4702 Nat.
3257 4652 3439 4713 θεον..
3464 4650 3500 4704 l.
3527 4666 3563 4715 l,
3592 4646 3761 4721 et'z'5,

2167 4730 2221 4774 et
2247 4719 2511 4785 Lactanl.,
2542 4736 2579 4783 ι,
2609 4734 2659 4773 c.
2689 4717 2743 4772 2.
2775 4718 2977 4781 Οιιειι,

2240 4790 2438 4844 Partim
2495 4807 2561 4845 an
2615 4791 2771 4844 sit....
2799 4806 3040 4860 qumrere.
3088 4789 3407 4860 Protagoras
3451 4793 3758 4851 Abderites.

2167 4856 2290 4916 Vid.
2322 4862 2433 4917 Cic.
2466 4861 2505 4915 l.
2538 4879 2573 4915 ι.
2616 4856 2821 4917 Omen;

2238 4932 2450 4987 Casibus
2481 4934 2702 4999 fortuitis
2740 4944 2785 4985 et
2824 4932 3235 4987 concursionibus
3263 4935 3564 4990 temerariis.
3593 4934 3759 5005 Cujus

2166 5008 2445 5077 sementim
2476 5017 2661 5077 auctor
2694 5015 2813 5077 erat
2845 5006 3590 5077 Democritus.Aconﬁrmator
3628 5008 3758 5077 Epi-

2165 5090 2345 5131 curns.
2376 5076 2700 5145 Lactantius.
2728 5075 2817 5129 lib.
2848 5088 2883 5139 t,
2914 5088 2964 5129 c.
3006 5075 3056 5129 2.
3096 5074 3178 5129 Cf.
3203 5074 3473 5140 Juvenal.,
3503 5087 3605 5135 sat.
3640 5074 3755 5145 xiii,

2165 5146 2254 5201 85.
2289 5148 2458 5213 Plin,
2488 5142 2620 5200 llist.
2650 5142 2791 5210 Nat.,
2822 5162 2877 5209 ιι,
2909 5146 2957 5200 7.
3004 5146 3205 5201 ORELL.

2236 5215 2553 5271 Diversitatis
2596 5216 2788 5286 impetu
2835 5218 3094 5291 fabricari.
3131 5219 3247 5291 lluc
3284 5227 3405 5285 est,
3451 5220 3757 5290 impetuoso

2164 5297 2465 5343 atomorum
2498 5304 2782 5353 concursu,
2814 5289 2947 5358 quas
2976 5289 3368 5344 diversissimas
3399 5289 3757 5350 essestatue-

2164 5370 2288 5415 runt
2318 5360 2562 5426 Epicurei
2589 5400 2603 5425 ,
2651 5362 2782 5415 tilias
2811 5362 2973 5415 lmves
2994 5401 3008 5425 ,
3039 5362 3173 5416 alius
3203 5378 3450 5427 asperas,
3500 5368 3757 5420 rotundas

2163 5433 2328 5504 alias,
2358 5431 2547 5501 partim
2595 5443 2772 5504 autem
2804 5433 3103 5504 ungulatus,
3133 5444 3382 5504 curvatas
3410 5435 3668 5504 quasdam
3702 5447 3756 5493 et

2163 5503 2313 5571 quasi
2344 5503 2598 5557 aduncus.
2652 5501 2767 5557 νεα.
2811 5501 2949 5568 Cic.,
2994 5506 3060 5557 tle
3100 5503 3214 5558 Nat.
3250 5501 3501 5570 Deor.,'l.
3531 5506 3619 5560 24.
3665 5508 3753 5561 Di-

2162 5574 2410 5627 versitatis
2438 5574 2728 5647 estitaque
2759 5574 2896 5629 idem
2932 5576 3071 5642 quod
3101 5576 3410 5647 diversarum
3442 5585 3748 5647 atomorum,

2164 5659 2338 5711 neque
2362 5642 2494 5715 opus
2526 5642 2782 5701 liabrmUs
2811 5650 3146 5701 correctione
3168 5645 3216 5700 .l.
3253 5644 3488 5701 Wallteri
3516 5649 3580 5702 ad
3610 5642 3746 5715 Cie,

2162 5715 2379 5790 deNat.
2425 5717 2606 5790 Deoia,
2655 5733 2692 5781 ι,
2737 5718 2832 5790 58,4
2872 5718 3144 5790 pag.549,
3173 5718 3259 5771 ed.
3304 5719 3496 5790 Davi~ii
3529 5720 3751 5790 legentis

2161 5787 2502 5843 universitatis
2527 5788 2716 5858 impetu
2750 5788 2836 5843 vel
2866 5789 3075 5842 ambitu.
3101 5789 3297 5845 Contra
3324 5787 3376 5843 in
3399 5787 3751 5859 Sequentibtis
