3986 6058
260 179 368 242 757

1651 178 1857 238 LIBER
1894 177 2171 237 PRIMUS.

3447 178 3551 235 758

328 296 548 355 XXXII.
593 296 787 355 Sermo
812 312 936 354 cum
984 297 1070 353 his
1111 298 1267 355 nobis
1310 306 1424 366 est,
1475 298 1566 369 qui
1606 297 1849 354 divinum
1879 297 1929 357 Α
1956 295 2398 353 constituerimus
2428 294 2707 351 immania.
2741 296 3033 352 Dissimilia
3065 296 3357 368 copulare,
3388 304 3551 369 atque

263 407 387 449 esse
429 390 832 447 consentientes
878 406 1080 463 genus,
1112 391 1181 446 de
1231 391 1525 462 majoribus
1570 390 1849 457 dubitant,

259 502 385 543 cum
416 484 579 541 iidem
623 499 743 540 esse
782 484 989 555 plebeia
1035 493 1195 553 atque
1227 483 1512 539 humiliora
1559 482 1844 538 fateantur.

248 579 395 649 Quid
427 594 575 650 ergo,
606 594 693 633 res
723 585 902 635 tantas
930 577 1261 646 argumentis
1291 577 1527 632 nitemur
1556 583 1714 647 atque
1736 573 1849 630 ela—

245 673 516 729 boramus
542 671 822 727 obtinere?
852 669 1105 725 Discedat
1135 671 1248 725 haec
1275 671 1432 741 longe
1453 710 1467 733 ,
1496 679 1660 739 atque
1693 685 1720 721 a
1750 684 1847 722 no-

243 762 335 819 bis
377 763 584 834 procul,
619 762 861 834 inquam,
906 772 959 816 ttl
993 762 1207 827 dicitur,
1233 773 1625 817 averruncetur
1663 774 1846 815 amen-

239 858 341 913 tia.
393 855 469 912 Ila
522 866 604 913 est
636 858 778 911 enim
818 841 1176 927 periculosum
1224 856 1554 927 argumentis
1584 854 1839 926 aggredi,

246 951 426 1008 Deum
460 950 756 1023 principem
790 950 1173 1020 comprobare,
1207 966 1367 1020 quam
1399 952 1606 1005 ratione
1650 948 1840 1020 hujus-

237 1045 392 1101 modi
426 1060 548 1101 esse
601 1045 752 1099 illum
776 1086 789 1109 ,
844 1044 984 1100 velle
1023 1059 1375 1116 cognoscere.
1409 1042 1518 1098 Nec
1558 1043 1842 1115 quicquam

242 1139 456 1209 refert,
489 1150 581 1194 aut
624 1139 926 1210 discrepat,
958 1147 1208 1193 utrumne
1254 1153 1416 1210 neges
1462 1138 1630 1202 illum,
1659 1153 1727 1191 an
1756 1151 1843 1191 as-

247 1247 436 1301 seras,
466 1243 629 1304 atque
658 1233 891 1288 existere
935 1232 1151 1287 fatearis
1181 1249 1195 1286 :
1228 1246 1349 1286 cum
1378 1230 1430 1286 in
1462 1227 1647 1285 eadem
1681 1228 1838 1299 culpa

234 1327 349 1393 sit,
382 1336 437 1383 et
455 1327 687 1383 assertio
716 1326 836 1382 talis
866 1327 976 1393 rei,
1006 1335 1060 1381 et
1085 1326 1369 1398 abnegatio
1412 1323 1721 1381 refutatoris
1752 1325 1837 1378 in-

236 1420 476 1477 creduli.

232 1518 238 1547 λ
318 1513 559 1570 XXXIII.
582 1513 950 1585 Quisquamne
993 1523 1078 1570 est
1115 1514 1416 1578 hominum,
1444 1514 1534 1578 qui
1577 1529 1682 1569 non
1713 1529 1833 1569 cum

232 1607 403 1664 istius
450 1606 704 1676 principis
748 1607 972 1662 notione
1015 1606 1158 1663 diem
1192 1609 1376 1676 primae
1424 1606 1718 1661 nativitatis
1748 1607 1832 1661 in-

1965 388 2018 442 in
2055 404 2215 444 ttnam
2247 390 2482 460 speciem
2524 404 2717 459 cogere
2749 389 2963 444 inducta
3014 385 3333 444 confusione
3387 404 3554 445 cona-

1955 483 2108 538 mini.
2157 482 2290 538 Nam
2344 484 2484 538 Deus
2513 483 2857 553 omnipotens
2888 491 3066 539 mente
3114 497 3217 537 una
3262 482 3508 537 omnium

1952 587 2007 633 et
2054 580 2290 632 ommnni
2330 577 2668 633 mortalitatis
2714 591 2960 641 assensu,
2994 591 3168 647 neque
3198 576 3411 646 genitus
3440 576 3545 631 sci-

1952 680 2056 738 tur,
2090 687 2261 742 neque
2290 686 2482 726 novam
2515 671 2565 723 in
2595 670 2767 724 lucem
2795 670 3083 740 aliquando
3110 685 3230 725 esse
3260 669 3536 740 prolatus,

1950 779 2052 819 nec
2078 779 2141 818 ex
2169 763 2349 834 aliquo
2378 774 2621 833 tempore
2647 761 2876 832 coepisse
2904 776 3044 828 esse,
3065 762 3153 817 vel
3176 761 3397 816 saeculo.
3420 758 3544 831 Ipse

1953 870 2036 917 est
2065 862 2212 916 enim
2246 860 2365 915 fons
2393 876 2595 927 rerum,
2621 869 2766 915 sator
2785 860 3105 915 szeculornm
3129 872 3192 912 ac
3217 865 3544 926 temporum.

1948 952 2063 1006 Non
2091 953 2232 1007 enim
2261 954 2371 1023 ipsa
2403 968 2497 1023 per
2527 968 2585 1007 se
2612 961 2768 1016 sunt,
2804 951 2898 1007 sed
2928 967 2997 1007 ex
3026 953 3142 1021 ejus
3188 947 3543 1019 perpetuitate

1950 1056 2206 1118 perpetua
2258 1058 2311 1102 et
2361 1046 2566 1102 infinita
2616 1062 2830 1117 semper
2896 1046 3301 1102 continuatione
3354 1059 3544 1115 proce-

1960 1143 2187 1199 cedunt.
2220 1145 2289 1198 At
2312 1159 2441 1199 vero
2460 1142 2689 1214 Jupiter,
2721 1153 2777 1198 ιιι
2804 1158 2901 1198 vos
2932 1144 3102 1207 fertis,
3132 1149 3186 1197 et
3215 1150 3421 1210 patrem
3448 1139 3543 1194 ha-

1953 1236 2046 1291 bet
2072 1246 2125 1291 et
2153 1246 2401 1303 matrem,
2435 1252 2561 1291 avos
2583 1279 2597 1299 ,
2624 1237 2794 1302 avias,
2824 1236 3014 1290 fratres
3059 1252 3072 1288 :
3114 1248 3256 1288 nunc
3284 1248 3455 1302 nuper
3477 1232 3533 1286 in

1942 1335 2097 1382 utero
2125 1327 2311 1381 matris
2356 1342 2468 1382 suae
2511 1327 2791 1393 formatus,
2846 1326 3128 1381 absolutus
3158 1323 3435 1380 mensibus
3479 1331 3536 1378 et

1941 1427 2342 1475 consummatus
2391 1419 2575 1473 decem
2605 1461 2618 1483 ,
2669 1419 2905 1489 ignotam
2944 1417 3049 1472 sibi
3084 1418 3135 1471 in
3172 1417 3344 1471 lucem
3376 1430 3541 1470 sensu

1941 1514 2096 1569 irruit
2118 1530 2176 1569 se
2202 1513 2369 1567 vitali.
2417 1511 2557 1583 Ergo
2578 1554 2592 1576 ,
2626 1513 2670 1566 si
2700 1511 2817 1565 haec
2864 1512 2934 1565 ita
2976 1520 3131 1573 sunt,
3159 1509 3369 1582 Jupiter
3411 1522 3532 1564 esse

1938 1607 2071 1665 deus
2120 1610 2206 1679 qui
2253 1608 2460 1678 potest!
2503 1623 2626 1661 cum
2674 1607 2820 1660 illum
2868 1620 2987 1661 esse
3039 1615 3352 1675 perpetuum
3395 1618 3529 1659 con-

231 1696 502 1751 traverit?
547 1695 634 1752 cui
665 1711 774 1750 non
799 1696 869 1751 sit
894 1695 1207 1766 ingenitum,
1240 1711 1345 1752 non
1375 1695 1630 1761 allixum,
1664 1696 1832 1751 immo
1862 1698 1908 1757 B
1937 1714 2076 1772 stet,
2127 1712 2183 1758 et
2207 1702 2553 1774 perhibeatur
2579 1702 2712 1756 alter
2743 1718 2772 1754 a
2801 1700 2983 1765 vobis,
3016 1709 3069 1755 et
3116 1698 3232 1754 dies
3270 1697 3555 1753 habuisse

229 1789 340 1859 ipsi
365 1803 504 1859 pene
533 1789 586 1843 in
618 1789 942 1859 genitalibus
974 1791 1166 1845 matris
1194 1806 1299 1844 non
1332 1790 1651 1860 impressum
1674 1831 1689 1857 ,
1724 1805 1830 1845 non

232 1882 462 1936 insitum
508 1895 630 1937 esse
676 1897 860 1953 regem
894 1897 956 1937 ac
982 1882 1257 1937 dominum
1281 1923 1295 1948 ,
1341 1891 1665 1938 cunctorum
1689 1898 1834 1953 qure-

236 1987 472 2044 cumque
509 1982 634 2028 sunt
661 1973 1103 2030 moderatorem?
1134 1974 1251 2046 Ipsa
1276 1974 1504 2046 denique
1536 1976 1747 2031 hiscere
1787 1977 1831 2030 si

232 2065 530 2123 animantia
554 2077 699 2123 mnta
730 2068 870 2137 potis
891 2076 1074 2124 essent
1100 2087 1112 2121 :
1147 2068 1192 2124 si
1217 2070 1267 2121 in
1293 2067 1595 2139 linguarum
1624 2077 1833 2123 nostra-

229 2174 357 2213 rum
385 2159 693 2215 facilitatem
721 2160 856 2214 solvi
883 2181 894 2216 :
923 2161 1087 2216 immo
1118 2161 1162 2215 si
1184 2161 1426 2223 arbores,
1458 2162 1648 2232 glebae,
1677 2177 1828 2230 saxa,

229 2266 397 2307 sensu
429 2254 662 2308 animata
692 2253 841 2309 vitali
872 2255 1016 2309 vocis
1043 2255 1276 2309 sonitum
1305 2255 1522 2326 quirent
1544 2267 1600 2310 et
1623 2256 1825 2310 verbo-

231 2360 358 2400 rum
385 2345 643 2401 articulos
673 2346 968 2418 integrare,
995 2347 1066 2401 ita
1099 2362 1202 2402 non
1234 2347 1370 2403 duce
1400 2358 1608 2409 natura,
1638 2357 1693 2401 et
1719 2364 1832 2402 ma-

233 2437 431 2508 gistra,
467 2453 571 2491 non
600 2438 923 2509 incorrupta:
951 2440 1309 2510 simplicitatis
1332 2439 1459 2504 fide,
1493 2450 1547 2495 et
1575 2441 1831 2511 intellige-

229 2539 357 2584 rent
385 2544 506 2585 esse
537 2530 702 2586 Deum
728 2572 743 2598 ,
775 2541 831 2588 et
858 2540 1176 2587 cunctorum
1204 2532 1479 2588 dominum
1509 2532 1683 2588 solum
1711 2547 1832 2588 esse

232 2620 535 2677 clamarent
554 2624 579 2678 ’ἶ
1802 2688 1817 2706 ἢ

303 2713 546 2769 XXXIV.
597 2713 703 2772 Sed
748 2716 964 2786 frustra,
1000 2718 1191 2788 inquit,
1225 2733 1324 2775 nos
1356 2718 1512 2787 falso,
1541 2728 1597 2776 et
1622 2720 1830 2776 calum-

241 2806 401 2861 nioso
449 2807 710 2863 incessitis
752 2820 807 2864 et
848 2810 1096 2880 appetitis
1125 2812 1350 2867 crimine
1380 2829 1392 2865 :
1420 2821 1687 2883 tamquam
1731 2830 1828 2869 ea-

226 2911 353 2954 mus
379 2898 583 2954 inficias
613 2913 737 2956 esse
785 2901 951 2957 Deum
998 2903 1255 2976 majorem
1291 2917 1458 2958 :cum
1512 2919 1541 2958 a
1587 2905 1740 2961 nobis
1772 2915 1827 2962 et

225 2989 435 3064 Jupiter
486 2996 814 3062 nominetur,
864 3004 920 3051 et
972 2997 1210 3066 optimus
1260 2996 1522 3053 habeatur
1564 3010 1619 3054 et
1658 3002 1825 3056 maxi-

1938 1798 2177 1861 natales,
2208 1806 2262 1851 et
2294 1794 2600 1864 pavefactus
2630 1810 2690 1851 re
2742 1809 2881 1849 nova
2909 1793 3310 1849 lamentabilem
3365 1802 3525 1847 extu-

1936 1890 2063 1945 lisse
2091 1888 2370 1959 vagitum?

2005 1979 2225 2037 XXXV.
2256 1979 2363 2035 Sed
2394 1980 2500 2034 sint
2525 2022 2538 2043 ,
2566 1988 2624 2033 ut
2651 1978 2816 2033 vultis
2839 2019 2854 2045 ,
2893 1992 3056 2032 unum
3082 2018 3097 2044 ,
3124 1991 3225 2031 nec
3255 1976 3307 2031 in
3339 1977 3521 2047 aliqua

1935 2076 1985 2131 vi
2019 2075 2288 2141 numinis,
2319 2083 2374 2130 et
2402 2074 2685 2145 majestate
2724 2073 2983 2127 distantes
3012 2088 3024 2123 :
3051 2070 3243 2141 ecquid
3274 2085 3404 2141 ergo
3444 2071 3530 2125 in-

1931 2168 2095 2239 justis
2128 2166 2508 2237 persequimini
2540 2180 2639 2220 nos
2666 2163 2844 2219 odiis?
2882 2163 3017 2232 Quid
3037 2203 3052 2230 ,
3082 2171 3139 2217 ut
3169 2161 3368 2216 ominis
3407 2177 3531 2231 pes-

1934 2260 2103 2328 simi,
2161 2261 2332 2315 nostri
2375 2259 2610 2315 nominis
2657 2255 3033 2312 inhorrescitis
3082 2254 3401 2311 mentione?
3447 2255 3524 2316 si,

1934 2370 2090 2424 quem
2122 2353 2291 2409 Deum
2320 2353 2496 2407 colitis
2521 2394 2536 2419 ,
2571 2367 2692 2406 eum
2722 2360 2775 2406 et
2806 2350 2945 2404 nos?
2974 2356 3065 2403 aut
3091 2346 3218 2418 quid
3252 2348 3304 2401 in
3335 2345 3527 2402 eadem

1933 2463 2090 2503 causa
2126 2447 2279 2502 vobis
2323 2462 2445 2501 esse
2482 2444 2809 2501 contenditis
2841 2442 3134 2498 familiares
3172 2441 3312 2497 Deos
3343 2440 3521 2494 inimi-

1932 2555 2026 2597 cos
2055 2548 2215 2612 atque
2243 2538 2622 2595 infestissimos
2654 2539 2854 2594 nobis?
2889 2537 3103 2593 Etenim
3124 2577 3139 2603 ,
3187 2536 3232 2591 si
3263 2549 3368 2589 una
3398 2534 3530 2590 reli-

1931 2636 2018 2707 gio
2046 2645 2128 2691 est
2166 2635 2322 2691 nobis
2349 2632 2608 2703 vobisque
2648 2631 2953 2688 communis
2975 2673 2990 2695 ,
3041 2637 3217 2685 cessat
3246 2628 3321 2682 ira
3359 2626 3525 2684 coale-

1930 2730 2091 2785 stium
2124 2747 2138 2783 :
2172 2730 2254 2785 sin
2285 2728 2442 2784 nobis
2481 2726 2665 2783 infesti
2694 2733 2820 2781 sunt
2861 2723 3024 2789 solis,
3071 2722 3413 2777 manifestum
3441 2729 3527 2776 est

1929 2825 2142 2880 nescire
2165 2867 2179 2890 ,
2230 2833 2287 2879 et
2320 2838 2448 2887 vos,
2482 2832 2536 2876 et
2566 2821 2690 2875 illos
2739 2821 2904 2875 Deum
2934 2836 2948 2872 :
2980 2833 3138 2889 quem
3185 2817 3371 2873 Jovem
3416 2830 3526 2871 non

1928 2933 2051 2975 esse
2081 2919 2213 2987 ipsis
2247 2918 2451 2973 clarum
2480 2925 2564 2971 est
2591 2912 3049 2984 indignationibus
3077 2911 3376 2966 numinum.

1998 3009 2242 3065 XXXVI.
2267 3009 2374 3065 Sed
2402 3023 2509 3063 non
2530 3049 2546 3073 ,
2580 3005 2751 3075 inquit
2774 3048 2790 3070 ,
2818 3004 3025 3060 idcirco
3058 3004 3132 3058 dii
3160 3003 3312 3058 vobis
3338 3000 3522 3057 infesti

224 3103 383 3156 mus;
421 3104 651 3164 cumque
673 3091 751 3147 illi
790 3092 1198 3162 angustissimas
1238 3093 1431 3161 sedes,
1462 3104 1519 3151 et
1557 3094 1820 3168 Capitolia
1846 3093 1891 3156 C
1925 3112 2087 3168 sunt,
2118 3104 2262 3174 quod
2296 3103 2725 3175 omnipotentem
2768 3099 2960 3155 colatis
3006 3099 3174 3155 Deum
3209 3098 3345 3155 :sed
3378 3096 3523 3168 quod

1603 3232 2168 3299 COMMENTARIUS.

224 3349 397 3425 probo
434 3347 676 3425 ejusdem
709 3347 945 3406 Walkeri
988 3348 1353 3420 conjecturam
1399 3350 1692 3422 opinatione
1720 3370 1817 3425 pro
1859 3374 1869 3381 ί

225 3418 582 3478 οὺειὶηαιὶοηε.
621 3420 823 3477 OncLL.
1091 3418 1103 3420 ⁷
1210 3478 1213 3481 .

296 3490 517 3548 XXXII.
580 3523 651 3533 —
702 3494 1073 3548 Averruncetur
1119 3495 1361 3548 amentia.
1434 3493 1509 3548 Ita
1581 3493 1818 3555 Lucilius

223 3576 315 3633 ap.
358 3566 472 3639 Non
514 3582 567 3619 ν.
597 3581 932 3619 averruncnre
957 3583 967 3618 :
997 3563 1082 3618 Dii
1113 3567 1400 3639 tnonuerint
1432 3565 1643 3620 meliora
1669 3577 1820 3639 atque

221 3637 498 3691 antentiam
522 3639 925 3690 averruncassint
947 3648 1106 3692 tuam.
1126 3638 1623 3704 Eanum—Quem
1638 3637 1814 3695 locum

222 3706 474 3762 fortassis
499 3720 621 3763 ante
644 3709 829 3762 Oculus
861 3709 1046 3762 habuit
1075 3721 1277 3763 ttoslct‘.
1312 3711 1515 3764 Unam.

297 3778 381 3832 Ita
408 3787 480 3845 est
503 3781 637 3834 enim
662 3781 1029 3845 periculosum,
1060 3792 1164 3835 etc.
1195 3780 1281 3833 Sir,
1310 3780 1473 3834 editio
1513 3795 1650 3835 rom.
1682 3782 1807 3835 cod.

222 3865 339 3921 reg.
368 3844 496 3904 Tam
525 3861 597 3906 est
624 3844 776 3905 enim.
801 3851 1028 3921 Cttpttlut
1050 3851 1371 3921 quandoque
1400 3852 1496 3906 has
1522 3853 1811 3919 particulas

221 3920 508 3978 Lucretius
532 3924 604 3976 ita
628 3939 780 3993 quam
814 3920 911 3994 pro
940 3933 1042 3976 tant
1064 3920 1237 3994 quam.
1266 3923 1505 3979 HEBALD.

293 4015 535 4072 XXXIII.
584 4046 657 4058 -—
713 4014 863 4070 Dicat
932 4016 1206 4070 natiuitatis
1262 4017 1547 4070 intraverit.
1601 4016 1675 4071 De
1731 4017 1812 4081 lo-

221 4090 419 4159 quendi
448 4089 692 4143 formulis
717 4089 927 4148 intrare,
972 4086 1344 4151 transcendere,
1394 4089 1692 4159 supergredi
1718 4105 1812 4141 an-

221 4158 367 4224 num,
401 4162 553 4223 diem,
580 4169 686 4216 etc.
714 4159 831 4213 Vid.
857 4159 1101 4214 Oudend.
1133 4160 1197 4213 ad
1224 4158 1430 4227 Apulei.
1458 4158 1610 4224 Men,
1640 4159 1733 4213 lib.
1752 4176 1809 4225 χ,

221 4247 357 4304 page
383 4232 507 4304 679.
536 4233 738 4287 Onus.

293 4299 342 4387 '1“
331 4304 426 4387 psi.
456 4302 588 4358 Cod.
622 4319 724 4387 ms.
749 4304 907 4387 ipsis,
937 4301 1076 4387 quod
1106 4299 1589 4387 praefero._Onst.L_.

296 4374 441 4430 Potis
470 4386 653 4429 essent.
689 4375 861 4428 Editio
891 4371 1055 4440 prima
1094 4372 1370 4438 potuissent
1391 4415 1404 4431 ,
1435 4374 1573 4438 quod
1621 4371 1807 4427 defen-

222 4446 302 4502 dit
329 4446 542 4502 Iierald.
571 4456 625 4501 et
650 4446 945 4502 Salmasius
973 4446 1038 4498 ad
1067 4444 1453 4498 Tertullianum
1492 4444 1562 4498 de
1599 4445 1768 4501 Pallio
1789 4485 1804 4511 ,

224 4535 343 4589 pag.
375 4518 442 4573 67
462 4557 477 4580 ,
508 4519 752 4586 enallage
777 4518 913 4586 apud
942 4516 1229 4589 scriptorcs
1250 4515 1674 4589 ecclesiasticos,
1706 4518 1808 4570 im-

224 4586 409 4657 primis
439 4589 823 4644 'I‘ertullianutu
865 4596 918 4642 et
952 4586 1311 4657 Cyprianum,
1357 4587 1805 4655 frequentissima.

225 4661 332 4716 Sed
374 4662 502 4731 potis
532 4671 693 4715 essent
724 4676 753 4714 e
780 4661 902 4714 cod.
947 4674 1047 4713 tus.
1080 4657 1250 4731 fluuit.
1287 4657 1580 4731 llleursius,
1617 4674 1666 4727 p.
1696 4659 1766 4711 ‘22
1788 4699 1803 4723 ,

222 4728 643 4802 conjﬁpotisseut
679 4748 709 4786 a
747 4733 1015 4801 potissum,
1068 4730 1232 4787 verbo
1276 4728 1494 4798 antiquo
1535 4741 1587 4782 et
1631 4731 1806 4783 lucre-

222 4804 388 4859 tiano.
417 4802 618 4859 Onus.

295 4875 357 4933 Si
376 4877 429 4929 in
458 4877 752 4947 linguarum
774 4883 1061 4928 nostrarum
1081 4870 1377 4947 facilitatem
1401 4872 1527 4947 solvi
1546 4888 1564 4926 :
1580 4871 1735 4947 immo

224 4948 444 5013 arbores,
477 4945 654 5018 glebae,
696 4963 845 5007 saxa,
868 4962 1018 5000 sensu
1061 4946 1286 5001 animata
1314 4946 1453 4997 vituli
1485 4945 1619 4997 vocis
1659 4946 1802 4998 soni-

223 5029 325 5073 tum
352 5017 548 5089 quirent
587 5030 634 5072 et
670 5019 931 5089 verborum
969 5018 1216 5089 articulos
1255 5019 1537 5086 integrare,
1584 5017 1656 5068 ita
1701 5031 1802 5073 non

224 5091 347 5145 duce
364 5088 586 5154 natura,
614 5100 700 5145 etc
716 5088 1048 5145 .Wakulicld.
1070 5128 1084 5151 ,
1120 5090 1169 5140 in
1201 5088 1332 5145 Silv.
1358 5089 1495 5141 (irit.
1515 5129 1529 5149 ,
1564 5096 1694 5141 tom.
1727 5103 1798 5151 tv,

224 5177 339 5231 pag.
362 5163 675 5229 244,locutn
702 5162 780 5217 sic
808 5160 1028 5215 refinxit
1060 5178 1072 5215 ς
1109 5158 1168 5215 Si
1195 5161 1246 5214 in
1280 5158 1569 5231 linguarum
1602 5168 1802 5215 nostra-

222 5251 333 5288 rum
369 5233 911 5304 facultatent—immo
944 5233 986 5286 si
1018 5234 1242 5296 arbores,
1273 5233 1448 5301 glebte,
1475 5246 1621 5304 saxa,
1652 5246 1802 5304 sensu

222 5302 445 5360 animata
483 5305 657 5369 vitali,
684 5307 820 5357 uocis
843 5320 1023 5369 sonum
1066 5304 1266 5373 quirent
1294 5313 1340 5357 et
1381 5302 1643 5356 verborum
1672 5302 1799 5355 arti-

222 5377 361 5431 culos
402 5378 689 5447 integrare.
734 5378 832 5431 ista
863 5392 962 5433 non
992 5377 1121 5428 duce
1150 5384 1352 5439 natura,
1384 5387 1489 5429 etc.
1520 5378 1588 5429 At
1636 5373 1797 5447 nolint

222 5444 526 5518 quidquaut'
540 5460 750 5502 mutare
776 5448 1083 5518 facilitatem
1102 5447 1272 5518 multo
1297 5448 1473 5514 aptius
1510 5456 1592 5499 est
1630 5444 1800 5518 verbo

222 5515 383 5582 solui,
410 5521 691 5574 solvuntur
732 5515 874 5583 enim
906 5517 1143 5572 difficilia
1164 5518 1216 5572 itt
1252 5517 1561 5573 facilitatem
1583 5559 1597 5582 ,
1626 5516 1678 5571 in
1721 5515 1799 5570 fa-

224 5591 474 5645 Cultatem
503 5606 605 5644 non
637 5591 787 5645 item.
819 5588 928 5647 Nec
952 5588 1110 5653 etiam
1141 5590 1212 5641 ita
1243 5589 1558 5644 mutandttm
1594 5591 1645 5645 in
1677 5590 1795 5643 ista.

225 5661 327 5720 Sed
356 5663 427 5715 ita
449 5670 531 5715 est
554 5662 715 5722 οὕτως
743 5678 798 5715 so
819 5703 835 5725 ,
866 5676 929 5717 ea
958 5659 1263 5716 conditione
1282 5661 1398 5717 scil.
1425 5660 1614 5716 hiscere
1640 5663 1680 5715 si
1711 5678 1802 5730 po-

223 5735 283 5790 tis
309 5743 499 5799 essent,
529 5745 631 5789 etc.
656 5732 858 5790 OnaLL.

2006 3357 2338 3414 XXXIV.-—
2360 3356 2557 3426 Inquit.
2584 3356 2670 3414 Al.
2701 3357 2907 3428 inquitis
2924 3355 3084 3411 male.
3113 3355 3231 3413 Vid.
3264 3372 3423 3428 supra
3451 3358 3519 3415 ad

1921 3444 1970 3485 c.
2000 3447 2078 3503 tn.
2107 3431 2307 3487 OnELL.
2686 3502 2691 3503 γ
2719 3493 2732 3503 ο

1995 3502 2061 3555 Et
2111 3504 2353 3571 capitolia
2403 3498 2808 3557 constituerimus
2851 3501 3116 3555 immania.
3159 3498 3512 3568 Tertullian.,

1921 3571 2233 3641 Apologet.,
2291 3591 2338 3629 c.
2387 3573 2480 3629 25.
2539 3572 2784 3627 Nondum
2827 3581 2995 3625 tamen
3048 3572 3247 3641 templis
3305 3580 3395 3625 aut
3441 3573 3515 3627 si-

1920 3644 2161 3699 mulacris
2202 3664 2280 3701 res
2321 3647 2490 3699 divina
2534 3646 2678 3712 apud
2722 3643 2982 3697 Romanos
3014 3643 3276 3698 constabat
3326 3659 3343 3696 :
3380 3645 3518 3714 frugi

1916 3716 2096 3786 religio
2140 3728 2187 3770 et
2227 3734 2479 3787 pauperes
2522 3717 2684 3781 ritus,
2735 3726 2780 3769 et
2814 3716 2958 3770 nulla
2997 3716 3237 3787 capitolia
3268 3718 3515 3787 certantia

1918 3784 2062 3841 uelo.
2093 3784 2427 3844 Dicit'aut'em
2454 3788 2699 3842 immania
2726 3788 2975 3857 exemplo
3002 3785 3193 3857 Virgil.
3215 3827 3229 3851 ,
3258 3784 3510 3854 Ᾱῖηθίἀο,

1921 3872 1972 3912 Ἣ
1991 3900 2006 3923 ’
2036 3857 2125 3914 l9.
2250 3929 2519 3993 Posuitque
2540 3930 2765 3979 immania
2789 3929 2989 3992 templa.
3035 3927 3254 3978 limum.

1991 4010 2213 4067 Inducta
2267 4015 2584 4083 confusione.
2642 4011 2796 4066 Fulv.
2849 4009 3027 4067 Ursin.
3091 4009 3333 4075 indocta,
3398 4026 3506 4067 non

1919 4084 2080 4139 male.
2120 4085 2322 4138 UBELL.

1992 4154 2147 4209 Nunc
2191 4172 2354 4225 nuper
2388 4155 2443 4207 in
2474 4162 2616 4209 utero
2659 4153 2836 4209 matris
2883 4168 2989 4206 sua:
3038 4153 3303 4223 formatus.
3352 4151 3508 4225 Nunc

1914 4244 2078 4302 nuper
2107 4229 2234 4302 χθξς
2262 4224 2350 4282 καὶ
2370 4231 2581 4302 πρώτης,
2612 4242 2754 4302 quae
2774 4224 2979 4281 Grmcis
3027 4232 3109 4279 est
3155 4224 3510 4302 proverbialis

1912 4296 2148 4352 formula
2171 4298 2239 4353 de
2278 4315 2336 4352 re
2368 4296 2509 4351 haud
2536 4297 2611 4351 ita
2639 4296 2845 4367 pridem
2875 4303 3060 4368 gesta,
3093 4306 3150 4351 ut
3181 4298 3291 4350 heri
3335 4307 3381 4351 et
3412 4316 3511 4352 nu-

1914 4370 2029 4424 dius
2064 4371 2280 4434 tertius,
2328 4384 2415 4439 ap.
2467 4368 2707 4424 Latinos.
2760 4368 2884 4424 Vid.
2943 4368 3207 4439 Erasm.,
3244 4368 3505 4439 Proverb.

1916 4440 2169 4502 Gataker,
2199 4441 2263 4493 ad
2293 4437 2646 4512 M.’Antonin.
2676 4482 2689 4505 ,
2724 4440 2818 4494 lib.
2856 4457 2911 4500 x.
2948 4440 3032 4512 ς’]
3057 4457 3071 4504 ;
3098 4440 3147 4495 .l.
3178 4437 3278 4494 Clt.
3312 4438 3504 4512 Wolﬁ,

1914 4512 1966 4566 in
1998 4513 2205 4568 Ltbanii
2233 4512 2407 4581 Epist.
2440 4512 2569 4575 270;
2603 4511 2777 4567 Juret.
2827 4512 2893 4566 ad
2937 4514 3250 4580 Symmach.
3277 4553 3291 4576 ,
3326 4511 3419 4567 lib.
3451 4529 3505 4580 ι,

1914 4582 2084 4656 Epist.
2117 4586 2184 4649 5,
2222 4601 2342 4653 pag.
2370 4583 2437 4656 6.
2470 4584 2535 4637 ed
2565 4583 2755 4656 Lectii.
2802 4582 3289 4656 Nuperformatnm
3329 4599 3477 4656 recen

1913 4667 2011 4709 tem
2040 4654 2226 4711 Jovem
2254 4656 2385 4709 dicit
2406 4655 2680 4711 Arnobius
2711 4667 2958 4721 respectu:
2991 4653 3083 4709 Dei
3116 4653 3250 4715 veri,
3282 4655 3502 4721 summi,

1912 4728 2098 4781 κωθωιί
2130 4738 2183 4781 et
2215 4742 2504 4796 numquam
2535 4726 2721 4793 geniti.
2750 4726 2991 4781 "suam.
3026 4732 3080 4778 et
3100 4723 3303 4796 Onam"

1985 4799 2149 4854 lrrnit
2188 4815 2261 4851 se.
2284 4793 2669 4864 lla—legende
2700 4811 2768 4849 ex
2804 4796 3182 4851 emendatione
3216 4794 3369 4864 Fulv.
3402 4793 3503 4850 Ur-

1910 4869 2033 4925 sini.
2064 4870 2279 4925 Phrasis
2328 4863 2545 4937 optimis
2590 4867 2951 4936 scriptoribus
3002 4868 3218 4937 usitata.
3277 4863 3499 4925 Terent.

1910 4940 2143 5011 Adelph.
2166 4981 2181 5007 ,
2212 4948 2319 4994 act.
2350 4934 2420 4994 tv.
2454 4954 2603 4996 scen.
2645 4934 2716 5005 2,
2754 4955 2836 4993 vs.
2870 4939 2931 4993 ll
2961 4934 3142 5011 :_V_itle
3170 4952 3242 5011 ne
3275 4936 3500 5011 ille__hue

1909 5007 2116 5080 prorsus
2145 5014 2306 5066 irruat
2331 5028 2402 5066 se.
2436 5011 2511 5066 lla
2532 5028 2794 5077 erumpere
2819 5027 2871 5063 se
2900 5012 2966 5062 ad
2991 5007 3196 5080 bellum.
3211 5008 3321 5080 _Ap.
3340 5007 3455 5066 Cic.
3478 5053 3495 5078 ,

1909 5078 2078 5155 Epist.
2097 5100 2211 5147 vin,
2235 5084 2324 5141 Ii.
2349 5082 2451 5139 Alii
2469 5084 2677 5137 irruisse
2701 5083 2839 5155 turpi
2859 5079 3185 5136 soloecismo.
3206 5078 3497 5139 STEWECH.

1906 5152 1989 5225 Cf.
2014 5152 2164 5210 Certe
2190 5156 2257 5209 ad
2285 5155 2391 5209 Cic.
2421 5157 2459 5209 ι.
2488 5170 2527 5210 t.

1976 5226 2196 5282 XXXV.
2219 5257 2289 5268 -—
2307 5226 2366 5282 Si
2396 5244 2495 5280 una
2534 5227 2711 5297 religio
2729 5233 2803 5297 est
2826 5223 2967 5297 nobis
3005 5221 3239 5297 vobisque
3264 5239 3494 5297 commu-

1906 5298 1984 5367 nis
2005 5339 2020 5363 ,
2054 5311 2210 5353 cessat
2238 5300 2318 5355 ira
2356 5293 2653 5355 caelestium:
2678 5294 2957 5367 ⁵Μριινςὶυερ
2978 5336 2992 5359 ,
3024 5309 3144 5367 pag.
3164 5293 3248 5367 25
3270 5337 3284 5360 ,
3315 5296 3498 5367 legen-

1904 5354 2031 5423 dutn
2058 5380 2243 5426 censet
2275 5389 2287 5423 :
2321 5372 2363 5425 si
2396 5354 2504 5424 una
2549 5354 2728 5440 religio
2758 5377 2827 5422 est
2872 5354 3039 5423 nobis.
3061 5354 3323 5439 uobisque,
3351 5354 3491 5422 ἐδηι-

1904 5442 2071 5494 munis
2097 5453 2223 5496 esset
2252 5442 2330 5495 ira
2354 5439 2654 5495 caelestium.
2672 5439 2877 5495 ORELL.

1977 5511 2216 5567 XXXVI.
2259 5541 2331 5551 —-
2376 5512 2481 5566 Sed
2522 5511 2677 5584 quod;
2702 5512 2955 5566 hominem
2992 5519 3188 5584 natum,
3241 5520 3323 5584 et,
3354 5511 3494 5584 quod

1906 5584 2133 5655 personis
2188 5583 2380 5655 infante
2439 5582 2751 5655 est‘viltbus
2782 5624 2797 5649 ,
2874 5583 3037 5655 crucis
3101 5582 3354 5655 supplicio
3406 5583 3494 5637 in-

1904 5653 2221 5721 teremptum.
2247 5653 2502 5710 Lactant.
2527 5696 2543 5723 ,
2576 5654 2673 5711 lib.
2703 5670 2756 5709 :v
2778 5697 2793 5723 ,
2831 5653 2920 5711 16.
2951 5654 3097 5707 Dicat
3128 5653 3261 5707 enim
3285 5657 3503 5723 fortasse

1905 5726 2090 5796 aliquis
2123 5743 2141 5781 :
2168 5724 2269 5783 Cur
2292 5727 2333 5781 si
2370 5723 2502 5781 Dens
2532 5722 2665 5797 fuit,
2706 5734 2752 5781 et
2777 5728 2907 5781 mori
2931 5725 3120 5791 voluit,
3169 5722 3293 5778 noni
3315 5722 3496 5777 saltem
