3986 6058
384 180 489 239 767

1494 178 1766 237 ARNOBII
1808 178 1940 236 ADV
1952 177 2170 237 ERSUS
2209 180 2480 239 GENTICS

3574 178 3682 238 768

385 296 454 350 tis
474 308 793 366 agnoscere.
842 293 941 364 Qui
997 294 1291 351 animantia
1344 296 1669 351 monstravit
1724 293 1973 350 informia
2002 296 2057 357 Α
2080 310 2216 358 ram,
2245 294 2585 353 afficiebamb
2614 296 2953 354 contumeliis
2973 295 3258 368 gravibus:
3290 310 3411 352 cum
3436 310 3531 353 eos
3557 309 3688 353 esse

384 402 485 445 nos
522 402 644 444 esse
666 429 682 454 ,
735 388 888 443 vanis
921 386 1266 457 opinionibus
1312 386 1481 442 ﬁdere
1517 408 1528 442 :
1561 386 1692 442 nihil
1734 400 1982 457 compre—

397 479 625 537 hensum
655 479 875 545 habere,
907 478 1037 534 nihil
1068 480 1230 544 scire,
1261 489 1318 536 et
1338 495 1457 550 quae
1485 489 1698 534 nostros
1727 479 1828 534 sita
1858 487 1984 533 sunt

391 581 519 629 ante
545 573 730 627 oculos
749 614 764 639 ,
790 588 896 627 non
926 573 1129 628 videre.
1153 572 1254 641 Qui
1279 615 1294 639 ,
1324 572 1463 642 quod
1486 573 1662 627 omnia
1687 571 1983 642 superavit,

387 676 473 722 est
521 674 914 737 transgressum
957 676 1040 722 est
1090 682 1344 731 munera,
1391 668 1459 723 ab
1497 667 1844 735 religionibus
1888 681 1986 720 nos

391 757 542 813 falsis
581 759 899 829 religionem
929 759 1167 815 traduxit
1191 770 1217 798 α
1257 760 1325 817 ad
1363 776 1565 815 veram.
1596 760 1696 831 Qui
1726 760 1793 814 ab
1819 761 1989 832 signis

393 850 692 919 inertibus,
722 863 883 923 atque
909 867 973 907 ex
1006 852 1269 909 vilissimo
1299 852 1544 911 formatis
1581 854 1692 908 luto
1720 853 1786 908 ad
1813 855 1989 909 sidera

395 944 698 1001 sublevavit
721 954 778 1001 et
800 945 998 1001 coelum
1030 965 1044 1001 :
1070 955 1264 1001 etcum
1288 946 1507 1001 domino
1527 962 1707 1002 rerum
1732 947 1843 1001 Deo
1863 962 1992 1017 sup-

395 1038 745 1111 plicationum
793 1038 921 1095 fecit
964 1040 1128 1096 verba
1163 1050 1325 1112 atque
1373 1042 1676 1097 orationum
1715 1041 1985 1113 colloquia

396 1133 647 1190 miscere.

468 1227 718 1285 XXXIX.
752 1229 1083 1294 Venerabar,
1114 1246 1149 1286 ο
1194 1232 1411 1289 caecitas
1436 1274 1452 1298 ,
1501 1247 1675 1303 nuper
1706 1232 1995 1289 simulacra

400 1321 565 1377 modo
603 1339 671 1378 ex
710 1321 1017 1380 fornacibus
1046 1336 1325 1398 prompta,
1373 1327 1426 1382 in
1458 1327 1739 1383 incudibus
1767 1328 1901 1383 deos
1943 1339 2000 1385 et

401 1431 470 1472 ex
499 1416 710 1474 malleis
732 1416 1055 1486 fabricatos,
1089 1420 1500 1491 elephantorum
1528 1436 1654 1476 ossa
1677 1463 1693 1487 ,
1721 1422 1956 1491 picturas
1979 1465 1996 1487 ,

416 1511 718 1567 veternosis
739 1512 793 1566 in
820 1513 1103 1569 arboribus
1133 1514 1320 1571 uenias
1346 1535 1359 1570 :
1383 1516 1426 1569 si
1455 1515 1668 1585 quando
1690 1530 1999 1587 conspexe-

406 1616 523 1657 ram
555 1602 875 1658 lubricatum
913 1604 1147 1674 lapidem
1172 1649 1186 1671 ,
1218 1606 1372 1662 et‘ex
1402 1607 1528 1662 olivi
1554 1608 1786 1679 unguine
1828 1608 2003 1664 sordi-

333 1706 337 1711 ‘
403 1692 611 1759 datum,
655 1705 926 1767 tamquam
955 1697 1158 1755 inesset
1182 1699 1265 1755 vis
1296 1715 1532 1770 praesens
1556 1744 1570 1767 ,
1597 1702 1853 1757 adulabar
1877 1744 1892 1769 ,
1924 1702 2006 1758 af-

404 1784 597 1854 fabar,
661 1797 719 1844 et
772 1788 1032 1846 beneficia
1082 1793 1373 1863 poscebam
1429 1793 1562 1848 nihil
1620 1794 1887 1851 sentiente
1938 1795 2007 1851 de

2086 388 2368 445 credebam
2413 391 2571 463 ligna,
2603 391 2832 463 lapides,
2876 399 3040 463 atque
3082 406 3236 459 ossa,
3270 400 3364 446 aut
3403 392 3456 447 in
3497 392 3691 463 hujus‘

2087 482 2232 536 modi
2263 498 2439 537 rerum
2475 484 2718 541 habitare
2742 484 2988 540 materia.
3014 483 3166 539 Nunc
3191 482 3416 541 doctore
3443 494 3592 539 tanto
3623 484 3683 542 in

2094 572 2204 627 vias
2238 574 2478 629 veritatis
2509 575 2755 631 inductus
2776 619 2790 644 ,
2822 577 2999 632 omnia
3034 576 3133 632 ista
3158 617 3174 642 ,
3204 590 3323 647 qua:
3359 576 3489 640 sint,
3520 576 3633 631 seio
3666 592 3685 631 :

2091 664 2248 738 digna
2280 667 2347 721 de
2364 667 2540 737 dignis
2565 678 2586 706 ο
2615 673 2810 733 sentio.
2836 669 3217 724 contumeliam
3249 670 3452 725 nomini
3482 668 3693 726 nullam

2090 759 2227 813 facio
2247 761 2430 816 divino
2461 777 2475 816 :
2499 771 2552 818 et
2580 762 2709 833 quid
2740 765 2934 833 cuique
2962 764 3227 820 debeatur
3246 805 3262 827 ,
3287 764 3370 819 vel
3399 779 3645 833 personae
3672 805 3690 831 ,

2093 852 2178 906 vel
2218 855 2414 921 capiti,
2456 854 2752 912 inconfusis
2788 856 3043 927 gradibus
3079 869 3242 928 atque
3282 858 3697 913 auctoritatibus

2096 946 2289 1001 tribuo.
2322 946 2395 1002 [ta
2425 962 2555 1018 ergo
2582 946 2828 1005 Christus
2849 964 2954 1005 non
2987 950 3297 1006 babeatur‘a
3323 951 3478 1005 nobis
3505 950 3645 1005 Deus
3667 950 3695 1006 ?

2097 1056 2197 1096 nec
2219 1083 2234 1102 .
2269 1042 2359 1112 qui
2388 1043 2626 1097 omnium
2664 1043 2899 1114 alioquin
2922 1044 3006 1099 vel
3031 1044 3296 1099 maximus
3325 1052 3501 1116 potest
3528 1058 3701 1100 exco-

2096 1136 2250 1206 gitari
2277 1174 2291 1198 ,
2333 1134 2628 1191 divinitatis
2667 1135 2934 1192 afﬁciatur
2965 1137 3148 1204 cultu,
3186 1152 3216 1191 a
3245 1153 3353 1208 quo
3376 1136 3698 1208 jamdudum

2099 1238 2243 1284 tanta
2281 1238 2336 1285 et
2373 1231 2680 1300 accepimus
2718 1232 2859 1286 dona
2887 1231 3130 1289 viventes
3153 1274 3168 1299 ,
3208 1240 3265 1288 et
3298 1241 3647 1304 expectamus
3668 1273 3689 1302 ,

2100 1320 2214 1377 dies
2236 1338 2357 1377 cum
2380 1324 2608 1387 venerit,
2636 1323 2938 1393 ampliora?

2174 1416 2287 1472 XL.
2329 1416 2436 1473 Sed
2481 1417 2719 1488 patibulo
2766 1416 2961 1474 affixus
3006 1417 3229 1474 interiit.
3274 1416 3413 1487 Quid
3456 1417 3597 1473 istud
3634 1416 3707 1474 ad

2102 1512 2356 1565 causam?
2386 1510 2570 1582 Neque
2611 1512 2753 1566 enim
2797 1512 3033 1583 qualitas
3071 1522 3126 1567 et
3168 1510 3484 1567 deformitas
3513 1512 3709 1568 mortis

2106 1605 2245 1661 dicta
2273 1604 2391 1674 ejus
2420 1605 2665 1661 immutat
2690 1615 2779 1660 aut
2810 1605 2970 1672 facta,
3003 1616 3095 1660 aut
3123 1618 3190 1661 eo
3221 1606 3403 1660 minor
3435 1603 3711 1662 videbitur

2113 1699 2519 1771 disciplinarum
2562 1700 2679 1769 ejus
2719 1700 3030 1766 auctoritas,
3062 1700 3186 1771 quia
3219 1699 3446 1755 vinculis
3471 1700 3715 1772 corporis

2113 1808 2219 1847 non
2249 1792 2480 1848 naturali
2519 1792 2877 1849 disSolutione
2902 1793 3176 1864 digressus
3201 1800 3307 1860 est,
3339 1792 3433 1850 sed
3473 1792 3521 1848 vi
3559 1793 3710 1849 illata

403 1887 596 1936 trunco
625 1897 638 1933 :
664 1890 720 1936 et
744 1895 840 1938 eos
865 1882 1013 1954 ipsos
1042 1884 1220 1952 divos,
1254 1899 1394 1957 quos
1418 1900 1541 1943 esse
1570 1887 1701 1942 mihi
1727 1902 2007 1956 persnase-
2035 1880 2084 1942 B
2112 1886 2366 1943 decessit.
2397 1886 2730 1960 Pythagoras
2755 1886 2972 1944 Samius
2994 1887 3303 1959 suscipione
3325 1883 3718 1945 dominationis

1635 2001 2019 2060 LECTIONES
2056 2001 2365 2059 VARIANT
2374 2002 2477 2059 ES.

477 2095 506 2124 ⁸
537 2092 853 2145 Transduxit.
878 2089 1002 2145 Alii.

471 2153 504 2193 δ
535 2155 865 2209 Adfaciebam.
904 2170 994 2208 ms.

2086 2109 2095 2115 ‘
2186 2099 2209 2127 °
2242 2096 2397 2149 Divis.
2421 2094 2660 2148 Stewech.

1790 2251 2354 2312 COMMENTARIUS.

484 2349 586 2418 Qui
623 2351 906 2405 animantia
944 2349 1240 2405 monstravit
1272 2349 1518 2418 informia
1549 2364 1640 2403 nos
1667 2365 1793 2404 esse.
1826 2347 1878 2402 Id
1921 2357 2006 2404 est

410 2420 721 2482 imperfecta
753 2430 809 2478 et
853 2421 1138 2486 deformia,
1193 2436 1260 2476 ne
1303 2422 1500 2476 decore
1543 2435 1642 2474 suo
1684 2420 2001 2489 glorientur.

410 2491 589 2563 Quare
650 2493 781 2548 nihil
822 2494 1135 2548 mutandum
1160 2492 1431 2548 existimo.
1465 2492 1708 2548 HERALD.
1742 2522 1813 2532 —
1838 2491 2007 2547 Stew.

410 2565 551 2628 conj.
591 2565 820 2629 inﬁrma.
843 2565 1050 2621 OBBLL.

488 2634 640 2691 Nihil
664 2638 1080 2707 comprehensum
1107 2635 1310 2701 habere,
1343 2636 1473 2707 nihil
1495 2636 1626 2707 scire
1646 2677 1660 2699 ,
1687 2644 1733 2688 et
1753 2650 1868 2706 qua:
1888 2652 2008 2689 nos-

415 2718 520 2763 tros
545 2709 644 2762 sita
669 2705 785 2762 sunt
807 2719 924 2762 ante
944 2708 1139 2774 oculos,
1160 2724 1261 2762 non
1290 2706 1478 2760 videre.
1513 2705 1741 2761 Videtur
1766 2705 1867 2759 hoc
1891 2707 2011 2761 loco

413 2780 685 2835 Arnobius
708 2780 870 2834 verba
903 2779 990 2833 illa
1018 2780 1216 2833 Christi
1243 2794 1333 2846 ap.
1366 2780 1671 2833 Matthmum
1694 2819 1709 2841 ,
1737 2792 1787 2831 e.
1812 2794 1926 2832 xm.
1958 2793 2009 2830 v.

418 2851 487 2941 1.5
506 2869 532 2941 ἐ
554 2851 850 2941 ᾎΕπᾳχύνρη
874 2854 973 2927 γὰρ
1004 2854 1034 2911 ἡ
1059 2850 1245 2941 καρδία
1262 2856 1372 2940 ,τοῦς
1392 2850 1518 2941 λξιξῦ
1547 2851 1759 2940 τρύτογ,
1775 2854 1890 2940 ἔξοιὶ⁹
1906 2856 2018 2909 τοῖς

417 2928 518 2979 ὠσὶ
546 2921 748 3000 βαρέῶς
781 2921 1003 2984 ﬁmus-etv
1081 2921 1163 2977 κὰὶ
1191 2924 1312 2982 τοὺς
1352 2922 1635 3046 ὁζθαλμούς
1664 2921 1835 2975 αὐτῶν
1869 2924 2019 2993 ἑκάμ-
2047 2956 2091 3019 C

418 3017 611 3046 ιιυσαν.
645 2998 711 3046 uri
748 3017 873 3046 ποτε
898 2992 1055 3046 ἴδωσι
1098 3002 1210 3046 τοῖς
1264 2995 1561 3046 ὀφθαιιιοῖς.
1612 2997 1699 3046 καὶ
1736 3000 1848 3046 τοῖς
1897 2997 2022 3046 ὠσὶν

698 2998 709 3014 1
898 2997 951 3014 Π
1164 3002 1183 3012 ο
1272 2997 1285 3009 τ
1327 2997 1352 3014 n
1390 2997 1409 3014 Ἴ
1492 3000 1513 3010 ο
1686 2997 1695 3011 1
1778 3013 1784 3014 ,
1800 3000 1820 3010 ι-
1913 2997 1925 3009 ‘
1985 2997 1993 3013 ν

415 2992 711 3069 μυσάν,’μή
748 3017 873 3050 ποτε
898 2992 1055 3069 ἵδωσξι
1098 3002 1210 3055 τοῖς
1264 2992 1561 3069 ὀφθαλμοζς,
1612 2997 1703 3069 noti
1726 3000 1848 3069 ,τοῖς
1897 2992 2022 3069 aes.

417 3062 706 3126 ἆκούσωὸ-ι.
728 3071 814 3122 καί
920 3064 1105 3142 καρδίᾳ
1131 3062 1348 3126 συνῶσίι.
1371 3062 1454 3118 ut
1493 3062 1850 3189 ἑπιστρὲῨωσι
1873 3105 1890 3127 ,
1937 3067 2024 3118 καὶ

417 3139 640 3189 iniustum
681 3141 905 3189 αὐτούς.
955 3154 1076 3189 utne
1126 3137 1339 3189 divinus
1382 3136 1543 3189 Soter
1599 3137 1666 3188 de
1748 3136 2019 3188 ndteornnt

416 3139 640 3211 ἰάσωμαι
668 3136 905 3211 aurarii,
955 3136 1092 3208 qua!
1126 3136 1543 3211 divinus_Sot_er
1599 3136 1666 3188 de
1711 3136 2019 3211 .I_ndu:ornnt

417 3205 578 3278 gente
608 3207 802 3266 effatus
839 3218 944 3273 est,
976 3205 1256 3280 perperam
1298 3206 1364 3261 ad
1395 3207 1704 3262 universum
1728 3205 2023 3261 humanum

421 3294 596 3350 genus
626 3281 987 3335 transtulisse.
1024 3280 1233 3335 Οιιειι.

456 3409 460 3413 ,
495 3350 672 3418 Signis
720 3351 985 3407 inertibus.
1046 3351 1307 3407 Similiter
1350 3349 1509 3410 infra,
1561 3348 1658 3403 lib.
1689 3363 1748 3411 tt,
1777 3362 1897 3415 cap.
1931 3347 2021 3407 '59.

419 3421 709 3478 simulacris
773 3423 1017 3476 inertibus
1072 3422 1383 3491 supplicare.
1465 3419 1693 3491 Stupida
1749 3419 2026 3491 simillacra

418 3496 647 3564 appellat
679 3492 826 3547 Zeno
857 3489 1183 3549 Veronensis
1204 3493 1466 3564 Serntgne
1493 3491 1560 3544 de
1589 3489 1744 3545 Jona.
1781 3489 2022 3564 lienam).

529 3510 647 3547 ettat
679 3510 826 3547 Leno
864 3510 1183 3549 veronensts
1204 3510 1466 3548 Sermone
1493 3510 1560 3544 ae
1589 3510 1744 3545 J0ll8.
1781 3510 2021 3544 uertitur.

491 3510 720 3620 §XXIX
784 3594 855 3605 —
899 3564 966 3618 In
1025 3564 1289 3617 incudibus
1342 3560 1480 3614 Deos
1531 3573 1579 3616 et
1622 3577 1686 3614 ea:
1713 3560 1911 3613 malleis
1937 3561 2021 3628 fa-

424 3636 666 3691 bricatos.
718 3636 873 3691 Fulv.
921 3636 1104 3691 Ursin.
1142 3634 1289 3689 delet
1334 3634 1405 3693 in,
1462 3632 1555 3686 sed
1586 3634 1657 3685 nil
1687 3631 2021 3685 mutandum.

423 3706 491 3761 In
515 3717 568 3762 et
600 3725 663 3762 ea:
687 3708 989 3775 szepissinte
1018 3706 1317 3760 abundant.
1349 3703 1485 3758 Vide
1513 3718 1673 3773 supra
1708 3703 1772 3757 ad
1817 3718 1935 3775 cap.
1969 3703 2023 3765 5,

422 3779 588 3834 verba
618 3773 961 3833 Chuldeorum
986 3795 1050 3833 ex
1074 3777 1349 3831 reconditis
1375 3775 1681 3835 disciplinis.
1712 3773 2028 3827 Simiilitnus

424 3860 611 3905 nostro
660 3855 808 3905 locus
837 3860 920 3905 est
968 3866 1054 3918 ap.
1090 3848 1288 3902 Minue.
1323 3845 1435 3901 Fel.
1492 3845 1704 3918 Oetam,
1729 3860 1856 3918 cap.
1912 3845 2025 3899 ὅδε

424 3919 566 3977 Deus
592 3939 772 3977 aureus
799 3923 875 3975 vel
903 3930 1172 3992 argenteus
1192 3921 1256 3973 de
1278 3917 1540 3992 immundo
1565 3917 1790 3992 vasculo,
1840 3925 2031 3992 ιιι-,διε-

424 3993 540 4063 pius
566 3995 760 4064 factum
790 3987 1045 4066 {E'gyp'tio
1079 3993 1212 4066 regi,
1245 3990 1514 4066 conﬂatur,
1550 3990 1780 4042 tunditur
1808 3987 2028 4055 malleis,

422 4062 479 4120 in
503 4062 772 4120 incudibus
793 4062 1066 4135 ﬁguratur.
1104 4064 1343 4117 lienam.
1366 4070 1434 4135 _et
1463 4062 1705 4135 Euasit.

508 4130 801 4192 Veternosis
832 4130 895 4191 in
938 4135 1206 4189 arboribus
1258 4133 1460 4189 twuias.
1507 4133 1747 4186 Arbores
1791 4130 1943 4193 dicit,
1975 4131 2027 4185 in

422 4208 619 4280 quibus
651 4209 821 4280 spolia
850 4217 1113 4277 suspensa
1145 4215 1303 4280 erant
1327 4214 1382 4280 et
1403 4203 1510 4280 diis
1528 4212 1867 4280 consecrati.
1895 4201 2028 4280 Nam

424 4272 478 4335 in
506 4279 639 4348 ipsis
668 4272 912 4335 donariis
939 4272 995 4335 et
1029 4277 1364 4331 anatltemasi
1392 4275 1558 4328 uenite
1613 4275 1686 4342 (id
1717 4285 1798 4328 est
1823 4272 2027 4348 fasciae.

2108 2364 2414 2411 recensere.
2457 2363 2562 2403 non
2590 2348 2714 2404 dico
2743 2349 2931 2418 quales
2951 2347 3068 2405 sitis
3095 2349 3149 2404 in
3180 2345 3560 2413 sacriﬁcando,
3593 2358 3723 2418 cum

2108 2433 2296 2476 enecta
2325 2429 2379 2477 et
2407 2420 2644 2476 tabidosa
2667 2431 2721 2476 et
2742 2416 2982 2477 scabiosa
3015 2436 3241 2491 qumque
3272 2418 3538 2491 mactatis.
3572 2437 3591 2470 ι
3639 2416 3723 2491 Ita

2108 2493 2285 2547 locum
2339 2504 2582 2546 nostrum
2632 2492 2832 2562 optime
2880 2489 3112 2560 explicat
3159 2489 3356 2546 Franc.
3406 2489 3616 2562 Odiuus
3665 2489 3724 2543 in

2108 2563 2432 2619 adversariis
2481 2561 2682 2619 criticis
2752 2564 2969 2619 insertis
3028 2563 3386 2618 Miscellaneis
3438 2561 3722 2616 Observa-

2110 2636 2346 2691 tionibns
2418 2636 2619 2690 criticis
2670 2636 2858 2699 novis,
2915 2634 3126 2691 Fascic.
3198 2649 3344 2761 und
3403 2648 3527 2703 pag.
3584 2631 3723 2688 458.

3346 2721 3499 2760 nsLL.

3346 2721 3499 2760 BELL.

2195 2778 2257 2833 Si
2293 2779 2498 2846 quando
2524 2794 2886 2842 conspexeram
2931 2778 3238 2832 lubricatum
3288 2777 3533 2845 lapidem,
3584 2782 3632 2828 et
3660 2789 3731 2829 ex

2123 2852 2242 2905 olivi
2269 2852 2492 2918 unguine
2533 2850 2873 2904 sordidatum.
2918 2848 2991 2903 Ita
3023 2850 3141 2904 Ful.
3176 2848 3420 2905 Ursinus.
3449 2846 3583 2918 Cod.
3616 2860 3726 2902 ms.

2126 2922 2287 2976 habet
2331 2917 2648 2987 lapidem...
2683 2922 2996 2979 ordinatum.
3028 2936 3090 2976 ex
3121 2936 3230 2989 quo
3261 2919 3467 2975 Theod.
3501 2917 3725 2989 Canter.

2128 2992 2246 3047 fecit
2277 2993 2566 3057 odoratum,
2591 2992 2863 3049 Stewech.
2887 2988 3207 3047 exornatum.
3239 2992 3538 3061 Dempster.
3560 2988 3730 3061 Para-

2127 3065 2220 3133 lip.
2248 3065 2313 3118 ad
2339 3063 2523 3118 Rosin.
2559 3064 2779 3131 Antiqn.
2813 3081 2949 3118 rom.
2979 3080 3038 3123 ιι.
3061 3079 3179 3133 cap.
3206 3063 3298 3125 ΞΟ,
3333 3059 3451 3133 pag.
3483 3062 3611 3133 184ἓ
3632 3059 3729 3115 ed.

2124 3129 2435 3198 Séhrevelu
2484 3137 2630 3203 cooj.
2663 3129 2932 3207 irrigatum
2980 3129 3243 3190 blettrsitts
3280 3129 3528 3207 dicatum,
3562 3129 3613 3187 id
3644 3140 3734 3185 est

2125 3208 2306 3261 divttm
2343 3206 2562 3262 factum.
2597 3208 2703 3263 Sed
2735 3204 2951 3276 praestat
2980 3206 3319 3260 sordidatum.
3353 3204 3588 3260 Verbum
3617 3219 3733 3276 sor-

2127 3280 2307 3332 didare
2332 3295 2418 3347 ap.
2449 3275 2744 3348 scriptores,
2768 3279 3191 3341 ecclesiasticos,
3225 3277 3583 3340 Lactantium,
3615 3275 3732 3346 Cy-

2128 3353 2397 3419 prianum,
2450 3352 2802 3420 Augustinum
2824 3392 2838 3413 ,
2872 3366 2979 3403 non
3006 3365 3206 3404 rarum.
3260 3348 3517 3420 lntelligit
3545 3356 3731 3420 autem

2128 3416 2336 3475 unctum
2370 3416 2620 3498 lapidem,
2649 3420 3143 3498 ).mapév}ieov._lta
3174 3422 3316 3498 enim
3348 3419 3553 3498 Graecis
3590 3416 3733 3471 dici-

2130 3502 2236 3554 tur,
2286 3504 2342 3545 ut
2386 3509 2449 3546 ex
2498 3490 2788 3548 Clemente'
2820 3492 3113 3548 Alexandr.
3143 3493 3325 3546 videre
3351 3501 3435 3547 est
3467 3490 3731 3545 Stromat.

2131 3580 2204 3617 th
2241 3583 2253 3615 :
2283 3566 2328 3618 oi
2351 3567 2501 3620 αὐτοὶ
2527 3572 2629 3620 πᾶν
2650 3566 2793 3631 ξύλον
2818 3570 2902 3620 καὶ
2930 3567 3094 3620 πάντα
3113 3565 3263 3629 λίθον.
3281 3567 3366 3620 τὸν
3399 3560 3735 3635 δέξλεγόμςνον

2129 3636 2358 3713 ᾎιςπαρὸν,
2381 3643 2823 3713 πρᾳσῃυυσῦντες.
2848 3638 3015 3713 Quem
3042 3638 3247 3713 locum,
3283 3633 3735 3713 ut_rnul_tos_‘alios

2130 3702 2452 3766 (detinentis:
2475 3710 2637 3761 latine
2661 3710 2822 3762 vertit
2846 3706 3141 3762 Arnobius.
3171 3705 3287 3762 Non
3317 3705 3520 3758 abludit
3547 3702 3733 3757 Theo-

2132 3778 2337 3842 phrasti
2369 3779 2662 3834 Character
2692 3794 2802 3842 xvr,
2854 3778 2922 3833 de
2962 3778 3357 3846 Snperstitione
3383 3779 3630 3839 ικαὶτῶν
3654 3776 3734 3829 λι-

2131 3858 2303 3927 οξαρῶν
2328 3851 2472 3904 λίθων
2498 3859 2597 3906 τῶν
2616 3854 2675 3927 _§_v
2699 3860 2831 3927 ratio
2842 3849 3071 3927 7356301.;
3084 3854 3281 3927 παριῴςδ
3315 3851 3369 3904 ἐκ
3392 3856 3486 3908 τῆς
3513 3847 3731 3927 ληκύῆον

2131 3918 2290 3994 ἐλέων
2316 3930 2585 3994 καταχεῖν.
2616 3922 2716 3978 Ubi
2749 3923 2857 3994 vid.
2876 3918 3442 3994 Casattlton'_chtunt
3472 3928 3626 3994 vorat
3652 3919 3736 3971 la-

2133 3991 2301 4059 pidem
2330 3995 2380 4045 in
2414 3990 2668 4062 Apologia
2699 3993 2977 4062 Apuleius,
3008 4003 3056 4046 et
3086 3992 3138 4047 in
3170 3990 3404 4047 Floridis
3429 4010 3443 4045 :
3474 3991 3607 4060 lapis
3630 4006 3734 4043 un-

2132 4064 2284 4133 guine
2304 4063 2573 4120 delibutus.
2601 4065 2788 4120 Paton.
2813 4075 2867 4118 et
2888 4062 3091 4118 ORELL.

2209 4133 2433 4213 Trunca.
2466 4137 2788 4213 Prudentius
2815 4140 2936 4213 napi
2957 4139 3218 4213 0’15?be
3234 4143 3389 4213 vocat
3418 4132 3734 4213 deost-intum

2132 4206 2384 4277 stipitem,
2415 4216 2467 4263 et
2499 4207 2791 4278 Apotheosi
2838 4206 3071 4279 cippum'
3090 4219 3136 4262 et
3181 4208 3457 4333 ﬁculnéum
3486 4206 3732 4274 stipitem.

3382 4293 3582 4333 LIENH.

3382 4293 3582 4334 LIENH.

423 4345 545 4406 sive
598 4350 745 4405 vitae
775 4361 885 4422 aut
926 4348 1670 4422 vittarum“estremitams,_
1696 4356 1753 4398 ut
1798 4345 2031 4422 explicat
2056 4354 2110 4414 ι)
2140 4418 2166 4422 _
2212 4347 2427 4404 Nemini
2455 4350 2643 4404 divino.
2673 4350 2776 4404 Th.
2800 4350 3068 4405 Canterus
3095 4350 3195 4422 leg.
3224 4351 3439 4422 numini,
3472 4348 3738 4422 probante

424 4424 583 4478 Serv.
612 4464 625 4479 .
654 4423 719 4476 ad
773 4420 959 4492 Virgil.
993 4418 1164 4492 Em,
1208 4418 1302 4492 lib.
1327 4432 1390 4492 t_,
1422 4431 1501 4492 vs.
1542 4414 1703 4489 574),
1746 4427 1794 4492 et
1825 4414 2027 4492 aliquid

424 4494 557 4551 inihi
586 4487 893 4563 depictum:
919 4489 1191 4546 Plutarch.
1243 4491 1295 4542 in
1327 4487 1667 4563 Tintolennte
1692 4503 1705 4539 :
1738 4490 1790 4541 ἐκ
1810 4491 1909 4563 γὰρ
1933 4497 2032 4543 τῶν

425 4561 745 4643 κρεμαμένων
785 4565 1110 4647 Mundi:er
1150 4563 1316 4617 ταινία
1339 4582 1417 4647 τις
1444 4561 1914 4647 ἀπορρυεῐσακκοξὶ
1953 4581 2032 4635 φε-

424 4632 610 4715 ,ὀομίένή
661 4632 947 4715 στεφάνονςξ
992 4634 1220 4707 ἔχουσα,
1252 4637 1337 4715 viai
1371 4632 1983 4715 vixais’gnsnozztlanéws
2012 4672 2028 4696 ,

423 4704 698 4786 ἓτέριέπεσε
810 4708 988 4786 κεφαλῇ
1017 4704 1107 4762 ic'oo
1134 4705 1476 4779 Τιμολέοντος.
1608 4715 1784 4786 autent
1808 4704 2032 4786 arbores

426 4770 676 4853 rehgiosa
706 4770 1091 4853 observatione
1121 4793 1149 4830 a
1186 4770 1638 4853 [intereuntibus
1687 4775 2026 4837 colebantur,

427 4863 483 4908 et
510 4846 778 4908 inviolatae
818 4850 1079 4906 durabant
1109 4866 1280 4903 annos
1307 4846 1586 4916 plurimos,
1614 4862 1778 4915 quare
1804 4854 2031 4899 vetemu-

427 4942 512 4981 sas
540 4924 775 4994 appellat
812 4937 905 4978 eas
943 4919 1469 4994 Arnobiusa'l‘aletn
1512 4919 1771 4994 arborem
1810 4918 2032 4994 elegan-

428 4986 637 5051 tissime
671 4996 928 5051 describit
966 4995 1194 5059 Lucan.,
1228 4991 1321 5045 lib.
1376 5006 1415 5054 t,
1460 5004 1539 5043 vs.
1585 4989 1710 5050 156.
1757 5001 1912 5055 seqq.
1959 4986 2035 5040 De

428 5069 574 5124 cultu
606 5077 786 5122 autem
819 5076 873 5122 et
904 5064 1254 5121 veneratiOue
1286 5063 1474 5114 harum
1506 5060 1757 5114 arborum
1787 5060 2035 5113 testimo-

428 5141 516 5195 nia
556 5149 771 5195 exstant
802 5153 924 5193 cum
954 5135 1079 5191 alibi
1111 5148 1277 5202 prope
1308 5132 1538 5202 infinita.
1571 5140 1681 5185 tum
1710 5130 1850 5202 apud
1883 5131 2034 5198 Apu-

430 5212 593 5266 leium
619 5210 799 5265 verbis
820 5201 1327 5272 signiticantissimis
1356 5201 1568 5256 Florida
1595 5204 1787 5268 prima.
1816 5201 2035 5256 Heu/um

430 5293 487 5340 et
517 5282 721 5337 Nounn.
742 5310 813 5321 —
842 5279 1086 5334 Veternus
1131 5288 1214 5332 est
1247 5274 1458 5340 inertia,
1490 5282 1546 5327 ut
1574 5272 2038 5343 exponitSc-rvius

430 5354 499 5409 ad
532 5352 738 5414 Virgil"
786 5350 984 5421 Georg.
1015 5368 1053 5413 t,
1087 5349 1213 5415 124.
1261 5357 1549 5403 veternosus
1581 5342 2036 5421 iiiet's._Erttctttm

437 5444 469 5480 c
512 5426 680 5478 sacris
706 5415 991 5478 urbm-ibus
1035 5422 1329 5490 decerpere
1367 5430 1482 5475 erat
1514 5415 1686 5475 nefas.
1718 5416 2039 5490 idcircoAvix

442 5497 577 5552 alias
606 5494 1021 5557 Consecrahaut,
1069 5486 1228 5561 quam
1282 5501 1598 5546 vetet-nugas
1646 5488 1878 5561 eLnulli
1926 5486 2037 5555 jam

440 5568 561 5624 usui
596 5566 820 5629 habiles,
863 5564 1005 5633 quod
1038 5559 1120 5619 hic
1150 5562 1320 5633 tangit
1371 5561 1657 5633 Arnobius.
1694 5559 1895 5614 Eadem
1930 5561 2041 5633 fere

435 5654 595 5698 mens
623 5649 701 5692 est
747 5630 1075 5701 l‘ertnlliani,
1121 5630 1539 5695 ehriétianorum
1571 5631 1753 5686 hostes
1797 5633 1875 5684 sic
1904 5630 2040 5684 allo-

424 5710 647 5785 quentis
677 5710 990 5781 Apologet.,
1045 5722 1167 5777 cap.
1215 5706 1287 5760 M
1316 5720 1331 5758 :
1369 5728 1387 5758 ι
1423 5702 1558 5761 Volo
1583 5711 1638 5758 et
1668 5705 1801 5760 ritus
1831 5711 2041 5758 vestros

2134 4418 2442 4476 Stewechio
2471 4432 2526 4477 et
2554 4422 2806 4477 Menrsio.
2836 4422 2943 4478 Sed
2972 4423 3095 4478 vide
3141 4418 3319 4478 notata
3347 4421 3431 4548 6d
3466 4434 3585 4489 cap.
3630 4418 3730 4473 20.

3394 4507 3547 4548 nece.

3394 4507 3547 4548 BELL.

2205 4561 2319 4618 XL.
2345 4595 2417 4605 —
2440 4563 2767 4637 Pythagoras
2817 4566 3026 4622 Samius
3053 4565 3343 4636 suspicione
3370 4562 3738 4637 dominationis

2133 4635 2327 4699 iniusta
2374 4635 2512 4690 vivus
2575 4635 2920 4692 cenrrematus
2966 4644 3019 4690 in
3086 4635 3206 4706 fauo
3253 4647 3344 4692 est.
3395 4635 3570 4690 Varia:
3616 4635 3736 4689 fne-

2136 4719 2258 4761 runt
2286 4707 2353 4779 de
2376 4707 2693 4779 Pythagorte
2743 4720 2915 4763 rnorle
2963 4710 3265 4774 oninioucs,
3312 4722 3445 4779 quas
3490 4706 3735 4779 Laertius

2136 4778 2272 4843 (vui,
2307 4778 2334 4849 §
2364 4776 2479 4848 59),
2531 4780 2754 4834 'l‘zetzes
2790 4779 3043 4847 (Chiliad.
3074 4796 3149 4842 χι,
3181 4795 3300 4848 pag.
3347 4778 3499 4848 445),
3545 4776 3737 4832 Snidas

2137 4849 2229 4920 (ad
2262 4865 2311 4904 v.
2338 4852 2654 4921 Πυθαγόρας)
2676 4851 2871 4921 aliique
2887 4852 3211 4906 retulerunt.
3240 4851 3418 4906 Prima
3451 4858 3537 4906 est
3562 4849 3735 4907 illum.

2137 4876 2229 4920 υμι
2265 4876 2311 4904 ν.
2340 4876 2493 4906 ιινυατ
2511 4876 2654 4927 ορας)
2676 4876 2871 4921 ιιιιιψιυ
2889 4876 3211 4906 ιὐιιιιιπιιιιι.
3242 4876 3418 4906 I'I'lllla
3451 4876 3537 4906 «εει
3562 4876 3735 4907 11111111,

2137 4921 2190 4975 in
2219 4920 2381 4975 domo
2413 4876 2619 4977 Milonis
2646 4920 2975 4977 Crotoniatae
3004 4938 3126 4975 cum
3159 4934 3323 4985 esset,
3355 4922 3638 4991 cujusdam
3668 4934 3735 4973 ex

2137 4992 2264 5055 illis,
2294 5008 2428 5061 quos
2466 4994 2589 5047 illnc
2621 4994 2906 5048 admittere
2956 4994 3145 5053 noluit.
3176 4992 3396 5059 invidia,
3427 4993 3511 5047 vel
3544 4992 3736 5047 Croto-

2139 5062 2404 5135 niatarnm
2423 5065 2732 5129 snsnicione
2750 5073 3003 5133 metuque
3024 5063 3344 5135 tyrannidis,
3366 5064 3555 5119 eadem
3575 5062 3737 5135 domo

2140 5134 2356 5189 incensa
2383 5137 2633 5196 llatnmis.
2662 5136 2825 5192 fuisse
2844 5133 3188 5192 suﬂoratnm.
3216 5136 3316 5190 Alii
3342 5150 3470 5190 vero
3496 5133 3734 5195 tradunt,

2139 5206 2312 5280 illum,
2368 5206 2496 5280 inde
2540 5218 2807 5280 ereptum.
2860 5208 2911 5261 in
2958 5224 3088 5277 agro
3118 5207 3251 5262 fabis
3292 5208 3451 5278 pleno
3494 5204 3734 5280 jugulum

2141 5276 2585 5349 perm-nitentibus
2612 5279 2847 5333 dedisse.
2872 5276 3211 5333 Dico-archus
3235 5276 3366 5335 vero
3392 5280 3515 5349 (ap.
3535 5276 3735 5349 [λιφε-ι..

2140 5347 2180 5403 1.
2213 5347 2343 5418 cit.)
2390 5351 2640 5420 Opinatns
2695 5361 2798 5411 est,
2850 5351 3025 5419 ipsum
3072 5350 3124 5404 in
3171 5347 3442 5406 Musarum
3488 5347 3734 5420 delubro.

2142 5421 2283 5490 quod
2314 5417 2605 5493 Metaponti
2651 5431 2754 5483 est.
2803 5417 2896 5491 per
2922 5421 3272 5493 quadraginta
3304 5417 3735 5493 diesahscondi-

2143 5500 2254 5562 tum
2314 5490 2469 5547 fame
2501 5503 2556 5546 et
2606 5493 2778 5547 inedia
2808 5490 3008 5562 egisse
3060 5495 3317 5549 animam.
3363 5491 3512 5546 Alias
3562 5490 3736 5543 adhuc

2144 5560 2409 5636 μενεῖ-ιβ
2442 5563 2508 5616 de
2537 5563 2805 5636 ejusdem
2834 5560 3151 5636 i‘j'thagorae
3189 5564 3406 5620 interitu
3426 5562 3731 5636 sententias

2143 5632 2443 5705 Heraclidis
2459 5644 2514 5691 et
2534 5634 2810 5705 Hermippi
2834 5630 3074 5691 enarrat.
3097 5640 3168 5693 At
3183 5636 3397 5691 brevius
3422 5630 3736 5705 Plutarchus

2145 5705 2237 5777 (de
2278 5704 2444 5763 Stoic.
2495 5703 2837 5777 repugnant.,
2872 5717 3003 5765 tom.
3034 5724 3070 5763 tt
3096 5751 3112 5776 ,
3144 5722 3268 5778 pag.
3299 5705 3432 5763 1051
3460 5704 3479 5777 )
3509 5722 3521 5758 :
3549 5704 3623 5758 τὰ
3646 5703 3733 5775 μὲν
