3986 6058
399 196 494 251 791

1544 190 1817 248 ΛΒΝΟΒΙΙ
1862 186 2226 246 ADVERSUS
2269 188 2540 247 GENTES

3596 190 3705 249 τοὶ

390 311 494 380 giis
522 326 537 366 :
572 312 888 383 permittant
917 310 1007 365 uni
1031 326 1099 366 ex
1128 309 1327 380 populo
1360 310 1411 365 in
1444 307 1682 365 ofﬁcium
1718 308 1991 364 sermonis
2018 316 2068 379 Α
2095 306 2164 361 ab
2193 306 2397 371 intima,
2433 307 2578 364 Deus
2604 307 2672 364 ab
2702 308 2988 380 incognitis
3013 309 3227 381 regnis,
3272 318 3326 366 et
3361 308 3431 365 ab
3459 310 3704 367 omnium

395 403 554 458 dandi
581 420 673 459 ora
702 403 1059 457 coarticulare
1092 411 1358 458 mutormn
1379 445 1393 469 ,
1418 402 1706 457 surdornm
1726 401 1995 457 auriculas

395 508 662 569 ηερε-τινε,
696 496 811 549 sine
839 493 1127 548 luminibus
1170 496 1464 563 procreatis
1504 494 1783 548 oculorum
1818 491 1996 547 redin-

400 597 614 654 tegrare
645 596 884 644 naturas.
920 595 973 639 et
1002 591 1051 639 'tn
1099 586 1344 656 frigentia
1373 588 1498 641 ulitn
1529 587 1767 640 membra
1807 599 1998 639 sensus

382 663 713 748 animasque
744 679 1025 733 reducere.
1062 682 1195 743 Aut,
1228 681 1272 735 si
1303 679 1467 734 ardua
1505 695 1591 735 res
1624 680 1723 735 ista
1751 688 1866 745 est,
1898 695 1995 734 ne-

400 784 505 837 que
521 770 640 823 aliis
661 771 973 839 permittere
989 771 1170 825 talium
1193 782 1417 839 pos~nut
1435 787 1657 841 aperuut
1682 780 1996 842 pmestates,

403 860 507 929 ipsi
559 861 788 927 faciant,
843 873 899 917 et
941 878 1063 918 cum
1103 865 1215 917 suis
1263 864 1453 918 ritibus
1486 863 1712 929 fat-iant,
1743 863 1999 933 quidquid

405 953 636 1008 malefici
673 955 940 1024 graminis
982 958 1253 1011 nutricant
1280 966 1544 1011 terrarum
1576 957 1726 1011 sinus
1742 956 2001 1027 quidquid

405 1046 598 1099 virium
649 1050 890 1103 continet
940 1047 1143 1103 fremor
1189 1050 1278 1105 ille
1334 1050 1662 1116 verborum,
1717 1061 1877 1118 atque
1907 1049 2004 1104 ad-

402 1138 605 1210 juncta)
674 1144 975 1196 carminum
1034 1145 1423 1206 necessitates,
1484 1161 1589 1197 non
1660 1142 2000 1207 invidemus,

410 1234 701 1301 adjiciam,
767 1252 871 1291 non
944 1236 1356 1302 interdicimus,
1405 1237 1681 1306 colligant.
1751 1236 2002 1306 Experiri

408 1327 541 1382 libet
570 1338 624 1383 ct
653 1344 1073 1397 recognoscere,
1108 1347 1174 1385 an
1206 1348 1328 1386 cum
1360 1336 1472 1386 suis
1493 1330 1711 1387 efﬁcere
1738 1331 1844 1386 diis
1876 1346 1972 1400 pos

408 1422 551 1486 sint,
582 1423 723 1491 quod
773 1425 840 1477 ab
871 1426 1089 1481 l‘llsliClS
1113 1426 1452 1492 Christianis,
1478 1425 1817 1496 jussionibns
1847 1424 2001 1481 facti-

410 1524 576 1568 latum
605 1526 688 1570 est
721 1516 897 1572 nudis.

484 1606 609 1661 Llll.
643 1608 890 1664 Desistite
910 1652 925 1674 ,
956 1625 990 1664 o
1019 1610 1188 1666 nescii
1209 1652 1222 1673 ,
1275 1611 1327 1665 in
1372 1610 1657 1666 maledicta
1685 1621 2007 1667 convertere

2099 399 2342 470 principe
2389 400 2533 455 Deus
2578 402 2871 473 sospitator
2913 411 2997 458 est
3043 403 3239 460 missus
3273 420 3471 474 :quem
3527 419 3707 476 neque

2100 491 2179 545 sol
2210 491 2345 561 ipse,
2380 508 2554 561 neque
2578 494 2703 555 ulla.
2728 495 2772 549 si
2799 496 3061 557 sentiunt,
3087 495 3285 560 sidera,
3311 512 3417 553 non
3440 507 3703 563 recurres,

2101 601 2207 638 nun
2238 585 2508 655 principes
2556 587 2773 653 mundi,
2811 603 2918 642 nun
2962 587 3195 659 denique
3224 588 3300 645 dii
3330 590 3507 660 magni
3528 631 3544 651 ,
3576 599 3703 655 aut,

2100 679 2188 747 qui
2219 676 2482 748 fingentes
2511 693 2570 733 se
2594 679 2729 734 deus
2774 695 2945 749 genus
2985 696 3148 736 omne
3196 680 3503 736 mortalium
3549 682 3712 738 terri-

2104 781 2246 834 tant,
2301 771 2442 827 unde
2488 782 2580 826 aut
2625 774 2715 843 qui
2767 771 2957 838 fuerit,
2994 783 3284 841 potuerunt
3316 783 3589 830 n08cere‘
3618 774 3711 830 vel

2104 866 2385 936 suSpicari.
2435 864 2501 919 Et
2548 865 2763 921 merito.
2803 865 3012 920 Exutus
3057 876 3113 921 at
3162 881 3430 937 corpore,
3472 865 3616 938 quod
3652 866 3712 921 in

2105 960 2297 1028 exigua
2328 956 2408 1011 sui
2441 956 2859 1012 circumferebat
2905 967 3088 1028 parte,
3144 970 3425 1029 postquam
3453 958 3619 1013 videri
3649 970 3714 1013 se

2107 1065 2297 1120 pa~sns
2319 1061 2434 1114 εει,
2468 1052 2624 1119 cujus
2650 1058 2796 1104 esset
2837 1059 2930 1103 ant
2974 1048 3357 1120 magnitudinis
3405 1049 3563 1115 sciri,
3604 1063 3712 1103 no-

2107 1142 2270 1197 vitate
2303 1156 2480 1196 rerutu
2510 1141 2767 1196 exterrita
2798 1142 3046 1196 universa
3075 1140 3257 1196 tunndi
3285 1150 3411 1196 sunt
3437 1140 3710 1196 eli-menta

2110 1236 2319 1293 tltrbata
2340 1276 2353 1294 .
2390 1235 2549 1290 tellus
2578 1246 2720 1288 mota
2763 1235 3130 1300 contremuit,
3160 1248 3310 1287 mare
3343 1231 3587 1288 funditus
3618 1247 3710 1288 re-

2108 1329 2284 1386 fusum
2336 1340 2454 1393 est,
2499 1345 2594 1385 aer
2640 1328 2817 1399 globis
2867 1329 3139 1384 involutus
3191 1337 3273 1382 est
3326 1330 3709 1393 tenebrarum,

2109 1426 2299 1498 igneus
2345 1424 2493 1479 orbis
2537 1424 2668 1480 solis
2715 1424 2984 1493 tepefacto
3026 1421 3224 1477 ardore
3269 1420 3524 1491 deriguit.
3569 1418 3714 1488 Quid

2108 1502 2255 1573 etftm
2286 1520 2524 1573 restabat
2555 1529 2610 1571 ut
2639 1516 2825 1581 ﬁeret,
2861 1523 3147 1586 postquam
3174 1514 3313 1569 Deus
3340 1524 3426 1568 est
3452 1513 3715 1582 cognitus

2110 1614 2190 1678 is,
2236 1612 2327 1682 qui
2372 1624 2494 1666 esse
2533 1609 2851 1680 jamdudum
2898 1624 3035 1665 unus
3080 1606 3481 1679 judicabature
3520 1604 3717 1661 nobis?

410 1713 502 1752 res
531 1708 740 1765 tantas,
792 1701 929 1756 nihil
977 1704 1026 1757 ei
1070 1706 1311 1759 nocitura
1358 1705 1449 1776 qui
1497 1704 1655 1772 fecit,
1713 1706 2006 1774 periculum
2038 1721 2084 1781 Β
2183 1705 2318 1762 LIV.
2352 1705 2457 1763 Sed
2489 1722 2595 1761 non
2624 1703 2849 1759 creditis
2874 1712 3028 1774 gesta
3059 1703 3196 1756 haec.
3232 1698 3339 1756 Sed
3372 1699 3464 1770 qui
3492 1713 3556 1754 ea
3582 1713 3719 1753 con-

411 1789 638 1845 allatura
672 1792 766 1847 sed
795 1794 946 1849 vobis
976 1810 993 1850 :
1021 1796 1347 1864 perieulum,
1382 1798 1598 1868 inquam
1625 1839 1638 1861 .
1673 1813 1780 1853 non
1815 1813 2010 1868 parvu-

410 1883 552 1946 lum.
597 1885 692 1938 sed
722 1885 775 1939 in
808 1889 970 1941 rebus
1000 1889 1246 1955 eximiis,
1281 1889 1375 1945 sed
1409 1892 1460 1944 in
1489 1889 1779 1961 prmcipttis
1805 1890 2009 1945 constio

415 1983 611 2030 tutum.
643 1976 919 2045 Siquidem
951 1996 1037 2034 res
1061 1982 1237 2035 anima
1272 1981 1501 2050 pretiOSa
1533 1990 1651 2046 est,
1684 1997 1785 2037 nec
1814 1981 1932 2051 ipso
1952 1996 2014 2036 se

415 2064 621 2122 homini
664 2070 957 2141 quidquam
1003 2082 1180 2141 potest
1219 2073 1437 2130 cbarius
1465 2074 1715 2130 inveniri.
1744 2074 1924 2142 Nihil,
1956 2085 2016 2129 ut

418 2163 646 2230 remini,
699 2168 1001 2235 magicum,
1054 2167 1183 2222 nihil
1229 2171 1541 2235 humanum,
1578 2170 2010 2240 praestigiosum,

416 2266 507 2308 aut
533 2255 820 2330 subdolum
841 2299 857 2324 ,
886 2258 1015 2313 nihil
1049 2260 1250 2314 fraudis
1278 2261 1489 2317 delituit
1515 2263 1565 2315 in
1588 2262 1805 2317 Christo
1824 2306 1839 2330 ,
1869 2262 2015 2318 deri-

415 2347 586 2403 deatis
622 2350 744 2405 licet
790 2368 854 2408 ex
887 2356 1035 2409 t‘nore
1064 2368 1222 2426 atque
1256 2357 1307 2409 in
1341 2357 1619 2413 lasciviam
1647 2357 2018 2413 diSsolvamini

414 2445 823 2515 cachinnorum.
860 2448 1000 2505 Deus
1050 2450 1140 2505 ille
1186 2450 1440 2507 sublimis
1488 2452 1614 2518 fuit,
1667 2452 1810 2507 Deus
1840 2453 2021 2508 radice

2112 1798 2302 1870 spicati
2329 1808 2456 1854 sunt
2487 1797 2638 1862 fieri,
2691 1805 2747 1851 et
2784 1794 2884 1850 sub
2928 1792 3100 1849 oculis
3138 1792 3251 1847 suis
3293 1790 3547 1846 viderunt
3590 1790 3717 1859 agi,

2115 1902 2281 1951 testes
2308 1892 2532 1962 optimi,
2569 1889 2970 1959 eertissimique
2998 1897 3250 1952 autores,
3283 1895 3339 1942 et
3367 1883 3724 1959 crediderunt.

2118 1987 2232 2041 tunc
2261 1987 2403 2058 ipsi,
2452 1994 2508 2040 et
2554 1982 2823 2040 credenda
2854 1980 3088 2053 posteris
3118 1978 3276 2035 nobis
3310 1977 3452 2034 haud
3481 1976 3725 2034 exilibus

2116 2094 2238 2136 cum
2262 2077 2745 2150 approbatiunibns
2778 2074 3139 2131 tradiderunt.
3173 2073 3405 2143 Quinam
3437 2073 3523 2126 isti
3553 2078 3723 2132 sunt.

2120 2170 2351 2227 fortasse
2403 2169 2688 2241 qumritis?
2750 2166 2991 2229 Gentes.
3038 2164 3251 2238 populi,
3321 2164 3601 2231 nationes,
3668 2173 3730 2218 et

2122 2263 2458 2320 incredulutn
2490 2261 2619 2317 illud
2643 2275 2811 2332 genus
2837 2259 3130 2314 humanum
3159 2257 3337 2329 :quod
3360 2297 3376 2322 ,
3404 2256 3507 2311 nisi
3538 2266 3727 2327 aperta

2122 2372 2211 2412 res
2236 2365 2400 2420 esset,
2433 2364 2489 2410 et
2519 2354 2638 2409 luce
2671 2354 2784 2420 ipsa
2807 2395 2822 2419 ,
2859 2350 3314 2422 quemadmodum
3345 2350 3562 2414 dicitur,
3609 2347 3728 2403 cla-

2125 2453 2258 2516 rior,
2310 2463 2603 2520 numquam
2655 2447 2820 2503 rebus
2864 2445 3173 2518 huiusmodi
3222 2444 3562 2501 credulitatis
3614 2457 3734 2499 sua:

1666 2566 2050 2624 LECTIONES
2088 2563 2500 2624 VARIANTES.

497 2684 524 2714 ⁸
556 2684 731 2737 Nosse.
777 2696 864 2736 ms.

1820 2774 2382 2846 COMMENTARIUS.

500 2911 807 2988 ln_ofﬁcium
852 2909 1101 2988 sermonis
1149 2905 1673 2988 dandi._Sermo_nem
1721 2906 1845 2988 dare
1891 2906 2021 2988 dicit
2049 2926 2092 2988 ρ
2131 2922 2250 2988 εἶχε..
2282 2906 2453 2988 Antea
2503 2903 2779 2976 legebatur
2826 2903 2957 2958 nihil
3010 2902 3241 2973 fraudis,
3286 2902 3417 2958 nihil
3462 2904 3635 2959 delicti
3674 2905 3733 2959 iu

421 2976 694 3040 Arnobius
741 2984 1011 3036 locutione
1061 2996 1205 3039 rara,
1257 2977 1350 3033 sed
1399 2994 1504 3032 non
1557 2978 1872 3048 impropria.
1904 2976 2021 3033 Non

421 3071 559 3127 opus
598 3071 727 3123 ergo
770 3065 845 3108 est
896 3051 1218 3127 rescribi-re.
1260 3051 1314 3103 in
1364 3049 1581 3127 officium
1620 3049 2019 3127 sermocinandi.

494 3120 787 3183 Sardorum
841 3125 1106 3178 auriculas
1132 3138 1379 3175 reserare.
1433 3122 1621 3173 I'Iditor
1676 3120 1847 3188 Lugd.
1906 3120 2021 3174 Bat.

423 3199 572 3253 dedit
594 3212 841 3254 returare.
893 3196 945 3249 id
975 3203 1059 3250 est
1082 3196 1318 3257 aperire.
1352 3190 1652 3245 recludere.
1686 3190 1826 3261 Opp.
1876 3190 2025 3244 obtu-

423 3287 560 3324 raru.
597 3271 717 3322 vide
744 3267 996 3326 Nonium,
1025 3267 1126 3319 huc
1149 3268 1335 3317 verbo.
1360 3263 1536 3331 Quod,
1562 3261 1608 3315 si
1632 3264 1789 3315 modo
1811 3261 2026 3318 Codicis

425 3340 532 3394 ﬁde
565 3342 847 3399 niteretur,
873 3338 1117 3405 apprime
1143 3334 1457 3388 conveniret
1500 3334 1756 3405 Artioltiu,
1779 3335 2027 3404 antiquo-

426 3428 543 3465 rum
573 3419 627 3465 et
653 3403 1022 3464 ultso'eturmn
1058 3405 1341 3459 verborum
1372 3407 1586 3474 aucupi.
1610 3403 1812 3459 OBELL.

508 3480 623 3544 (pse
653 3481 877 3548 faciant,
903 3489 950 3532 et
992 3494 1107 3530 cum
1148 3477 1256 3528 suis
1300 3476 1480 3548 ritibus
1526 3476 1751 3541 faciant,
1780 3474 2031 3548 quidquid

428 3547 938 3621 maleﬁcigraminis,
962 3561 1055 3602 etc.
1082 3548 1346 3621 Meursius
1365 3547 1507 3621 delet
1529 3547 1795 3621 posterius
1813 3547 2028 3621 faciunt.

428 3623 494 3679 N.
524 3616 795 3680 lli-iusius.
825 3621 1132 3677 Adversar,
1163 3618 1254 3672 lib.
1287 3633 1342 3682 tt,
1368 3632 1417 3672 c.
1442 3616 1499 3678 9,
1523 3633 1642 3684 pag.
1667 3616 1792 3683 272,
1816 3619 2026 3686 legend.

429 3704 616 3749 censrt
636 3712 647 3746 :
670 3702 717 3746 et
738 3707 851 3745 cum
870 3693 974 3745 suis
1003 3690 1182 3744 ritibus
1201 3699 1407 3750 uertant,
1429 3686 1696 3757 quidquid.
1719 3700 1849 3752 etc.,
1873 3699 2031 3743 acute

429 3766 679 3836 quidem;
723 3763 815 3818 sed
858 3762 934 3836 nil
988 3761 1321 3836 mutandum.
1370 3757 1565 3836 Verba_
1596 3760 1738 3813 enim
1783 3760 2033 3836 quidquid

431 3830 655 3901 maleﬁci
702 3834 948 3905 graminis
969 3877 982 3894 .
1011 3842 1115 3887 etc.
1141 3873 1155 3895 ,
1189 3832 1458 3905 pertinent
1501 3830 1565 3883 ad
1591 3845 1848 3905 sequens
1888 3831 2031 3905 adii:-

429 3901 1014 3973 ciant.....'colligaut.
1055 3913 1110 3958 et
1153 3902 1372 3973 quidem
1436 3911 1494 3955 ut
1533 3901 1662 3954 mihi
1705 3903 1933 3961 videtur.
1962 3901 2030 3957 ad

433 3981 720 4047 pomarius.
752 3976 882 4030 Nam
913 3979 1186 4050 fremerent
1215 3975 1485 4027 verborum
1523 3974 1764 4044 colligere
1800 3973 1904 4028 dici
1941 3974 2031 4028 vix

433 4062 636 4120 posset.
670 4051 869 4103 (tunc.

509 4120 727 4175 Frcmor
760 4122 847 4174 ille
872 4118 1158 4172 verborum.
1190 4115 1486 4171 Fremorem
1506 4117 1771 4170 verborum
1794 4116 2034 4185 appellat

433 4194 651 4264 proprie
678 4192 970 4264 Arnivbith,
994 4188 1135 4264 quod
1167 4205 1395 4264 murmur
1415 4204 1463 4240 m
1480 4190 2034 4264 :gic‘u_n_i_et_susurrum

430 4257 688 4333 magicum
718 4262 829 4315 alii.
863 4257 1154 4317 Stridorem
1178 4261 1433 4331 magicum
1461 4257 1593 4313 dicit
1613 4258 1878 4326 Tibullus,
1908 4273 1945 4325 ι,
1974 4260 2031 4326 ‘2,

432 4347 516 4389 vs.
551 4334 621 4388 47
650 4350 663 4387 :
1201 4333 1209 4339 ’

602 4444 651 4495 ..Ι
654 4458 731 4494 am
751 4445 852 4495 ciet
874 4441 1090 4494 infernas
1120 4442 1312 4504 magico
1336 4440 1549 4492 stridore
1566 4447 1810 4492 catervas.

437 4548 660 4619 Nempe,
688 4549 812 4619 quia
844 4548 1045 4615 magica
1076 4546 1163 4600 illa
1193 4546 1432 4619 carmina
1464 4544 1761 4619 breviuset
1788 4544 2029 4619 concita-

437 4622 545 4692 tius
578 4615 1041 4692 proferebantur,
1064 4616 1396 4692 summi~que
1415 4626 1664 4692 _tatttutn_
1684 4615 1869 4668 labris.
1902 4615 2033 4692 Inde

436 4704 490 4768 et
520 4685 692 4747 Gr'a-ci
721 4691 991 4768 ψιθύρους,
1013 4689 1359 4765 ψιθυρισμοὺς
1396 4688 1602 4768 dicunt.
1626 4685 2026 4768 Hirpino-Cf.

433 4763 637 4820 Savaro
664 4757 967 4825 :ul'Siuim.,
996 4757 1157 4816 carui.
1197 4757 1251 4825 η’,
1288 4774 1365 4811 vs.
1395 4757 1488 4822 86,
1519 4773 1634 4826 pag.
1673 4758 1759 4812 li.
1788 4758 1989 4812 Οιιειι.

512 4834 633 4888 Non
663 4835 1013 4888 interdicimus
1037 4876 1050 4894 ,
1079 4832 1343 4900 colligant.
1376 4830 1546 4885 Nnnis
1578 4844 1673 4898 pro
1701 4831 1926 4896 imperio
1953 4831 2033 4882 in-

437 4907 731 4960 terdicimus
794 4905 971 4959 Malim
1018 4905 1178 4971 igitur
1214 4903 1595 4962 iutercedimus,
1626 4903 1675 4952 id
1714 4910 1818 4965 est,
1847 4900 2033 4970 pruhi-

435 4976 649 5036 bemus.
670 4992 776 5045 qno
799 4980 963 5032 verbo
994 4985 1157 5028 utitur
1178 4972 1445 5027 Arnobius
1469 4981 1524 5026 et
1552 4972 1676 5045 alibi
1706 4988 1811 5024 non
1841 4973 2027 5045 semel.

438 5044 782 5103 Trans'atum
821 5063 850 5102 a
891 5046 1253 5101 Tribuuorutn
1285 5054 1341 5098 et
1369 5045 1595 5098 aliorum
1628 5044 2030 5096 intercessioni-

438 5117 560 5185 bus,
596 5132 825 5188 quorum
872 5116 1318 5174 intercedendum
1347 5128 1450 5169 vox
1475 5121 1592 5169 erat
1630 5111 1754 5167 Veto
1783 5121 1874 5168 aut
1904 5110 2035 5168 Pro-

438 5187 625 5242 Itibeo.’
646 5187 891 5244 HERALD.

515 5259 915 5331 Recognosce”.
936 5258 1203 5331 Henrsius
1216 5257 1337 5328 conj
1348 5298 1365 5331 .
1384 5273 1411 5311 e
1426 5273 1480 5311 re
1494 5254 2032 5331 cognoscereQnELL.

513 5325 748 5384 Llllf—
800 5330 867 5385 Ut
912 5329 1094 5384 reniini
1164 5325 1367 5383 Remini
1408 5325 1641 5384 restituit
1674 5325 1777 5381 Th.
1835 5326 2037 5382 Canter

436 5399 563 5457 Var.
597 5401 768 5465 Lect.,
805 5402 898 5455 lib.
923 5418 980 5467 ιι,
1011 5402 1169 5465 c.17,
1196 5411 1349 5455 antea
1374 5401 1577 5453 memini
1593 5398 1799 5453 VillUSe.
1827 5398 2030 5454 OaELL.

507 5472 774 5535 Siquidem
815 5489 895 5525 res
943 5474 1115 5526 anima
1159 5473 1380 5537 pretiosa
1417 5482 1524 5536 cst,
1555 5486 1647 5525 uec
1687 5470 1800 5540 ipso
1848 5486 1901 5524 se
1943 5472 2036 5523 ho-

432 5544 579 5606 mini,
599 5557 701 5599 etc.
745 5544 1035 5609 Meursius,
1070 5545 1230 5612 p.3i.
1281 5543 1561 5613 legendum
1602 5543 1907 5613 suspicatur
1946 5557 2037 5596 nec

428 5615 545 5687 ipsa
562 5616 752 5670 scilicet
779 5616 991 5687 homini.
1014 5623 1125 5687 etc.
1153 5620 1353 5687 (lusu.

497 5686 651 5744 Nihil
694 5688 896 5758 fraudis
939 5684 1140 5743 delituit
1179 5685 1235 5739 in
1278 5685 1505 5743 Christo.
1556 5685 1630 5743 Ita
1674 5683 1926 5754 Horati,
1967 5699 2037 5743 ex

2126 2976 2350 3033 Christo.
2375 2976 2577 3033 0am"

2200 3048 2363 3120 Atque
2397 3051 2449 3103 in
2490 3049 2752 3103 lasciviam
2796 3046 3147 3120 dissolvamiui
3173 3046 3562 3101 cachinnorum.
3595 3045 3735 3102 Pru-

2129 3117 2344 3196 dentius
2367 3125 2489 3196 «cpi
2518 3123 2819 3196 στεφάνων-Ξ
2854 3117 2960 3196 Cur
2990 3129 3043 3196 tu
3073 3128 3272 3196 sacrate
3318 3135 3409 3196 pler
3452 3120 3735 3196 cachinnos

2128 3191 2358 3244 solveris.
2407 3186 2691 3247 l‘etruui'us
2720 3209 2735 3246 :
2764 3189 2948 3245 Stabat
2992 3190 3127 3244 inter
3170 3190 3277 3243 haec
3327 3186 3480 3243 Giton
3501 3230 3514 3251 ,
3549 3200 3595 3244 et
3625 3191 3736 3244 risu

2131 3261 2438 3316 dissolvebat
2476 3263 2568 3317 ilia
2607 3280 2720 3318 sua.
2755 3262 2997 3317 Euam.
3025 3261 3129 3315 Pro
3154 3270 3305 3324 atque
3330 3260 3594 3317 Meursius
3619 3276 3736 3315 ma-

2131 3333 2241 3385 vult
2270 3349 2412 3402 leque
2440 3333 2598 3387 male.
2633 3333 2838 3389 OBELL.

2208 3402 2346 3458 Deus
2390 3404 2564 3458 radice
2605 3406 2668 3458 ab
2711 3403 2994 3461 intima..ld
3024 3411 3109 3458 est
3144 3403 3292 3458 omni
3331 3413 3513 3470 parte,
3546 3403 3733 3458 intima

2133 3489 2228 3528 sua
2264 3478 2313 3527 vi
2362 3490 2425 3529 ac.
2471 3486 2656 3529 natura
2693 3475 2852 3535 Deus.
2889 3490 3050 3544 purus
3091 3486 3249 3543 putus
3278 3473 3439 3540 Deus,
3468 3491 3600 3543 ganz
3629 3476 3738 3528 und

2134 3547 2393 3600 durchaus
2421 3546 2563 3611 Gott,
2591 3546 2713 3600 (-‘ott
2751 3547 2883 3601 nach
2927 3547 3092 3599 seiucr
3130 3546 3389 3599 innersten
3436 3545 3630 3601 Natur.
3675 3546 3735 3601 In

2134 3631 2254 3685 seq.
2293 3633 2387 3684 pro
2414 3619 2476 3672 ab
2505 3619 2777 3688 incognitis
2816 3619 2984 3688 regnis
3026 3615 3296 3673 Stcwcclt.
3328 3618 3531 3672 mavult
3557 3619 3737 3672 incon-

2135 3688 2256 3742 ditis
2286 3690 2337 3742 id
2369 3699 2453 3744 est
2477 3690 2713 3743 ειιιρηιίς.
2741 3687 2942 3743 Οιιειι..

2213 3758 2277 3812 Et
2317 3762 2514 3814 merito.
2563 3759 2763 3815 Exutus
2808 3772 2861 3814 at
2901 3776 3137 3825 corpore,
3165 3768 3272 3815 etc.
3304 3757 3381 3813 Ila
3425 3759 3737 3817 felicissime

2136 3831 2446 3886 emendavit
2475 3842 2528 3885 et
2558 3832 2801 3885 distinxit
2832 3832 3003 3886 locum
3027 3831 3202 3885 editor
3224 3831 3393 3900 Lugd.
3416 3831 3537 3886 Bal.
3561 3834 3732 3888 Antea

2137 3912 2254 3955 erat
2280 3913 2326 3955 et
2356 3903 2532 3956 merito
2561 3913 2744 3957 exutus
2767 3919 2798 3955 a
2827 3918 3062 3967 corpore,
3090 3902 3230 3966 quod
3265 3913 3410 3957 recte
3433 3901 3738 3959 offendebat

2139 3971 2529 4037 Stewerbium,
2548 3976 2697 4042 quasi
2715 3977 2907 4027 merito
2923 3987 3018 4035 pro
3034 3982 3052 4026 t
3080 3973 3279 4027 hristns
3297 3986 3490 4029 exutus
3506 3990 3735 4042 oorpore

2140 4043 2243 4099 huc
2284 4056 2365 4097 est
2395 4056 2637 4116 mortuus
2686 4045 2773 4098 sit.
2806 4043 2990 4116 Itaque
3015 4044 3335 4116 conjiciebat
3366 4045 3654 4116 legendum
3678 4057 3736 4099 at

2140 4116 2349 4169 emerito
2381 4116 2399 4186 (
2419 4115 2520 4170 hoc
2544 4126 2646 4170 ρει.
2678 4116 2783 4170 vita
2825 4113 3035 4185 functo)
3063 4125 3243 4169 exutus
3281 4132 3313 4169 a
3353 4113 3586 4181 corpore.
3629 4116 3734 4171 Sed

2141 4186 2287 4240 nmlu
2316 4188 2508 4241 melior
2554 4187 2763 4241 videtur
2808 4186 3056 4241 Salmasii
3102 4186 3427 4241 emendatio.
3464 4186 3736 4241 Etuterito

2142 4257 2261 4329 scil.
2279 4274 2399 4312 cum
2426 4257 2852 4329 prtcccdeutibns
2866 4256 3197 4329 jungendum
3213 4256 3315 4311 hoc
3333 4274 3492 4329 sensu
3516 4276 3527 4313 :
3550 4257 3736 4312 Merito

2061 4318 2116 4379 Ι)
2142 4326 2288 4382 illum
2318 4318 2712 4383 nou-noverunt.
2748 4318 2933 4382 Μίνᾶνὶ
2962 4318 3062 4382 non
3092 4328 3225 4390 licet,
3257 4329 3301 4382 si
3331 4328 3477 4384 illum
3507 4346 3608 4382 non
3640 4345 3735 4383 uo-

2133 4410 2332 4454 verunt.
2369 4398 2463 4454 Est
2492 4401 2555 4454 ist
2582 4400 2875 4466 naturlich,
2902 4400 3021 4455 dass
3057 4401 3131 4455 sic
3166 4400 3282 4527 ilus
3303 4401 3438 4454 uicht
3482 4398 3731 4456 Itannten.

3286 4487 3439 4527 usus.

3286 4487 3439 4528 RELL.

2208 4540 2490 4627 Eostquatu
2514 4542 2674 4627 uideri
2697 4559 2751 4597 se
2772 4558 2952 4627 passus
2978 4552 3070 4606 est,
3096 4543 3244 4614 cujus
3269 4552 3510 4627 essetaut
3536 4544 3738 4627 magni-

2137 4615 2329 4667 tudinis
2357 4614 2497 4667 sciri.
2532 4614 2702 4669 Lucus
2732 4615 3056 4679 mendosus,
3088 4630 3249 4682 quem
3282 4614 3484 4684 duplici
3512 4614 3736 4684 conjec-

2139 4694 2255 4739 tura
2284 4686 2567 4740 restituere
2597 4696 2823 4740 conatur
2847 4683 2980 4740 Adr.
3012 4684 3267 4739 Behutius
3293 4686 3343 4738 in
3364 4683 3732 4754 Apophoreta

2137 4756 2232 4812 lib.
2266 4771 2342 4822 ut,
2375 4771 2424 4811 c.
2458 4754 2510 4819 8,
2544 4757 2793 4811 nimirum
2824 4776 2837 4811 :
2873 4765 3139 4826 paslquam
3170 4756 3330 4810 videri
3356 4773 3409 4810 se
3434 4774 3616 4821 passus
3637 4767 3733 4821 est,

2136 4829 2250 4910 quis
2272 4838 2419 4910 esset,
2447 4838 2532 4880 aut
2561 4828 2709 4895 cuius
2732 4827 3118 4910 magnitudinis.
3140 4830 3305 4910 verbo
3325 4829 3445 4881 sciri
3461 4838 3733 4910 tamquam

2138 4897 2320 4970 inepto
2350 4901 2673 4970 glossemate
2698 4906 2993 4966 ettpuuctu,
3022 4908 3115 4951 aut
3138 4897 3210 4953 ita
3241 4914 3254 4951 :
3286 4911 3557 4968 postquam
3577 4897 3737 4953 uideri

2136 4986 2192 5023 se
2219 4966 2403 5037 passus
2436 4978 2528 5033 est,
2554 4966 2666 5037 quis
2689 4979 2850 5035 esset,
2875 4978 2963 5022 aut
2988 4971 3137 5040 cujus
3180 4966 3550 5040 magnitudinis
3590 4970 3735 5036 sciri,

2140 5055 2237 5111 pro
2265 5052 2352 5095 aut
2377 5041 2517 5106 sciri,
2545 5042 2693 5112 cujus
2720 5052 2845 5095 esset
2876 5039 3262 5112 magnitudinis.
3294 5039 3560 5111 Equidem
3594 5044 3736 5112 prio-

2138 5127 2252 5167 rem
2285 5114 2533 5182 prznferu.
2557 5113 2764 5168 Οκειιι..

2211 5183 2347 5238 LIV.
2402 5211 2475 5225 -—
2519 5183 2754 5259 Quinam
2808 5184 2893 5238 isti
2924 5192 3068 5259 sunt
3102 5224 3118 5245 ,
3177 5184 3399 5259 fortasse
3425 5184 3682 5259 _qutcritis
3710 5185 3737 5239 Ρ

2141 5252 2343 5317 Gentes,
2377 5263 2482 5309 etc.
2514 5255 2744 5310 Secutus
2777 5270 2896 5309 sum
2924 5255 2977 5310 in
3008 5254 3091 5310 bis
3112 5252 3735 5323 et‘séquentiliusinter-

2140 5328 2487 5397 punctionem
2522 5325 2737 5398 Meursii
2768 5338 2820 5381 et
2860 5327 2912 5398 in
2953 5326 3304 5397 sequentibus
3344 5327 3467 5398 lego
3502 5343 3733 5382 commo-

2140 5396 2286 5452 daret
2318 5412 2415 5466 pro
2439 5397 2840 5451 commodarent.
2867 5396 3070 5452 ORELL.

2215 5466 2510 5539 Numquam
2544 5468 2694 5524 rebus
2735 5470 2989 5534 eiusmodi
3024 5467 3341 5524 credulitatis
3366 5485 3476 5524 sua:
3503 5485 3733 5525 commo-

2138 5545 2283 5594 daret
2329 5555 2613 5593 assensum.
2662 5538 2775 5595 Afri
2836 5542 3406 5609 utuntursmpissune
3458 5542 3736 5609 pra-terim

2139 5609 2456 5680 imperfecto
2520 5626 2616 5680 pro
2683 5608 3247 5681 plusquamperfecto,
3319 5623 3376 5665 ut
3441 5608 3737 5681 loquuntur

2136 5682 2498 5755 grammatici.
2529 5681 2688 5740 Extat
2718 5682 2835 5740 ιιωο
2873 5682 3113 5756 ἐναλλαγή
3153 5682 3299 5755 apud
3339 5684 3640 5741 Arnobiutn
3677 5694 3734 5741 et
