  <div class='ocr_page' id='page_1' title='image "/cluster/home/n/w/nwhite01/storage/ocr_20150623/5/hvd.32044073505083/407.png"; bbox 0 0 3986 6058; ppageno 0'>
   <div class='ocr_carea' id='block_1_1' title="bbox 456 238 564 311">
    <p class='ocr_par' dir='ltr' id='par_1_1' title="bbox 456 238 564 311">
     <span class='ocr_line' id='line_1_1' title="bbox 456 238 564 311; baseline -0.019 -10"><span class='ocrx_word' id='word_1_1' title='bbox 456 238 564 311; x_wconf 68' lang='lat'><strong>803</strong></span> 
     </span>
    </p>
   </div>
   <div class='ocr_carea' id='block_1_2' title="bbox 1607 235 2604 299">
    <p class='ocr_par' dir='ltr' id='par_1_2' title="bbox 1607 235 2604 299">
     <span class='ocr_line' id='line_1_2' title="bbox 1607 235 2604 299; baseline 0.001 -4"><span class='ocrx_word' id='word_1_2' title='bbox 1607 238 1888 299; x_wconf 81' lang='lat' dir='ltr'><strong>ARNOBII</strong></span> <span class='ocrx_word' id='word_1_3' title='bbox 1929 235 2294 299; x_wconf 77' lang='lat' dir='ltr'><strong>ADVERSUS</strong></span> <span class='ocrx_word' id='word_1_4' title='bbox 2334 236 2604 296; x_wconf 85' lang='lat' dir='ltr'><strong>GENTES</strong></span> 
     </span>
    </p>
   </div>
   <div class='ocr_carea' id='block_1_3' title="bbox 3648 231 3763 291">
    <p class='ocr_par' dir='ltr' id='par_1_3' title="bbox 3648 231 3763 291">
     <span class='ocr_line' id='line_1_3' title="bbox 3648 231 3763 291; baseline -0.017 -1"><span class='ocrx_word' id='word_1_5' title='bbox 3648 231 3763 291; x_wconf 70' lang='grc'><strong>804</strong></span> 
     </span>
    </p>
   </div>
   <div class='ocr_carea' id='block_1_4' title="bbox 453 346 3759 427">
    <p class='ocr_par' dir='ltr' id='par_1_4' title="bbox 453 346 3759 427">
     <span class='ocr_line' id='line_1_4' title="bbox 453 346 3759 427; baseline -0.002 -20"><span class='ocrx_word' id='word_1_6' title='bbox 453 357 698 427; x_wconf 84' lang='lat' dir='ltr'><strong>dignatus</strong></span> <span class='ocrx_word' id='word_1_7' title='bbox 724 364 805 410; x_wconf 87' lang='lat' dir='ltr'><strong>est</strong></span> <span class='ocrx_word' id='word_1_8' title='bbox 831 356 1150 425; x_wconf 78' lang='lat' dir='ltr'><strong>cognitionis</strong></span> <span class='ocrx_word' id='word_1_9' title='bbox 1182 362 1344 408; x_wconf 75' lang='lat' dir='ltr'><strong>tanta:</strong></span> <span class='ocrx_word' id='word_1_10' title='bbox 1385 354 1663 423; x_wconf 87' lang='lat' dir='ltr'><strong>impertire</strong></span> <span class='ocrx_word' id='word_1_11' title='bbox 1713 356 2045 420; x_wconf 87' lang='lat' dir='ltr'><strong>munerilms,</strong></span> <span class='ocrx_word' id='word_1_12' title='bbox 2077 358 2125 418; x_wconf 73' lang='grc' dir='ltr'><strong>Α</strong></span> <span class='ocrx_word' id='word_1_13' title='bbox 2154 354 2411 424; x_wconf 64' lang='grc' dir='ltr'><strong>εἰιιιίςιμθ</strong></span> <span class='ocrx_word' id='word_1_14' title='bbox 2443 353 2762 421; x_wconf 84' lang='lat' dir='ltr'><strong>latronibus,</strong></span> <span class='ocrx_word' id='word_1_15' title='bbox 2799 365 2901 409; x_wconf 86' lang='lat' dir='ltr'><strong>nec</strong></span> <span class='ocrx_word' id='word_1_16' title='bbox 2928 348 3327 422; x_wconf 80' lang='lat' dir='ltr'><strong>reputandumb</strong></span> <span class='ocrx_word' id='word_1_17' title='bbox 3359 349 3593 420; x_wconf 85' lang='lat' dir='ltr'><strong>putavit,</strong></span> <span class='ocrx_word' id='word_1_18' title='bbox 3622 346 3759 418; x_wconf 85' lang='lat' dir='ltr'><strong>quid</strong></span> 
     </span>
    </p>
   </div>
   <div class='ocr_carea' id='block_1_5' title="bbox 453 445 2040 503">
    <p class='ocr_par' dir='ltr' id='par_1_5' title="bbox 453 445 2040 503">
     <span class='ocr_line' id='line_1_5' title="bbox 453 445 2040 503; baseline -0.001 0"><span class='ocrx_word' id='word_1_19' title='bbox 453 457 508 503; x_wconf 90' lang='lat' dir='ltr'><strong>et</strong></span> <span class='ocrx_word' id='word_1_20' title='bbox 551 449 602 502; x_wconf 90' lang='lat' dir='ltr'><strong>itt</strong></span> <span class='ocrx_word' id='word_1_21' title='bbox 645 447 852 502; x_wconf 89' lang='lat' dir='ltr'><strong>abditos</strong></span> <span class='ocrx_word' id='word_1_22' title='bbox 896 461 1142 502; x_wconf 76' lang='lat' dir='ltr'><strong>recessus</strong></span> <span class='ocrx_word' id='word_1_23' title='bbox 1181 445 1417 500; x_wconf 79' lang='lat' dir='ltr'><strong>thesauri</strong></span> <span class='ocrx_word' id='word_1_24' title='bbox 1450 446 1727 502; x_wconf 89' lang='lat' dir='ltr'><strong>interioris</strong></span> <span class='ocrx_word' id='word_1_25' title='bbox 1759 447 2040 502; x_wconf 90' lang='lat' dir='ltr'><strong>inducere.</strong></span> 
     </span>
    </p>
   </div>
   <div class='ocr_carea' id='block_1_6' title="bbox 455 539 2046 612">
    <p class='ocr_par' dir='ltr' id='par_1_6' title="bbox 455 539 2046 612">
     <span class='ocr_line' id='line_1_6' title="bbox 455 539 2046 612; baseline 0.001 -17"><span class='ocrx_word' id='word_1_26' title='bbox 455 540 618 596; x_wconf 78' lang='lat' dir='ltr'><strong>Vides</strong></span> <span class='ocrx_word' id='word_1_27' title='bbox 648 541 843 597; x_wconf 69' lang='lat' dir='ltr'><strong>enim&quot;.</strong></span> <span class='ocrx_word' id='word_1_28' title='bbox 869 540 912 594; x_wconf 88' lang='lat' dir='ltr'><strong>si</strong></span> <span class='ocrx_word' id='word_1_29' title='bbox 938 539 1101 595; x_wconf 89' lang='lat' dir='ltr'><strong>nollet</strong></span> <span class='ocrx_word' id='word_1_30' title='bbox 1129 539 1314 594; x_wconf 73' lang='lat' dir='ltr'><strong>inferri</strong></span> <span class='ocrx_word' id='word_1_31' title='bbox 1348 540 1446 594; x_wconf 88' lang='lat' dir='ltr'><strong>sibi</strong></span> <span class='ocrx_word' id='word_1_32' title='bbox 1473 554 1503 595; x_wconf 88' lang='lat' dir='ltr'><strong>a</strong></span> <span class='ocrx_word' id='word_1_33' title='bbox 1532 556 1801 612; x_wconf 88' lang='lat' dir='ltr'><strong>quoquam</strong></span> <span class='ocrx_word' id='word_1_34' title='bbox 1836 557 2046 608; x_wconf 72' lang='lat' dir='ltr'><strong>manus,</strong></span> 
     </span>
    </p>
   </div>
   <div class='ocr_carea' id='block_1_7' title="bbox 455 632 2053 697">
    <p class='ocr_par' dir='ltr' id='par_1_7' title="bbox 455 632 2053 697">
     <span class='ocr_line' id='line_1_7' title="bbox 455 632 2053 697; baseline 0 -9"><span class='ocrx_word' id='word_1_35' title='bbox 455 649 662 688; x_wconf 81' lang='lat' dir='ltr'><strong>summa</strong></span> <span class='ocrx_word' id='word_1_36' title='bbox 694 633 767 687; x_wconf 90' lang='lat' dir='ltr'><strong>illi</strong></span> <span class='ocrx_word' id='word_1_37' title='bbox 795 632 957 687; x_wconf 82' lang='lat' dir='ltr'><strong>fuisse</strong></span> <span class='ocrx_word' id='word_1_38' title='bbox 985 632 1330 688; x_wconf 77' lang='lat' dir='ltr'><strong>C0ttlettti0tte</strong></span> <span class='ocrx_word' id='word_1_39' title='bbox 1363 632 1659 697; x_wconf 88' lang='lat' dir='ltr'><strong>nitendum,</strong></span> <span class='ocrx_word' id='word_1_40' title='bbox 1685 644 1741 689; x_wconf 90' lang='lat' dir='ltr'><strong>ut</strong></span> <span class='ocrx_word' id='word_1_41' title='bbox 1773 633 1956 689; x_wconf 82' lang='lat' dir='ltr'><strong>hostes</strong></span> <span class='ocrx_word' id='word_1_42' title='bbox 1983 634 2053 688; x_wconf 89' lang='lat' dir='ltr'><strong>ab.</strong></span> 
     </span>
    </p>
   </div>
   <div class='ocr_carea' id='block_1_8' title="bbox 454 724 2050 797">
    <p class='ocr_par' dir='ltr' id='par_1_8' title="bbox 454 724 2050 797">
     <span class='ocr_line' id='line_1_8' title="bbox 454 724 2050 797; baseline 0 -16"><span class='ocrx_word' id='word_1_43' title='bbox 454 741 514 783; x_wconf 90' lang='lat' dir='ltr'><strong>se</strong></span> <span class='ocrx_word' id='word_1_44' title='bbox 544 741 670 781; x_wconf 78' lang='lat' dir='ltr'><strong>SUOS</strong></span> <span class='ocrx_word' id='word_1_45' title='bbox 690 769 704 794; x_wconf 95' lang='lat'><strong>,</strong></span> <span class='ocrx_word' id='word_1_46' title='bbox 734 727 817 781; x_wconf 93' lang='lat' dir='ltr'><strong>vel</strong></span> <span class='ocrx_word' id='word_1_47' title='bbox 848 736 1112 797; x_wconf 84' lang='lat' dir='ltr'><strong>potestate</strong></span> <span class='ocrx_word' id='word_1_48' title='bbox 1138 724 1347 781; x_wconf 77' lang='lat' dir='ltr'><strong>inversa</strong></span> <span class='ocrx_word' id='word_1_49' title='bbox 1378 726 1728 797; x_wconf 80' lang='lat' dir='ltr'><strong>prohiberet?</strong></span> <span class='ocrx_word' id='word_1_50' title='bbox 1755 726 1854 794; x_wconf 86' lang='lat' dir='ltr'><strong>Qui</strong></span> <span class='ocrx_word' id='word_1_51' title='bbox 1891 728 2050 781; x_wconf 64' lang='lat' dir='ltr'><strong>caecis</strong></span> 
     </span>
    </p>
   </div>
   <div class='ocr_carea' id='block_1_9' title="bbox 454 818 2051 891">
    <p class='ocr_par' dir='ltr' id='par_1_9' title="bbox 454 818 2051 891">
     <span class='ocr_line' id='line_1_9' title="bbox 454 818 2051 891; baseline 0 -17"><span class='ocrx_word' id='word_1_52' title='bbox 454 818 755 874; x_wconf 82' lang='lat' dir='ltr'><strong>restituerat</strong></span> <span class='ocrx_word' id='word_1_53' title='bbox 785 819 1007 881; x_wconf 84' lang='lat' dir='ltr'><strong>lumina,</strong></span> <span class='ocrx_word' id='word_1_54' title='bbox 1044 820 1087 873; x_wconf 87' lang='lat' dir='ltr'><strong>is</strong></span> <span class='ocrx_word' id='word_1_55' title='bbox 1113 819 1330 874; x_wconf 81' lang='lat' dir='ltr'><strong>efﬁcere</strong></span> <span class='ocrx_word' id='word_1_56' title='bbox 1359 820 1403 874; x_wconf 89' lang='lat' dir='ltr'><strong>si</strong></span> <span class='ocrx_word' id='word_1_57' title='bbox 1432 819 1673 884; x_wconf 81' lang='lat' dir='ltr'><strong>deberet,</strong></span> <span class='ocrx_word' id='word_1_58' title='bbox 1700 835 1804 874; x_wconf 90' lang='lat' dir='ltr'><strong>non</strong></span> <span class='ocrx_word' id='word_1_59' title='bbox 1838 828 2051 891; x_wconf 84' lang='lat' dir='ltr'><strong>poterat</strong></span> 
     </span>
    </p>
   </div>
   <div class='ocr_carea' id='block_1_10' title="bbox 453 909 2061 980">
    <p class='ocr_par' dir='ltr' id='par_1_10' title="bbox 453 909 2061 980">
     <span class='ocr_line' id='line_1_10' title="bbox 453 909 2061 980; baseline 0.001 -16"><span class='ocrx_word' id='word_1_60' title='bbox 453 909 673 964; x_wconf 68' lang='lat' dir='ltr'><strong>ctecos&#39;!</strong></span> <span class='ocrx_word' id='word_1_61' title='bbox 702 909 791 980; x_wconf 92' lang='lat' dir='ltr'><strong>qni</strong></span> <span class='ocrx_word' id='word_1_62' title='bbox 824 909 1092 965; x_wconf 84' lang='lat' dir='ltr'><strong>debilibus</strong></span> <span class='ocrx_word' id='word_1_63' title='bbox 1121 910 1498 980; x_wconf 73' lang='lat' dir='ltr'><strong>integritatem,</strong></span> <span class='ocrx_word' id='word_1_64' title='bbox 1529 910 1574 965; x_wconf 91' lang='lat' dir='ltr'><strong>is</strong></span> <span class='ocrx_word' id='word_1_65' title='bbox 1596 909 1802 966; x_wconf 88' lang='lat' dir='ltr'><strong>debiles</strong></span> <span class='ocrx_word' id='word_1_66' title='bbox 1827 910 2061 966; x_wconf 83' lang='lat' dir='ltr'><strong>reddere</strong></span> 
     </span>
    </p>
   </div>
   <div class='ocr_carea' id='block_1_11' title="bbox 452 1002 2053 1073">
    <p class='ocr_par' dir='ltr' id='par_1_11' title="bbox 452 1002 2053 1073">
     <span class='ocr_line' id='line_1_11' title="bbox 452 1002 2053 1073; baseline 0 -16"><span class='ocrx_word' id='word_1_67' title='bbox 452 1002 752 1057; x_wconf 72' lang='lat' dir='ltr'><strong>difficultati</strong></span> <span class='ocrx_word' id='word_1_68' title='bbox 802 1003 1019 1068; x_wconf 82' lang='lat' dir='ltr'><strong>habuit,</strong></span> <span class='ocrx_word' id='word_1_69' title='bbox 1050 1012 1142 1058; x_wconf 88' lang='lat' dir='ltr'><strong>aut</strong></span> <span class='ocrx_word' id='word_1_70' title='bbox 1171 1003 1384 1058; x_wconf 80' lang='lat' dir='ltr'><strong>labori?</strong></span> <span class='ocrx_word' id='word_1_71' title='bbox 1430 1004 1519 1073; x_wconf 89' lang='lat' dir='ltr'><strong>qui</strong></span> <span class='ocrx_word' id='word_1_72' title='bbox 1551 1003 1773 1059; x_wconf 82' lang='lat' dir='ltr'><strong>claudos</strong></span> <span class='ocrx_word' id='word_1_73' title='bbox 1821 1003 2053 1058; x_wconf 82' lang='lat' dir='ltr'><strong>faciebat</strong></span> 
     </span>
    </p>
   </div>
   <div class='ocr_carea' id='block_1_12' title="bbox 451 1094 2051 1165">
    <p class='ocr_par' dir='ltr' id='par_1_12' title="bbox 451 1094 2051 1165">
     <span class='ocr_line' id='line_1_12' title="bbox 451 1094 2051 1165; baseline 0.001 -16"><span class='ocrx_word' id='word_1_74' title='bbox 451 1094 738 1157; x_wconf 78' lang='lat' dir='ltr'><strong>incedere,</strong></span> <span class='ocrx_word' id='word_1_75' title='bbox 771 1094 818 1149; x_wconf 83' lang='lat' dir='ltr'><strong>is</strong></span> <span class='ocrx_word' id='word_1_76' title='bbox 864 1106 1041 1149; x_wconf 87' lang='lat' dir='ltr'><strong>motus</strong></span> <span class='ocrx_word' id='word_1_77' title='bbox 1090 1096 1310 1165; x_wconf 85' lang='lat' dir='ltr'><strong>alligare</strong></span> <span class='ocrx_word' id='word_1_78' title='bbox 1352 1095 1716 1150; x_wconf 85' lang='lat' dir='ltr'><strong>membrorum</strong></span> <span class='ocrx_word' id='word_1_79' title='bbox 1763 1110 2051 1150; x_wconf 75' lang='lat' dir='ltr'><strong>nervorum</strong></span> 
     </span>
    </p>
   </div>
   <div class='ocr_carea' id='block_1_13' title="bbox 452 1187 2049 1256">
    <p class='ocr_par' dir='ltr' id='par_1_13' title="bbox 452 1187 2049 1256">
     <span class='ocr_line' id='line_1_13' title="bbox 452 1187 2049 1256; baseline -0.002 -13"><span class='ocrx_word' id='word_1_80' title='bbox 452 1187 647 1243; x_wconf 85' lang='lat' dir='ltr'><strong>duritia</strong></span> <span class='ocrx_word' id='word_1_81' title='bbox 680 1187 994 1242; x_wconf 84' lang='lat' dir='ltr'><strong>nesciebat?</strong></span> <span class='ocrx_word' id='word_1_82' title='bbox 1018 1187 1107 1256; x_wconf 93' lang='lat' dir='ltr'><strong>qui</strong></span> <span class='ocrx_word' id='word_1_83' title='bbox 1130 1187 1449 1242; x_wconf 81' lang='lat' dir='ltr'><strong>extrahebat</strong></span> <span class='ocrx_word' id='word_1_84' title='bbox 1474 1202 1505 1242; x_wconf 88' lang='lat' dir='ltr'><strong>a</strong></span> <span class='ocrx_word' id='word_1_85' title='bbox 1530 1187 1750 1241; x_wconf 90' lang='lat' dir='ltr'><strong>tumulis</strong></span> <span class='ocrx_word' id='word_1_86' title='bbox 1781 1196 2049 1253; x_wconf 88' lang='lat' dir='ltr'><strong>mortuos,</strong></span> 
     </span>
    </p>
   </div>
   <div class='ocr_carea' id='block_1_14' title="bbox 456 1277 2053 1334">
    <p class='ocr_par' dir='ltr' id='par_1_14' title="bbox 456 1277 2053 1334">
     <span class='ocr_line' id='line_1_14' title="bbox 456 1277 2053 1334; baseline 0.001 -1"><span class='ocrx_word' id='word_1_87' title='bbox 456 1279 580 1334; x_wconf 85' lang='lat' dir='ltr'><strong>huic</strong></span> <span class='ocrx_word' id='word_1_88' title='bbox 626 1280 852 1333; x_wconf 90' lang='lat' dir='ltr'><strong>arduum</strong></span> <span class='ocrx_word' id='word_1_89' title='bbox 905 1277 1079 1334; x_wconf 83' lang='lat' dir='ltr'><strong>fuerat</strong></span> <span class='ocrx_word' id='word_1_90' title='bbox 1128 1280 1290 1333; x_wconf 87' lang='lat' dir='ltr'><strong>letum</strong></span> <span class='ocrx_word' id='word_1_91' title='bbox 1334 1280 1420 1333; x_wconf 91' lang='lat' dir='ltr'><strong>cui</strong></span> <span class='ocrx_word' id='word_1_92' title='bbox 1451 1279 1611 1333; x_wconf 83' lang='lat' dir='ltr'><strong>vellet</strong></span> <span class='ocrx_word' id='word_1_93' title='bbox 1641 1278 1914 1334; x_wconf 87' lang='lat' dir='ltr'><strong>indicere?</strong></span> <span class='ocrx_word' id='word_1_94' title='bbox 1945 1279 2053 1334; x_wconf 89' lang='lat' dir='ltr'><strong>Sed</strong></span> 
     </span>
    </p>
   </div>
   <div class='ocr_carea' id='block_1_15' title="bbox 453 1370 2050 1445">
    <p class='ocr_par' dir='ltr' id='par_1_15' title="bbox 453 1370 2050 1445">
     <span class='ocr_line' id='line_1_15' title="bbox 453 1370 2050 1445; baseline -0.001 -17"><span class='ocrx_word' id='word_1_95' title='bbox 453 1374 576 1445; x_wconf 83' lang='lat' dir='ltr'><strong>quia</strong></span> <span class='ocrx_word' id='word_1_96' title='bbox 609 1374 721 1427; x_wconf 90' lang='lat' dir='ltr'><strong>fieri</strong></span> <span class='ocrx_word' id='word_1_97' title='bbox 754 1374 890 1427; x_wconf 87' lang='lat' dir='ltr'><strong>ratio</strong></span> <span class='ocrx_word' id='word_1_98' title='bbox 920 1388 1004 1439; x_wconf 77' lang='lat' dir='ltr'><strong>cn,</strong></span> <span class='ocrx_word' id='word_1_99' title='bbox 1031 1386 1153 1443; x_wconf 71' lang='lat' dir='ltr'><strong>quae</strong></span> <span class='ocrx_word' id='word_1_100' title='bbox 1184 1372 1395 1427; x_wconf 81' lang='lat' dir='ltr'><strong>fuerant</strong></span> <span class='ocrx_word' id='word_1_101' title='bbox 1422 1370 1717 1436; x_wconf 87' lang='lat' dir='ltr'><strong>destinata,</strong></span> <span class='ocrx_word' id='word_1_102' title='bbox 1749 1372 2004 1441; x_wconf 85' lang='lat' dir='ltr'><strong>poscebat</strong></span> <span class='ocrx_word' id='word_1_103' title='bbox 2035 1390 2050 1427; x_wconf 88' lang='lat'><strong>:</strong></span> 
     </span>
    </p>
   </div>
   <div class='ocr_carea' id='block_1_16' title="bbox 451 1467 2055 1536">
    <p class='ocr_par' dir='ltr' id='par_1_16' title="bbox 451 1467 2055 1536">
     <span class='ocr_line' id='line_1_16' title="bbox 451 1467 2055 1536; baseline -0.001 -13"><span class='ocrx_word' id='word_1_104' title='bbox 451 1479 506 1524; x_wconf 92' lang='lat' dir='ltr'><strong>et</strong></span> <span class='ocrx_word' id='word_1_105' title='bbox 551 1469 637 1521; x_wconf 91' lang='lat' dir='ltr'><strong>hic</strong></span> <span class='ocrx_word' id='word_1_106' title='bbox 680 1469 732 1521; x_wconf 89' lang='lat' dir='ltr'><strong>in</strong></span> <span class='ocrx_word' id='word_1_107' title='bbox 776 1468 893 1536; x_wconf 90' lang='lat' dir='ltr'><strong>ipso</strong></span> <span class='ocrx_word' id='word_1_108' title='bbox 940 1467 1175 1533; x_wconf 90' lang='lat' dir='ltr'><strong>mundo,</strong></span> <span class='ocrx_word' id='word_1_109' title='bbox 1207 1482 1307 1521; x_wconf 88' lang='lat' dir='ltr'><strong>nec</strong></span> <span class='ocrx_word' id='word_1_110' title='bbox 1352 1467 1513 1522; x_wconf 89' lang='lat' dir='ltr'><strong>modo</strong></span> <span class='ocrx_word' id='word_1_111' title='bbox 1540 1482 1698 1535; x_wconf 83' lang='lat' dir='ltr'><strong>quam</strong></span> <span class='ocrx_word' id='word_1_112' title='bbox 1732 1475 1938 1536; x_wconf 88' lang='lat' dir='ltr'><strong>gestum</strong></span> <span class='ocrx_word' id='word_1_113' title='bbox 1970 1476 2055 1522; x_wconf 84' lang='lat' dir='ltr'><strong>est</strong></span> 
     </span>
    </p>
   </div>
   <div class='ocr_carea' id='block_1_17' title="bbox 451 1558 2048 1628">
    <p class='ocr_par' dir='ltr' id='par_1_17' title="bbox 451 1558 2048 1628">
     <span class='ocr_line' id='line_1_17' title="bbox 451 1558 2048 1628; baseline 0 -15"><span class='ocrx_word' id='word_1_114' title='bbox 451 1560 578 1628; x_wconf 91' lang='lat' dir='ltr'><strong>alio,</strong></span> <span class='ocrx_word' id='word_1_115' title='bbox 611 1558 999 1614; x_wconf 68' lang='lat' dir='ltr'><strong>inaestimabilis</strong></span> <span class='ocrx_word' id='word_1_116' title='bbox 1032 1559 1122 1613; x_wconf 89' lang='lat' dir='ltr'><strong>illa</strong></span> <span class='ocrx_word' id='word_1_117' title='bbox 1151 1568 1309 1628; x_wconf 76' lang='lat' dir='ltr'><strong>atque</strong></span> <span class='ocrx_word' id='word_1_118' title='bbox 1340 1558 1670 1613; x_wconf 83' lang='lat' dir='ltr'><strong>incredibilis</strong></span> <span class='ocrx_word' id='word_1_119' title='bbox 1721 1559 1915 1614; x_wconf 84' lang='lat' dir='ltr'><strong>lenitas</strong></span> <span class='ocrx_word' id='word_1_120' title='bbox 1962 1558 2048 1613; x_wconf 77' lang='lat' dir='ltr'><strong>iu-</strong></span> 
     </span>
    </p>
   </div>
   <div class='ocr_carea' id='block_1_18' title="bbox 446 1649 2048 1724">
    <p class='ocr_par' dir='ltr' id='par_1_18' title="bbox 446 1649 2048 1724">
     <span class='ocr_line' id='line_1_18' title="bbox 446 1649 2048 1724; baseline -0.001 -15"><span class='ocrx_word' id='word_1_121' title='bbox 446 1653 617 1724; x_wconf 87' lang='lat' dir='ltr'><strong>jurias</strong></span> <span class='ocrx_word' id='word_1_122' title='bbox 643 1655 694 1706; x_wconf 87' lang='lat' dir='ltr'><strong>in</strong></span> <span class='ocrx_word' id='word_1_123' title='bbox 727 1667 786 1708; x_wconf 90' lang='lat' dir='ltr'><strong>se</strong></span> <span class='ocrx_word' id='word_1_124' title='bbox 813 1650 1114 1714; x_wconf 86' lang='lat' dir='ltr'><strong>hominum,</strong></span> <span class='ocrx_word' id='word_1_125' title='bbox 1140 1651 1434 1721; x_wconf 84' lang='lat' dir='ltr'><strong>puerilibus</strong></span> <span class='ocrx_word' id='word_1_126' title='bbox 1462 1665 1561 1720; x_wconf 90' lang='lat' dir='ltr'><strong>pro</strong></span> <span class='ocrx_word' id='word_1_127' title='bbox 1583 1649 1797 1721; x_wconf 87' lang='lat' dir='ltr'><strong>ineptiis</strong></span> <span class='ocrx_word' id='word_1_128' title='bbox 1819 1650 2048 1717; x_wconf 84' lang='lat' dir='ltr'><strong>ducens,</strong></span> 
     </span>
    </p>
   </div>
   <div class='ocr_carea' id='block_1_19' title="bbox 455 1744 2051 1816">
    <p class='ocr_par' dir='ltr' id='par_1_19' title="bbox 455 1744 2051 1816">
     <span class='ocr_line' id='line_1_19' title="bbox 455 1744 2051 1816; baseline 0.001 -16"><span class='ocrx_word' id='word_1_129' title='bbox 455 1761 647 1801; x_wconf 90' lang='lat' dir='ltr'><strong>manus</strong></span> <span class='ocrx_word' id='word_1_130' title='bbox 678 1746 730 1801; x_wconf 92' lang='lat' dir='ltr'><strong>in</strong></span> <span class='ocrx_word' id='word_1_131' title='bbox 758 1762 818 1800; x_wconf 89' lang='lat' dir='ltr'><strong>se</strong></span> <span class='ocrx_word' id='word_1_132' title='bbox 873 1745 1071 1816; x_wconf 84' lang='lat' dir='ltr'><strong>porrigi</strong></span> <span class='ocrx_word' id='word_1_133' title='bbox 1101 1745 1171 1800; x_wconf 89' lang='lat' dir='ltr'><strong>ab</strong></span> <span class='ocrx_word' id='word_1_134' title='bbox 1201 1744 1525 1801; x_wconf 85' lang='lat' dir='ltr'><strong>immanibus</strong></span> <span class='ocrx_word' id='word_1_135' title='bbox 1553 1758 1707 1815; x_wconf 82' lang='lat' dir='ltr'><strong>passa</strong></span> <span class='ocrx_word' id='word_1_136' title='bbox 1736 1754 1841 1813; x_wconf 83' lang='lat' dir='ltr'><strong>est,</strong></span> <span class='ocrx_word' id='word_1_137' title='bbox 1871 1744 2051 1801; x_wconf 86' lang='lat' dir='ltr'><strong>duris-</strong></span> 
     </span>
    </p>
   </div>
   <div class='ocr_carea' id='block_1_20' title="bbox 2154 440 3763 517">
    <p class='ocr_par' dir='ltr' id='par_1_20' title="bbox 2154 440 3763 517">
     <span class='ocr_line' id='line_1_20' title="bbox 2154 440 3763 517; baseline -0.004 -17"><span class='ocrx_word' id='word_1_138' title='bbox 2154 446 2370 501; x_wconf 90' lang='lat' dir='ltr'><strong>illornm</strong></span> <span class='ocrx_word' id='word_1_139' title='bbox 2399 445 2753 517; x_wconf 76' lang='lat' dir='ltr'><strong>dissignasset</strong></span> <span class='ocrx_word' id='word_1_140' title='bbox 2777 445 3021 509; x_wconf 82' lang='lat' dir='ltr'><strong>audacia,</strong></span> <span class='ocrx_word' id='word_1_141' title='bbox 3050 442 3343 499; x_wconf 87' lang='lat' dir='ltr'><strong>dummodo</strong></span> <span class='ocrx_word' id='word_1_142' title='bbox 3368 443 3480 496; x_wconf 91' lang='lat' dir='ltr'><strong>suis</strong></span> <span class='ocrx_word' id='word_1_143' title='bbox 3504 440 3763 495; x_wconf 85' lang='lat' dir='ltr'><strong>ostende-</strong></span> 
     </span>
    </p>
   </div>
   <div class='ocr_carea' id='block_1_21' title="bbox 2153 531 3762 609">
    <p class='ocr_par' dir='ltr' id='par_1_21' title="bbox 2153 531 3762 609">
     <span class='ocr_line' id='line_1_21' title="bbox 2153 531 3762 609; baseline -0.004 -15"><span class='ocrx_word' id='word_1_144' title='bbox 2153 550 2252 605; x_wconf 88' lang='lat' dir='ltr'><strong>ret,</strong></span> <span class='ocrx_word' id='word_1_145' title='bbox 2285 539 2411 609; x_wconf 88' lang='lat' dir='ltr'><strong>quid</strong></span> <span class='ocrx_word' id='word_1_146' title='bbox 2438 540 2506 594; x_wconf 92' lang='lat' dir='ltr'><strong>ab</strong></span> <span class='ocrx_word' id='word_1_147' title='bbox 2536 556 2657 596; x_wconf 86' lang='lat' dir='ltr'><strong>sese</strong></span> <span class='ocrx_word' id='word_1_148' title='bbox 2698 549 2988 607; x_wconf 78' lang='lat' dir='ltr'><strong>expectare</strong></span> <span class='ocrx_word' id='word_1_149' title='bbox 3019 537 3302 594; x_wconf 81' lang='lat' dir='ltr'><strong>deberent.</strong></span> <span class='ocrx_word' id='word_1_150' title='bbox 3333 535 3469 590; x_wconf 83' lang='lat' dir='ltr'><strong>Cum</strong></span> <span class='ocrx_word' id='word_1_151' title='bbox 3511 534 3656 589; x_wconf 86' lang='lat' dir='ltr'><strong>enim</strong></span> <span class='ocrx_word' id='word_1_152' title='bbox 3688 531 3762 587; x_wconf 86' lang='lat' dir='ltr'><strong>de</strong></span> 
     </span>
    </p>
   </div>
   <div class='ocr_carea' id='block_1_22' title="bbox 2154 628 3760 703">
    <p class='ocr_par' dir='ltr' id='par_1_22' title="bbox 2154 628 3760 703">
     <span class='ocr_line' id='line_1_22' title="bbox 2154 628 3760 703; baseline -0.003 -17"><span class='ocrx_word' id='word_1_153' title='bbox 2154 635 2452 688; x_wconf 89' lang='lat' dir='ltr'><strong>animarum</strong></span> <span class='ocrx_word' id='word_1_154' title='bbox 2504 631 2753 703; x_wconf 77' lang='lat' dir='ltr'><strong>periculis</strong></span> <span class='ocrx_word' id='word_1_155' title='bbox 2795 632 2959 687; x_wconf 88' lang='lat' dir='ltr'><strong>multa</strong></span> <span class='ocrx_word' id='word_1_156' title='bbox 2982 673 2997 697; x_wconf 93' lang='lat'><strong>,</strong></span> <span class='ocrx_word' id='word_1_157' title='bbox 3030 632 3167 686; x_wconf 86' lang='lat' dir='ltr'><strong>mala</strong></span> <span class='ocrx_word' id='word_1_158' title='bbox 3212 630 3283 687; x_wconf 90' lang='lat' dir='ltr'><strong>de</strong></span> <span class='ocrx_word' id='word_1_159' title='bbox 3319 628 3533 684; x_wconf 89' lang='lat' dir='ltr'><strong>illarum</strong></span> <span class='ocrx_word' id='word_1_160' title='bbox 3566 635 3760 682; x_wconf 79' lang='lat' dir='ltr'><strong>contra</strong></span> 
     </span>
    </p>
   </div>
   <div class='ocr_carea' id='block_1_23' title="bbox 2153 724 3759 798">
    <p class='ocr_par' dir='ltr' id='par_1_23' title="bbox 2153 724 3759 798">
     <span class='ocr_line' id='line_1_23' title="bbox 2153 724 3759 798; baseline -0.004 -16"><span class='ocrx_word' id='word_1_161' title='bbox 2153 729 2468 792; x_wconf 81' lang='lat' dir='ltr'><strong>insinuatur,</strong></span> <span class='ocrx_word' id='word_1_162' title='bbox 2493 728 2747 798; x_wconf 77' lang='lat' dir='ltr'><strong>magister</strong></span> <span class='ocrx_word' id='word_1_163' title='bbox 2773 739 2933 798; x_wconf 86' lang='lat' dir='ltr'><strong>atque</strong></span> <span class='ocrx_word' id='word_1_164' title='bbox 2960 735 3164 791; x_wconf 88' lang='lat' dir='ltr'><strong>auctor,</strong></span> <span class='ocrx_word' id='word_1_165' title='bbox 3200 725 3265 780; x_wconf 86' lang='lat' dir='ltr'><strong>ad</strong></span> <span class='ocrx_word' id='word_1_166' title='bbox 3289 724 3593 780; x_wconf 77' lang='lat' dir='ltr'><strong>officiorum</strong></span> <span class='ocrx_word' id='word_1_167' title='bbox 3615 738 3759 777; x_wconf 84' lang='lat' dir='ltr'><strong>con-</strong></span> 
     </span>
    </p>
   </div>
   <div class='ocr_carea' id='block_1_24' title="bbox 2154 814 3758 891">
    <p class='ocr_par' dir='ltr' id='par_1_24' title="bbox 2154 814 3758 891">
     <span class='ocr_line' id='line_1_24' title="bbox 2154 814 3758 891; baseline -0.004 -16"><span class='ocrx_word' id='word_1_168' title='bbox 2154 823 2482 876; x_wconf 87' lang='lat' dir='ltr'><strong>venientium</strong></span> <span class='ocrx_word' id='word_1_169' title='bbox 2530 822 2695 885; x_wconf 84' lang='lat' dir='ltr'><strong>fines,</strong></span> <span class='ocrx_word' id='word_1_170' title='bbox 2727 836 2853 876; x_wconf 88' lang='lat' dir='ltr'><strong>suas</strong></span> <span class='ocrx_word' id='word_1_171' title='bbox 2896 820 3041 891; x_wconf 80' lang='lat' dir='ltr'><strong>leges</strong></span> <span class='ocrx_word' id='word_1_172' title='bbox 3078 829 3132 874; x_wconf 90' lang='lat' dir='ltr'><strong>et</strong></span> <span class='ocrx_word' id='word_1_173' title='bbox 3177 817 3467 873; x_wconf 89' lang='lat' dir='ltr'><strong>constituta</strong></span> <span class='ocrx_word' id='word_1_174' title='bbox 3510 814 3758 870; x_wconf 80' lang='lat' dir='ltr'><strong>direxit:</strong></span> 
     </span>
    </p>
   </div>
   <div class='ocr_carea' id='block_1_25' title="bbox 2156 906 3762 983">
    <p class='ocr_par' dir='ltr' id='par_1_25' title="bbox 2156 906 3762 983">
     <span class='ocr_line' id='line_1_25' title="bbox 2156 906 3762 983; baseline -0.005 -15"><span class='ocrx_word' id='word_1_175' title='bbox 2156 929 2264 968; x_wconf 91' lang='lat' dir='ltr'><strong>non</strong></span> <span class='ocrx_word' id='word_1_176' title='bbox 2320 913 2586 983; x_wconf 66' lang='lat' dir='ltr'><strong>superbia:</strong></span> <span class='ocrx_word' id='word_1_177' title='bbox 2637 913 2833 968; x_wconf 87' lang='lat' dir='ltr'><strong>factum</strong></span> <span class='ocrx_word' id='word_1_178' title='bbox 2895 909 3249 967; x_wconf 86' lang='lat' dir='ltr'><strong>comminuit?</strong></span> <span class='ocrx_word' id='word_1_179' title='bbox 3302 924 3409 964; x_wconf 81' lang='lat' dir='ltr'><strong>non</strong></span> <span class='ocrx_word' id='word_1_180' title='bbox 3469 906 3762 962; x_wconf 86' lang='lat' dir='ltr'><strong>libidinum</strong></span> 
     </span>
    </p>
   </div>
   <div class='ocr_carea' id='block_1_26' title="bbox 2151 1003 3757 1073">
    <p class='ocr_par' dir='ltr' id='par_1_26' title="bbox 2151 1003 3757 1073">
     <span class='ocr_line' id='line_1_26' title="bbox 2151 1003 3757 1073; baseline -0.004 -10"><span class='ocrx_word' id='word_1_181' title='bbox 2151 1008 2379 1063; x_wconf 66' lang='lat' dir='ltr'><strong>extinxit</strong></span> <span class='ocrx_word' id='word_1_182' title='bbox 2406 1008 2687 1062; x_wconf 72' lang='lat' dir='ltr'><strong>flammas?</strong></span> <span class='ocrx_word' id='word_1_183' title='bbox 2720 1022 2825 1063; x_wconf 89' lang='lat' dir='ltr'><strong>non</strong></span> <span class='ocrx_word' id='word_1_184' title='bbox 2857 1005 3059 1063; x_wconf 83' lang='lat' dir='ltr'><strong>hiatum</strong></span> <span class='ocrx_word' id='word_1_185' title='bbox 3084 1006 3409 1073; x_wconf 70' lang='lat' dir='ltr'><strong>compressit</strong></span> <span class='ocrx_word' id='word_1_186' title='bbox 3435 1003 3757 1060; x_wconf 85' lang='lat' dir='ltr'><strong>aviditatis?</strong></span> 
     </span>
    </p>
   </div>
   <div class='ocr_carea' id='block_1_27' title="bbox 2155 1092 3757 1169">
    <p class='ocr_par' dir='ltr' id='par_1_27' title="bbox 2155 1092 3757 1169">
     <span class='ocr_line' id='line_1_27' title="bbox 2155 1092 3757 1169; baseline -0.005 -12"><span class='ocrx_word' id='word_1_187' title='bbox 2155 1116 2261 1157; x_wconf 86' lang='lat' dir='ltr'><strong>non</strong></span> <span class='ocrx_word' id='word_1_188' title='bbox 2294 1102 2395 1156; x_wconf 86' lang='lat' dir='ltr'><strong>tela</strong></span> <span class='ocrx_word' id='word_1_189' title='bbox 2430 1102 2655 1156; x_wconf 75' lang='lat' dir='ltr'><strong>extorsit</strong></span> <span class='ocrx_word' id='word_1_190' title='bbox 2682 1116 2711 1153; x_wconf 87' lang='lat' dir='ltr'><strong>e</strong></span> <span class='ocrx_word' id='word_1_191' title='bbox 2740 1099 3007 1163; x_wconf 88' lang='lat' dir='ltr'><strong>manibus,</strong></span> <span class='ocrx_word' id='word_1_192' title='bbox 3042 1107 3201 1169; x_wconf 87' lang='lat' dir='ltr'><strong>atque</strong></span> <span class='ocrx_word' id='word_1_193' title='bbox 3236 1097 3415 1152; x_wconf 89' lang='lat' dir='ltr'><strong>omnia</strong></span> <span class='ocrx_word' id='word_1_194' title='bbox 3458 1092 3757 1150; x_wconf 76' lang='lat' dir='ltr'><strong>seminaria</strong></span> 
     </span>
    </p>
   </div>
   <div class='ocr_carea' id='block_1_28' title="bbox 2166 1185 3759 1260">
    <p class='ocr_par' dir='ltr' id='par_1_28' title="bbox 2166 1185 3759 1260">
     <span class='ocr_line' id='line_1_28' title="bbox 2166 1185 3759 1260; baseline -0.004 -13"><span class='ocrx_word' id='word_1_195' title='bbox 2166 1193 2329 1247; x_wconf 86' lang='lat' dir='ltr'><strong>totius</strong></span> <span class='ocrx_word' id='word_1_196' title='bbox 2375 1192 2677 1247; x_wconf 84' lang='lat' dir='ltr'><strong>vitiositatis</strong></span> <span class='ocrx_word' id='word_1_197' title='bbox 2715 1191 2979 1247; x_wconf 80' lang='lat' dir='ltr'><strong>abscidit?</strong></span> <span class='ocrx_word' id='word_1_198' title='bbox 3020 1188 3142 1259; x_wconf 85' lang='lat' dir='ltr'><strong>Ipse</strong></span> <span class='ocrx_word' id='word_1_199' title='bbox 3186 1190 3419 1260; x_wconf 88' lang='lat' dir='ltr'><strong>denique</strong></span> <span class='ocrx_word' id='word_1_200' title='bbox 3457 1203 3562 1243; x_wconf 84' lang='lat' dir='ltr'><strong>non</strong></span> <span class='ocrx_word' id='word_1_201' title='bbox 3593 1185 3759 1253; x_wconf 88' lang='lat' dir='ltr'><strong>lenis,</strong></span> 
     </span>
    </p>
   </div>
   <div class='ocr_carea' id='block_1_29' title="bbox 2169 1277 3766 1356">
    <p class='ocr_par' dir='ltr' id='par_1_29' title="bbox 2169 1277 3766 1356">
     <span class='ocr_line' id='line_1_29' title="bbox 2169 1277 3766 1356; baseline -0.005 -14"><span class='ocrx_word' id='word_1_202' title='bbox 2169 1303 2277 1342; x_wconf 90' lang='lat' dir='ltr'><strong>non</strong></span> <span class='ocrx_word' id='word_1_203' title='bbox 2310 1285 2550 1356; x_wconf 79' lang='lat' dir='ltr'><strong>placidus</strong></span> <span class='ocrx_word' id='word_1_204' title='bbox 2576 1329 2590 1352; x_wconf 96' lang='lat'><strong>,</strong></span> <span class='ocrx_word' id='word_1_205' title='bbox 2621 1302 2725 1340; x_wconf 88' lang='lat' dir='ltr'><strong>non</strong></span> <span class='ocrx_word' id='word_1_206' title='bbox 2755 1301 2974 1341; x_wconf 85' lang='lat' dir='ltr'><strong>accessu</strong></span> <span class='ocrx_word' id='word_1_207' title='bbox 3006 1283 3208 1347; x_wconf 82' lang='lat' dir='ltr'><strong>facilis,</strong></span> <span class='ocrx_word' id='word_1_208' title='bbox 3239 1298 3344 1338; x_wconf 91' lang='lat' dir='ltr'><strong>non</strong></span> <span class='ocrx_word' id='word_1_209' title='bbox 3374 1281 3650 1337; x_wconf 85' lang='lat' dir='ltr'><strong>familiaris</strong></span> <span class='ocrx_word' id='word_1_210' title='bbox 3676 1277 3766 1335; x_wconf 87' lang='lat' dir='ltr'><strong>af—</strong></span> 
     </span>
    </p>
   </div>
   <div class='ocr_carea' id='block_1_30' title="bbox 2172 1378 3763 1447">
    <p class='ocr_par' dir='ltr' id='par_1_30' title="bbox 2172 1378 3763 1447">
     <span class='ocr_line' id='line_1_30' title="bbox 2172 1378 3763 1447; baseline -0.006 -10"><span class='ocrx_word' id='word_1_211' title='bbox 2172 1381 2308 1447; x_wconf 86' lang='lat' dir='ltr'><strong>l&#39;atn,</strong></span> <span class='ocrx_word' id='word_1_212' title='bbox 2341 1397 2447 1437; x_wconf 88' lang='lat' dir='ltr'><strong>non</strong></span> <span class='ocrx_word' id='word_1_213' title='bbox 2480 1382 2739 1437; x_wconf 87' lang='lat' dir='ltr'><strong>humanas</strong></span> <span class='ocrx_word' id='word_1_214' title='bbox 2771 1381 3012 1435; x_wconf 77' lang='lat' dir='ltr'><strong>miserias</strong></span> <span class='ocrx_word' id='word_1_215' title='bbox 3040 1378 3398 1444; x_wconf 83' lang='lat' dir='ltr'><strong>indolescens,</strong></span> <span class='ocrx_word' id='word_1_216' title='bbox 3427 1391 3615 1433; x_wconf 84' lang='lat' dir='ltr'><strong>omnes</strong></span> <span class='ocrx_word' id='word_1_217' title='bbox 3638 1388 3763 1428; x_wconf 81' lang='lat' dir='ltr'><strong>om-</strong></span> 
     </span>
    </p>
   </div>
   <div class='ocr_carea' id='block_1_31' title="bbox 2159 1466 3759 1539">
    <p class='ocr_par' dir='ltr' id='par_1_31' title="bbox 2159 1466 3759 1539">
     <span class='ocr_line' id='line_1_31' title="bbox 2159 1466 3759 1539; baseline -0.005 -11"><span class='ocrx_word' id='word_1_218' title='bbox 2159 1475 2289 1529; x_wconf 87' lang='lat' dir='ltr'><strong>nino</strong></span> <span class='ocrx_word' id='word_1_219' title='bbox 2330 1473 2575 1528; x_wconf 84' lang='lat' dir='ltr'><strong>crueibns</strong></span> <span class='ocrx_word' id='word_1_220' title='bbox 2622 1482 2676 1528; x_wconf 85' lang='lat' dir='ltr'><strong>et</strong></span> <span class='ocrx_word' id='word_1_221' title='bbox 2715 1471 3091 1539; x_wconf 83' lang='lat' dir='ltr'><strong>corporalibus</strong></span> <span class='ocrx_word' id='word_1_222' title='bbox 3134 1466 3363 1525; x_wconf 81' lang='lat' dir='ltr'><strong>affectos</strong></span> <span class='ocrx_word' id='word_1_223' title='bbox 3408 1468 3563 1523; x_wconf 85' lang='lat' dir='ltr'><strong>malis</strong></span> <span class='ocrx_word' id='word_1_224' title='bbox 3592 1466 3759 1521; x_wconf 81' lang='lat' dir='ltr'><strong>unica</strong></span> 
     </span>
    </p>
   </div>
   <div class='ocr_carea' id='block_1_32' title="bbox 2156 1558 3766 1639">
    <p class='ocr_par' dir='ltr' id='par_1_32' title="bbox 2156 1558 3766 1639">
     <span class='ocr_line' id='line_1_32' title="bbox 2156 1558 3766 1639; baseline -0.006 -17"><span class='ocrx_word' id='word_1_225' title='bbox 2156 1568 2246 1622; x_wconf 91' lang='lat' dir='ltr'><strong>illa</strong></span> <span class='ocrx_word' id='word_1_226' title='bbox 2289 1567 2619 1639; x_wconf 80' lang='lat' dir='ltr'><strong>benignitate</strong></span> <span class='ocrx_word' id='word_1_227' title='bbox 2663 1565 2979 1632; x_wconf 87' lang='lat' dir='ltr'><strong>miseratus,</strong></span> <span class='ocrx_word' id='word_1_228' title='bbox 3022 1561 3256 1620; x_wconf 87' lang='lat' dir='ltr'><strong>reddidit</strong></span> <span class='ocrx_word' id='word_1_229' title='bbox 3292 1571 3347 1619; x_wconf 87' lang='lat' dir='ltr'><strong>et</strong></span> <span class='ocrx_word' id='word_1_230' title='bbox 3394 1558 3631 1617; x_wconf 88' lang='lat' dir='ltr'><strong>restituit</strong></span> <span class='ocrx_word' id='word_1_231' title='bbox 3668 1573 3766 1614; x_wconf 85' lang='lat' dir='ltr'><strong>sa-</strong></span> 
     </span>
    </p>
   </div>
   <div class='ocr_carea' id='block_1_33' title="bbox 2157 1659 2358 1714">
    <p class='ocr_par' dir='ltr' id='par_1_33' title="bbox 2157 1659 2358 1714">
     <span class='ocr_line' id='line_1_33' title="bbox 2157 1659 2358 1714; baseline 0.005 -1"><span class='ocrx_word' id='word_1_232' title='bbox 2157 1659 2358 1714; x_wconf 78' lang='lat' dir='ltr'><strong>ttitati?</strong></span> 
     </span>
    </p>
   </div>
   <div class='ocr_carea' id='block_1_34' title="bbox 1676 1857 2506 1917">
    <p class='ocr_par' dir='ltr' id='par_1_34' title="bbox 1676 1857 2506 1917">
     <span class='ocr_line' id='line_1_34' title="bbox 1676 1857 2506 1917; baseline 0.006 -5"><span class='ocrx_word' id='word_1_233' title='bbox 1676 1857 1966 1914; x_wconf 83' lang='lat' dir='ltr'><strong>LECTION</strong></span> <span class='ocrx_word' id='word_1_234' title='bbox 1974 1858 2056 1915; x_wconf 82' lang='lat' dir='ltr'><strong>ES</strong></span> <span class='ocrx_word' id='word_1_235' title='bbox 2092 1859 2506 1917; x_wconf 78' lang='lat' dir='ltr'><strong>VARIANTES.</strong></span> 
     </span>
    </p>
   </div>
   <div class='ocr_carea' id='block_1_35' title="bbox 514 1973 1462 2035">
    <p class='ocr_par' dir='ltr' id='par_1_35' title="bbox 514 1973 1462 2035">
     <span class='ocr_line' id='line_1_35' title="bbox 514 1973 1462 2035; baseline -0.003 -8"><span class='ocrx_word' id='word_1_236' title='bbox 514 1979 539 2007; x_wconf 76' lang='grc'><strong><em>⁸</em></strong></span> <span class='ocrx_word' id='word_1_237' title='bbox 566 1978 670 2029; x_wconf 38' lang='grc' dir='ltr'><strong>ηΙΙα</strong></span> <span class='ocrx_word' id='word_1_238' title='bbox 700 1976 867 2028; x_wconf 88' lang='lat' dir='ltr'><strong>Sab.et</strong></span> <span class='ocrx_word' id='word_1_239' title='bbox 907 1989 995 2027; x_wconf 88' lang='lat' dir='ltr'><strong>ms.</strong></span> <span class='ocrx_word' id='word_1_240' title='bbox 1017 1973 1142 2027; x_wconf 76' lang='lat' dir='ltr'><strong>Alii:</strong></span> <span class='ocrx_word' id='word_1_241' title='bbox 1170 1975 1263 2035; x_wconf 89' lang='lat' dir='ltr'><strong>Qui</strong></span> <span class='ocrx_word' id='word_1_242' title='bbox 1311 1976 1462 2026; x_wconf 88' lang='lat' dir='ltr'><strong>enim.</strong></span> 
     </span>
    </p>
   </div>
   <div class='ocr_carea' id='block_1_36' title="bbox 2231 1973 3090 2040">
    <p class='ocr_par' dir='ltr' id='par_1_36' title="bbox 2231 1973 3090 2040">
     <span class='ocr_line' id='line_1_36' title="bbox 2231 1973 3090 2040; baseline -0.001 -15"><span class='ocrx_word' id='word_1_243' title='bbox 2231 1976 2259 2016; x_wconf 70' lang='grc' dir='ltr'>ι»</span> <span class='ocrx_word' id='word_1_244' title='bbox 2296 1976 2377 2026; x_wconf 92' lang='lat' dir='ltr'><strong>Ita</strong></span> <span class='ocrx_word' id='word_1_245' title='bbox 2412 1975 2532 2027; x_wconf 86' lang='lat' dir='ltr'><strong>Sab.</strong></span> <span class='ocrx_word' id='word_1_246' title='bbox 2568 1973 2711 2037; x_wconf 74' lang='lat' dir='ltr'><strong>Alii:</strong></span> <span class='ocrx_word' id='word_1_247' title='bbox 2734 1973 3090 2040; x_wconf 81' lang='lat' dir='ltr'><strong>imputandum.</strong></span> 
     </span>
    </p>
   </div>
   <div class='ocr_carea' id='block_1_37' title="bbox 1808 2080 2369 2140">
    <p class='ocr_par' dir='ltr' id='par_1_37' title="bbox 1808 2080 2369 2140">
     <span class='ocr_line' id='line_1_37' title="bbox 1808 2080 2369 2140; baseline 0.007 -4"><span class='ocrx_word' id='word_1_248' title='bbox 1808 2080 2369 2140; x_wconf 79' lang='lat' dir='ltr'><strong>COMMENTARIUS.</strong></span> 
     </span>
    </p>
   </div>
   <div class='ocr_carea' id='block_1_38' title="bbox 523 2199 2053 2256">
    <p class='ocr_par' dir='ltr' id='par_1_38' title="bbox 523 2199 2053 2256">
     <span class='ocr_line' id='line_1_38' title="bbox 523 2199 2053 2256; baseline -0.002 0"><span class='ocrx_word' id='word_1_249' title='bbox 523 2200 708 2256; x_wconf 76' lang='lat' dir='ltr'><strong>LXIII.</strong></span> <span class='ocrx_word' id='word_1_250' title='bbox 756 2231 828 2240; x_wconf 97' lang='lat'><strong>—</strong></span> <span class='ocrx_word' id='word_1_251' title='bbox 882 2200 947 2253; x_wconf 85' lang='lat' dir='ltr'><strong>Et</strong></span> <span class='ocrx_word' id='word_1_252' title='bbox 996 2202 1050 2255; x_wconf 89' lang='lat' dir='ltr'><strong>in</strong></span> <span class='ocrx_word' id='word_1_253' title='bbox 1095 2200 1295 2254; x_wconf 82' lang='lat' dir='ltr'><strong>abditos</strong></span> <span class='ocrx_word' id='word_1_254' title='bbox 1351 2215 1578 2253; x_wconf 89' lang='lat' dir='ltr'><strong>recessus</strong></span> <span class='ocrx_word' id='word_1_255' title='bbox 1635 2199 1864 2253; x_wconf 76' lang='lat' dir='ltr'><strong>thesauri</strong></span> <span class='ocrx_word' id='word_1_256' title='bbox 1918 2202 2053 2254; x_wconf 87' lang='lat' dir='ltr'><strong>inte-</strong></span> 
     </span>
    </p>
   </div>
   <div class='ocr_carea' id='block_1_39' title="bbox 450 2272 2054 2345">
    <p class='ocr_par' dir='ltr' id='par_1_39' title="bbox 450 2272 2054 2345">
     <span class='ocr_line' id='line_1_39' title="bbox 450 2272 2054 2345; baseline 0 -19"><span class='ocrx_word' id='word_1_257' title='bbox 450 2275 598 2326; x_wconf 85' lang='lat' dir='ltr'><strong>rioris</strong></span> <span class='ocrx_word' id='word_1_258' title='bbox 618 2272 875 2326; x_wconf 83' lang='lat' dir='ltr'><strong>inducere.</strong></span> <span class='ocrx_word' id='word_1_259' title='bbox 916 2272 1210 2345; x_wconf 54' lang='lat' dir='ltr'><strong>llt‘tsycltius</strong></span> <span class='ocrx_word' id='word_1_260' title='bbox 1240 2290 1250 2345; x_wconf 69' lang='grc' dir='ltr'><strong><em>ς</em></strong></span> <span class='ocrx_word' id='word_1_261' title='bbox 1282 2272 1717 2345; x_wconf 58' lang='grc' dir='ltr'><strong>Θησαιέρὸς-τείς</strong></span> <span class='ocrx_word' id='word_1_262' title='bbox 1749 2272 2054 2345; x_wconf 44' lang='lat' dir='ltr'><strong>spartea-mw</strong></span> 
     </span>
    </p>
   </div>
   <div class='ocr_carea' id='block_1_40' title="bbox 374 2338 2051 2419">
    <p class='ocr_par' dir='ltr' id='par_1_40' title="bbox 374 2338 2051 2419">
     <span class='ocr_line' id='line_1_40' title="bbox 374 2338 2051 2419; baseline -0.001 -22"><span class='ocrx_word' id='word_1_263' title='bbox 374 2390 385 2397; x_wconf 93' lang='lat'><strong>.</strong></span> <span class='ocrx_word' id='word_1_264' title='bbox 450 2350 536 2400; x_wconf 76' lang='grc' dir='ltr'><strong>καὶ</strong></span> <span class='ocrx_word' id='word_1_265' title='bbox 566 2346 848 2419; x_wconf 80' lang='grc' dir='ltr'><strong>χρημάτων</strong></span> <span class='ocrx_word' id='word_1_266' title='bbox 979 2338 1123 2419; x_wconf 54' lang='grc' dir='ltr'><strong>ἱεξοῶν</strong></span> <span class='ocrx_word' id='word_1_267' title='bbox 1153 2344 1394 2419; x_wconf 68' lang='grc' dir='ltr'><strong>ἁπόθεσςιν</strong></span> <span class='ocrx_word' id='word_1_268' title='bbox 1413 2338 1579 2419; x_wconf 55' lang='lat' dir='ltr'><strong>cinae.</strong></span> <span class='ocrx_word' id='word_1_269' title='bbox 1617 2338 1802 2395; x_wconf 58' lang='lat' dir='ltr'><strong>Recte:</strong></span> <span class='ocrx_word' id='word_1_270' title='bbox 1833 2338 2051 2419; x_wconf 77' lang='lat' dir='ltr'><strong>Signifi-</strong></span> 
     </span>
    </p>
   </div>
   <div class='ocr_carea' id='block_1_41' title="bbox 451 2413 2050 2489">
    <p class='ocr_par' dir='ltr' id='par_1_41' title="bbox 451 2413 2050 2489">
     <span class='ocr_line' id='line_1_41' title="bbox 451 2413 2050 2489; baseline 0 -20"><span class='ocrx_word' id='word_1_271' title='bbox 451 2430 530 2469; x_wconf 78' lang='lat' dir='ltr'><strong>cat</strong></span> <span class='ocrx_word' id='word_1_272' title='bbox 566 2413 1034 2489; x_wconf 44' lang='lat' dir='ltr'><strong>ig&#39;ittirftrttobius&#39;</strong></span> <span class='ocrx_word' id='word_1_273' title='bbox 1051 2419 1289 2489; x_wconf 81' lang='lat' dir='ltr'><strong>adytum.</strong></span> <span class='ocrx_word' id='word_1_274' title='bbox 1319 2413 1349 2473; x_wconf 78' lang='grc' dir='ltr'>ἦ</span> <span class='ocrx_word' id='word_1_275' title='bbox 1376 2414 1432 2468; x_wconf 85' lang='grc' dir='ltr'><strong>τὸ</strong></span> <span class='ocrx_word' id='word_1_276' title='bbox 1461 2415 1751 2489; x_wconf 55' lang='grc' dir='ltr'><strong>ἀπόκρυφον</strong></span> <span class='ocrx_word' id='word_1_277' title='bbox 1776 2416 1936 2489; x_wconf 67' lang='grc' dir='ltr'><strong>μέρος</strong></span> <span class='ocrx_word' id='word_1_278' title='bbox 1959 2420 2050 2489; x_wconf 58' lang='grc' dir='ltr'><strong>τῷ</strong></span> 
     </span>
    </p>
   </div>
   <div class='ocr_carea' id='block_1_42' title="bbox 452 2486 2051 2558">
    <p class='ocr_par' dir='ltr' id='par_1_42' title="bbox 452 2486 2051 2558">
     <span class='ocr_line' id='line_1_42' title="bbox 452 2486 2051 2558; baseline -0.002 -17"><span class='ocrx_word' id='word_1_279' title='bbox 452 2489 610 2558; x_wconf 81' lang='grc' dir='ltr'><strong>ἱεροῦ,</strong></span> <span class='ocrx_word' id='word_1_280' title='bbox 644 2486 805 2555; x_wconf 77' lang='lat' dir='ltr'><strong>ipsius</strong></span> <span class='ocrx_word' id='word_1_281' title='bbox 845 2502 975 2539; x_wconf 77' lang='lat' dir='ltr'><strong>sacri</strong></span> <span class='ocrx_word' id='word_1_282' title='bbox 1007 2486 1308 2555; x_wconf 70' lang='lat' dir='ltr'><strong>penetralia,</strong></span> <span class='ocrx_word' id='word_1_283' title='bbox 1339 2500 1459 2551; x_wconf 71' lang='lat' dir='ltr'><strong>qtae</strong></span> <span class='ocrx_word' id='word_1_284' title='bbox 1489 2486 1625 2558; x_wconf 68' lang='lat' dir='ltr'><strong>dicit</strong></span> <span class='ocrx_word' id='word_1_285' title='bbox 1650 2486 1929 2558; x_wconf 54' lang='lat' dir='ltr'><strong>Apuli-ius,</strong></span> <span class='ocrx_word' id='word_1_286' title='bbox 1963 2486 2051 2539; x_wconf 84' lang='lat' dir='ltr'><strong>tibi</strong></span> 
     </span>
    </p>
   </div>
   <div class='ocr_carea' id='block_1_43' title="bbox 454 2556 2052 2627">
    <p class='ocr_par' dir='ltr' id='par_1_43' title="bbox 454 2556 2052 2627">
     <span class='ocr_line' id='line_1_43' title="bbox 454 2556 2052 2627; baseline -0.001 -17"><span class='ocrx_word' id='word_1_287' title='bbox 454 2556 649 2627; x_wconf 86' lang='lat' dir='ltr'><strong>imago,</strong></span> <span class='ocrx_word' id='word_1_288' title='bbox 686 2567 739 2611; x_wconf 89' lang='lat' dir='ltr'><strong>et</strong></span> <span class='ocrx_word' id='word_1_289' title='bbox 768 2568 983 2623; x_wconf 70' lang='lat' dir='ltr'><strong>eastern,</strong></span> <span class='ocrx_word' id='word_1_290' title='bbox 1032 2572 1151 2625; x_wconf 79' lang='lat' dir='ltr'><strong>quae</strong></span> <span class='ocrx_word' id='word_1_291' title='bbox 1199 2558 1389 2626; x_wconf 85' lang='lat' dir='ltr'><strong>mystis</strong></span> <span class='ocrx_word' id='word_1_292' title='bbox 1439 2556 1879 2627; x_wconf 70' lang='lat' dir='ltr'><strong>ostendebantur,</strong></span> <span class='ocrx_word' id='word_1_293' title='bbox 1930 2570 2052 2609; x_wconf 90' lang='lat' dir='ltr'><strong>cutn</strong></span> 
     </span>
    </p>
   </div>
   <div class='ocr_carea' id='block_1_44' title="bbox 451 2626 2054 2696">
    <p class='ocr_par' dir='ltr' id='par_1_44' title="bbox 451 2626 2054 2696">
     <span class='ocr_line' id='line_1_44' title="bbox 451 2626 2054 2696; baseline -0.002 -12"><span class='ocrx_word' id='word_1_294' title='bbox 451 2626 917 2691; x_wconf 68' lang='lat' dir='ltr'><strong>consecrarentur,</strong></span> <span class='ocrx_word' id='word_1_295' title='bbox 948 2628 1404 2681; x_wconf 84' lang='lat' dir='ltr'><strong>custodiebantur.</strong></span> <span class='ocrx_word' id='word_1_296' title='bbox 1441 2626 1503 2680; x_wconf 87' lang='lat' dir='ltr'><strong>Et</strong></span> <span class='ocrx_word' id='word_1_297' title='bbox 1539 2628 1814 2696; x_wconf 64' lang='lat' dir='ltr'><strong>respicere</strong></span> <span class='ocrx_word' id='word_1_298' title='bbox 1842 2627 2054 2680; x_wconf 85' lang='lat' dir='ltr'><strong>videtur</strong></span> 
     </span>
    </p>
   </div>
   <div class='ocr_carea' id='block_1_45' title="bbox 451 2698 2043 2773">
    <p class='ocr_par' dir='ltr' id='par_1_45' title="bbox 451 2698 2043 2773">
     <span class='ocr_line' id='line_1_45' title="bbox 451 2698 2043 2773; baseline -0.002 -19"><span class='ocrx_word' id='word_1_299' title='bbox 451 2702 515 2754; x_wconf 84' lang='lat' dir='ltr'><strong>ad</strong></span> <span class='ocrx_word' id='word_1_300' title='bbox 543 2699 1248 2773; x_wconf 69' lang='lat' dir='ltr'><strong>veterumphilosophortmi</strong></span> <span class='ocrx_word' id='word_1_301' title='bbox 1271 2698 1799 2773; x_wconf 27' lang='lat' dir='ltr'><strong>loyou_§A§Erofr£ptxob;</strong></span> <span class='ocrx_word' id='word_1_302' title='bbox 1825 2707 1880 2752; x_wconf 83' lang='lat' dir='ltr'><strong>et</strong></span> <span class='ocrx_word' id='word_1_303' title='bbox 1905 2699 2043 2752; x_wconf 78' lang='grc' dir='ltr'><strong>εὶσω·</strong></span> 
     </span>
    </p>
   </div>
   <div class='ocr_carea' id='block_1_46' title="bbox 450 2768 2053 2848">
    <p class='ocr_par' dir='ltr' id='par_1_46' title="bbox 450 2768 2053 2848">
     <span class='ocr_line' id='line_1_46' title="bbox 450 2768 2053 2848; baseline -0.004 -22"><span class='ocrx_word' id='word_1_304' title='bbox 450 2774 703 2848; x_wconf 66' lang='grc' dir='ltr'><strong>τερικούς.</strong></span> <span class='ocrx_word' id='word_1_305' title='bbox 737 2770 824 2848; x_wconf 81' lang='lat' dir='ltr'><strong>_Illi</strong></span> <span class='ocrx_word' id='word_1_306' title='bbox 869 2770 1218 2848; x_wconf 80' lang='lat' dir='ltr'><strong>tradebantur</strong></span> <span class='ocrx_word' id='word_1_307' title='bbox 1261 2768 1368 2848; x_wconf 65' lang='lat' dir='ltr'><strong>rei;</strong></span> <span class='ocrx_word' id='word_1_308' title='bbox 1407 2768 1535 2848; x_wconf 51' lang='lat' dir='ltr'><strong>E’Efn,</strong></span> <span class='ocrx_word' id='word_1_309' title='bbox 1577 2768 1660 2829; x_wconf 62' lang='lat' dir='ltr'><strong>iis,</strong></span> <span class='ocrx_word' id='word_1_310' title='bbox 1691 2772 1887 2848; x_wconf 62' lang='lat' dir='ltr'><strong>quibus</strong></span> <span class='ocrx_word' id='word_1_311' title='bbox 1919 2784 2053 2821; x_wconf 89' lang='lat' dir='ltr'><strong>non-</strong></span> 
     </span>
    </p>
   </div>
   <div class='ocr_carea' id='block_1_47' title="bbox 452 2839 2054 2912">
    <p class='ocr_par' dir='ltr' id='par_1_47' title="bbox 452 2839 2054 2912">
     <span class='ocr_line' id='line_1_47' title="bbox 452 2839 2054 2912; baseline -0.002 -18"><span class='ocrx_word' id='word_1_312' title='bbox 452 2839 579 2897; x_wconf 81' lang='lat' dir='ltr'><strong>diim</strong></span> <span class='ocrx_word' id='word_1_313' title='bbox 610 2841 823 2912; x_wconf 83' lang='lat' dir='ltr'><strong>patebat</strong></span> <span class='ocrx_word' id='word_1_314' title='bbox 856 2844 1139 2894; x_wconf 81' lang='lat' dir='ltr'><strong>thesaurus</strong></span> <span class='ocrx_word' id='word_1_315' title='bbox 1168 2841 1421 2905; x_wconf 84' lang='lat' dir='ltr'><strong>interior;</strong></span> <span class='ocrx_word' id='word_1_316' title='bbox 1451 2842 1536 2893; x_wconf 85' lang='lat' dir='ltr'><strong>isti</strong></span> <span class='ocrx_word' id='word_1_317' title='bbox 1575 2839 2054 2893; x_wconf 66' lang='lat' dir='ltr'><strong>committebantur</strong></span> 
     </span>
    </p>
   </div>
   <div class='ocr_carea' id='block_1_48' title="bbox 452 2912 2053 2986">
    <p class='ocr_par' dir='ltr' id='par_1_48' title="bbox 452 2912 2053 2986">
     <span class='ocr_line' id='line_1_48' title="bbox 452 2912 2053 2986; baseline -0.002 -17"><span class='ocrx_word' id='word_1_318' title='bbox 452 2922 557 2975; x_wconf 84' lang='grc' dir='ltr'><strong>τοῖς</strong></span> <span class='ocrx_word' id='word_1_319' title='bbox 611 2914 953 2986; x_wconf 61' lang='grc' dir='ltr'><strong>μεμνημένος,</strong></span> <span class='ocrx_word' id='word_1_320' title='bbox 999 2912 1083 2978; x_wconf 68' lang='lat' dir='ltr'><strong>iis,</strong></span> <span class='ocrx_word' id='word_1_321' title='bbox 1134 2914 1223 2982; x_wconf 90' lang='lat' dir='ltr'><strong>qui</strong></span> <span class='ocrx_word' id='word_1_322' title='bbox 1276 2912 1514 2982; x_wconf 82' lang='lat' dir='ltr'><strong>legitime</strong></span> <span class='ocrx_word' id='word_1_323' title='bbox 1568 2912 1759 2965; x_wconf 77' lang='lat' dir='ltr'><strong>initiati</strong></span> <span class='ocrx_word' id='word_1_324' title='bbox 1800 2919 1954 2967; x_wconf 78' lang='lat' dir='ltr'><strong>erant</strong></span> <span class='ocrx_word' id='word_1_325' title='bbox 1998 2918 2053 2966; x_wconf 87' lang='lat' dir='ltr'><strong>et</strong></span> 
     </span>
    </p>
   </div>
   <div class='ocr_carea' id='block_1_49' title="bbox 451 2984 1045 3054">
    <p class='ocr_par' dir='ltr' id='par_1_49' title="bbox 451 2984 1045 3054">
     <span class='ocr_line' id='line_1_49' title="bbox 451 2984 1045 3054; baseline -0.005 -15"><span class='ocrx_word' id='word_1_326' title='bbox 451 2984 1045 3054; x_wconf 46' lang='lat' dir='ltr'><strong>cettsigtt&#39;ati.&#39;lli~;nst.n.</strong></span> 
     </span>
    </p>
   </div>
   <div class='ocr_carea' id='block_1_50' title="bbox 2160 2200 3768 2272">
    <p class='ocr_par' dir='ltr' id='par_1_50' title="bbox 2160 2200 3768 2272">
     <span class='ocr_line' id='line_1_50' title="bbox 2160 2200 3768 2272; baseline 0.001 -16"><span class='ocrx_word' id='word_1_327' title='bbox 2160 2201 2336 2256; x_wconf 86' lang='lat' dir='ltr'><strong>Locus</strong></span> <span class='ocrx_word' id='word_1_328' title='bbox 2366 2202 2566 2258; x_wconf 83' lang='lat' dir='ltr'><strong>misere</strong></span> <span class='ocrx_word' id='word_1_329' title='bbox 2602 2202 2927 2272; x_wconf 83' lang='lat' dir='ltr'><strong>deturpatus</strong></span> <span class='ocrx_word' id='word_1_330' title='bbox 2968 2210 3023 2257; x_wconf 87' lang='lat' dir='ltr'><strong>et</strong></span> <span class='ocrx_word' id='word_1_331' title='bbox 3062 2201 3116 2256; x_wconf 83' lang='lat' dir='ltr'><strong>in</strong></span> <span class='ocrx_word' id='word_1_332' title='bbox 3164 2209 3280 2258; x_wconf 86' lang='lat' dir='ltr'><strong>toto</strong></span> <span class='ocrx_word' id='word_1_333' title='bbox 3327 2200 3571 2272; x_wconf 73' lang='lat' dir='ltr'><strong>Arnobio</strong></span> <span class='ocrx_word' id='word_1_334' title='bbox 3600 2200 3768 2258; x_wconf 81' lang='lat' dir='ltr'><strong>facile</strong></span> 
     </span>
    </p>
   </div>
   <div class='ocr_carea' id='block_1_51' title="bbox 2160 2271 3771 2344">
    <p class='ocr_par' dir='ltr' id='par_1_51' title="bbox 2160 2271 3771 2344">
     <span class='ocr_line' id='line_1_51' title="bbox 2160 2271 3771 2344; baseline 0.001 -18"><span class='ocrx_word' id='word_1_335' title='bbox 2160 2274 2603 2343; x_wconf 82' lang='lat' dir='ltr'><strong>corruptissimus</strong></span> <span class='ocrx_word' id='word_1_336' title='bbox 2626 2291 2640 2338; x_wconf 89' lang='lat'><strong>;</strong></span> <span class='ocrx_word' id='word_1_337' title='bbox 2660 2274 2728 2329; x_wconf 92' lang='lat' dir='ltr'><strong>de</strong></span> <span class='ocrx_word' id='word_1_338' title='bbox 2745 2271 2853 2344; x_wconf 87' lang='lat' dir='ltr'><strong>quo</strong></span> <span class='ocrx_word' id='word_1_339' title='bbox 2872 2284 3053 2329; x_wconf 88' lang='lat' dir='ltr'><strong>autem</strong></span> <span class='ocrx_word' id='word_1_340' title='bbox 3073 2272 3316 2329; x_wconf 87' lang='lat' dir='ltr'><strong>sanando</strong></span> <span class='ocrx_word' id='word_1_341' title='bbox 3336 2271 3552 2328; x_wconf 82' lang='lat' dir='ltr'><strong>defectu</strong></span> <span class='ocrx_word' id='word_1_342' title='bbox 3572 2288 3771 2328; x_wconf 87' lang='lat' dir='ltr'><strong>emen-</strong></span> 
     </span>
    </p>
   </div>
   <div class='ocr_carea' id='block_1_52' title="bbox 2159 2344 3764 2413">
    <p class='ocr_par' dir='ltr' id='par_1_52' title="bbox 2159 2344 3764 2413">
     <span class='ocr_line' id='line_1_52' title="bbox 2159 2344 3764 2413; baseline 0.002 -16"><span class='ocrx_word' id='word_1_343' title='bbox 2159 2344 2427 2398; x_wconf 89' lang='lat' dir='ltr'><strong>datiorum</strong></span> <span class='ocrx_word' id='word_1_344' title='bbox 2475 2344 2721 2399; x_wconf 89' lang='lat' dir='ltr'><strong>codicum</strong></span> <span class='ocrx_word' id='word_1_345' title='bbox 2758 2345 2971 2398; x_wconf 85' lang='lat' dir='ltr'><strong>videtur</strong></span> <span class='ocrx_word' id='word_1_346' title='bbox 2999 2344 3401 2413; x_wconf 89' lang='lat' dir='ltr'><strong>desperandum</strong></span> <span class='ocrx_word' id='word_1_347' title='bbox 3448 2359 3593 2399; x_wconf 89' lang='lat' dir='ltr'><strong>esse.</strong></span> <span class='ocrx_word' id='word_1_348' title='bbox 3625 2344 3764 2412; x_wconf 75' lang='lat' dir='ltr'><strong>Quae</strong></span> 
     </span>
    </p>
   </div>
   <div class='ocr_carea' id='block_1_53' title="bbox 2158 2415 3768 2483">
    <p class='ocr_par' dir='ltr' id='par_1_53' title="bbox 2158 2415 3768 2483">
     <span class='ocr_line' id='line_1_53' title="bbox 2158 2415 3768 2483; baseline 0.001 -14"><span class='ocrx_word' id='word_1_349' title='bbox 2158 2415 2483 2483; x_wconf 88' lang='lat' dir='ltr'><strong>interpretes</strong></span> <span class='ocrx_word' id='word_1_350' title='bbox 2511 2416 2576 2469; x_wconf 85' lang='lat' dir='ltr'><strong>ad</strong></span> <span class='ocrx_word' id='word_1_351' title='bbox 2610 2416 2760 2469; x_wconf 90' lang='lat' dir='ltr'><strong>illum</strong></span> <span class='ocrx_word' id='word_1_352' title='bbox 2791 2417 3097 2479; x_wconf 77' lang='lat' dir='ltr'><strong>contulere,</strong></span> <span class='ocrx_word' id='word_1_353' title='bbox 3133 2416 3249 2469; x_wconf 75' lang='lat' dir='ltr'><strong>bzec</strong></span> <span class='ocrx_word' id='word_1_354' title='bbox 3279 2426 3428 2469; x_wconf 87' lang='lat' dir='ltr'><strong>sunt.</strong></span> <span class='ocrx_word' id='word_1_355' title='bbox 3463 2415 3621 2470; x_wconf 84' lang='lat' dir='ltr'><strong>Fulv.</strong></span> <span class='ocrx_word' id='word_1_356' title='bbox 3655 2415 3768 2472; x_wconf 83' lang='lat' dir='ltr'><strong>Ur-</strong></span> 
     </span>
    </p>
   </div>
   <div class='ocr_carea' id='block_1_54' title="bbox 2158 2486 3761 2556">
    <p class='ocr_par' dir='ltr' id='par_1_54' title="bbox 2158 2486 3761 2556">
     <span class='ocr_line' id='line_1_54' title="bbox 2158 2486 3761 2556; baseline 0.001 -17"><span class='ocrx_word' id='word_1_357' title='bbox 2158 2488 2309 2539; x_wconf 89' lang='lat' dir='ltr'><strong>sinus</strong></span> <span class='ocrx_word' id='word_1_358' title='bbox 2341 2486 2463 2556; x_wconf 82' lang='lat' dir='ltr'><strong>legit</strong></span> <span class='ocrx_word' id='word_1_359' title='bbox 2494 2504 2509 2541; x_wconf 91' lang='lat'><strong>:</strong></span> <span class='ocrx_word' id='word_1_360' title='bbox 2546 2486 2619 2539; x_wconf 80' lang='lat' dir='ltr'><strong>lle</strong></span> <span class='ocrx_word' id='word_1_361' title='bbox 2648 2488 2938 2540; x_wconf 88' lang='lat' dir='ltr'><strong>animarum</strong></span> <span class='ocrx_word' id='word_1_362' title='bbox 2974 2487 3216 2555; x_wconf 76' lang='lat' dir='ltr'><strong>periculis</strong></span> <span class='ocrx_word' id='word_1_363' title='bbox 3246 2486 3411 2540; x_wconf 88' lang='lat' dir='ltr'><strong>multa</strong></span> <span class='ocrx_word' id='word_1_364' title='bbox 3438 2486 3761 2540; x_wconf 80' lang='lat' dir='ltr'><strong>medelarum</strong></span> 
     </span>
    </p>
   </div>
   <div class='ocr_carea' id='block_1_55' title="bbox 2157 2557 3762 2628">
    <p class='ocr_par' dir='ltr' id='par_1_55' title="bbox 2157 2557 3762 2628">
     <span class='ocr_line' id='line_1_55' title="bbox 2157 2557 3762 2628; baseline 0.002 -19"><span class='ocrx_word' id='word_1_365' title='bbox 2157 2567 2333 2610; x_wconf 89' lang='lat' dir='ltr'><strong>contra</strong></span> <span class='ocrx_word' id='word_1_366' title='bbox 2364 2558 2672 2622; x_wconf 85' lang='lat' dir='ltr'><strong>insinuator,</strong></span> <span class='ocrx_word' id='word_1_367' title='bbox 2723 2559 2964 2628; x_wconf 79' lang='lat' dir='ltr'><strong>magister</strong></span> <span class='ocrx_word' id='word_1_368' title='bbox 3012 2571 3160 2626; x_wconf 86' lang='lat' dir='ltr'><strong>atque</strong></span> <span class='ocrx_word' id='word_1_369' title='bbox 3198 2567 3398 2622; x_wconf 77' lang='lat' dir='ltr'><strong>auctor,</strong></span> <span class='ocrx_word' id='word_1_370' title='bbox 3449 2566 3554 2614; x_wconf 88' lang='lat' dir='ltr'><strong>etc.</strong></span> <span class='ocrx_word' id='word_1_371' title='bbox 3602 2557 3762 2624; x_wconf 80' lang='lat' dir='ltr'><strong>Quod</strong></span> 
     </span>
    </p>
   </div>
   <div class='ocr_carea' id='block_1_56' title="bbox 2152 2628 3766 2698">
    <p class='ocr_par' dir='ltr' id='par_1_56' title="bbox 2152 2628 3766 2698">
     <span class='ocr_line' id='line_1_56' title="bbox 2152 2628 3766 2698; baseline 0.002 -17"><span class='ocrx_word' id='word_1_372' title='bbox 2152 2630 2286 2696; x_wconf 80' lang='lat' dir='ltr'><strong>quid</strong></span> <span class='ocrx_word' id='word_1_373' title='bbox 2322 2630 2423 2681; x_wconf 89' lang='lat' dir='ltr'><strong>sibi</strong></span> <span class='ocrx_word' id='word_1_374' title='bbox 2455 2629 2603 2693; x_wconf 77' lang='lat' dir='ltr'><strong>velit,</strong></span> <span class='ocrx_word' id='word_1_375' title='bbox 2638 2628 2886 2698; x_wconf 84' lang='lat' dir='ltr'><strong>equidem</strong></span> <span class='ocrx_word' id='word_1_376' title='bbox 2916 2630 3126 2682; x_wconf 68' lang='lat' dir='ltr'><strong>tit-scire</strong></span> <span class='ocrx_word' id='word_1_377' title='bbox 3154 2646 3236 2683; x_wconf 87' lang='lat' dir='ltr'><strong>me</strong></span> <span class='ocrx_word' id='word_1_378' title='bbox 3260 2630 3433 2683; x_wconf 87' lang='lat' dir='ltr'><strong>fateor</strong></span> <span class='ocrx_word' id='word_1_379' title='bbox 3463 2645 3585 2684; x_wconf 90' lang='lat' dir='ltr'><strong>cum</strong></span> <span class='ocrx_word' id='word_1_380' title='bbox 3609 2630 3766 2698; x_wconf 83' lang='lat' dir='ltr'><strong>igna-</strong></span> 
     </span>
    </p>
   </div>
   <div class='ocr_carea' id='block_1_57' title="bbox 2160 2698 3766 2756">
    <p class='ocr_par' dir='ltr' id='par_1_57' title="bbox 2160 2698 3766 2756">
     <span class='ocr_line' id='line_1_57' title="bbox 2160 2698 3766 2756; baseline 0.002 -5"><span class='ocrx_word' id='word_1_381' title='bbox 2160 2698 2410 2753; x_wconf 79' lang='lat' dir='ltr'><strong>rissimis.</strong></span> <span class='ocrx_word' id='word_1_382' title='bbox 2446 2699 2711 2753; x_wconf 66' lang='lat' dir='ltr'><strong>lleraldtts</strong></span> <span class='ocrx_word' id='word_1_383' title='bbox 2758 2709 2811 2753; x_wconf 89' lang='lat' dir='ltr'><strong>et</strong></span> <span class='ocrx_word' id='word_1_384' title='bbox 2855 2699 3198 2756; x_wconf 78' lang='lat' dir='ltr'><strong>Stewccttius</strong></span> <span class='ocrx_word' id='word_1_385' title='bbox 3241 2700 3447 2753; x_wconf 90' lang='lat' dir='ltr'><strong>hiatum</strong></span> <span class='ocrx_word' id='word_1_386' title='bbox 3493 2700 3766 2756; x_wconf 84' lang='lat' dir='ltr'><strong>orationis</strong></span> 
     </span>
    </p>
   </div>
   <div class='ocr_carea' id='block_1_58' title="bbox 2159 2770 3766 2838">
    <p class='ocr_par' dir='ltr' id='par_1_58' title="bbox 2159 2770 3766 2838">
     <span class='ocr_line' id='line_1_58' title="bbox 2159 2770 3766 2838; baseline 0.001 -16"><span class='ocrx_word' id='word_1_387' title='bbox 2159 2770 2416 2838; x_wconf 76' lang='lat' dir='ltr'><strong>suspicati</strong></span> <span class='ocrx_word' id='word_1_388' title='bbox 2444 2771 2621 2824; x_wconf 83' lang='lat' dir='ltr'><strong>loeutn</strong></span> <span class='ocrx_word' id='word_1_389' title='bbox 2643 2771 2711 2823; x_wconf 86' lang='lat' dir='ltr'><strong>ita</strong></span> <span class='ocrx_word' id='word_1_390' title='bbox 2733 2770 3018 2825; x_wconf 86' lang='lat' dir='ltr'><strong>ediderunt</strong></span> <span class='ocrx_word' id='word_1_391' title='bbox 3039 2790 3051 2824; x_wconf 88' lang='lat'><strong>:</strong></span> <span class='ocrx_word' id='word_1_392' title='bbox 3074 2772 3198 2824; x_wconf 82' lang='lat' dir='ltr'><strong>Cum</strong></span> <span class='ocrx_word' id='word_1_393' title='bbox 3223 2772 3357 2824; x_wconf 86' lang='lat' dir='ltr'><strong>enim</strong></span> <span class='ocrx_word' id='word_1_394' title='bbox 3381 2772 3444 2823; x_wconf 86' lang='lat' dir='ltr'><strong>de</strong></span> <span class='ocrx_word' id='word_1_395' title='bbox 3470 2771 3766 2824; x_wconf 84' lang='lat' dir='ltr'><strong>animarum</strong></span> 
     </span>
    </p>
   </div>
   <div class='ocr_carea' id='block_1_59' title="bbox 2160 2840 3767 2907">
    <p class='ocr_par' dir='ltr' id='par_1_59' title="bbox 2160 2840 3767 2907">
     <span class='ocr_line' id='line_1_59' title="bbox 2160 2840 3767 2907; baseline 0.001 -14"><span class='ocrx_word' id='word_1_396' title='bbox 2160 2841 2401 2907; x_wconf 77' lang='lat' dir='ltr'><strong>periculis</strong></span> <span class='ocrx_word' id='word_1_397' title='bbox 2430 2840 2612 2906; x_wconf 88' lang='lat' dir='ltr'><strong>multa,</strong></span> <span class='ocrx_word' id='word_1_398' title='bbox 2640 2842 2800 2894; x_wconf 86' lang='lat' dir='ltr'><strong>multa</strong></span> <span class='ocrx_word' id='word_1_399' title='bbox 2824 2843 2960 2894; x_wconf 85' lang='lat' dir='ltr'><strong>mala</strong></span> <span class='ocrx_word' id='word_1_400' title='bbox 2983 2843 3044 2896; x_wconf 85' lang='lat' dir='ltr'><strong>de</strong></span> <span class='ocrx_word' id='word_1_401' title='bbox 3075 2842 3283 2895; x_wconf 82' lang='lat' dir='ltr'><strong>illarum</strong></span> <span class='ocrx_word' id='word_1_402' title='bbox 3303 2842 3337 2877; x_wconf 57' lang='grc'>⁸</span> <span class='ocrx_word' id='word_1_403' title='bbox 3360 2842 3394 2876; x_wconf 67' lang='grc'><strong>*⁵</strong></span> <span class='ocrx_word' id='word_1_404' title='bbox 3417 2842 3449 2876; x_wconf 63' lang='grc'><strong>*⁵</strong></span> <span class='ocrx_word' id='word_1_405' title='bbox 3471 2842 3504 2875; x_wconf 62' lang='grc'>⁸</span> <span class='ocrx_word' id='word_1_406' title='bbox 3526 2842 3561 2877; x_wconf 69' lang='grc' dir='ltr'><strong>’θ’</strong></span> <span class='ocrx_word' id='word_1_407' title='bbox 3584 2842 3619 2877; x_wconf 64' lang='grc'><strong>’⁵</strong></span> <span class='ocrx_word' id='word_1_408' title='bbox 3636 2857 3767 2895; x_wconf 83' lang='lat' dir='ltr'><strong>con-</strong></span> 
     </span>
    </p>
   </div>
   <div class='ocr_carea' id='block_1_60' title="bbox 2159 2911 3766 2977">
    <p class='ocr_par' dir='ltr' id='par_1_60' title="bbox 2159 2911 3766 2977">
     <span class='ocr_line' id='line_1_60' title="bbox 2159 2911 3766 2977; baseline 0.003 -13"><span class='ocrx_word' id='word_1_409' title='bbox 2159 2921 2239 2964; x_wconf 87' lang='lat' dir='ltr'><strong>tra</strong></span> <span class='ocrx_word' id='word_1_410' title='bbox 2269 2913 2575 2977; x_wconf 77' lang='lat' dir='ltr'><strong>insinuator,</strong></span> <span class='ocrx_word' id='word_1_411' title='bbox 2607 2922 2713 2966; x_wconf 82' lang='lat' dir='ltr'><strong>etc.</strong></span> <span class='ocrx_word' id='word_1_412' title='bbox 2751 2912 2929 2966; x_wconf 78' lang='lat' dir='ltr'><strong>Editio</strong></span> <span class='ocrx_word' id='word_1_413' title='bbox 2959 2928 3180 2966; x_wconf 84' lang='lat' dir='ltr'><strong>romana</strong></span> <span class='ocrx_word' id='word_1_414' title='bbox 3214 2913 3488 2967; x_wconf 78' lang='lat' dir='ltr'><strong>recentior</strong></span> <span class='ocrx_word' id='word_1_415' title='bbox 3515 2911 3584 2967; x_wconf 86' lang='lat' dir='ltr'><strong>de</strong></span> <span class='ocrx_word' id='word_1_416' title='bbox 3611 2927 3766 2969; x_wconf 83' lang='lat' dir='ltr'><strong>anno</strong></span> 
     </span>
    </p>
   </div>
   <div class='ocr_carea' id='block_1_61' title="bbox 2161 2982 3762 3045">
    <p class='ocr_par' dir='ltr' id='par_1_61' title="bbox 2161 2982 3762 3045">
     <span class='ocr_line' id='line_1_61' title="bbox 2161 2982 3762 3045; baseline 0 -8"><span class='ocrx_word' id='word_1_417' title='bbox 2161 2983 2322 3045; x_wconf 78' lang='lat' dir='ltr'><strong>I585,</strong></span> <span class='ocrx_word' id='word_1_418' title='bbox 2356 2992 2524 3036; x_wconf 86' lang='lat' dir='ltr'><strong>totum</strong></span> <span class='ocrx_word' id='word_1_419' title='bbox 2562 2983 2738 3036; x_wconf 81' lang='lat' dir='ltr'><strong>locum</strong></span> <span class='ocrx_word' id='word_1_420' title='bbox 2786 2983 2856 3037; x_wconf 87' lang='lat' dir='ltr'><strong>ita</strong></span> <span class='ocrx_word' id='word_1_421' title='bbox 2889 2985 3163 3037; x_wconf 74' lang='lat' dir='ltr'><strong>restituit:</strong></span> <span class='ocrx_word' id='word_1_422' title='bbox 3196 2982 3322 3038; x_wconf 78' lang='lat' dir='ltr'><strong>Cum</strong></span> <span class='ocrx_word' id='word_1_423' title='bbox 3353 2983 3487 3037; x_wconf 84' lang='lat' dir='ltr'><strong>enim</strong></span> <span class='ocrx_word' id='word_1_424' title='bbox 3534 2983 3597 3037; x_wconf 88' lang='lat' dir='ltr'><strong>de</strong></span> <span class='ocrx_word' id='word_1_425' title='bbox 3637 2985 3762 3037; x_wconf 84' lang='lat' dir='ltr'><strong>ani-</strong></span> 
     </span>
    </p>
   </div>
   <div class='ocr_carea' id='block_1_62' title="bbox 534 3039 3757 3125">
    <p class='ocr_par' dir='ltr' id='par_1_62' title="bbox 534 3039 3757 3125">
     <span class='ocr_line' id='line_1_62' title="bbox 534 3039 3757 3125; baseline 0 -18"><span class='ocrx_word' id='word_1_426' title='bbox 534 3039 636 3110; x_wconf 74' lang='grc' dir='ltr'><strong>νεῖ</strong></span> <span class='ocrx_word' id='word_1_427' title='bbox 646 3065 886 3125; x_wconf 81' lang='lat' dir='ltr'><strong>potestate</strong></span> <span class='ocrx_word' id='word_1_428' title='bbox 907 3052 1277 3125; x_wconf 32' lang='lat' dir='ltr'><strong>inversarlltec</strong></span> <span class='ocrx_word' id='word_1_429' title='bbox 1299 3062 1381 3107; x_wconf 88' lang='lat' dir='ltr'><strong>est</strong></span> <span class='ocrx_word' id='word_1_430' title='bbox 1406 3051 1720 3125; x_wconf 79' lang='lat' dir='ltr'><strong>felicissima</strong></span> <span class='ocrx_word' id='word_1_431' title='bbox 1744 3052 2053 3107; x_wconf 85' lang='lat' dir='ltr'><strong>emendatio</strong></span> <span class='ocrx_word' id='word_1_432' title='bbox 2079 3039 2124 3102; x_wconf 86' lang='lat' dir='ltr'>C</span> <span class='ocrx_word' id='word_1_433' title='bbox 2159 3039 2358 3106; x_wconf 82' lang='lat' dir='ltr'><strong>nmruin</strong></span> <span class='ocrx_word' id='word_1_434' title='bbox 2388 3053 2630 3125; x_wconf 75' lang='lat' dir='ltr'><strong>periculis</strong></span> <span class='ocrx_word' id='word_1_435' title='bbox 2661 3054 2841 3118; x_wconf 87' lang='lat' dir='ltr'><strong>multa,</strong></span> <span class='ocrx_word' id='word_1_436' title='bbox 2879 3055 3039 3108; x_wconf 87' lang='lat' dir='ltr'><strong>multa</strong></span> <span class='ocrx_word' id='word_1_437' title='bbox 3067 3054 3131 3108; x_wconf 88' lang='lat' dir='ltr'><strong>de</strong></span> <span class='ocrx_word' id='word_1_438' title='bbox 3159 3056 3367 3109; x_wconf 88' lang='lat' dir='ltr'><strong>illarum</strong></span> <span class='ocrx_word' id='word_1_439' title='bbox 3395 3065 3577 3108; x_wconf 86' lang='lat' dir='ltr'><strong>natura</strong></span> <span class='ocrx_word' id='word_1_440' title='bbox 3607 3053 3757 3125; x_wconf 82' lang='lat' dir='ltr'><strong>(scil.</strong></span> 
     </span>
    </p>
   </div>
   <div class='ocr_carea' id='block_1_63' title="bbox 451 3124 2049 3195">
    <p class='ocr_par' dir='ltr' id='par_1_63' title="bbox 451 3124 2049 3195">
     <span class='ocr_line' id='line_1_63' title="bbox 451 3124 2049 3195; baseline -0.003 -13"><span class='ocrx_word' id='word_1_441' title='bbox 451 3128 673 3182; x_wconf 74' lang='lat' dir='ltr'><strong>editoris</strong></span> <span class='ocrx_word' id='word_1_442' title='bbox 722 3125 889 3195; x_wconf 86' lang='lat' dir='ltr'><strong>Lugd.</strong></span> <span class='ocrx_word' id='word_1_443' title='bbox 925 3125 1066 3187; x_wconf 83' lang='lat' dir='ltr'><strong>Bnt.,</strong></span> <span class='ocrx_word' id='word_1_444' title='bbox 1105 3124 1217 3178; x_wconf 84' lang='lat' dir='ltr'><strong>Cod</strong></span> <span class='ocrx_word' id='word_1_445' title='bbox 1252 3142 1351 3179; x_wconf 87' lang='lat' dir='ltr'><strong>ms.</strong></span> <span class='ocrx_word' id='word_1_446' title='bbox 1396 3124 1473 3178; x_wconf 82' lang='lat' dir='ltr'><strong>vel</strong></span> <span class='ocrx_word' id='word_1_447' title='bbox 1508 3136 1754 3193; x_wconf 83' lang='lat' dir='ltr'><strong>potestate</strong></span> <span class='ocrx_word' id='word_1_448' title='bbox 1793 3126 2049 3190; x_wconf 78' lang='lat' dir='ltr'><strong>uniuersa,</strong></span> 
     </span>
    </p>
   </div>
   <div class='ocr_carea' id='block_1_64' title="bbox 451 3195 2049 3264">
    <p class='ocr_par' dir='ltr' id='par_1_64' title="bbox 451 3195 2049 3264">
     <span class='ocr_line' id='line_1_64' title="bbox 451 3195 2049 3264; baseline -0.002 -12"><span class='ocrx_word' id='word_1_449' title='bbox 451 3200 592 3264; x_wconf 83' lang='lat' dir='ltr'><strong>quod</strong></span> <span class='ocrx_word' id='word_1_450' title='bbox 619 3199 959 3254; x_wconf 72' lang='lat' dir='ltr'><strong>Stewtechius</strong></span> <span class='ocrx_word' id='word_1_451' title='bbox 987 3198 1212 3250; x_wconf 81' lang='lat' dir='ltr'><strong>mutavit</strong></span> <span class='ocrx_word' id='word_1_452' title='bbox 1236 3198 1285 3249; x_wconf 91' lang='lat' dir='ltr'><strong>itt</strong></span> <span class='ocrx_word' id='word_1_453' title='bbox 1318 3214 1329 3249; x_wconf 91' lang='lat'>:</span> <span class='ocrx_word' id='word_1_454' title='bbox 1362 3195 1440 3249; x_wconf 86' lang='lat' dir='ltr'><strong>vel</strong></span> <span class='ocrx_word' id='word_1_455' title='bbox 1467 3206 1739 3263; x_wconf 82' lang='lat' dir='ltr'><strong>potestates</strong></span> <span class='ocrx_word' id='word_1_456' title='bbox 1768 3198 2049 3251; x_wconf 80' lang='lat' dir='ltr'><strong>universas.</strong></span> 
     </span>
    </p>
   </div>
   <div class='ocr_carea' id='block_1_65' title="bbox 454 3266 2050 3338">
    <p class='ocr_par' dir='ltr' id='par_1_65' title="bbox 454 3266 2050 3338">
     <span class='ocr_line' id='line_1_65' title="bbox 454 3266 2050 3338; baseline -0.001 -17"><span class='ocrx_word' id='word_1_457' title='bbox 454 3269 739 3324; x_wconf 77' lang='lat' dir='ltr'><strong>l’otestutes</strong></span> <span class='ocrx_word' id='word_1_458' title='bbox 765 3269 965 3323; x_wconf 84' lang='lat' dir='ltr'><strong>setlicct</strong></span> <span class='ocrx_word' id='word_1_459' title='bbox 1004 3284 1100 3338; x_wconf 89' lang='lat' dir='ltr'><strong>pro</strong></span> <span class='ocrx_word' id='word_1_460' title='bbox 1125 3266 1188 3321; x_wconf 73' lang='lat' dir='ltr'><strong>iis</strong></span> <span class='ocrx_word' id='word_1_461' title='bbox 1217 3269 1327 3338; x_wconf 13' lang='lat' dir='ltr'><strong>rqui</strong></span> <span class='ocrx_word' id='word_1_462' title='bbox 1361 3279 1627 3333; x_wconf 74' lang='lat' dir='ltr'><strong>potesmte</strong></span> <span class='ocrx_word' id='word_1_463' title='bbox 1659 3268 1866 3336; x_wconf 63' lang='lat' dir='ltr'><strong>praediti</strong></span> <span class='ocrx_word' id='word_1_464' title='bbox 1901 3278 2050 3333; x_wconf 86' lang='lat' dir='ltr'><strong>sunt,</strong></span> 
     </span>
    </p>
   </div>
   <div class='ocr_carea' id='block_1_66' title="bbox 453 3337 2050 3410">
    <p class='ocr_par' dir='ltr' id='par_1_66' title="bbox 453 3337 2050 3410">
     <span class='ocr_line' id='line_1_66' title="bbox 453 3337 2050 3410; baseline -0.001 -17"><span class='ocrx_word' id='word_1_465' title='bbox 453 3350 511 3393; x_wconf 89' lang='lat' dir='ltr'><strong>ut</strong></span> <span class='ocrx_word' id='word_1_466' title='bbox 534 3347 583 3393; x_wconf 85' lang='lat' dir='ltr'><strong>tn</strong></span> <span class='ocrx_word' id='word_1_467' title='bbox 613 3342 785 3410; x_wconf 73' lang='lat' dir='ltr'><strong>capite</strong></span> <span class='ocrx_word' id='word_1_468' title='bbox 810 3337 1053 3408; x_wconf 74' lang='lat' dir='ltr'><strong>sequenti</strong></span> <span class='ocrx_word' id='word_1_469' title='bbox 1085 3337 1375 3392; x_wconf 69' lang='lat' dir='ltr'><strong>nobilitates</strong></span> <span class='ocrx_word' id='word_1_470' title='bbox 1401 3354 1495 3407; x_wconf 90' lang='lat' dir='ltr'><strong>pro</strong></span> <span class='ocrx_word' id='word_1_471' title='bbox 1525 3340 1814 3410; x_wconf 78' lang='lat' dir='ltr'><strong>nobilibus.</strong></span> <span class='ocrx_word' id='word_1_472' title='bbox 1844 3341 2050 3393; x_wconf 64' lang='lat' dir='ltr'><strong>Uncus.</strong></span> 
     </span>
    </p>
   </div>
   <div class='ocr_carea' id='block_1_67' title="bbox 527 3409 2054 3480">
    <p class='ocr_par' dir='ltr' id='par_1_67' title="bbox 527 3409 2054 3480">
     <span class='ocr_line' id='line_1_67' title="bbox 527 3409 2054 3480; baseline 0.002 -18"><span class='ocrx_word' id='word_1_473' title='bbox 527 3412 626 3476; x_wconf 82' lang='lat' dir='ltr'><strong>Qui</strong></span> <span class='ocrx_word' id='word_1_474' title='bbox 648 3409 857 3464; x_wconf 87' lang='lat' dir='ltr'><strong>claudos</strong></span> <span class='ocrx_word' id='word_1_475' title='bbox 888 3410 1211 3480; x_wconf 66' lang='lat' dir='ltr'><strong>praecipiebat</strong></span> <span class='ocrx_word' id='word_1_476' title='bbox 1239 3411 1489 3463; x_wconf 72' lang='lat' dir='ltr'><strong>incedere.</strong></span> <span class='ocrx_word' id='word_1_477' title='bbox 1522 3409 1576 3463; x_wconf 72' lang='lat' dir='ltr'><strong>la</strong></span> <span class='ocrx_word' id='word_1_478' title='bbox 1611 3426 1836 3466; x_wconf 84' lang='lat' dir='ltr'><strong>romano</strong></span> <span class='ocrx_word' id='word_1_479' title='bbox 1865 3412 1965 3462; x_wconf 84' lang='lat' dir='ltr'><strong>cod</strong></span> <span class='ocrx_word' id='word_1_480' title='bbox 1989 3425 2054 3466; x_wconf 83' lang='lat' dir='ltr'><strong>ce</strong></span> 
     </span>
    </p>
   </div>
   <div class='ocr_carea' id='block_1_68' title="bbox 453 3480 2054 3552">
    <p class='ocr_par' dir='ltr' id='par_1_68' title="bbox 453 3480 2054 3552">
     <span class='ocr_line' id='line_1_68' title="bbox 453 3480 2054 3552; baseline 0.001 -18"><span class='ocrx_word' id='word_1_481' title='bbox 453 3480 647 3551; x_wconf 78' lang='lat' dir='ltr'><strong>legitur</strong></span> <span class='ocrx_word' id='word_1_482' title='bbox 672 3501 684 3531; x_wconf 72' lang='grc' dir='ltr'><strong><em>τ</em></strong></span> <span class='ocrx_word' id='word_1_483' title='bbox 714 3483 1004 3548; x_wconf 74' lang='lat' dir='ltr'><strong>prteciebat.</strong></span> <span class='ocrx_word' id='word_1_484' title='bbox 1030 3483 1169 3535; x_wconf 89' lang='lat' dir='ltr'><strong>unde</strong></span> <span class='ocrx_word' id='word_1_485' title='bbox 1191 3480 1452 3552; x_wconf 81' lang='lat' dir='ltr'><strong>Gelenius</strong></span> <span class='ocrx_word' id='word_1_486' title='bbox 1478 3480 1602 3536; x_wconf 84' lang='lat' dir='ltr'><strong>fecit</strong></span> <span class='ocrx_word' id='word_1_487' title='bbox 1632 3500 1644 3534; x_wconf 91' lang='lat'>:</span> <span class='ocrx_word' id='word_1_488' title='bbox 1680 3480 1914 3552; x_wconf 58' lang='grc' dir='ltr'><strong>ιῖιιξὶιεινίιι1</strong></span> <span class='ocrx_word' id='word_1_489' title='bbox 1943 3482 2054 3549; x_wconf 78' lang='lat' dir='ltr'><strong>Ego</strong></span> 
     </span>
    </p>
   </div>
   <div class='ocr_carea' id='block_1_69' title="bbox 453 3550 2054 3621">
    <p class='ocr_par' dir='ltr' id='par_1_69' title="bbox 453 3550 2054 3621">
     <span class='ocr_line' id='line_1_69' title="bbox 453 3550 2054 3621; baseline 0 -15"><span class='ocrx_word' id='word_1_490' title='bbox 453 3550 594 3606; x_wconf 84' lang='lat' dir='ltr'><strong>titan</strong></span> <span class='ocrx_word' id='word_1_491' title='bbox 617 3554 794 3621; x_wconf 67' lang='lat' dir='ltr'><strong>legi-re</strong></span> <span class='ocrx_word' id='word_1_492' title='bbox 819 3553 1161 3621; x_wconf 76' lang='lat' dir='ltr'><strong>pt&#39;wcipiebat.</strong></span> <span class='ocrx_word' id='word_1_493' title='bbox 1193 3551 1327 3604; x_wconf 80' lang='lat' dir='ltr'><strong>Diett</strong></span> <span class='ocrx_word' id='word_1_494' title='bbox 1348 3554 1491 3603; x_wconf 84' lang='lat' dir='ltr'><strong>enim</strong></span> <span class='ocrx_word' id='word_1_495' title='bbox 1520 3550 1777 3605; x_wconf 66' lang='lat' dir='ltr'><strong>ltomiiius</strong></span> <span class='ocrx_word' id='word_1_496' title='bbox 1801 3554 1852 3605; x_wconf 80' lang='grc' dir='ltr'><strong>ιιι</strong></span> <span class='ocrx_word' id='word_1_497' title='bbox 1876 3550 2054 3606; x_wconf 72' lang='lat' dir='ltr'><strong>Evan-</strong></span> 
     </span>
    </p>
   </div>
   <div class='ocr_carea' id='block_1_70' title="bbox 452 3620 1545 3695">
    <p class='ocr_par' dir='ltr' id='par_1_70' title="bbox 452 3620 1545 3695">
     <span class='ocr_line' id='line_1_70' title="bbox 452 3620 1545 3695; baseline -0.003 -17"><span class='ocrx_word' id='word_1_498' title='bbox 452 3626 628 3695; x_wconf 75' lang='lat' dir='ltr'><strong>gelto:</strong></span> <span class='ocrx_word' id='word_1_499' title='bbox 670 3620 880 3695; x_wconf 53' lang='lat' dir='ltr'><strong>Vade}!</strong></span> <span class='ocrx_word' id='word_1_500' title='bbox 904 3620 1134 3695; x_wconf 72' lang='lat' dir='ltr'><strong>turibula.</strong></span> <span class='ocrx_word' id='word_1_501' title='bbox 1168 3624 1268 3695; x_wconf 69' lang='lat' dir='ltr'><strong>&#39;I&#39;u.</strong></span> <span class='ocrx_word' id='word_1_502' title='bbox 1302 3622 1545 3677; x_wconf 73' lang='lat' dir='ltr'><strong>CANTEB.</strong></span> 
     </span>
    </p>
   </div>
   <div class='ocr_carea' id='block_1_71' title="bbox 525 3691 2052 3765">
    <p class='ocr_par' dir='ltr' id='par_1_71' title="bbox 525 3691 2052 3765">
     <span class='ocr_line' id='line_1_71' title="bbox 525 3691 2052 3765; baseline -0.001 -17"><span class='ocrx_word' id='word_1_503' title='bbox 525 3695 772 3765; x_wconf 82' lang='lat' dir='ltr'><strong>Alligure.</strong></span> <span class='ocrx_word' id='word_1_504' title='bbox 801 3691 934 3747; x_wconf 86' lang='lat' dir='ltr'><strong>Cod.</strong></span> <span class='ocrx_word' id='word_1_505' title='bbox 971 3710 1072 3748; x_wconf 90' lang='lat' dir='ltr'><strong>ms.</strong></span> <span class='ocrx_word' id='word_1_506' title='bbox 1099 3694 1325 3764; x_wconf 82' lang='lat' dir='ltr'><strong>caligare</strong></span> <span class='ocrx_word' id='word_1_507' title='bbox 1352 3696 1563 3748; x_wconf 73' lang='lat' dir='ltr'><strong>vntiose.</strong></span> <span class='ocrx_word' id='word_1_508' title='bbox 1594 3692 1753 3748; x_wconf 78' lang='lat' dir='ltr'><strong>Fulr.</strong></span> <span class='ocrx_word' id='word_1_509' title='bbox 1788 3692 2052 3751; x_wconf 71' lang='lat' dir='ltr'><strong>Ursinus:</strong></span> 
     </span>
    </p>
   </div>
   <div class='ocr_carea' id='block_1_72' title="bbox 453 3766 955 3835">
    <p class='ocr_par' dir='ltr' id='par_1_72' title="bbox 453 3766 955 3835">
     <span class='ocr_line' id='line_1_72' title="bbox 453 3766 955 3835; baseline -0.002 -16"><span class='ocrx_word' id='word_1_510' title='bbox 453 3766 717 3835; x_wconf 76' lang='lat' dir='ltr'><strong>colligare.</strong></span> <span class='ocrx_word' id='word_1_511' title='bbox 752 3767 955 3820; x_wconf 67' lang='lat' dir='ltr'><strong>Onus.</strong></span> 
     </span>
    </p>
   </div>
   <div class='ocr_carea' id='block_1_73' title="bbox 528 3833 2053 3902">
    <p class='ocr_par' dir='ltr' id='par_1_73' title="bbox 528 3833 2053 3902">
     <span class='ocr_line' id='line_1_73' title="bbox 528 3833 2053 3902; baseline -0.003 -12"><span class='ocrx_word' id='word_1_512' title='bbox 528 3833 724 3895; x_wconf 73' lang='lat' dir='ltr'><strong>Letum.</strong></span> <span class='ocrx_word' id='word_1_513' title='bbox 775 3837 855 3890; x_wconf 85' lang='lat' dir='ltr'><strong>cui</strong></span> <span class='ocrx_word' id='word_1_514' title='bbox 910 3836 1075 3897; x_wconf 84' lang='lat' dir='ltr'><strong>vellet,</strong></span> <span class='ocrx_word' id='word_1_515' title='bbox 1124 3835 1367 3902; x_wconf 87' lang='lat' dir='ltr'><strong>indicere,</strong></span> <span class='ocrx_word' id='word_1_516' title='bbox 1421 3834 1476 3889; x_wconf 91' lang='lat' dir='ltr'><strong>Id</strong></span> <span class='ocrx_word' id='word_1_517' title='bbox 1517 3845 1601 3889; x_wconf 88' lang='lat' dir='ltr'><strong>est</strong></span> <span class='ocrx_word' id='word_1_518' title='bbox 1644 3835 1811 3902; x_wconf 85' lang='lat' dir='ltr'><strong>dicto,</strong></span> <span class='ocrx_word' id='word_1_519' title='bbox 1863 3833 2053 3896; x_wconf 88' lang='lat' dir='ltr'><strong>verbo,</strong></span> 
     </span>
    </p>
   </div>
   <div class='ocr_carea' id='block_1_74' title="bbox 453 3901 2049 3979">
    <p class='ocr_par' dir='ltr' id='par_1_74' title="bbox 453 3901 2049 3979">
     <span class='ocr_line' id='line_1_74' title="bbox 453 3901 2049 3979; baseline -0.003 -16"><span class='ocrx_word' id='word_1_520' title='bbox 453 3910 594 3963; x_wconf 88' lang='lat' dir='ltr'><strong>nuda</strong></span> <span class='ocrx_word' id='word_1_521' title='bbox 623 3907 866 3978; x_wconf 61' lang='lat' dir='ltr'><strong>jussiotte</strong></span> <span class='ocrx_word' id='word_1_522' title='bbox 897 3906 975 3979; x_wconf 90' lang='lat' dir='ltr'><strong>(ut</strong></span> <span class='ocrx_word' id='word_1_523' title='bbox 1005 3910 1077 3960; x_wconf 87' lang='lat' dir='ltr'><strong>ait</strong></span> <span class='ocrx_word' id='word_1_524' title='bbox 1104 3906 1378 3962; x_wconf 83' lang='lat' dir='ltr'><strong>Arnobius</strong></span> <span class='ocrx_word' id='word_1_525' title='bbox 1414 3905 1600 3978; x_wconf 73' lang='lat' dir='ltr'><strong>supra)</strong></span> <span class='ocrx_word' id='word_1_526' title='bbox 1643 3901 1805 3959; x_wconf 66' lang='lat' dir='ltr'><strong>le&#39;tttm</strong></span> <span class='ocrx_word' id='word_1_527' title='bbox 1835 3904 2049 3979; x_wconf 69' lang='lat' dir='ltr'><strong>afferre.</strong></span> 
     </span>
    </p>
   </div>
   <div class='ocr_carea' id='block_1_75' title="bbox 458 3977 2056 4047">
    <p class='ocr_par' dir='ltr' id='par_1_75' title="bbox 458 3977 2056 4047">
     <span class='ocr_line' id='line_1_75' title="bbox 458 3977 2056 4047; baseline -0.002 -14"><span class='ocrx_word' id='word_1_528' title='bbox 458 3981 678 4043; x_wconf 69' lang='lat' dir='ltr'><strong>Dirersti</strong></span> <span class='ocrx_word' id='word_1_529' title='bbox 724 3977 966 4033; x_wconf 84' lang='lat' dir='ltr'><strong>nonnihil</strong></span> <span class='ocrx_word' id='word_1_530' title='bbox 1014 3994 1177 4034; x_wconf 85' lang='lat' dir='ltr'><strong>sensu</strong></span> <span class='ocrx_word' id='word_1_531' title='bbox 1219 3979 1443 4033; x_wconf 87' lang='lat' dir='ltr'><strong>indicere</strong></span> <span class='ocrx_word' id='word_1_532' title='bbox 1482 3977 1644 4047; x_wconf 59' lang='lat' dir='ltr'><strong>supra</strong></span> <span class='ocrx_word' id='word_1_533' title='bbox 1690 3994 1805 4047; x_wconf 86' lang='lat' dir='ltr'><strong>cap.</strong></span> <span class='ocrx_word' id='word_1_534' title='bbox 1860 3979 1914 4041; x_wconf 82' lang='grc'><strong>5,</strong></span> <span class='ocrx_word' id='word_1_535' title='bbox 1964 3977 2056 4031; x_wconf 88' lang='lat' dir='ltr'><strong>ubi</strong></span> 
     </span>
    </p>
   </div>
   <div class='ocr_carea' id='block_1_76' title="bbox 453 4050 1643 4106">
    <p class='ocr_par' dir='ltr' id='par_1_76' title="bbox 453 4050 1643 4106">
     <span class='ocr_line' id='line_1_76' title="bbox 453 4050 1643 4106; baseline -0.003 -1"><span class='ocrx_word' id='word_1_536' title='bbox 453 4053 574 4106; x_wconf 88' lang='lat' dir='ltr'><strong>vide</strong></span> <span class='ocrx_word' id='word_1_537' title='bbox 603 4062 778 4105; x_wconf 91' lang='lat' dir='ltr'><strong>notas.</strong></span> <span class='ocrx_word' id='word_1_538' title='bbox 810 4050 1014 4106; x_wconf 78' lang='lat' dir='ltr'><strong>OItELL.</strong></span> <span class='ocrx_word' id='word_1_539' title='bbox 1640 4071 1643 4074; x_wconf 43' lang='grc'><em>⁴</em></span> 
     </span>
    </p>
   </div>
   <div class='ocr_carea' id='block_1_77' title="bbox 521 4119 2050 4190">
    <p class='ocr_par' dir='ltr' id='par_1_77' title="bbox 521 4119 2050 4190">
     <span class='ocr_line' id='line_1_77' title="bbox 521 4119 2050 4190; baseline -0.005 -14"><span class='ocrx_word' id='word_1_540' title='bbox 521 4121 922 4190; x_wconf 81' lang='lat' dir='ltr'><strong>Durissimisque</strong></span> <span class='ocrx_word' id='word_1_541' title='bbox 944 4119 1249 4175; x_wconf 85' lang='lat' dir='ltr'><strong>latronibus.</strong></span> <span class='ocrx_word' id='word_1_542' title='bbox 1275 4121 1425 4175; x_wconf 86' lang='lat' dir='ltr'><strong>Fulv.</strong></span> <span class='ocrx_word' id='word_1_543' title='bbox 1449 4120 1911 4176; x_wconf 80' lang='lat' dir='ltr'><strong>Ursin.dirissimis</strong></span> <span class='ocrx_word' id='word_1_544' title='bbox 1952 4120 2050 4174; x_wconf 73' lang='lat' dir='ltr'><strong>0a.</strong></span> 
     </span>
    </p>
   </div>
   <div class='ocr_carea' id='block_1_78' title="bbox 530 4192 2055 4266">
    <p class='ocr_par' dir='ltr' id='par_1_78' title="bbox 530 4192 2055 4266">
     <span class='ocr_line' id='line_1_78' title="bbox 530 4192 2055 4266; baseline -0.001 -19"><span class='ocrx_word' id='word_1_545' title='bbox 530 4195 897 4266; x_wconf 80' lang='lat' dir='ltr'><strong>Dissignasset.</strong></span> <span class='ocrx_word' id='word_1_546' title='bbox 929 4195 1216 4266; x_wconf 45' lang='lat' dir='ltr'><strong>Arttat_l_toc</strong></span> <span class='ocrx_word' id='word_1_547' title='bbox 1257 4195 1481 4247; x_wconf 89' lang='lat' dir='ltr'><strong>verbum</strong></span> <span class='ocrx_word' id='word_1_548' title='bbox 1516 4193 1807 4266; x_wconf 81' lang='lat' dir='ltr'><strong>Arnobius.</strong></span> <span class='ocrx_word' id='word_1_549' title='bbox 1839 4192 1931 4266; x_wconf 81' lang='lat' dir='ltr'><strong>Sic</strong></span> <span class='ocrx_word' id='word_1_550' title='bbox 1968 4192 2055 4266; x_wconf 48' lang='lat' dir='ltr'><strong>ili-5</strong></span> 
     </span>
    </p>
   </div>
   <div class='ocr_carea' id='block_1_79' title="bbox 453 4262 2057 4334">
    <p class='ocr_par' dir='ltr' id='par_1_79' title="bbox 453 4262 2057 4334">
     <span class='ocr_line' id='line_1_79' title="bbox 453 4262 2057 4334; baseline -0.002 -14"><span class='ocrx_word' id='word_1_551' title='bbox 453 4267 532 4320; x_wconf 82' lang='lat' dir='ltr'><strong>l&#39;ra</strong></span> <span class='ocrx_word' id='word_1_552' title='bbox 567 4262 786 4327; x_wconf 41' lang='lat' dir='ltr'><strong>Iibfvu,</strong></span> <span class='ocrx_word' id='word_1_553' title='bbox 819 4280 941 4334; x_wconf 87' lang='lat' dir='ltr'><strong>cap.</strong></span> <span class='ocrx_word' id='word_1_554' title='bbox 972 4264 1006 4319; x_wconf 83' lang='lat'><strong>6</strong></span> <span class='ocrx_word' id='word_1_555' title='bbox 1040 4282 1053 4318; x_wconf 90' lang='lat'><strong>:</strong></span> <span class='ocrx_word' id='word_1_556' title='bbox 1089 4262 1383 4332; x_wconf 82' lang='lat' dir='ltr'><strong>Habeatque</strong></span> <span class='ocrx_word' id='word_1_557' title='bbox 1433 4281 1524 4333; x_wconf 89' lang='lat' dir='ltr'><strong>pro</strong></span> <span class='ocrx_word' id='word_1_558' title='bbox 1568 4264 1794 4324; x_wconf 84' lang='lat' dir='ltr'><strong>vulnere,</strong></span> <span class='ocrx_word' id='word_1_559' title='bbox 1845 4264 1889 4315; x_wconf 87' lang='lat' dir='ltr'><strong>si</strong></span> <span class='ocrx_word' id='word_1_560' title='bbox 1933 4263 2057 4330; x_wconf 85' lang='lat' dir='ltr'><strong>quid</strong></span> 
     </span>
    </p>
   </div>
   <div class='ocr_carea' id='block_1_80' title="bbox 452 4335 2055 4403">
    <p class='ocr_par' dir='ltr' id='par_1_80' title="bbox 452 4335 2055 4403">
     <span class='ocr_line' id='line_1_80' title="bbox 452 4335 2055 4403; baseline -0.002 -13"><span class='ocrx_word' id='word_1_561' title='bbox 452 4337 647 4390; x_wconf 82' lang='lat' dir='ltr'><strong>animal</strong></span> <span class='ocrx_word' id='word_1_562' title='bbox 675 4352 898 4401; x_wconf 74' lang='lat' dir='ltr'><strong>crucum,</strong></span> <span class='ocrx_word' id='word_1_563' title='bbox 951 4349 1098 4400; x_wconf 83' lang='lat' dir='ltr'><strong>atque</strong></span> <span class='ocrx_word' id='word_1_564' title='bbox 1141 4337 1194 4388; x_wconf 89' lang='lat' dir='ltr'><strong>in</strong></span> <span class='ocrx_word' id='word_1_565' title='bbox 1225 4337 1439 4389; x_wconf 81' lang='lat' dir='ltr'><strong>nubibus</strong></span> <span class='ocrx_word' id='word_1_566' title='bbox 1477 4349 1677 4399; x_wconf 81' lang='lat' dir='ltr'><strong>semper</strong></span> <span class='ocrx_word' id='word_1_567' title='bbox 1718 4335 2055 4403; x_wconf 83' lang='lat' dir='ltr'><strong>ignorationis</strong></span> 
     </span>
    </p>
   </div>
   <div class='ocr_carea' id='block_1_81' title="bbox 2158 3124 3763 3195">
    <p class='ocr_par' dir='ltr' id='par_1_81' title="bbox 2158 3124 3763 3195">
     <span class='ocr_line' id='line_1_81' title="bbox 2158 3124 3763 3195; baseline 0.002 -17"><span class='ocrx_word' id='word_1_568' title='bbox 2158 3126 2361 3179; x_wconf 87' lang='lat' dir='ltr'><strong>diceret</strong></span> <span class='ocrx_word' id='word_1_569' title='bbox 2389 3124 2407 3195; x_wconf 93' lang='lat'><strong>)</strong></span> <span class='ocrx_word' id='word_1_570' title='bbox 2439 3127 2728 3179; x_wconf 82' lang='lat' dir='ltr'><strong>insinuator</strong></span> <span class='ocrx_word' id='word_1_571' title='bbox 2773 3125 3013 3195; x_wconf 78' lang='lat' dir='ltr'><strong>magister</strong></span> <span class='ocrx_word' id='word_1_572' title='bbox 3052 3136 3204 3190; x_wconf 82' lang='lat' dir='ltr'><strong>atque</strong></span> <span class='ocrx_word' id='word_1_573' title='bbox 3237 3136 3417 3180; x_wconf 82' lang='lat' dir='ltr'><strong>auctor</strong></span> <span class='ocrx_word' id='word_1_574' title='bbox 3452 3127 3521 3179; x_wconf 87' lang='lat' dir='ltr'><strong>ad</strong></span> <span class='ocrx_word' id='word_1_575' title='bbox 3567 3124 3763 3195; x_wconf 65' lang='lat' dir='ltr'><strong>oﬂicio-</strong></span> 
     </span>
    </p>
   </div>
   <div class='ocr_carea' id='block_1_82' title="bbox 2154 3197 3760 3265">
    <p class='ocr_par' dir='ltr' id='par_1_82' title="bbox 2154 3197 3760 3265">
     <span class='ocr_line' id='line_1_82' title="bbox 2154 3197 3760 3265; baseline 0.001 -16"><span class='ocrx_word' id='word_1_576' title='bbox 2154 3213 2268 3250; x_wconf 83' lang='lat' dir='ltr'><strong>rum</strong></span> <span class='ocrx_word' id='word_1_577' title='bbox 2311 3198 2711 3251; x_wconf 74' lang='lat' dir='ltr'><strong>conuenientium</strong></span> <span class='ocrx_word' id='word_1_578' title='bbox 2757 3197 2903 3265; x_wconf 75' lang='lat' dir='ltr'><strong>ﬁnes,</strong></span> <span class='ocrx_word' id='word_1_579' title='bbox 2936 3198 3065 3257; x_wconf 75' lang='lat' dir='ltr'><strong>vias,</strong></span> <span class='ocrx_word' id='word_1_580' title='bbox 3117 3198 3252 3264; x_wconf 83' lang='lat' dir='ltr'><strong>leges</strong></span> <span class='ocrx_word' id='word_1_581' title='bbox 3279 3207 3324 3249; x_wconf 83' lang='lat' dir='ltr'><strong>et</strong></span> <span class='ocrx_word' id='word_1_582' title='bbox 3350 3198 3627 3251; x_wconf 78' lang='lat' dir='ltr'><strong>constituta</strong></span> <span class='ocrx_word' id='word_1_583' title='bbox 3669 3198 3760 3251; x_wconf 85' lang='lat' dir='ltr'><strong>di-</strong></span> 
     </span>
    </p>
   </div>
   <div class='ocr_carea' id='block_1_83' title="bbox 2154 3267 3763 3338">
    <p class='ocr_par' dir='ltr' id='par_1_83' title="bbox 2154 3267 3763 3338">
     <span class='ocr_line' id='line_1_83' title="bbox 2154 3267 3763 3338; baseline 0.002 -18"><span class='ocrx_word' id='word_1_584' title='bbox 2154 3277 2305 3331; x_wconf 68' lang='lat' dir='ltr'><strong>rexit,</strong></span> <span class='ocrx_word' id='word_1_585' title='bbox 2353 3285 2455 3322; x_wconf 82' lang='lat' dir='ltr'><strong>non</strong></span> <span class='ocrx_word' id='word_1_586' title='bbox 2502 3269 2754 3338; x_wconf 69' lang='lat' dir='ltr'><strong>superbiae</strong></span> <span class='ocrx_word' id='word_1_587' title='bbox 2802 3267 2990 3333; x_wconf 79' lang='lat' dir='ltr'><strong>fastum</strong></span> <span class='ocrx_word' id='word_1_588' title='bbox 3029 3270 3350 3324; x_wconf 83' lang='lat' dir='ltr'><strong>comminuit.</strong></span> <span class='ocrx_word' id='word_1_589' title='bbox 3409 3271 3543 3336; x_wconf 76' lang='lat' dir='ltr'><strong>Qua:</strong></span> <span class='ocrx_word' id='word_1_590' title='bbox 3590 3268 3763 3323; x_wconf 84' lang='lat' dir='ltr'><strong>lectio</strong></span> 
     </span>
    </p>
   </div>
   <div class='ocr_carea' id='block_1_84' title="bbox 2157 3338 3760 3409">
    <p class='ocr_par' dir='ltr' id='par_1_84' title="bbox 2157 3338 3760 3409">
     <span class='ocr_line' id='line_1_84' title="bbox 2157 3338 3760 3409; baseline 0.004 -18"><span class='ocrx_word' id='word_1_591' title='bbox 2157 3338 2290 3393; x_wconf 83' lang='lat' dir='ltr'><strong>ferri</strong></span> <span class='ocrx_word' id='word_1_592' title='bbox 2324 3350 2528 3406; x_wconf 71' lang='lat' dir='ltr'><strong>posset,</strong></span> <span class='ocrx_word' id='word_1_593' title='bbox 2560 3339 2604 3391; x_wconf 83' lang='lat' dir='ltr'><strong>si</strong></span> <span class='ocrx_word' id='word_1_594' title='bbox 2631 3340 2791 3393; x_wconf 89' lang='lat' dir='ltr'><strong>modo</strong></span> <span class='ocrx_word' id='word_1_595' title='bbox 2816 3338 2968 3392; x_wconf 90' lang='lat' dir='ltr'><strong>libris</strong></span> <span class='ocrx_word' id='word_1_596' title='bbox 2996 3340 3231 3407; x_wconf 82' lang='lat' dir='ltr'><strong>antiquis</strong></span> <span class='ocrx_word' id='word_1_597' title='bbox 3254 3340 3557 3408; x_wconf 70' lang='lat' dir='ltr'><strong>iuvaretur.</strong></span> <span class='ocrx_word' id='word_1_598' title='bbox 3584 3340 3760 3409; x_wconf 75' lang='lat' dir='ltr'><strong>Magis</strong></span> 
     </span>
    </p>
   </div>
   <div class='ocr_carea' id='block_1_85' title="bbox 2158 3409 3744 3479">
    <p class='ocr_par' dir='ltr' id='par_1_85' title="bbox 2158 3409 3744 3479">
     <span class='ocr_line' id='line_1_85' title="bbox 2158 3409 3744 3479; baseline 0.004 -21"><span class='ocrx_word' id='word_1_599' title='bbox 2158 3412 2333 3479; x_wconf 78' lang='lat' dir='ltr'><strong>placet</strong></span> <span class='ocrx_word' id='word_1_600' title='bbox 2376 3410 2683 3463; x_wconf 81' lang='lat' dir='ltr'><strong>emendatio</strong></span> <span class='ocrx_word' id='word_1_601' title='bbox 2708 3410 3080 3477; x_wconf 80' lang='lat' dir='ltr'><strong>Oudendorpii</strong></span> <span class='ocrx_word' id='word_1_602' title='bbox 3114 3409 3180 3464; x_wconf 80' lang='lat' dir='ltr'><strong>ad</strong></span> <span class='ocrx_word' id='word_1_603' title='bbox 3212 3411 3423 3479; x_wconf 78' lang='lat' dir='ltr'><strong>Apulei.</strong></span> <span class='ocrx_word' id='word_1_604' title='bbox 3459 3410 3606 3475; x_wconf 77' lang='lat' dir='ltr'><strong>Met.,</strong></span> <span class='ocrx_word' id='word_1_605' title='bbox 3642 3411 3744 3465; x_wconf 85' lang='lat' dir='ltr'><strong>lib.</strong></span> 
     </span>
    </p>
   </div>
   <div class='ocr_carea' id='block_1_86' title="bbox 2160 3479 3763 3551">
    <p class='ocr_par' dir='ltr' id='par_1_86' title="bbox 2160 3479 3763 3551">
     <span class='ocr_line' id='line_1_86' title="bbox 2160 3479 3763 3551; baseline 0.001 -16"><span class='ocrx_word' id='word_1_606' title='bbox 2160 3496 2256 3546; x_wconf 79' lang='lat' dir='ltr'><strong>vn,</strong></span> <span class='ocrx_word' id='word_1_607' title='bbox 2289 3497 2409 3551; x_wconf 84' lang='lat' dir='ltr'><strong>pag.</strong></span> <span class='ocrx_word' id='word_1_608' title='bbox 2449 3480 2554 3534; x_wconf 68' lang='grc'><strong>467</strong></span> <span class='ocrx_word' id='word_1_609' title='bbox 2585 3497 2597 3531; x_wconf 86' lang='lat'><strong>:</strong></span> <span class='ocrx_word' id='word_1_610' title='bbox 2630 3483 2891 3549; x_wconf 77' lang='lat' dir='ltr'><strong>legentis,</strong></span> <span class='ocrx_word' id='word_1_611' title='bbox 2922 3479 3051 3535; x_wconf 86' lang='lat' dir='ltr'><strong>Cum</strong></span> <span class='ocrx_word' id='word_1_612' title='bbox 3091 3482 3226 3535; x_wconf 84' lang='lat' dir='ltr'><strong>enim</strong></span> <span class='ocrx_word' id='word_1_613' title='bbox 3261 3484 3325 3536; x_wconf 86' lang='lat' dir='ltr'><strong>de</strong></span> <span class='ocrx_word' id='word_1_614' title='bbox 3349 3483 3635 3535; x_wconf 86' lang='lat' dir='ltr'><strong>animarum</strong></span> <span class='ocrx_word' id='word_1_615' title='bbox 3664 3498 3763 3551; x_wconf 83' lang='lat' dir='ltr'><strong>pe-</strong></span> 
     </span>
    </p>
   </div>
   <div class='ocr_carea' id='block_1_87' title="bbox 2155 3552 3759 3619">
    <p class='ocr_par' dir='ltr' id='par_1_87' title="bbox 2155 3552 3759 3619">
     <span class='ocr_line' id='line_1_87' title="bbox 2155 3552 3759 3619; baseline 0.001 -14"><span class='ocrx_word' id='word_1_616' title='bbox 2155 3554 2332 3605; x_wconf 85' lang='lat' dir='ltr'><strong>riculis</strong></span> <span class='ocrx_word' id='word_1_617' title='bbox 2356 3553 2539 3608; x_wconf 78' lang='lat' dir='ltr'><strong>multa.</strong></span> <span class='ocrx_word' id='word_1_618' title='bbox 2591 3553 2754 3605; x_wconf 76' lang='lat' dir='ltr'><strong>multa</strong></span> <span class='ocrx_word' id='word_1_619' title='bbox 2790 3552 2854 3605; x_wconf 80' lang='lat' dir='ltr'><strong>de</strong></span> <span class='ocrx_word' id='word_1_620' title='bbox 2882 3553 3194 3606; x_wconf 74' lang='lat' dir='ltr'><strong>medelarum</strong></span> <span class='ocrx_word' id='word_1_621' title='bbox 3238 3564 3425 3607; x_wconf 84' lang='lat' dir='ltr'><strong>natura</strong></span> <span class='ocrx_word' id='word_1_622' title='bbox 3449 3554 3759 3619; x_wconf 82' lang='lat' dir='ltr'><strong>insinuaret,</strong></span> 
     </span>
    </p>
   </div>
   <div class='ocr_carea' id='block_1_88' title="bbox 2158 3622 3761 3694">
    <p class='ocr_par' dir='ltr' id='par_1_88' title="bbox 2158 3622 3761 3694">
     <span class='ocr_line' id='line_1_88' title="bbox 2158 3622 3761 3694; baseline 0.003 -19"><span class='ocrx_word' id='word_1_623' title='bbox 2158 3625 2398 3692; x_wconf 78' lang='lat' dir='ltr'><strong>magister</strong></span> <span class='ocrx_word' id='word_1_624' title='bbox 2423 3634 2573 3692; x_wconf 87' lang='lat' dir='ltr'><strong>atque</strong></span> <span class='ocrx_word' id='word_1_625' title='bbox 2596 3634 2793 3685; x_wconf 83' lang='lat' dir='ltr'><strong>auctor,</strong></span> <span class='ocrx_word' id='word_1_626' title='bbox 2823 3633 2927 3677; x_wconf 85' lang='lat' dir='ltr'><strong>etc.</strong></span> <span class='ocrx_word' id='word_1_627' title='bbox 2977 3622 3252 3677; x_wconf 83' lang='lat' dir='ltr'><strong>Insinuare</strong></span> <span class='ocrx_word' id='word_1_628' title='bbox 3296 3624 3439 3694; x_wconf 87' lang='lat' dir='ltr'><strong>apud</strong></span> <span class='ocrx_word' id='word_1_629' title='bbox 3484 3625 3626 3677; x_wconf 84' lang='lat' dir='ltr'><strong>illius</strong></span> <span class='ocrx_word' id='word_1_630' title='bbox 3655 3629 3761 3680; x_wconf 70' lang='lat' dir='ltr'><strong>aevi</strong></span> 
     </span>
    </p>
   </div>
   <div class='ocr_carea' id='block_1_89' title="bbox 2122 3694 3757 3766">
    <p class='ocr_par' dir='ltr' id='par_1_89' title="bbox 2122 3694 3757 3766">
     <span class='ocr_line' id='line_1_89' title="bbox 2122 3694 3757 3766; baseline 0.004 -20"><span class='ocrx_word' id='word_1_631' title='bbox 2122 3694 2449 3766; x_wconf 67' lang='lat' dir='ltr'><strong>&#39;scriptores</strong></span> <span class='ocrx_word' id='word_1_632' title='bbox 2490 3697 2695 3766; x_wconf 66' lang='lat' dir='ltr'><strong>sacpius</strong></span> <span class='ocrx_word' id='word_1_633' title='bbox 2737 3695 2878 3749; x_wconf 77' lang='lat' dir='ltr'><strong>idem</strong></span> <span class='ocrx_word' id='word_1_634' title='bbox 2924 3696 3065 3766; x_wconf 80' lang='lat' dir='ltr'><strong>quod</strong></span> <span class='ocrx_word' id='word_1_635' title='bbox 3108 3696 3368 3754; x_wconf 82' lang='lat' dir='ltr'><strong>indicare.</strong></span> <span class='ocrx_word' id='word_1_636' title='bbox 3415 3696 3617 3751; x_wconf 85' lang='lat' dir='ltr'><strong>docere.</strong></span> <span class='ocrx_word' id='word_1_637' title='bbox 3662 3695 3757 3752; x_wconf 88' lang='lat' dir='ltr'><strong>Sic</strong></span> 
     </span>
    </p>
   </div>
   <div class='ocr_carea' id='block_1_90' title="bbox 2155 3764 3757 3834">
    <p class='ocr_par' dir='ltr' id='par_1_90' title="bbox 2155 3764 3757 3834">
     <span class='ocr_line' id='line_1_90' title="bbox 2155 3764 3757 3834; baseline 0.001 -16"><span class='ocrx_word' id='word_1_638' title='bbox 2155 3765 2270 3834; x_wconf 86' lang='lat' dir='ltr'><strong>ipse</strong></span> <span class='ocrx_word' id='word_1_639' title='bbox 2302 3765 2587 3825; x_wconf 75' lang='lat' dir='ltr'><strong>Arnobius,</strong></span> <span class='ocrx_word' id='word_1_640' title='bbox 2615 3764 2749 3818; x_wconf 82' lang='lat' dir='ltr'><strong>infra</strong></span> <span class='ocrx_word' id='word_1_641' title='bbox 2774 3765 2870 3820; x_wconf 88' lang='lat' dir='ltr'><strong>lib.</strong></span> <span class='ocrx_word' id='word_1_642' title='bbox 2899 3764 2957 3826; x_wconf 77' lang='lat' dir='ltr'><strong>tt,</strong></span> <span class='ocrx_word' id='word_1_643' title='bbox 2981 3782 3101 3834; x_wconf 88' lang='lat' dir='ltr'><strong>cap.</strong></span> <span class='ocrx_word' id='word_1_644' title='bbox 3128 3766 3196 3820; x_wconf 77' lang='lat' dir='ltr'><strong>i9</strong></span> <span class='ocrx_word' id='word_1_645' title='bbox 3224 3785 3235 3820; x_wconf 88' lang='lat'><strong><em>:</em></strong></span> <span class='ocrx_word' id='word_1_646' title='bbox 3265 3766 3405 3833; x_wconf 84' lang='lat' dir='ltr'><strong>Quid</strong></span> <span class='ocrx_word' id='word_1_647' title='bbox 3425 3768 3558 3821; x_wconf 87' lang='lat' dir='ltr'><strong>enim</strong></span> <span class='ocrx_word' id='word_1_648' title='bbox 3585 3768 3757 3834; x_wconf 83' lang='lat' dir='ltr'><strong>aliud,</strong></span> 
     </span>
    </p>
   </div>
   <div class='ocr_carea' id='block_1_91' title="bbox 2156 3836 3754 3908">
    <p class='ocr_par' dir='ltr' id='par_1_91' title="bbox 2156 3836 3754 3908">
     <span class='ocr_line' id='line_1_91' title="bbox 2156 3836 3754 3908; baseline 0.003 -19"><span class='ocrx_word' id='word_1_649' title='bbox 2156 3853 2212 3889; x_wconf 83' lang='lat' dir='ltr'><strong>se</strong></span> <span class='ocrx_word' id='word_1_650' title='bbox 2237 3837 2487 3908; x_wconf 80' lang='lat' dir='ltr'><strong>spondent</strong></span> <span class='ocrx_word' id='word_1_651' title='bbox 2515 3836 2593 3889; x_wconf 78' lang='lat' dir='ltr'><strong>vel</strong></span> <span class='ocrx_word' id='word_1_652' title='bbox 2619 3838 2881 3890; x_wconf 78' lang='lat' dir='ltr'><strong>insinuare</strong></span> <span class='ocrx_word' id='word_1_653' title='bbox 2923 3853 3068 3905; x_wconf 82' lang='lat' dir='ltr'><strong>posse</strong></span> <span class='ocrx_word' id='word_1_654' title='bbox 3104 3837 3182 3890; x_wconf 82' lang='lat' dir='ltr'><strong>vel</strong></span> <span class='ocrx_word' id='word_1_655' title='bbox 3221 3838 3442 3894; x_wconf 84' lang='lat' dir='ltr'><strong>tradere.</strong></span> <span class='ocrx_word' id='word_1_656' title='bbox 3470 3848 3526 3893; x_wconf 87' lang='lat' dir='ltr'><strong>et</strong></span> <span class='ocrx_word' id='word_1_657' title='bbox 3562 3838 3658 3892; x_wconf 90' lang='lat' dir='ltr'><strong>lib.</strong></span> <span class='ocrx_word' id='word_1_658' title='bbox 3697 3855 3754 3908; x_wconf 80' lang='grc' dir='ltr'><strong>ν,</strong></span> 
     </span>
    </p>
   </div>
   <div class='ocr_carea' id='block_1_92' title="bbox 2157 3906 3756 3976">
    <p class='ocr_par' dir='ltr' id='par_1_92' title="bbox 2157 3906 3756 3976">
     <span class='ocr_line' id='line_1_92' title="bbox 2157 3906 3756 3976; baseline 0.004 -17"><span class='ocrx_word' id='word_1_659' title='bbox 2157 3906 2275 3976; x_wconf 81' lang='lat' dir='ltr'><strong>cap.</strong></span> <span class='ocrx_word' id='word_1_660' title='bbox 2305 3906 2359 3961; x_wconf 71' lang='grc'><strong>2.</strong></span> <span class='ocrx_word' id='word_1_661' title='bbox 2396 3906 2504 3961; x_wconf 84' lang='lat' dir='ltr'><strong>Pro</strong></span> <span class='ocrx_word' id='word_1_662' title='bbox 2532 3909 2661 3961; x_wconf 80' lang='lat' dir='ltr'><strong>veris</strong></span> <span class='ocrx_word' id='word_1_663' title='bbox 2692 3918 2738 3960; x_wconf 86' lang='lat' dir='ltr'><strong>et</strong></span> <span class='ocrx_word' id='word_1_664' title='bbox 2764 3909 2895 3960; x_wconf 67' lang='lat' dir='ltr'><strong>velut</strong></span> <span class='ocrx_word' id='word_1_665' title='bbox 2926 3908 3169 3973; x_wconf 78' lang='lat' dir='ltr'><strong>quiddam</strong></span> <span class='ocrx_word' id='word_1_666' title='bbox 3206 3908 3441 3963; x_wconf 80' lang='lat' dir='ltr'><strong>mirabtle</strong></span> <span class='ocrx_word' id='word_1_667' title='bbox 3469 3906 3756 3965; x_wconf 75' lang='lat' dir='ltr'><strong>insinuare.</strong></span> 
     </span>
    </p>
   </div>
   <div class='ocr_carea' id='block_1_93' title="bbox 2161 3977 3757 4051">
    <p class='ocr_par' dir='ltr' id='par_1_93' title="bbox 2161 3977 3757 4051">
     <span class='ocr_line' id='line_1_93' title="bbox 2161 3977 3757 4051; baseline -0.001 -19"><span class='ocrx_word' id='word_1_668' title='bbox 2161 3979 2343 4051; x_wconf 71' lang='lat' dir='ltr'><strong>Dictys</strong></span> <span class='ocrx_word' id='word_1_669' title='bbox 2372 3978 2672 4044; x_wconf 85' lang='lat' dir='ltr'><strong>Cretensis,</strong></span> <span class='ocrx_word' id='word_1_670' title='bbox 2719 3979 2786 4031; x_wconf 86' lang='lat' dir='ltr'><strong>de</strong></span> <span class='ocrx_word' id='word_1_671' title='bbox 2829 3977 2979 4051; x_wconf 82' lang='lat' dir='ltr'><strong>Bello</strong></span> <span class='ocrx_word' id='word_1_672' title='bbox 3008 3979 3268 4048; x_wconf 83' lang='lat' dir='ltr'><strong>Trojano.</strong></span> <span class='ocrx_word' id='word_1_673' title='bbox 3313 3979 3405 4035; x_wconf 82' lang='lat' dir='ltr'><strong>lib.</strong></span> <span class='ocrx_word' id='word_1_674' title='bbox 3441 3995 3499 4039; x_wconf 82' lang='grc' dir='ltr'>ιι,</span> <span class='ocrx_word' id='word_1_675' title='bbox 3544 3995 3663 4049; x_wconf 86' lang='lat' dir='ltr'><strong>cap.</strong></span> <span class='ocrx_word' id='word_1_676' title='bbox 3694 3981 3757 4036; x_wconf 85' lang='lat'><strong>9.</strong></span> 
     </span>
    </p>
   </div>
   <div class='ocr_carea' id='block_1_94' title="bbox 2157 4049 3754 4120">
    <p class='ocr_par' dir='ltr' id='par_1_94' title="bbox 2157 4049 3754 4120">
     <span class='ocr_line' id='line_1_94' title="bbox 2157 4049 3754 4120; baseline 0.001 -16"><span class='ocrx_word' id='word_1_677' title='bbox 2157 4049 2216 4104; x_wconf 82' lang='lat' dir='ltr'><strong>Is</strong></span> <span class='ocrx_word' id='word_1_678' title='bbox 2256 4049 2473 4120; x_wconf 77' lang='lat' dir='ltr'><strong>namque</strong></span> <span class='ocrx_word' id='word_1_679' title='bbox 2517 4060 2622 4101; x_wconf 82' lang='lat' dir='ltr'><strong>tum</strong></span> <span class='ocrx_word' id='word_1_680' title='bbox 2668 4057 2842 4102; x_wconf 66' lang='lat' dir='ltr'><strong>intesta</strong></span> <span class='ocrx_word' id='word_1_681' title='bbox 2874 4050 3014 4103; x_wconf 77' lang='lat' dir='ltr'><strong>luctu</strong></span> <span class='ocrx_word' id='word_1_682' title='bbox 3041 4051 3413 4120; x_wconf 75' lang='lat' dir='ltr'><strong>Agamemnoni</strong></span> <span class='ocrx_word' id='word_1_683' title='bbox 3457 4052 3754 4118; x_wconf 83' lang='lat' dir='ltr'><strong>insinuans,</strong></span> 
     </span>
    </p>
   </div>
   <div class='ocr_carea' id='block_1_95' title="bbox 2156 4121 3753 4192">
    <p class='ocr_par' dir='ltr' id='par_1_95' title="bbox 2156 4121 3753 4192">
     <span class='ocr_line' id='line_1_95' title="bbox 2156 4121 3753 4192; baseline 0.003 -19"><span class='ocrx_word' id='word_1_684' title='bbox 2156 4138 2272 4191; x_wconf 71' lang='lat' dir='ltr'><strong>qum</strong></span> <span class='ocrx_word' id='word_1_685' title='bbox 2308 4123 2443 4175; x_wconf 88' lang='lat' dir='ltr'><strong>circa</strong></span> <span class='ocrx_word' id='word_1_686' title='bbox 2472 4121 2639 4189; x_wconf 80' lang='lat' dir='ltr'><strong>ﬁlium</strong></span> <span class='ocrx_word' id='word_1_687' title='bbox 2685 4122 2798 4192; x_wconf 65' lang='lat' dir='ltr'><strong>ejus</strong></span> <span class='ocrx_word' id='word_1_688' title='bbox 2826 4122 3127 4175; x_wconf 71' lang='lat' dir='ltr'><strong>evenissent.</strong></span> <span class='ocrx_word' id='word_1_689' title='bbox 3175 4122 3241 4175; x_wconf 88' lang='lat' dir='ltr'><strong>Et</strong></span> <span class='ocrx_word' id='word_1_690' title='bbox 3284 4121 3377 4175; x_wconf 90' lang='lat' dir='ltr'><strong>lib.</strong></span> <span class='ocrx_word' id='word_1_691' title='bbox 3416 4139 3472 4187; x_wconf 85' lang='lat' dir='ltr'><strong>v,</strong></span> <span class='ocrx_word' id='word_1_692' title='bbox 3504 4138 3625 4192; x_wconf 82' lang='lat' dir='ltr'><strong>cap.</strong></span> <span class='ocrx_word' id='word_1_693' title='bbox 3660 4124 3753 4186; x_wconf 70' lang='grc' dir='ltr'><strong>Η,</strong></span> 
     </span>
    </p>
   </div>
   <div class='ocr_carea' id='block_1_96' title="bbox 2156 4192 3761 4262">
    <p class='ocr_par' dir='ltr' id='par_1_96' title="bbox 2156 4192 3761 4262">
     <span class='ocr_line' id='line_1_96' title="bbox 2156 4192 3761 4262; baseline 0.002 -17"><span class='ocrx_word' id='word_1_694' title='bbox 2156 4210 2251 4245; x_wconf 81' lang='lat' dir='ltr'><strong>sua</strong></span> <span class='ocrx_word' id='word_1_695' title='bbox 2292 4194 2480 4262; x_wconf 80' lang='lat' dir='ltr'><strong>quippe</strong></span> <span class='ocrx_word' id='word_1_696' title='bbox 2518 4208 2673 4259; x_wconf 80' lang='lat' dir='ltr'><strong>opera</strong></span> <span class='ocrx_word' id='word_1_697' title='bbox 2713 4192 3089 4245; x_wconf 78' lang='lat' dir='ltr'><strong>insinuantibus</strong></span> <span class='ocrx_word' id='word_1_698' title='bbox 3135 4193 3190 4245; x_wconf 87' lang='lat' dir='ltr'><strong>id</strong></span> <span class='ocrx_word' id='word_1_699' title='bbox 3234 4194 3481 4247; x_wconf 84' lang='lat' dir='ltr'><strong>ablatum.</strong></span> <span class='ocrx_word' id='word_1_700' title='bbox 3528 4193 3674 4259; x_wconf 78' lang='lat' dir='ltr'><strong>Mihi,</strong></span> <span class='ocrx_word' id='word_1_701' title='bbox 3708 4194 3761 4249; x_wconf 88' lang='lat' dir='ltr'><strong>si</strong></span> 
     </span>
    </p>
   </div>
   <div class='ocr_carea' id='block_1_97' title="bbox 2156 4263 3757 4333">
    <p class='ocr_par' dir='ltr' id='par_1_97' title="bbox 2156 4263 3757 4333">
     <span class='ocr_line' id='line_1_97' title="bbox 2156 4263 3757 4333; baseline 0.002 -17"><span class='ocrx_word' id='word_1_702' title='bbox 2156 4264 2283 4333; x_wconf 82' lang='lat' dir='ltr'><strong>quid</strong></span> <span class='ocrx_word' id='word_1_703' title='bbox 2320 4275 2529 4317; x_wconf 73' lang='lat' dir='ltr'><strong>tentare</strong></span> <span class='ocrx_word' id='word_1_704' title='bbox 2577 4263 2756 4324; x_wconf 82' lang='lat' dir='ltr'><strong>liceat,</strong></span> <span class='ocrx_word' id='word_1_705' title='bbox 2791 4274 2911 4331; x_wconf 89' lang='lat' dir='ltr'><strong>post</strong></span> <span class='ocrx_word' id='word_1_706' title='bbox 2959 4266 3182 4318; x_wconf 85' lang='lat' dir='ltr'><strong>verbum</strong></span> <span class='ocrx_word' id='word_1_707' title='bbox 3225 4264 3516 4318; x_wconf 79' lang='lat' dir='ltr'><strong>insinuatur</strong></span> <span class='ocrx_word' id='word_1_708' title='bbox 3537 4267 3757 4320; x_wconf 83' lang='lat' dir='ltr'><strong>videtur</strong></span> 
     </span>
    </p>
   </div>
   <div class='ocr_carea' id='block_1_98' title="bbox 2157 4334 3763 4405">
    <p class='ocr_par' dir='ltr' id='par_1_98' title="bbox 2157 4334 3763 4405">
     <span class='ocr_line' id='line_1_98' title="bbox 2157 4334 3763 4405; baseline 0.002 -16"><span class='ocrx_word' id='word_1_709' title='bbox 2157 4350 2280 4389; x_wconf 86' lang='lat' dir='ltr'><strong>esse</strong></span> <span class='ocrx_word' id='word_1_710' title='bbox 2327 4335 2532 4405; x_wconf 80' lang='lat' dir='ltr'><strong>aliquot</strong></span> <span class='ocrx_word' id='word_1_711' title='bbox 2584 4334 2847 4387; x_wconf 83' lang='lat' dir='ltr'><strong>linearum</strong></span> <span class='ocrx_word' id='word_1_712' title='bbox 2901 4334 3128 4395; x_wconf 86' lang='lat' dir='ltr'><strong>lacuna,</strong></span> <span class='ocrx_word' id='word_1_713' title='bbox 3186 4344 3241 4389; x_wconf 88' lang='lat' dir='ltr'><strong>et</strong></span> <span class='ocrx_word' id='word_1_714' title='bbox 3290 4335 3437 4405; x_wconf 89' lang='lat' dir='ltr'><strong>prius</strong></span> <span class='ocrx_word' id='word_1_715' title='bbox 3493 4336 3763 4392; x_wconf 74' lang='lat' dir='ltr'><strong>orationis</strong></span> 
     </span>
    </p>
   </div>
   <div class='ocr_carea' id='block_1_99' title="bbox 451 4400 3762 4485">
    <p class='ocr_par' dir='ltr' id='par_1_99' title="bbox 451 4400 3762 4485">
     <span class='ocr_line' id='line_1_99' title="bbox 451 4400 3762 4485; baseline 0 -25"><span class='ocrx_word' id='word_1_716' title='bbox 451 4408 692 4485; x_wconf 77' lang='lat' dir='ltr'><strong>incedens</strong></span> <span class='ocrx_word' id='word_1_717' title='bbox 718 4400 1095 4485; x_wconf 68' lang='lat' dir='ltr'><strong>dissignaverit,</strong></span> <span class='ocrx_word' id='word_1_718' title='bbox 1142 4406 1351 4485; x_wconf 51' lang='lat' dir='ltr'><strong>dixerit,</strong></span> <span class='ocrx_word' id='word_1_719' title='bbox 1377 4423 1478 4476; x_wconf 87' lang='lat' dir='ltr'><strong>quo</strong></span> <span class='ocrx_word' id='word_1_720' title='bbox 1506 4406 1712 4485; x_wconf 81' lang='lat' dir='ltr'><strong>illorum</strong></span> <span class='ocrx_word' id='word_1_721' title='bbox 1738 4400 2052 4458; x_wconf 75' lang='lat' dir='ltr'><strong>ininueretur</strong></span> <span class='ocrx_word' id='word_1_722' title='bbox 2075 4425 2129 4485; x_wconf 81' lang='lat' dir='ltr'><strong>D</strong></span> <span class='ocrx_word' id='word_1_723' title='bbox 2156 4400 2462 4485; x_wconf 77' lang='lat' dir='ltr'><strong>membrum</strong></span> <span class='ocrx_word' id='word_1_724' title='bbox 2496 4404 2726 4485; x_wconf 65' lang='lat' dir='ltr'><strong>fortasse</strong></span> <span class='ocrx_word' id='word_1_725' title='bbox 2769 4408 2843 4485; x_wconf 60' lang='lat' dir='ltr'><strong>ita</strong></span> <span class='ocrx_word' id='word_1_726' title='bbox 2885 4400 3322 4485; x_wconf 35' lang='lat' dir='ltr'><strong>resri‘tue‘ndum&#39;:</strong></span> <span class='ocrx_word' id='word_1_727' title='bbox 3353 4406 3479 4485; x_wconf 75' lang='lat' dir='ltr'><strong>Cum</strong></span> <span class='ocrx_word' id='word_1_728' title='bbox 3525 4409 3661 4485; x_wconf 76' lang='lat' dir='ltr'><strong>enim</strong></span> <span class='ocrx_word' id='word_1_729' title='bbox 3692 4408 3762 4485; x_wconf 71' lang='lat' dir='ltr'><strong>de</strong></span> 
     </span>
    </p>
   </div>
   <div class='ocr_carea' id='block_1_100' title="bbox 453 4477 2044 4546">
    <p class='ocr_par' dir='ltr' id='par_1_100' title="bbox 453 4477 2044 4546">
     <span class='ocr_line' id='line_1_100' title="bbox 453 4477 2044 4546; baseline -0.003 -14"><span class='ocrx_word' id='word_1_730' title='bbox 453 4479 751 4532; x_wconf 82' lang='lat' dir='ltr'><strong>auctoritas.</strong></span> <span class='ocrx_word' id='word_1_731' title='bbox 781 4478 853 4531; x_wconf 88' lang='lat' dir='ltr'><strong>lta</strong></span> <span class='ocrx_word' id='word_1_732' title='bbox 883 4477 1191 4546; x_wconf 85' lang='lat' dir='ltr'><strong>dissignare,</strong></span> <span class='ocrx_word' id='word_1_733' title='bbox 1226 4477 1538 4546; x_wconf 85' lang='lat' dir='ltr'><strong>dissignator</strong></span> <span class='ocrx_word' id='word_1_734' title='bbox 1566 4478 1769 4546; x_wconf 54' lang='lat' dir='ltr'><strong>passim</strong></span> <span class='ocrx_word' id='word_1_735' title='bbox 1795 4491 1879 4544; x_wconf 84' lang='lat' dir='ltr'><strong>ap.</strong></span> <span class='ocrx_word' id='word_1_736' title='bbox 1916 4492 2044 4528; x_wconf 84' lang='lat' dir='ltr'><strong>nos-</strong></span> 
     </span>
    </p>
   </div>
   <div class='ocr_carea' id='block_1_101' title="bbox 453 4494 2048 4617">
    <p class='ocr_par' dir='ltr' id='par_1_101' title="bbox 453 4494 2048 4617">
     <span class='ocr_line' id='line_1_101' title="bbox 453 4494 2044 4546; baseline -0.003 -14"><span class='ocrx_word' id='word_1_737' title='bbox 453 4494 751 4532; x_wconf 76' lang='lat' dir='ltr'><strong>aacrorrtas.</strong></span> <span class='ocrx_word' id='word_1_738' title='bbox 782 4494 853 4531; x_wconf 88' lang='lat' dir='ltr'><strong>tta</strong></span> <span class='ocrx_word' id='word_1_739' title='bbox 883 4494 1007 4530; x_wconf 80' lang='lat' dir='ltr'><strong>arsst</strong></span> <span class='ocrx_word' id='word_1_740' title='bbox 1049 4494 1191 4536; x_wconf 85' lang='lat' dir='ltr'><strong>nare,</strong></span> <span class='ocrx_word' id='word_1_741' title='bbox 1226 4494 1538 4546; x_wconf 77' lang='lat' dir='ltr'><strong>dissignator</strong></span> <span class='ocrx_word' id='word_1_742' title='bbox 1566 4494 1763 4543; x_wconf 61' lang='grc' dir='ltr'>νειμειιη</span> <span class='ocrx_word' id='word_1_743' title='bbox 1795 4494 1879 4544; x_wconf 84' lang='lat' dir='ltr'><strong>ap.</strong></span> <span class='ocrx_word' id='word_1_744' title='bbox 1916 4494 2044 4528; x_wconf 85' lang='lat' dir='ltr'><strong>nos-</strong></span> 
     </span>
     <span class='ocr_line' id='line_1_102' title="bbox 453 4494 2048 4617; baseline -0.001 -13"><span class='ocrx_word' id='word_1_745' title='bbox 453 4559 615 4604; x_wconf 86' lang='lat' dir='ltr'><strong>trum.</strong></span> <span class='ocrx_word' id='word_1_746' title='bbox 642 4548 871 4604; x_wconf 83' lang='lat' dir='ltr'><strong>Gesner.</strong></span> <span class='ocrx_word' id='word_1_747' title='bbox 908 4551 958 4601; x_wconf 89' lang='lat' dir='ltr'><strong>in</strong></span> <span class='ocrx_word' id='word_1_748' title='bbox 982 4494 1263 4601; x_wconf 61' lang='lat' dir='ltr'><strong>&#39;lgttesauro</strong></span> <span class='ocrx_word' id='word_1_749' title='bbox 1283 4547 1568 4617; x_wconf 72' lang='lat' dir='ltr'><strong>dissignari:</strong></span> <span class='ocrx_word' id='word_1_750' title='bbox 1590 4555 1739 4613; x_wconf 85' lang='lat' dir='ltr'><strong>putat</strong></span> <span class='ocrx_word' id='word_1_751' title='bbox 1760 4544 1901 4599; x_wconf 82' lang='lat' dir='ltr'><strong>idem</strong></span> <span class='ocrx_word' id='word_1_752' title='bbox 1926 4561 2048 4602; x_wconf 79' lang='lat' dir='ltr'><strong>esse</strong></span> 
     </span>
    </p>
   </div>
   <div class='ocr_carea' id='block_1_102' title="bbox 451 4617 2045 4692">
    <p class='ocr_par' dir='ltr' id='par_1_102' title="bbox 451 4617 2045 4692">
     <span class='ocr_line' id='line_1_103' title="bbox 451 4617 2045 4692; baseline -0.003 -17"><span class='ocrx_word' id='word_1_753' title='bbox 451 4622 592 4692; x_wconf 85' lang='lat' dir='ltr'><strong>quod</strong></span> <span class='ocrx_word' id='word_1_754' title='bbox 618 4620 905 4692; x_wconf 79' lang='lat' dir='ltr'><strong>designare.</strong></span> <span class='ocrx_word' id='word_1_755' title='bbox 935 4619 1192 4692; x_wconf 83' lang='lat' dir='ltr'><strong>Equidem</strong></span> <span class='ocrx_word' id='word_1_756' title='bbox 1219 4618 1565 4692; x_wconf 77' lang='lat' dir='ltr'><strong>crediderint,</strong></span> <span class='ocrx_word' id='word_1_757' title='bbox 1600 4617 1843 4670; x_wconf 85' lang='lat' dir='ltr'><strong>nomtthtl</strong></span> <span class='ocrx_word' id='word_1_758' title='bbox 1876 4618 2045 4692; x_wconf 77' lang='lat' dir='ltr'><strong>inter-</strong></span> 
     </span>
    </p>
   </div>
   <div class='ocr_carea' id='block_1_103' title="bbox 452 4686 2045 4761">
    <p class='ocr_par' dir='ltr' id='par_1_103' title="bbox 452 4686 2045 4761">
     <span class='ocr_line' id='line_1_104' title="bbox 452 4686 2045 4761; baseline -0.003 -16"><span class='ocrx_word' id='word_1_759' title='bbox 452 4686 591 4752; x_wconf 72' lang='lat' dir='ltr'><strong>esse.</strong></span> <span class='ocrx_word' id='word_1_760' title='bbox 631 4706 685 4745; x_wconf 91' lang='lat' dir='ltr'><strong>ut</strong></span> <span class='ocrx_word' id='word_1_761' title='bbox 711 4686 781 4745; x_wconf 74' lang='lat' dir='ltr'><strong>sit</strong></span> <span class='ocrx_word' id='word_1_762' title='bbox 810 4686 1265 4761; x_wconf 85' lang='lat' dir='ltr'><strong>dissignareidem</strong></span> <span class='ocrx_word' id='word_1_763' title='bbox 1294 4690 1435 4759; x_wconf 87' lang='lat' dir='ltr'><strong>quod</strong></span> <span class='ocrx_word' id='word_1_764' title='bbox 1478 4688 1813 4761; x_wconf 56' lang='lat' dir='ltr'><strong>dispescere,</strong></span> <span class='ocrx_word' id='word_1_765' title='bbox 1856 4686 2045 4743; x_wconf 76' lang='lat' dir='ltr'><strong>distri-</strong></span> 
     </span>
    </p>
   </div>
   <div class='ocr_carea' id='block_1_104' title="bbox 453 4760 2048 4832">
    <p class='ocr_par' dir='ltr' id='par_1_104' title="bbox 453 4760 2048 4832">
     <span class='ocr_line' id='line_1_105' title="bbox 453 4760 2048 4832; baseline -0.003 -13"><span class='ocrx_word' id='word_1_766' title='bbox 453 4764 646 4831; x_wconf 86' lang='lat' dir='ltr'><strong>buere,</strong></span> <span class='ocrx_word' id='word_1_767' title='bbox 681 4766 763 4817; x_wconf 89' lang='lat' dir='ltr'><strong>vel</strong></span> <span class='ocrx_word' id='word_1_768' title='bbox 798 4760 977 4832; x_wconf 79' lang='lat' dir='ltr'><strong>potius</strong></span> <span class='ocrx_word' id='word_1_769' title='bbox 1010 4760 1180 4824; x_wconf 86' lang='lat' dir='ltr'><strong>varia,</strong></span> <span class='ocrx_word' id='word_1_770' title='bbox 1233 4762 1447 4832; x_wconf 76' lang='lat' dir='ltr'><strong>diversa</strong></span> <span class='ocrx_word' id='word_1_771' title='bbox 1479 4760 1799 4832; x_wconf 81' lang='lat' dir='ltr'><strong>designare,</strong></span> <span class='ocrx_word' id='word_1_772' title='bbox 1845 4769 1899 4832; x_wconf 82' lang='lat' dir='ltr'><strong>ut</strong></span> <span class='ocrx_word' id='word_1_773' title='bbox 1945 4764 2048 4814; x_wconf 90' lang='lat' dir='ltr'><strong>hoc</strong></span> 
     </span>
    </p>
   </div>
   <div class='ocr_carea' id='block_1_105' title="bbox 453 4830 2046 4899">
    <p class='ocr_par' dir='ltr' id='par_1_105' title="bbox 453 4830 2046 4899">
     <span class='ocr_line' id='line_1_106' title="bbox 453 4830 2046 4899; baseline -0.004 -10"><span class='ocrx_word' id='word_1_774' title='bbox 453 4836 571 4889; x_wconf 89' lang='lat' dir='ltr'><strong>loco</strong></span> <span class='ocrx_word' id='word_1_775' title='bbox 601 4830 867 4897; x_wconf 69' lang='lat' dir='ltr'><strong>diversos,</strong></span> <span class='ocrx_word' id='word_1_776' title='bbox 916 4833 1240 4899; x_wconf 82' lang='lat' dir='ltr'><strong>multiplices</strong></span> <span class='ocrx_word' id='word_1_777' title='bbox 1281 4831 1572 4886; x_wconf 85' lang='lat' dir='ltr'><strong>cruciatus.</strong></span> <span class='ocrx_word' id='word_1_778' title='bbox 1619 4830 1693 4885; x_wconf 88' lang='lat' dir='ltr'><strong>lta</strong></span> <span class='ocrx_word' id='word_1_779' title='bbox 1731 4830 2046 4899; x_wconf 78' lang='lat' dir='ltr'><strong>dissignato-</strong></span> 
     </span>
    </p>
   </div>
   <div class='ocr_carea' id='block_1_106' title="bbox 450 4850 2047 4971">
    <p class='ocr_par' dir='ltr' id='par_1_106' title="bbox 450 4850 2047 4971">
     <span class='ocr_line' id='line_1_107' title="bbox 453 4850 2046 4899; baseline -0.004 -10"><span class='ocrx_word' id='word_1_780' title='bbox 453 4850 571 4889; x_wconf 90' lang='lat' dir='ltr'><strong>toco</strong></span> <span class='ocrx_word' id='word_1_781' title='bbox 601 4850 867 4897; x_wconf 68' lang='lat' dir='ltr'><strong>utversos,</strong></span> <span class='ocrx_word' id='word_1_782' title='bbox 916 4850 1065 4886; x_wconf 87' lang='lat' dir='ltr'><strong>mmtt</strong></span> <span class='ocrx_word' id='word_1_783' title='bbox 1092 4850 1240 4885; x_wconf 82' lang='lat' dir='ltr'><strong>mces</strong></span> <span class='ocrx_word' id='word_1_784' title='bbox 1281 4850 1572 4886; x_wconf 82' lang='lat' dir='ltr'><strong>cruciatus.</strong></span> <span class='ocrx_word' id='word_1_785' title='bbox 1619 4850 1693 4885; x_wconf 80' lang='lat' dir='ltr'><strong>ita</strong></span> <span class='ocrx_word' id='word_1_786' title='bbox 1731 4850 2046 4899; x_wconf 78' lang='lat' dir='ltr'><strong>arsstgnuto-</strong></span> 
     </span>
     <span class='ocr_line' id='line_1_108' title="bbox 450 4850 2047 4971; baseline -0.004 -11"><span class='ocrx_word' id='word_1_787' title='bbox 450 4924 530 4960; x_wconf 84' lang='lat' dir='ltr'><strong>res</strong></span> <span class='ocrx_word' id='word_1_788' title='bbox 557 4906 877 4961; x_wconf 68' lang='lat' dir='ltr'><strong>dicebantur</strong></span> <span class='ocrx_word' id='word_1_789' title='bbox 903 4905 1042 4971; x_wconf 86' lang='lat' dir='ltr'><strong>apud</strong></span> <span class='ocrx_word' id='word_1_790' title='bbox 1075 4850 1385 4964; x_wconf 53' lang='lat' dir='ltr'><strong>immani»,</strong></span> <span class='ocrx_word' id='word_1_791' title='bbox 1430 4902 1516 4970; x_wconf 88' lang='lat' dir='ltr'><strong>qui</strong></span> <span class='ocrx_word' id='word_1_792' title='bbox 1554 4902 1670 4955; x_wconf 90' lang='lat' dir='ltr'><strong>loca</strong></span> <span class='ocrx_word' id='word_1_793' title='bbox 1718 4903 1768 4954; x_wconf 87' lang='lat' dir='ltr'><strong>itt</strong></span> <span class='ocrx_word' id='word_1_794' title='bbox 1820 4903 2047 4956; x_wconf 86' lang='lat' dir='ltr'><strong>theatris</strong></span> 
     </span>
    </p>
   </div>
   <div class='ocr_carea' id='block_1_107' title="bbox 453 4972 2043 5046">
    <p class='ocr_par' dir='ltr' id='par_1_107' title="bbox 453 4972 2043 5046">
     <span class='ocr_line' id='line_1_109' title="bbox 453 4972 2043 5046; baseline -0.003 -15"><span class='ocrx_word' id='word_1_795' title='bbox 453 4978 847 5046; x_wconf 70' lang='lat' dir='ltr'><strong>spectatoribus</strong></span> <span class='ocrx_word' id='word_1_796' title='bbox 877 4976 1297 5046; x_wconf 22' lang='lat' dir='ltr'><strong>dixtribnebant.</strong></span> <span class='ocrx_word' id='word_1_797' title='bbox 1328 4973 1462 5029; x_wconf 77' lang='lat' dir='ltr'><strong>Vide</strong></span> <span class='ocrx_word' id='word_1_798' title='bbox 1481 4973 1667 5028; x_wconf 82' lang='lat' dir='ltr'><strong>Schol.</strong></span> <span class='ocrx_word' id='word_1_799' title='bbox 1698 4972 1762 5046; x_wconf 82' lang='lat' dir='ltr'><strong>ad</strong></span> <span class='ocrx_word' id='word_1_800' title='bbox 1795 4974 1980 5025; x_wconf 85' lang='lat' dir='ltr'><strong>llorat.</strong></span> <span class='ocrx_word' id='word_1_801' title='bbox 2004 4989 2043 5038; x_wconf 87' lang='lat' dir='ltr'><strong>t,</strong></span> 
     </span>
    </p>
   </div>
   <div class='ocr_carea' id='block_1_108' title="bbox 453 5044 2043 5118">
    <p class='ocr_par' dir='ltr' id='par_1_108' title="bbox 453 5044 2043 5118">
     <span class='ocr_line' id='line_1_110' title="bbox 453 5044 2043 5118; baseline -0.002 -18"><span class='ocrx_word' id='word_1_802' title='bbox 453 5044 611 5118; x_wconf 78' lang='lat' dir='ltr'><strong>epist.</strong></span> <span class='ocrx_word' id='word_1_803' title='bbox 650 5051 713 5111; x_wconf 88' lang='lat'><strong>7,</strong></span> <span class='ocrx_word' id='word_1_804' title='bbox 762 5063 906 5103; x_wconf 83' lang='lat' dir='ltr'><strong>vers.</strong></span> <span class='ocrx_word' id='word_1_805' title='bbox 957 5047 1021 5111; x_wconf 88' lang='lat'><strong>6,</strong></span> <span class='ocrx_word' id='word_1_806' title='bbox 1057 5057 1111 5101; x_wconf 89' lang='lat' dir='ltr'><strong>et</strong></span> <span class='ocrx_word' id='word_1_807' title='bbox 1154 5046 1201 5118; x_wconf 52' lang='grc' dir='ltr'><strong>ξ.</strong></span> <span class='ocrx_word' id='word_1_808' title='bbox 1255 5045 1428 5115; x_wconf 85' lang='lat' dir='ltr'><strong>Lips.,</strong></span> <span class='ocrx_word' id='word_1_809' title='bbox 1455 5047 1555 5118; x_wconf 69' lang='lat' dir='ltr'><strong>de</strong></span> <span class='ocrx_word' id='word_1_810' title='bbox 1594 5044 2003 5118; x_wconf 74' lang='lat' dir='ltr'><strong>\mphitbeatro</strong></span> <span class='ocrx_word' id='word_1_811' title='bbox 2028 5084 2043 5105; x_wconf 93' lang='lat'><strong>,</strong></span> 
     </span>
    </p>
   </div>
   <div class='ocr_carea' id='block_1_109' title="bbox 454 5114 2044 5189">
    <p class='ocr_par' dir='ltr' id='par_1_109' title="bbox 454 5114 2044 5189">
     <span class='ocr_line' id='line_1_111' title="bbox 454 5114 2044 5189; baseline -0.003 -17"><span class='ocrx_word' id='word_1_812' title='bbox 454 5114 572 5187; x_wconf 71' lang='lat' dir='ltr'><strong>cap.</strong></span> <span class='ocrx_word' id='word_1_813' title='bbox 640 5120 727 5183; x_wconf 80' lang='lat' dir='ltr'><strong>l5,</strong></span> <span class='ocrx_word' id='word_1_814' title='bbox 776 5135 900 5189; x_wconf 87' lang='lat' dir='ltr'><strong>pag.</strong></span> <span class='ocrx_word' id='word_1_815' title='bbox 951 5119 1109 5173; x_wconf 78' lang='grc'><strong>1053.</strong></span> <span class='ocrx_word' id='word_1_816' title='bbox 1154 5114 1468 5189; x_wconf 37' lang='grc' dir='ltr'><strong>Ορενζνθιί</strong></span> <span class='ocrx_word' id='word_1_817' title='bbox 1517 5114 1732 5189; x_wconf 62' lang='lat' dir='ltr'><strong>Yesal.,_</strong></span> <span class='ocrx_word' id='word_1_818' title='bbox 1780 5124 1885 5166; x_wconf 89' lang='lat' dir='ltr'><strong>tom</strong></span> <span class='ocrx_word' id='word_1_819' title='bbox 1966 5129 2044 5189; x_wconf 82' lang='lat' dir='ltr'><strong>in.</strong></span> 
     </span>
    </p>
   </div>
   <div class='ocr_carea' id='block_1_110' title="bbox 454 5185 2040 5255">
    <p class='ocr_par' dir='ltr' id='par_1_110' title="bbox 454 5185 2040 5255">
     <span class='ocr_line' id='line_1_112' title="bbox 454 5185 2040 5255; baseline -0.006 -9"><span class='ocrx_word' id='word_1_820' title='bbox 454 5185 657 5246; x_wconf 73' lang='lat' dir='ltr'><strong>UliELL.</strong></span> <span class='ocrx_word' id='word_1_821' title='bbox 688 5220 758 5230; x_wconf 90' lang='lat'><strong>——</strong></span> <span class='ocrx_word' id='word_1_822' title='bbox 780 5185 982 5245; x_wconf 56' lang='lat' dir='ltr'><strong>Nescio</strong></span> <span class='ocrx_word' id='word_1_823' title='bbox 1008 5206 1074 5244; x_wconf 83' lang='lat' dir='ltr'><strong>att</strong></span> <span class='ocrx_word' id='word_1_824' title='bbox 1107 5185 1240 5242; x_wconf 70' lang='lat' dir='ltr'><strong>vana</strong></span> <span class='ocrx_word' id='word_1_825' title='bbox 1271 5188 1419 5241; x_wconf 77' lang='lat' dir='ltr'><strong>sit‘in</strong></span> <span class='ocrx_word' id='word_1_826' title='bbox 1469 5186 1559 5239; x_wconf 77' lang='lat' dir='ltr'><strong>ltili</strong></span> <span class='ocrx_word' id='word_1_827' title='bbox 1610 5185 1825 5253; x_wconf 78' lang='lat' dir='ltr'><strong>quidem</strong></span> <span class='ocrx_word' id='word_1_828' title='bbox 1871 5188 2040 5255; x_wconf 86' lang='lat' dir='ltr'><strong>scrip-</strong></span> 
     </span>
    </p>
   </div>
   <div class='ocr_carea' id='block_1_111' title="bbox 457 5258 2047 5329">
    <p class='ocr_par' dir='ltr' id='par_1_111' title="bbox 457 5258 2047 5329">
     <span class='ocr_line' id='line_1_113' title="bbox 457 5258 2047 5329; baseline -0.004 -13"><span class='ocrx_word' id='word_1_829' title='bbox 457 5274 573 5316; x_wconf 87' lang='lat' dir='ltr'><strong>tore</strong></span> <span class='ocrx_word' id='word_1_830' title='bbox 601 5263 872 5317; x_wconf 58' lang='lat' dir='ltr'><strong>subtilttas</strong></span> <span class='ocrx_word' id='word_1_831' title='bbox 899 5260 1282 5329; x_wconf 84' lang='lat' dir='ltr'><strong>distinguendi,</strong></span> <span class='ocrx_word' id='word_1_832' title='bbox 1316 5259 1644 5326; x_wconf 88' lang='lat' dir='ltr'><strong>omninoque</strong></span> <span class='ocrx_word' id='word_1_833' title='bbox 1678 5258 1875 5329; x_wconf 81' lang='lat' dir='ltr'><strong>rectius</strong></span> <span class='ocrx_word' id='word_1_834' title='bbox 1899 5258 2047 5329; x_wconf 86' lang='lat' dir='ltr'><strong>vide-</strong></span> 
     </span>
    </p>
   </div>
   <div class='ocr_carea' id='block_1_112' title="bbox 456 5327 2047 5400">
    <p class='ocr_par' dir='ltr' id='par_1_112' title="bbox 456 5327 2047 5400">
     <span class='ocr_line' id='line_1_114' title="bbox 456 5327 2047 5400; baseline -0.003 -13"><span class='ocrx_word' id='word_1_835' title='bbox 456 5342 542 5387; x_wconf 88' lang='lat' dir='ltr'><strong>tur</strong></span> <span class='ocrx_word' id='word_1_836' title='bbox 568 5333 791 5387; x_wconf 61' lang='lat' dir='ltr'><strong>Gesneri</strong></span> <span class='ocrx_word' id='word_1_837' title='bbox 819 5327 1102 5400; x_wconf 83' lang='lat' dir='ltr'><strong>judicium.</strong></span> <span class='ocrx_word' id='word_1_838' title='bbox 1130 5330 1300 5384; x_wconf 87' lang='lat' dir='ltr'><strong>Immo</strong></span> <span class='ocrx_word' id='word_1_839' title='bbox 1334 5330 1482 5382; x_wconf 88' lang='lat' dir='ltr'><strong>tnttlti</strong></span> <span class='ocrx_word' id='word_1_840' title='bbox 1514 5327 1845 5400; x_wconf 73' lang='lat' dir='ltr'><strong>recentiores</strong></span> <span class='ocrx_word' id='word_1_841' title='bbox 1870 5328 2047 5382; x_wconf 77' lang='lat' dir='ltr'><strong>medio</strong></span> 
     </span>
    </p>
   </div>
   <div class='ocr_carea' id='block_1_113' title="bbox 455 5398 2042 5470">
    <p class='ocr_par' dir='ltr' id='par_1_113' title="bbox 455 5398 2042 5470">
     <span class='ocr_line' id='line_1_115' title="bbox 455 5398 2042 5470; baseline -0.004 -13"><span class='ocrx_word' id='word_1_842' title='bbox 455 5403 613 5457; x_wconf 71' lang='lat' dir='ltr'><strong>etiam</strong></span> <span class='ocrx_word' id='word_1_843' title='bbox 641 5420 758 5458; x_wconf 73' lang='lat' dir='ltr'><strong>atro</strong></span> <span class='ocrx_word' id='word_1_844' title='bbox 792 5398 993 5457; x_wconf 81' lang='lat' dir='ltr'><strong>librarii</strong></span> <span class='ocrx_word' id='word_1_845' title='bbox 1024 5403 1343 5459; x_wconf 81' lang='lat' dir='ltr'><strong>allectaruut</strong></span> <span class='ocrx_word' id='word_1_846' title='bbox 1371 5400 1621 5470; x_wconf 68' lang='lat' dir='ltr'><strong>diﬁiutre,</strong></span> <span class='ocrx_word' id='word_1_847' title='bbox 1659 5398 2042 5470; x_wconf 49' lang='lat' dir='ltr'><strong>ili/ﬁnitionem,</strong></span> 
     </span>
    </p>
   </div>
   <div class='ocr_carea' id='block_1_114' title="bbox 456 5468 2047 5543">
    <p class='ocr_par' dir='ltr' id='par_1_114' title="bbox 456 5468 2047 5543">
     <span class='ocr_line' id='line_1_116' title="bbox 456 5468 2047 5543; baseline -0.003 -15"><span class='ocrx_word' id='word_1_848' title='bbox 456 5474 764 5543; x_wconf 79' lang='lat' dir='ltr'><strong>dissigaare,</strong></span> <span class='ocrx_word' id='word_1_849' title='bbox 798 5484 882 5530; x_wconf 88' lang='lat' dir='ltr'><strong>etc</strong></span> <span class='ocrx_word' id='word_1_850' title='bbox 931 5490 1027 5543; x_wconf 87' lang='lat' dir='ltr'><strong>pro</strong></span> <span class='ocrx_word' id='word_1_851' title='bbox 1058 5475 1291 5541; x_wconf 82' lang='lat' dir='ltr'><strong>deﬁnire,</strong></span> <span class='ocrx_word' id='word_1_852' title='bbox 1323 5468 1611 5541; x_wconf 36' lang='lat' dir='ltr'><strong>designare.</strong></span> <span class='ocrx_word' id='word_1_853' title='bbox 1644 5468 1927 5543; x_wconf 72' lang='lat' dir='ltr'><strong>Cancrum</strong></span> <span class='ocrx_word' id='word_1_854' title='bbox 1951 5487 2047 5543; x_wconf 83' lang='lat' dir='ltr'><strong>pro</strong></span> 
     </span>
    </p>
   </div>
   <div class='ocr_carea' id='block_1_115' title="bbox 455 5541 2049 5614">
    <p class='ocr_par' dir='ltr' id='par_1_115' title="bbox 455 5541 2049 5614">
     <span class='ocr_line' id='line_1_117' title="bbox 455 5541 2049 5614; baseline -0.003 -12"><span class='ocrx_word' id='word_1_855' title='bbox 455 5546 547 5602; x_wconf 88' lang='lat' dir='ltr'><strong>illo</strong></span> <span class='ocrx_word' id='word_1_856' title='bbox 572 5541 893 5602; x_wconf 72' lang='lat' dir='ltr'><strong>di~crimiue</strong></span> <span class='ocrx_word' id='word_1_857' title='bbox 915 5541 1121 5601; x_wconf 80' lang='lat' dir='ltr'><strong>laudari</strong></span> <span class='ocrx_word' id='word_1_858' title='bbox 1150 5555 1400 5614; x_wconf 75' lang='lat' dir='ltr'><strong>poterant</strong></span> <span class='ocrx_word' id='word_1_859' title='bbox 1424 5546 1749 5612; x_wconf 82' lang='lat' dir='ltr'><strong>interpretes</strong></span> <span class='ocrx_word' id='word_1_860' title='bbox 1780 5542 1846 5596; x_wconf 84' lang='lat' dir='ltr'><strong>ad</strong></span> <span class='ocrx_word' id='word_1_861' title='bbox 1877 5541 2049 5597; x_wconf 82' lang='lat' dir='ltr'><strong>Plauti</strong></span> 
     </span>
    </p>
   </div>
   <div class='ocr_carea' id='block_1_116' title="bbox 454 5616 1541 5688">
    <p class='ocr_par' dir='ltr' id='par_1_116' title="bbox 454 5616 1541 5688">
     <span class='ocr_line' id='line_1_118' title="bbox 454 5616 1541 5688; baseline -0.006 -13"><span class='ocrx_word' id='word_1_862' title='bbox 454 5618 670 5675; x_wconf 73' lang='lat' dir='ltr'><strong>Ptettul.</strong></span> <span class='ocrx_word' id='word_1_863' title='bbox 703 5618 941 5688; x_wconf 83' lang='lat' dir='ltr'><strong>Prolog.,</strong></span> <span class='ocrx_word' id='word_1_864' title='bbox 967 5632 1109 5671; x_wconf 74' lang='lat' dir='ltr'><strong>vers.</strong></span> <span class='ocrx_word' id='word_1_865' title='bbox 1146 5616 1233 5671; x_wconf 85' lang='lat' dir='ltr'><strong>l9.</strong></span> <span class='ocrx_word' id='word_1_866' title='bbox 1267 5616 1541 5672; x_wconf 71' lang='lat' dir='ltr'><strong>Ocusnsn.</strong></span> 
     </span>
    </p>
   </div>
   <div class='ocr_carea' id='block_1_117' title="bbox 529 5682 2049 5758">
    <p class='ocr_par' dir='ltr' id='par_1_117' title="bbox 529 5682 2049 5758">
     <span class='ocr_line' id='line_1_119' title="bbox 529 5682 2049 5758; baseline -0.005 -14"><span class='ocrx_word' id='word_1_867' title='bbox 529 5688 657 5745; x_wconf 84' lang='lat' dir='ltr'><strong>Cum</strong></span> <span class='ocrx_word' id='word_1_868' title='bbox 686 5692 820 5744; x_wconf 82' lang='lat' dir='ltr'><strong>enim</strong></span> <span class='ocrx_word' id='word_1_869' title='bbox 852 5682 914 5743; x_wconf 72' lang='lat' dir='ltr'><strong>de</strong></span> <span class='ocrx_word' id='word_1_870' title='bbox 944 5690 1232 5743; x_wconf 85' lang='lat' dir='ltr'><strong>animarum</strong></span> <span class='ocrx_word' id='word_1_871' title='bbox 1263 5689 1501 5758; x_wconf 83' lang='lat' dir='ltr'><strong>periculis</strong></span> <span class='ocrx_word' id='word_1_872' title='bbox 1531 5687 1694 5741; x_wconf 84' lang='lat' dir='ltr'><strong>multa</strong></span> <span class='ocrx_word' id='word_1_873' title='bbox 1724 5686 1863 5740; x_wconf 89' lang='lat' dir='ltr'><strong>mala</strong></span> <span class='ocrx_word' id='word_1_874' title='bbox 1892 5685 1954 5739; x_wconf 86' lang='lat' dir='ltr'><strong>de</strong></span> <span class='ocrx_word' id='word_1_875' title='bbox 1977 5682 2049 5737; x_wconf 82' lang='lat' dir='ltr'><strong>il-</strong></span> 
     </span>
    </p>
   </div>
   <div class='ocr_carea' id='block_1_118' title="bbox 459 5761 2045 5830">
    <p class='ocr_par' dir='ltr' id='par_1_118' title="bbox 459 5761 2045 5830">
     <span class='ocr_line' id='line_1_120' title="bbox 459 5761 2045 5830; baseline -0.004 -11"><span class='ocrx_word' id='word_1_876' title='bbox 459 5764 625 5821; x_wconf 86' lang='lat' dir='ltr'><strong>larum</strong></span> <span class='ocrx_word' id='word_1_877' title='bbox 653 5771 834 5817; x_wconf 85' lang='lat' dir='ltr'><strong>contra</strong></span> <span class='ocrx_word' id='word_1_878' title='bbox 863 5762 1184 5826; x_wconf 74' lang='lat' dir='ltr'><strong>insinuatur,</strong></span> <span class='ocrx_word' id='word_1_879' title='bbox 1230 5761 1469 5830; x_wconf 78' lang='lat' dir='ltr'><strong>magister</strong></span> <span class='ocrx_word' id='word_1_880' title='bbox 1514 5768 1668 5830; x_wconf 82' lang='lat' dir='ltr'><strong>atque</strong></span> <span class='ocrx_word' id='word_1_881' title='bbox 1707 5766 1911 5826; x_wconf 80' lang='lat' dir='ltr'><strong>auctor,</strong></span> <span class='ocrx_word' id='word_1_882' title='bbox 1939 5764 2045 5813; x_wconf 86' lang='lat' dir='ltr'><strong>etc.</strong></span> 
     </span>
    </p>
   </div>
   <div class='ocr_carea' id='block_1_119' title="bbox 2153 4472 3760 4549">
    <p class='ocr_par' dir='ltr' id='par_1_119' title="bbox 2153 4472 3760 4549">
     <span class='ocr_line' id='line_1_121' title="bbox 2153 4472 3760 4549; baseline 0.002 -19"><span class='ocrx_word' id='word_1_883' title='bbox 2153 4477 2441 4549; x_wconf 70' lang='lat' dir='ltr'><strong>enituerunt</strong></span> <span class='ocrx_word' id='word_1_884' title='bbox 2469 4477 2711 4544; x_wconf 76' lang='lat' dir='ltr'><strong>periculis</strong></span> <span class='ocrx_word' id='word_1_885' title='bbox 2738 4472 2900 4530; x_wconf 74' lang='lat' dir='ltr'><strong>multa</strong></span> <span class='ocrx_word' id='word_1_886' title='bbox 2930 4478 3065 4549; x_wconf 85' lang='lat' dir='ltr'><strong>mala</strong></span> <span class='ocrx_word' id='word_1_887' title='bbox 3088 4478 3393 4541; x_wconf 85' lang='lat' dir='ltr'><strong>dissiqnaret</strong></span> <span class='ocrx_word' id='word_1_888' title='bbox 3422 4477 3443 4549; x_wconf 86' lang='lat'><strong><em>(</em></strong></span> <span class='ocrx_word' id='word_1_889' title='bbox 3468 4492 3563 4545; x_wconf 90' lang='lat' dir='ltr'><strong>pro</strong></span> <span class='ocrx_word' id='word_1_890' title='bbox 3589 4480 3656 4532; x_wconf 85' lang='lat' dir='ltr'><strong>de</strong></span> <span class='ocrx_word' id='word_1_891' title='bbox 3686 4477 3760 4532; x_wconf 80' lang='lat' dir='ltr'><strong>il-</strong></span> 
     </span>
    </p>
   </div>
   <div class='ocr_carea' id='block_1_120' title="bbox 2151 4547 3765 4618">
    <p class='ocr_par' dir='ltr' id='par_1_120' title="bbox 2151 4547 3765 4618">
     <span class='ocr_line' id='line_1_122' title="bbox 2151 4547 3765 4618; baseline 0.002 -17"><span class='ocrx_word' id='word_1_892' title='bbox 2151 4547 2321 4601; x_wconf 83' lang='lat' dir='ltr'><strong>larum</strong></span> <span class='ocrx_word' id='word_1_893' title='bbox 2345 4548 2365 4618; x_wconf 86' lang='lat'><strong>)</strong></span> <span class='ocrx_word' id='word_1_894' title='bbox 2392 4560 2570 4600; x_wconf 87' lang='lat' dir='ltr'><strong>contra</strong></span> <span class='ocrx_word' id='word_1_895' title='bbox 2614 4549 2954 4601; x_wconf 82' lang='lat' dir='ltr'><strong>insinuatores</strong></span> <span class='ocrx_word' id='word_1_896' title='bbox 2992 4548 3026 4583; x_wconf 76' lang='lat'><strong>&quot;‘</strong></span> <span class='ocrx_word' id='word_1_897' title='bbox 3043 4548 3078 4583; x_wconf 70' lang='lat'><strong><em>&quot;</em></strong></span> <span class='ocrx_word' id='word_1_898' title='bbox 3094 4550 3126 4584; x_wconf 69' lang='lat'><strong>“</strong></span> <span class='ocrx_word' id='word_1_899' title='bbox 3149 4550 3181 4580; x_wconf 66' lang='grc'>⁸</span> <span class='ocrx_word' id='word_1_900' title='bbox 3200 4549 3233 4584; x_wconf 60' lang='grc' dir='ltr'><strong>ἰ</strong></span> <span class='ocrx_word' id='word_1_901' title='bbox 3250 4549 3283 4583; x_wconf 62' lang='grc'>⁸</span> <span class='ocrx_word' id='word_1_902' title='bbox 3320 4547 3555 4618; x_wconf 78' lang='lat' dir='ltr'><strong>magister</strong></span> <span class='ocrx_word' id='word_1_903' title='bbox 3594 4558 3765 4611; x_wconf 80' lang='lat' dir='ltr'><strong>atque</strong></span> 
     </span>
    </p>
   </div>
   <div class='ocr_carea' id='block_1_121' title="bbox 2151 4618 3760 4674">
    <p class='ocr_par' dir='ltr' id='par_1_121' title="bbox 2151 4618 3760 4674">
     <span class='ocr_line' id='line_1_123' title="bbox 2151 4618 3760 4674; baseline 0.004 -5"><span class='ocrx_word' id='word_1_904' title='bbox 2151 4630 2348 4672; x_wconf 80' lang='lat' dir='ltr'><strong>auctor.</strong></span> <span class='ocrx_word' id='word_1_905' title='bbox 2386 4621 2518 4672; x_wconf 84' lang='lat' dir='ltr'><strong>l&#39;uto</strong></span> <span class='ocrx_word' id='word_1_906' title='bbox 2564 4619 2771 4673; x_wconf 60' lang='lat' dir='ltr'><strong>scilicet</strong></span> <span class='ocrx_word' id='word_1_907' title='bbox 2801 4620 3096 4673; x_wconf 80' lang='lat' dir='ltr'><strong>Arnobium</strong></span> <span class='ocrx_word' id='word_1_908' title='bbox 3131 4619 3234 4674; x_wconf 91' lang='lat' dir='ltr'><strong>hoc</strong></span> <span class='ocrx_word' id='word_1_909' title='bbox 3279 4620 3399 4674; x_wconf 90' lang='lat' dir='ltr'><strong>loco</strong></span> <span class='ocrx_word' id='word_1_910' title='bbox 3426 4634 3617 4673; x_wconf 76' lang='lat' dir='ltr'><strong>causas</strong></span> <span class='ocrx_word' id='word_1_911' title='bbox 3644 4618 3760 4674; x_wconf 89' lang='lat' dir='ltr'><strong>ini-</strong></span> 
     </span>
    </p>
   </div>
   <div class='ocr_carea' id='block_1_122' title="bbox 2150 4689 3760 4758">
    <p class='ocr_par' dir='ltr' id='par_1_122' title="bbox 2150 4689 3760 4758">
     <span class='ocr_line' id='line_1_124' title="bbox 2150 4689 3760 4758; baseline 0.002 -14"><span class='ocrx_word' id='word_1_912' title='bbox 2150 4691 2373 4744; x_wconf 73' lang='lat' dir='ltr'><strong>micitia:</strong></span> <span class='ocrx_word' id='word_1_913' title='bbox 2424 4699 2481 4744; x_wconf 89' lang='lat' dir='ltr'><strong>et</strong></span> <span class='ocrx_word' id='word_1_914' title='bbox 2525 4690 2632 4744; x_wconf 90' lang='lat' dir='ltr'><strong>odii</strong></span> <span class='ocrx_word' id='word_1_915' title='bbox 2687 4690 2866 4758; x_wconf 85' lang='lat' dir='ltr'><strong>pepuli</strong></span> <span class='ocrx_word' id='word_1_916' title='bbox 2906 4690 3106 4758; x_wconf 87' lang='lat' dir='ltr'><strong>judaici</strong></span> <span class='ocrx_word' id='word_1_917' title='bbox 3155 4691 3421 4745; x_wconf 89' lang='lat' dir='ltr'><strong>adversus</strong></span> <span class='ocrx_word' id='word_1_918' title='bbox 3473 4689 3760 4748; x_wconf 80' lang='lat' dir='ltr'><strong>Christum</strong></span> 
     </span>
    </p>
   </div>
   <div class='ocr_carea' id='block_1_123' title="bbox 2151 4760 3759 4832">
    <p class='ocr_par' dir='ltr' id='par_1_123' title="bbox 2151 4760 3759 4832">
     <span class='ocr_line' id='line_1_125' title="bbox 2151 4760 3759 4832; baseline 0.002 -19"><span class='ocrx_word' id='word_1_919' title='bbox 2151 4760 2493 4832; x_wconf 63' lang='lat' dir='ltr'><strong>expitsttiSse.</strong></span> <span class='ocrx_word' id='word_1_920' title='bbox 2527 4770 2604 4826; x_wconf 90' lang='lat' dir='ltr'><strong>et,</strong></span> <span class='ocrx_word' id='word_1_921' title='bbox 2633 4763 2677 4815; x_wconf 89' lang='lat' dir='ltr'><strong>si</strong></span> <span class='ocrx_word' id='word_1_922' title='bbox 2709 4761 2838 4831; x_wconf 87' lang='lat' dir='ltr'><strong>quid</strong></span> <span class='ocrx_word' id='word_1_923' title='bbox 2868 4762 3048 4828; x_wconf 85' lang='lat' dir='ltr'><strong>video,</strong></span> <span class='ocrx_word' id='word_1_924' title='bbox 3094 4762 3356 4832; x_wconf 84' lang='lat' dir='ltr'><strong>particula</strong></span> <span class='ocrx_word' id='word_1_925' title='bbox 3384 4762 3518 4815; x_wconf 87' lang='lat' dir='ltr'><strong>enim</strong></span> <span class='ocrx_word' id='word_1_926' title='bbox 3566 4772 3759 4831; x_wconf 82' lang='lat' dir='ltr'><strong>aperte</strong></span> 
     </span>
    </p>
   </div>
   <div class='ocr_carea' id='block_1_124' title="bbox 2150 4831 3753 4902">
    <p class='ocr_par' dir='ltr' id='par_1_124' title="bbox 2150 4831 3753 4902">
     <span class='ocr_line' id='line_1_126' title="bbox 2150 4831 3753 4902; baseline 0.001 -17"><span class='ocrx_word' id='word_1_927' title='bbox 2150 4831 2414 4893; x_wconf 78' lang='lat' dir='ltr'><strong>declarat.</strong></span> <span class='ocrx_word' id='word_1_928' title='bbox 2451 4832 2566 4886; x_wconf 71' lang='lat' dir='ltr'><strong>hinc</strong></span> <span class='ocrx_word' id='word_1_929' title='bbox 2606 4846 2729 4886; x_wconf 88' lang='lat' dir='ltr'><strong>esse</strong></span> <span class='ocrx_word' id='word_1_930' title='bbox 2775 4847 2897 4885; x_wconf 86' lang='lat' dir='ltr'><strong>eum</strong></span> <span class='ocrx_word' id='word_1_931' title='bbox 2942 4831 3312 4900; x_wconf 59' lang='lat' dir='ltr'><strong>superioribus</strong></span> <span class='ocrx_word' id='word_1_932' title='bbox 3348 4833 3753 4902; x_wconf 81' lang='lat' dir='ltr'><strong>coojungenda,</strong></span> 
     </span>
    </p>
   </div>
   <div class='ocr_carea' id='block_1_125' title="bbox 2152 4902 3755 4974">
    <p class='ocr_par' dir='ltr' id='par_1_125' title="bbox 2152 4902 3755 4974">
     <span class='ocr_line' id='line_1_127' title="bbox 2152 4902 3755 4974; baseline 0.003 -20"><span class='ocrx_word' id='word_1_933' title='bbox 2152 4906 2240 4974; x_wconf 75' lang='lat' dir='ltr'><strong>ubi</strong></span> <span class='ocrx_word' id='word_1_934' title='bbox 2295 4906 2362 4957; x_wconf 90' lang='lat' dir='ltr'><strong>de</strong></span> <span class='ocrx_word' id='word_1_935' title='bbox 2417 4903 2742 4957; x_wconf 85' lang='lat' dir='ltr'><strong>immanibus</strong></span> <span class='ocrx_word' id='word_1_936' title='bbox 2800 4902 3214 4972; x_wconf 70' lang='lat' dir='ltr'><strong>durissimisque</strong></span> <span class='ocrx_word' id='word_1_937' title='bbox 3271 4904 3598 4974; x_wconf 62' lang='lat' dir='ltr'><strong>latronibus,</strong></span> <span class='ocrx_word' id='word_1_938' title='bbox 3660 4905 3755 4974; x_wconf 87' lang='lat' dir='ltr'><strong>qui</strong></span> 
     </span>
    </p>
   </div>
   <div class='ocr_carea' id='block_1_126' title="bbox 2149 4972 3757 5045">
    <p class='ocr_par' dir='ltr' id='par_1_126' title="bbox 2149 4972 3757 5045">
     <span class='ocr_line' id='line_1_128' title="bbox 2149 4972 3757 5045; baseline 0.002 -18"><span class='ocrx_word' id='word_1_939' title='bbox 2149 4972 2368 5029; x_wconf 84' lang='lat' dir='ltr'><strong>Christo</strong></span> <span class='ocrx_word' id='word_1_940' title='bbox 2395 4990 2585 5028; x_wconf 89' lang='lat' dir='ltr'><strong>manus</strong></span> <span class='ocrx_word' id='word_1_941' title='bbox 2613 4976 2931 5040; x_wconf 68' lang='lat' dir='ltr'><strong>illjBCi&#39;l‘ilni,</strong></span> <span class='ocrx_word' id='word_1_942' title='bbox 2966 4988 3147 5029; x_wconf 87' lang='lat' dir='ltr'><strong>sermo</strong></span> <span class='ocrx_word' id='word_1_943' title='bbox 3174 4984 3279 5029; x_wconf 89' lang='lat' dir='ltr'><strong>est.</strong></span> <span class='ocrx_word' id='word_1_944' title='bbox 3306 4973 3478 5028; x_wconf 84' lang='lat' dir='ltr'><strong>Verba</strong></span> <span class='ocrx_word' id='word_1_945' title='bbox 3510 4972 3757 5045; x_wconf 77' lang='lat' dir='ltr'><strong>magister</strong></span> 
     </span>
    </p>
   </div>
   <div class='ocr_carea' id='block_1_127' title="bbox 2150 5045 3755 5116">
    <p class='ocr_par' dir='ltr' id='par_1_127' title="bbox 2150 5045 3755 5116">
     <span class='ocr_line' id='line_1_129' title="bbox 2150 5045 3755 5116; baseline 0.004 -21"><span class='ocrx_word' id='word_1_946' title='bbox 2150 5058 2299 5113; x_wconf 74' lang='lat' dir='ltr'><strong>atque</strong></span> <span class='ocrx_word' id='word_1_947' title='bbox 2329 5056 2529 5109; x_wconf 85' lang='lat' dir='ltr'><strong>auctor,</strong></span> <span class='ocrx_word' id='word_1_948' title='bbox 2564 5055 2667 5099; x_wconf 79' lang='lat' dir='ltr'><strong>etc.</strong></span> <span class='ocrx_word' id='word_1_949' title='bbox 2706 5045 2833 5098; x_wconf 91' lang='lat' dir='ltr'><strong>mihi</strong></span> <span class='ocrx_word' id='word_1_950' title='bbox 2865 5045 3113 5100; x_wconf 86' lang='lat' dir='ltr'><strong>videntur</strong></span> <span class='ocrx_word' id='word_1_951' title='bbox 3146 5047 3303 5099; x_wconf 89' lang='lat' dir='ltr'><strong>linem</strong></span> <span class='ocrx_word' id='word_1_952' title='bbox 3340 5062 3494 5101; x_wconf 71' lang='lat' dir='ltr'><strong>nova:</strong></span> <span class='ocrx_word' id='word_1_953' title='bbox 3543 5045 3755 5116; x_wconf 84' lang='lat' dir='ltr'><strong>periodi</strong></span> 
     </span>
    </p>
   </div>
   <div class='ocr_carea' id='block_1_128' title="bbox 2149 5116 3756 5186">
    <p class='ocr_par' dir='ltr' id='par_1_128' title="bbox 2149 5116 3756 5186">
     <span class='ocr_line' id='line_1_130' title="bbox 2149 5116 3756 5186; baseline 0.001 -16"><span class='ocrx_word' id='word_1_954' title='bbox 2149 5116 2389 5179; x_wconf 72' lang='lat' dir='ltr'><strong>eflirere,</strong></span> <span class='ocrx_word' id='word_1_955' title='bbox 2422 5118 2474 5170; x_wconf 91' lang='lat' dir='ltr'><strong>in</strong></span> <span class='ocrx_word' id='word_1_956' title='bbox 2507 5132 2610 5184; x_wconf 87' lang='lat' dir='ltr'><strong>qua</strong></span> <span class='ocrx_word' id='word_1_957' title='bbox 2637 5120 2936 5186; x_wconf 79' lang='lat' dir='ltr'><strong>generatim</strong></span> <span class='ocrx_word' id='word_1_958' title='bbox 2968 5119 3035 5171; x_wconf 84' lang='lat' dir='ltr'><strong>de</strong></span> <span class='ocrx_word' id='word_1_959' title='bbox 3056 5116 3257 5171; x_wconf 84' lang='lat' dir='ltr'><strong>Christi</strong></span> <span class='ocrx_word' id='word_1_960' title='bbox 3288 5117 3535 5173; x_wconf 83' lang='lat' dir='ltr'><strong>doctrina</strong></span> <span class='ocrx_word' id='word_1_961' title='bbox 3563 5127 3756 5186; x_wconf 78' lang='lat' dir='ltr'><strong>egerat</strong></span> 
     </span>
    </p>
   </div>
   <div class='ocr_carea' id='block_1_129' title="bbox 2153 5188 3755 5254">
    <p class='ocr_par' dir='ltr' id='par_1_129' title="bbox 2153 5188 3755 5254">
     <span class='ocr_line' id='line_1_131' title="bbox 2153 5188 3755 5254; baseline 0.002 -14"><span class='ocrx_word' id='word_1_962' title='bbox 2153 5188 2446 5245; x_wconf 83' lang='lat' dir='ltr'><strong>Arnobius.</strong></span> <span class='ocrx_word' id='word_1_963' title='bbox 2479 5188 2634 5254; x_wconf 77' lang='lat' dir='ltr'><strong>cujus</strong></span> <span class='ocrx_word' id='word_1_964' title='bbox 2681 5195 2859 5242; x_wconf 75' lang='lat' dir='ltr'><strong>autem</strong></span> <span class='ocrx_word' id='word_1_965' title='bbox 2910 5189 3118 5243; x_wconf 88' lang='lat' dir='ltr'><strong>initium</strong></span> <span class='ocrx_word' id='word_1_966' title='bbox 3153 5189 3358 5243; x_wconf 82' lang='lat' dir='ltr'><strong>incuria</strong></span> <span class='ocrx_word' id='word_1_967' title='bbox 3402 5190 3755 5244; x_wconf 72' lang='lat' dir='ltr'><strong>librariorum</strong></span> 
     </span>
    </p>
   </div>
   <div class='ocr_carea' id='block_1_130' title="bbox 2150 5256 3751 5329">
    <p class='ocr_par' dir='ltr' id='par_1_130' title="bbox 2150 5256 3751 5329">
     <span class='ocr_line' id='line_1_132' title="bbox 2150 5256 3751 5329; baseline 0.002 -18"><span class='ocrx_word' id='word_1_968' title='bbox 2150 5259 2366 5312; x_wconf 78' lang='lat' dir='ltr'><strong>excidit.</strong></span> <span class='ocrx_word' id='word_1_969' title='bbox 2424 5258 2567 5312; x_wconf 77' lang='lat' dir='ltr'><strong>Mala</strong></span> <span class='ocrx_word' id='word_1_970' title='bbox 2602 5259 2891 5327; x_wconf 85' lang='lat' dir='ltr'><strong>dissignare</strong></span> <span class='ocrx_word' id='word_1_971' title='bbox 2938 5261 3269 5329; x_wconf 87' lang='lat' dir='ltr'><strong>interpretor</strong></span> <span class='ocrx_word' id='word_1_972' title='bbox 3314 5256 3457 5314; x_wconf 86' lang='lat' dir='ltr'><strong>mala</strong></span> <span class='ocrx_word' id='word_1_973' title='bbox 3509 5260 3751 5324; x_wconf 78' lang='lat' dir='ltr'><strong>diversa,</strong></span> 
     </span>
    </p>
   </div>
   <div class='ocr_carea' id='block_1_131' title="bbox 2152 5329 3751 5399">
    <p class='ocr_par' dir='ltr' id='par_1_131' title="bbox 2152 5329 3751 5399">
     <span class='ocr_line' id='line_1_133' title="bbox 2152 5329 3751 5399; baseline 0.002 -18"><span class='ocrx_word' id='word_1_974' title='bbox 2152 5330 2473 5395; x_wconf 75' lang='lat' dir='ltr'><strong>multiplicia</strong></span> <span class='ocrx_word' id='word_1_975' title='bbox 2524 5329 2840 5397; x_wconf 73' lang='lat' dir='ltr'><strong>praedicere,</strong></span> <span class='ocrx_word' id='word_1_976' title='bbox 2892 5331 3129 5395; x_wconf 89' lang='lat' dir='ltr'><strong>minari,</strong></span> <span class='ocrx_word' id='word_1_977' title='bbox 3179 5330 3299 5385; x_wconf 81' lang='lat' dir='ltr'><strong>vide</strong></span> <span class='ocrx_word' id='word_1_978' title='bbox 3344 5344 3507 5399; x_wconf 80' lang='lat' dir='ltr'><strong>supra</strong></span> <span class='ocrx_word' id='word_1_979' title='bbox 3550 5329 3751 5384; x_wconf 87' lang='lat' dir='ltr'><strong>eodem</strong></span> 
     </span>
    </p>
   </div>
   <div class='ocr_carea' id='block_1_132' title="bbox 2150 5400 3750 5470">
    <p class='ocr_par' dir='ltr' id='par_1_132' title="bbox 2150 5400 3750 5470">
     <span class='ocr_line' id='line_1_134' title="bbox 2150 5400 3750 5470; baseline 0.001 -16"><span class='ocrx_word' id='word_1_980' title='bbox 2150 5400 2345 5468; x_wconf 85' lang='lat' dir='ltr'><strong>capite.</strong></span> <span class='ocrx_word' id='word_1_981' title='bbox 2380 5400 2733 5455; x_wconf 83' lang='lat' dir='ltr'><strong>lnsinuatores</strong></span> <span class='ocrx_word' id='word_1_982' title='bbox 2773 5402 2986 5470; x_wconf 79' lang='lat' dir='ltr'><strong>explico</strong></span> <span class='ocrx_word' id='word_1_983' title='bbox 3029 5402 3110 5454; x_wconf 82' lang='lat' dir='ltr'><strong>vel</strong></span> <span class='ocrx_word' id='word_1_984' title='bbox 3142 5401 3414 5466; x_wconf 86' lang='lat' dir='ltr'><strong>doctores,</strong></span> <span class='ocrx_word' id='word_1_985' title='bbox 3446 5401 3532 5456; x_wconf 81' lang='lat' dir='ltr'><strong>vel</strong></span> <span class='ocrx_word' id='word_1_986' title='bbox 3566 5402 3750 5455; x_wconf 85' lang='lat' dir='ltr'><strong>homi-</strong></span> 
     </span>
    </p>
   </div>
   <div class='ocr_carea' id='block_1_133' title="bbox 2150 5472 3753 5542">
    <p class='ocr_par' dir='ltr' id='par_1_133' title="bbox 2150 5472 3753 5542">
     <span class='ocr_line' id='line_1_135' title="bbox 2150 5472 3753 5542; baseline 0.001 -17"><span class='ocrx_word' id='word_1_987' title='bbox 2150 5486 2249 5525; x_wconf 79' lang='lat' dir='ltr'><strong>nes</strong></span> <span class='ocrx_word' id='word_1_988' title='bbox 2282 5472 2435 5526; x_wconf 83' lang='lat' dir='ltr'><strong>malis</strong></span> <span class='ocrx_word' id='word_1_989' title='bbox 2465 5475 2673 5526; x_wconf 82' lang='lat' dir='ltr'><strong>artibus</strong></span> <span class='ocrx_word' id='word_1_990' title='bbox 2705 5488 2825 5526; x_wconf 85' lang='lat' dir='ltr'><strong>sese</strong></span> <span class='ocrx_word' id='word_1_991' title='bbox 2853 5474 2972 5525; x_wconf 85' lang='lat' dir='ltr'><strong>aliis</strong></span> <span class='ocrx_word' id='word_1_992' title='bbox 3004 5472 3365 5537; x_wconf 84' lang='lat' dir='ltr'><strong>insinuantes,</strong></span> <span class='ocrx_word' id='word_1_993' title='bbox 3410 5474 3753 5542; x_wconf 85' lang='lat' dir='ltr'><strong>gratiamque</strong></span> 
     </span>
    </p>
   </div>
   <div class='ocr_carea' id='block_1_134' title="bbox 2152 5542 3752 5613">
    <p class='ocr_par' dir='ltr' id='par_1_134' title="bbox 2152 5542 3752 5613">
     <span class='ocr_line' id='line_1_136' title="bbox 2152 5542 3752 5613; baseline 0.004 -23"><span class='ocrx_word' id='word_1_994' title='bbox 2152 5544 2467 5613; x_wconf 74' lang='lat' dir='ltr'><strong>popularem</strong></span> <span class='ocrx_word' id='word_1_995' title='bbox 2517 5553 2820 5613; x_wconf 86' lang='lat' dir='ltr'><strong>captantes,</strong></span> <span class='ocrx_word' id='word_1_996' title='bbox 2872 5545 3059 5613; x_wconf 81' lang='lat' dir='ltr'><strong>quales</strong></span> <span class='ocrx_word' id='word_1_997' title='bbox 3108 5543 3249 5613; x_wconf 86' lang='lat' dir='ltr'><strong>apud</strong></span> <span class='ocrx_word' id='word_1_998' title='bbox 3306 5542 3525 5599; x_wconf 68' lang='lat' dir='ltr'><strong>Judmos</strong></span> <span class='ocrx_word' id='word_1_999' title='bbox 3596 5552 3752 5597; x_wconf 78' lang='lat' dir='ltr'><strong>erant</strong></span> 
     </span>
    </p>
   </div>
   <div class='ocr_carea' id='block_1_135' title="bbox 2151 5611 3748 5679">
    <p class='ocr_par' dir='ltr' id='par_1_135' title="bbox 2151 5611 3748 5679">
     <span class='ocr_line' id='line_1_137' title="bbox 2151 5611 3748 5679; baseline 0.003 -14"><span class='ocrx_word' id='word_1_1000' title='bbox 2151 5611 2439 5679; x_wconf 57' lang='lat' dir='ltr'><strong>Pharisaei,</strong></span> <span class='ocrx_word' id='word_1_1001' title='bbox 2458 5614 2510 5668; x_wconf 84' lang='lat' dir='ltr'><strong>in</strong></span> <span class='ocrx_word' id='word_1_1002' title='bbox 2530 5611 2668 5679; x_wconf 82' lang='lat' dir='ltr'><strong>quos</strong></span> <span class='ocrx_word' id='word_1_1003' title='bbox 2682 5611 3160 5671; x_wconf 83' lang='lat' dir='ltr'><strong>vehementissime</strong></span> <span class='ocrx_word' id='word_1_1004' title='bbox 3179 5615 3455 5671; x_wconf 86' lang='lat' dir='ltr'><strong>Christum</strong></span> <span class='ocrx_word' id='word_1_1005' title='bbox 3477 5617 3748 5669; x_wconf 85' lang='lat' dir='ltr'><strong>invectum</strong></span> 
     </span>
    </p>
   </div>
   <div class='ocr_carea' id='block_1_136' title="bbox 2151 5685 3746 5753">
    <p class='ocr_par' dir='ltr' id='par_1_136' title="bbox 2151 5685 3746 5753">
     <span class='ocr_line' id='line_1_138' title="bbox 2151 5685 3746 5753; baseline 0.003 -18"><span class='ocrx_word' id='word_1_1006' title='bbox 2151 5685 2421 5751; x_wconf 68' lang='lat' dir='ltr'><strong>novimus,</strong></span> <span class='ocrx_word' id='word_1_1007' title='bbox 2456 5685 2607 5740; x_wconf 69' lang='lat' dir='ltr'><strong>verbi</strong></span> <span class='ocrx_word' id='word_1_1008' title='bbox 2626 5700 2812 5748; x_wconf 75' lang='lat' dir='ltr'><strong>causa,</strong></span> <span class='ocrx_word' id='word_1_1009' title='bbox 2834 5685 3046 5753; x_wconf 69' lang='lat' dir='ltr'><strong>Malm,</strong></span> <span class='ocrx_word' id='word_1_1010' title='bbox 3074 5701 3229 5752; x_wconf 75' lang='lat' dir='ltr'><strong>xxiii,</strong></span> <span class='ocrx_word' id='word_1_1011' title='bbox 3262 5686 3422 5741; x_wconf 86' lang='lat' dir='ltr'><strong>toties</strong></span> <span class='ocrx_word' id='word_1_1012' title='bbox 3443 5686 3746 5740; x_wconf 86' lang='lat' dir='ltr'><strong>dicentem:</strong></span> 
     </span>
    </p>
   </div>
   <div class='ocr_carea' id='block_1_137' title="bbox 2153 5754 3749 5829">
    <p class='ocr_par' dir='ltr' id='par_1_137' title="bbox 2153 5754 3749 5829">
     <span class='ocr_line' id='line_1_139' title="bbox 2153 5754 3749 5829; baseline 0.005 -20"><span class='ocrx_word' id='word_1_1013' title='bbox 2153 5770 2228 5810; x_wconf 77' lang='lat' dir='ltr'><strong>va:</strong></span> <span class='ocrx_word' id='word_1_1014' title='bbox 2275 5756 2416 5812; x_wconf 79' lang='lat' dir='ltr'><strong>vobis</strong></span> <span class='ocrx_word' id='word_1_1015' title='bbox 2444 5798 2459 5824; x_wconf 90' lang='lat'><strong>,</strong></span> <span class='ocrx_word' id='word_1_1016' title='bbox 2523 5754 2814 5812; x_wconf 66' lang='lat' dir='ltr'><strong>Pharisaei!</strong></span> <span class='ocrx_word' id='word_1_1017' title='bbox 2863 5756 3003 5826; x_wconf 81' lang='lat' dir='ltr'><strong>Quid</strong></span> <span class='ocrx_word' id='word_1_1018' title='bbox 3050 5757 3197 5829; x_wconf 87' lang='lat' dir='ltr'><strong>quod</strong></span> <span class='ocrx_word' id='word_1_1019' title='bbox 3246 5757 3370 5817; x_wconf 83' lang='lat' dir='ltr'><strong>huic</strong></span> <span class='ocrx_word' id='word_1_1020' title='bbox 3418 5757 3749 5829; x_wconf 67' lang='lat' dir='ltr'><strong>coajccturze</strong></span> 
     </span>
    </p>
   </div>
  </div>
