3974 6068
392 234 501 297 807

1525 231 1802 289 ARNOBII
1841 226 2209 289 ADVERSUS
2236 226 2510 288 GENTES

3596 227 3715 286 808

390 347 583 411 Deum,
614 346 797 408 vultis.
828 346 994 401 immo
1029 345 1200 400 soluat
1240 345 1286 400 si
1327 345 1480 401 liceat
1510 345 1807 401 helluarum
1837 360 1988 415 agre-
2018 348 2064 405 A
2095 346 2224 399 retis
2264 360 2387 400 esse
2415 341 2801 406 certissimum,
2836 356 2944 398 non
2972 356 3159 398 verum
3181 383 3197 408 ,
3241 343 3386 411 quod
3428 343 3709 401 immunes

389 440 550 493 stium
603 439 707 493 ritu
765 437 1003 493 cruentis
1057 437 1241 490 oribus
1297 435 1591 502 mandere,
1640 436 1983 491 comminutis

393 543 516 586 cum
541 530 753 585 ossibus
778 541 1138 586 trausvorare.
1172 528 1476 596 Quodnam,
1507 544 1711 597 quzeso,
1736 529 1806 582 ob
1828 528 1987 582 nteri-

391 632 502 678 tum
548 622 746 688 dit-ite,
780 623 931 693 cujus
974 622 1046 676 ob
1091 623 1293 689 peccati
1336 622 1593 693 culpam?
1638 622 1765 692 quid
1813 622 1881 676 ab
1922 636 1989 676 co

393 716 743 772 cuuuuissum
767 725 871 784 est,
899 716 1041 785 quod
1075 725 1317 771 tenorem
1344 714 1641 770 inﬂet-teret
1671 715 1824 776 recti,
1854 724 1908 768 et
1936 714 1987 768 in

389 808 511 863 odia
539 822 635 861 vos
664 823 854 878 aspera
900 808 1176 864 lurialibus
1224 808 1455 863 stimulis
1494 807 1824 861 concitaret?
1853 807 1990 872 Quia

388 900 687 954 animarum
719 910 1018 955 veStrarutn
1050 899 1330 955 custodem
1361 915 1418 953 se
1448 899 1669 953 missum
1701 899 1820 952 solo
1846 897 1989 951 iudi-

392 992 532 1047 cavit
552 992 622 1045 ab
642 1006 802 1062 rege:
833 993 954 1061 quia
978 992 1128 1046 vobis
1153 990 1611 1046 immortalitatem
1642 990 1803 1053 ferre,
1827 1004 1988 1058 quam

388 1100 488 1141 vos
519 1084 714 1139 habere
739 1083 1007 1139 conﬁditis
1034 1083 1283 1138 humanis
1314 1099 1607 1154 paucorum
1630 1083 1987 1137 assevc-ratiu-

392 1176 549 1233 nibus
576 1175 759 1231 suasi?
787 1176 941 1245 Quod
988 1177 1031 1231 si
1081 1188 1224 1231 essm
1271 1176 1411 1245 apud
1458 1189 1557 1229 vos
1599 1186 1806 1229 certum
1853 1172 1989 1226 falsa

391 1268 541 1325 illum
585 1269 767 1324 dicere
786 1304 811 1335 ,τ
844 1284 970 1340 spes
1012 1270 1172 1324 etiam
1219 1268 1536 1323 vanissimas
1584 1267 1863 1336 polliceri,
1898 1281 1998 1321 nec

378 1363 472 1417 .sic
501 1361 655 1415 video
695 1362 859 1417 fuiSSe
888 1376 1141 1427 causam,
1173 1376 1270 1416 cur
1308 1377 1433 1415 eum
1471 1360 1741 1416 deberetis
1781 1359 1995 1424 odisse,

393 1467 491 1509 cur
534 1452 715 1508 hostili
757 1451 1227 1507 animadversione
1253 1451 1512 1507 daumare
1538 1494 1552 1512 ,
1583 1453 1782 1512 immo.
1812 1452 1856 1505 si
1884 1451 2001 1505 aui-

394 1561 516 1601 mus
540 1545 691 1600 vobis
720 1547 955 1601 clemens
988 1544 1211 1610 fuisset,
1241 1554 1298 1600 et
1339 1544 1484 1598 mitis
1510 1585 1525 1611 ,
1556 1544 1640 1597 vel
1684 1552 1906 1613 propter
1949 1541 2000 1597 id

394 1638 572 1693 solum
599 1653 721 1693 eum
754 1638 1026 1693 deberetis
1051 1637 1339 1708 amplecti,
1372 1636 1513 1707 quod
1554 1636 1809 1706 optabilia
1851 1635 2004 1690 vobis

2085 452 2180 492 νος
2213 435 2326 490 fore
2368 436 2436 487 ab
2485 445 2591 488 tam
2648 422 2948 490 innumeris
2992 436 3368 491 vexationibus
3407 452 3704 507 corporum

2091 541 2262 596 usque
2305 526 2370 579 ad
2414 526 2634 580 ultimos
2686 524 2822 580 lines
2875 526 3170 596 sponderet
3221 526 3434 582 aetatis?
3478 537 3531 582 et
3577 528 3706 584 licet

2092 618 2339 688 ambigua
2398 632 2487 672 res
2533 623 2699 683 esset,
2753 617 3186 672 committeretis.
3223 632 3319 671 vos
3370 627 3571 683 tamen,
3603 634 3707 675 nec

2094 712 2365 782 potionem
2422 712 2750 783 incognitam
2814 710 3137 777 dubitaretis
3189 710 3407 768 haurire
3463 727 3561 783 spe
3617 728 3708 767 sa-

2094 806 2219 860 lutis
2251 806 2550 875 proposita,
2595 814 2758 873 atque
2801 820 2989 860 amore
3029 806 3417 861 incolumitatis
3474 806 3705 863 incensi.

2095 899 2309 959 Eluxit.
2341 909 2503 966 atque
2533 899 2785 969 apparuit
2816 899 3062 953 Christus
3101 898 3178 953 rei
3210 898 3459 953 maximae
3488 901 3709 953 nuutia-

2097 1002 2204 1054 tor.
2232 992 2536 1061 auspicium
2565 991 2796 1046 faustum
2831 1002 3083 1061 portans,
3115 1000 3170 1047 et
3199 992 3525 1062 praeconium
3556 993 3710 1047 salu-

2098 1096 2213 1140 tare
2236 1085 2603 1140 credentibus.
2643 1085 2902 1153 Quaenam
2930 1095 3016 1141 est
3056 1087 3157 1139 ista
3187 1084 3514 1150 crudelitas,
3544 1084 3711 1140 inhu-

2102 1176 2443 1246 inanitusque
2472 1188 2639 1241 tanta,
2667 1178 2988 1248 quinimnto,
3022 1187 3079 1232 ttt
3106 1178 3287 1234 verius
3315 1178 3527 1249 loquar,
3556 1178 3712 1233 lasti—

2106 1267 2317 1323 diosum
2349 1268 2715 1339 supercilium.
2748 1270 3109 1323 nuntiatorem
3139 1269 3377 1325 muneris
3406 1278 3460 1324 et
3486 1270 3715 1340 portito-

2101 1378 2217 1418 rem
2274 1362 2437 1425 tanti,
2490 1377 2595 1417 non
2645 1368 2852 1417 tantum
2903 1362 3186 1418 verborum
3238 1361 3716 1418 maledictiOuibus

2102 1455 2379 1519 scindere,
2421 1470 2606 1507 verunt
2654 1455 2815 1509 etiam
2865 1455 3009 1509 bello
3052 1453 3202 1525 gravi
3244 1463 3407 1523 atque
3458 1454 3717 1509 omnibus

2106 1546 2359 1616 persequi
2392 1547 2619 1600 telorum
2653 1545 3009 1602 eﬂ'usionibus
3035 1555 3091 1601 et
3119 1546 3328 1601 ruinis?
3350 1546 3465 1601 Non
3499 1546 3719 1616 placent

2104 1656 2169 1697 ea
2199 1657 2320 1709 qua:
2343 1641 2493 1705 dicit",
2512 1650 2567 1697 et
2588 1656 2710 1696 eum
2733 1640 3125 1697 ol'femionihus
3149 1640 3441 1696 audiuntur
3466 1656 3496 1695 a
3523 1640 3719 1697 vobis?

397 1729 695 1801 sponderet
720 1739 775 1786 et
805 1745 1061 1800 prospera
1094 1747 1106 1784 :
1138 1730 1280 1800 quod
1311 1731 1572 1785 bonarum
1604 1737 1750 1784 esset
1782 1731 2000 1783 nuntius
2030 1729 2076 1789 B
2107 1750 2204 1805 pro
2246 1734 2466 1789 ludicris
2504 1749 2565 1788 ea
2605 1734 3075 1789 vaticinationibus
3104 1742 3433 1804 eomputate.
3464 1732 3720 1791 Stolidis-

396 1840 579 1879 rerum
613 1841 627 1877 :
661 1825 802 1894 quod
853 1839 914 1880 ea
966 1824 1317 1892 praedicaret,
1350 1839 1469 1893 quze
1515 1823 1716 1877 nullius
1760 1823 1999 1878 animum

399 1916 659 1972 laederent
676 1936 686 1969 :
704 1915 994 1972 securioris
1011 1925 1036 1953 ³
1053 1915 1291 1986 quinimo
1310 1916 1700 1985 expectationis
1731 1915 1999 1985 impleret.

474 2009 634 2065 LXV.
667 2011 711 2065 υ
743 2008 1053 2080 ingratumb
1078 2018 1132 2064 et
1171 2008 1389 2077 impium
1422 2008 1716 2061 surculum!
1750 2023 1783 2060 ο
1814 2008 1863 2061 iu
1890 2007 2001 2076 pri-

403 2112 581 2160 vatam
611 2103 902 2174 perniciem
935 2103 1235 2158 incredibili
1268 2102 1501 2171 pectoris
1522 2101 1882 2156 obstinatione
1912 2118 2003 2171 pa-

402 2196 610 2253 ratum!
646 2196 701 2252 Si
729 2196 927 2264 aliquis
951 2195 1016 2250 ad
1044 2210 1140 2251 vos
1171 2195 1409 2249 medicus
1432 2211 1497 2249 ex
1520 2195 1804 2249 Sttmmulis
1828 2193 2002 2249 venis-

402 2298 487 2345 set
509 2300 565 2344 et
588 2303 879 2358 numquam
898 2288 1050 2343 vobis
1068 2288 1379 2358 regionibus
1397 2286 1647 2357 cognitis,
1666 2286 2003 2341 medicamen

404 2381 669 2452 pollicens
695 2381 829 2445 tale,
857 2379 1001 2450 quod
1040 2395 1070 2432 a
1112 2380 1307 2434 vestris
1331 2379 1652 2448 corporibus
1678 2379 1857 2434 omnia
1886 2394 2004 2434 om-

403 2472 533 2529 nino
575 2470 881 2542 prohiberet
926 2472 1236 2527 morborum
1276 2481 1329 2526 et
1364 2470 1729 2527 valetudinum
1758 2486 1956 2542 genera
1987 2487 2002 2525 :

406 2582 514 2624 non
570 2566 816 2621 certatim
871 2580 1061 2623 omnes
1112 2568 1510 2623 aceurreretis?
1560 2582 1665 2622 non
1731 2566 2006 2623 blanditiis

405 2660 655 2717 omnibus
698 2668 859 2730 atque
898 2660 1198 2716 honoribus
1243 2661 1409 2717 lotum
1444 2660 1725 2716 familiaria
1757 2662 2003 2732 suscipe-

407 2752 538 2812 retis
566 2753 620 2809 in
651 2753 883 2810 moenia?
911 2769 1018 2810 non
1050 2755 1181 2810 illud
1224 2756 1597 2811 medicaminis
1637 2770 1805 2826 genus
1848 2766 1999 2825 opta-

2104 1828 2271 1881 simas
2307 1841 2396 1881 res
2437 1826 2690 1897 loquitur,
2722 1834 2779 1882 et
2818 1826 2959 1881 fatua
3004 1828 3143 1880 dona
3196 1825 3498 1895 promittit?
3539 1825 3717 1881 ridete

2106 1930 2171 1975 ut-
2209 1919 2480 1989 sapientes
2520 1934 2617 1974 vos
2643 1919 2766 1982 viri.
2795 1928 2850 1974 et
2878 1919 2929 1973 in
2957 1918 3069 1974 suis
3096 1918 3377 1974 erroribus
3409 1918 3717 1973 fatuitatem

2105 2011 2394 2082 relinquite
2432 2010 2689 2066 volutari.
2733 2010 2993 2080 Quaenam
3022 2020 3107 2066 est
3134 2011 3251 2066 htee
3281 2012 3494 2072 feritas.
3526 2021 3584 2067 ut
3626 1998 3720 2067 reé

2107 2114 2351 2174 petamus
2395 2120 2515 2172 qua:
2570 2102 2713 2158 dicta
2763 2112 2890 2158 sunt
2929 2103 3168 2173 saepius,
3217 2118 3338 2173 qua:
3381 2103 3551 2159 libido
3601 2113 3715 2158 tam

2107 2196 2370 2261 carnifex,
2400 2178 2727 2266 inexpiabile
2760 2196 2957 2251 bellum
2986 2196 3229 2251 indicere
3259 2195 3390 2251 nihil
3421 2195 3490 2252 de
3517 2206 3567 2252 te
3594 2211 3717 2252 me-

2106 2289 2255 2344 rito?
2293 2287 2596 2344 Dilacerare
2625 2289 2669 2343 si
2700 2288 2881 2355 detur,
2912 2304 3035 2343 eum
3065 2287 3201 2344 velle
3229 2304 3325 2357 per
3354 2288 3581 2353 viscera,
3610 2288 3711 2359 qui

2108 2399 2215 2438 non
2263 2383 2425 2437 modo
2453 2381 2660 2437 nullum
2690 2382 2934 2437 intulerit
2960 2382 3159 2437 malum
3192 2383 3322 2438 nulli
3342 2424 3358 2447 ,
3386 2381 3482 2438 sed
3512 2396 3723 2451 aequa-

2107 2477 2233 2532 liter
2266 2476 2535 2545 benignus
2576 2474 2827 2530 hostibus
2868 2475 3071 2538 dicere,
3104 2473 3355 2545 quidnam
3398 2473 3480 2529 his
3521 2473 3724 2529 salutis

2110 2569 2222 2625 Deo
2255 2578 2563 2638 portaretur
2591 2582 2621 2622 a
2652 2566 2897 2636 principe
2923 2585 2935 2621 :
2969 2565 3097 2637 quid
3128 2576 3272 2622 esset
3295 2564 3438 2621 facto
3466 2580 3621 2636 opus,
3650 2573 3726 2619 ut

2109 2661 2384 2717 interitum
2416 2658 2682 2731 lugerent,
2699 2672 2753 2716 et
2775 2658 3231 2715 immortalitatem
3253 2668 3726 2730 consequerentur

2110 2754 2384 2826 ignotam?
2420 2752 2664 2824 Cumque
2717 2753 2927 2807 novitas
2952 2766 3166 2818 rerum,
3198 2761 3255 2807 et
3301 2749 3534 2806 inaudita
3578 2764 3751 2821 pros

1624 2868 2003 2925 LECTIONES
2039 2868 2461 2926 VARIANTES.

475 2984 501 3014 ⁸
537 2983 844 3033 Securiores.
870 2996 959 3033 ms.

473 3046 503 3087 ιι
538 3048 660 3098 Htec
683 3058 792 3097 cum
808 3042 887 3108 iis,
907 3057 1017 3112 quae
1041 3045 1229 3099 duabus
1245 3042 1357 3098 aliis
1372 3051 1636 3111 sequuntur
1648 3044 1859 3109 paginis,
1882 3046 2011 3095 Cun-

2038 2982 2083 3047 C
2114 2986 2248 3047 teras
2268 2979 2515 3047 transtulit
2559 2983 2625 3047 ad
2648 2979 2843 3047 initium
2863 2979 2975 3033 libri
3011 2982 3257 3047 11.0mm
3299 2978 3731 3043 transpositianan

2120 3044 2323 3096 damnat
2346 3045 2513 3097 Sabtet'
2542 3043 2689 3097 editio
2712 3052 2757 3097 et
2774 3058 2887 3108 ms.,
2911 3051 2963 3097 ut
2984 3042 3281 3097 Stetvccltius
3296 3042 3473 3097 monet.

1770 3214 2335 3274 COMMENTARIUS.

484 3324 733 3460 Cruenﬁ
772 3335 959 3391 oribus
1002 3334 1279 3391 mandere.
1315 3334 1598 3406 Proprium
1622 3336 1869 3392 verbum.
1902 3333 2010 3389 Lu-

484 3417 637 3460 BUIIS.
689 3422 761 3460 Ι).
794 3423 843 3460 ιν
878 3422 897 3460 .'

414 3417 637 3471 creltus,
669 3417 761 3460 ιιι).
794 3423 843 3460 tv
878 3422 897 3461 :

507 3520 571 3570 Et
586 3522 725 3583 quasi
754 3520 1007 3581 pantherae
1031 3533 1192 3583 morsu
1214 3520 1429 3582 szevique
1454 3519 1617 3569 leonis

510 3580 819 3641 Mandantur,
843 3584 1034 3646 magnis
1056 3580 1361 3632 clamoribus
1372 3583 1536 3631 omnia
1572 3581 1841 3646 complent,

415 3663 623 3722 Ennius
657 3684 670 3720 :

509 3777 734 3830 Vulturis
756 3778 807 3828 in
824 3778 974 3844 sylvis
995 3780 1231 3830 miserum
1254 3777 1521 3828 mandebat
1539 3778 1822 3890 hemtitltéaltn.

1779 3856 1822 3889 Al

1749 3855 1888 3890 Βω-

490 3969 652 4028 LXV.
684 4001 756 4013 —
787 3971 1055 4025 Paratum.
1082 3970 1157 4024 Ita
1188 3970 1444 4034 Salmas.,
1471 3968 1525 4022 in
1553 3967 1640 4022 ed.
1666 3966 1839 4038 Lugd.
1872 3964 2013 4032 Bat.,

416 4040 515 4099 Ms.
550 4046 818 4113 privatum.
853 4043 986 4099 Fulv
1041 4041 1221 4098 Ursin.
1255 4057 1492 4109 pronum.
1517 4039 1723 4095 OBELL.

490 4108 877 4170 Crintmiuerrtts
903 4131 989 4168 vos
1015 4124 1202 4167 tamen.
1238 4108 1456 4180 Propria
1505 4112 1723 4165 luentio.
1761 4109 1897 4163 Infra
1920 4108 2013 4163 lib.

418 4201 475 4241 tt.
511 4182 869 4256 /Egritndiues
910 4202 1181 4253 corporum
1214 4186 1522 4256 medicorum
1556 4182 1865 4256 committitis
1899 4197 2007 4233 ma-

418 4251 688 4311 nibusz.
723 4257 949 4312 Gellius.
989 4251 1081 4311 lib.
1111 4272 1151 4319 ι,
1183 4271 1232 4311 c.
1283 4256 1351 4309 15
1386 4298 1391 4305 .
1435 4253 1611 4323 Itaque
1655 4251 1867 4317 auditis,
1912 4267 2014 4323 non

418 4327 721 4382 auscultatis
743 4338 998 4392 tamquam
1038 4321 1675 4397 pharmacopolaijam
1714 4325 1823 4395 ejus
1865 4322 2015 4375 verba

419 4396 718 4463 audiuntur,
743 4415 914 4453 verum
952 4397 997 4451 ei
1033 4396 1176 4452 nemo
1202 4415 1255 4451 se
1280 4397 1542 4450 committit
1564 4411 1721 4517 ,Ιῗιιηι
1760 4410 1893 4463 a’ger
1923 4403 2014 4447 est.

1640 4480 1833 4517 EBALD.

1616 4470 1833 4518 lERALD.

498 4543 692 4599 Elttxit.
729 4541 1038 4608 Eleganter,
1068 4539 1237 4594 instar
1264 4537 1497 4592 ﬂamma:
1520 4538 1697 4608 subito
1724 4550 2017 4608 erumpen-

420 4615 510 4672 tis.
544 4614 675 4669 the
704 4606 887 4667 Barth.
925 4609 1177 4692 Advers,
1211 4610 1304 4664 lib.
1336 4624 1427 4670 v1,
1460 4623 1582 4731 cap.
1613 4606 1667 4669 5,
1702 4620 1757 4676 p.
1785 4606 1911 4660 265.
1943 4607 2017 4660 lta

420 4695 477 4731 et
502 4688 823 4731 relucens-ere-
846 4681 1070 4731 Grttllus
1095 4680 1379 4731 Cvnetzet..
1410 4694 1489 4731 νε.
1588 4696 1601 4731 :

420 4695 477 4743 et
502 4688 823 4741 relucessere.
846 4681 1070 4738 Gratius
1095 4680 1379 4752 Cyneget.,
1410 4694 1489 4732 vs.
1524 4680 1553 4731 7
1588 4696 1601 4731 :

609 4798 739 4850 Hine
755 4810 904 4849 omne
926 4794 1163 4847 auxilium
1186 4796 1318 4855 vitae,
1341 4798 1510 4843 rectus
1527 4805 1626 4855 que
1646 4790 1834 4841 reluxit

497 4924 565 4978 Et
592 4861 911 4991 (flii-iniam,
953 4921 1021 4977 de
1057 4920 1342 4977 consulatu
1387 4916 1740 4983 Stilichonis,
1790 4915 1883 4971 lib.
1932 4931 2020 4985 ut,

421 5010 477 5052 Μ
504 4995 592 5051 64.
734 5066 846 5127 Hie,
869 5062 1093 5127 Stilicho,
1132 5062 1327 5113 cunctis
1348 5062 1543 5127 inopina
1570 5059 1771 5121 reluxit,

577 5126 651 5177 Te
674 5121 878 5188 victore,
905 5126 1055 5178 salus.
1415 5121 1445 5188 μ’
1498 5121 1677 5188 Oetam.

497 5182 1001 5251 lulmntanitas'qute
1046 5199 1208 5242 tanta.
1243 5188 1318 5243 Ita
1364 5185 1539 5241 editor
1584 5183 1753 5253 Lugd.
1795 5182 1911 5237 But.
1957 5199 2021 5237 ex

428 5261 811 5318 emcndattone
863 5261 1100 5317 Meursii.
1151 5259 1257 5315 Alii
1308 5258 1807 5382 :inhumgnitnsque
1859 5264 2020 5308 tanta.

1581 5342 1733 5381 RELL.

505 5400 863 5456 Nttntiatorem
892 5404 1111 5457 muneris
1137 5412 1183 5457 et
1215 5401 1512 5468 portitorem
1546 5401 1695 5451 tanti.
1732 5396 1873 5463 Ergo
1899 5413 2021 5465 por-

426 5475 547 5528 titor
593 5474 693 5536 iam
727 5490 793 5523 eo
828 5489 946 5528 aevo
974 5474 1039 5528 ad
1074 5475 1173 5528 hoc
1215 5472 1543 5541 exemplum.
1588 5470 1677 5523 Sic
1719 5468 2026 5523 tabellarius

428 5544 1029 5618 portitoresglitterarutu
1070 5545 1307 5618 appella}
1450 5542 1845 5618 Hieronymus,
1890 5554 2028 5618 quos

430 5610 554 5672 alibi
586 5614 788 5684 brtjulos
812 5616 963 5671 dicit.
997 5610 1187 5681 Papias
1212 5633 1224 5645 ·
1258 5613 1498 5679 Baiulus,
1522 5614 1766 5684 portitor,
1792 5610 2023 5684 gerulus,

431 5682 1176 5743 nutritor'.HeuAt.o.-—Coul’.
1212 5685 1420 5743 Barth.,
1457 5682 1765 5737 Adversar..
1792 5682 1865 5736 lib
1912 5698 2022 5746 LIII,

432 5774 553 5839 cap.
584 5760 621 5817 8
647 5801 662 5828 ,
692 5774 814 5834 pag.
838 5757 984 5816 2‘9‘2
1006 5798 1022 5826 ,
1052 5762 1108 5813 e't
1134 5796 1149 5825 ,
1178 5756 1267 5826 qui
1294 5771 1361 5810 ex
1392 5755 1711 5811 rcceutioris
1750 5753 2029 5809 latinitatis

2118 3334 2472 3401 scriptoribus
2504 3333 2700 3388 nubem
2730 3332 3104 3399 exemplorum
3127 3331 3294 3397 citat,
3325 3330 3609 3401 Savaron.,
3643 3329 3735 3386 ad

2120 3400 2335 3471 Sidon.,
2370 3406 2462 3458 lih.
2486 3421 2558 3469 vt,
2589 3406 2749 3472 epist.
2778 3405 2833 3467 4,
2861 3419 2980 3472 pag.
3006 3402 3136 3460 590.
3158 3411 3213 3456 et
3242 3401 3292 3457 J.
3322 3401 3412 3457 Fr.
3443 3400 3732 3472 Gronov.,

2119 3477 2277 3532 Oltss.
2308 3518 2322 3539 ,
2353 3476 2448 3530 lib.
2483 3492 2538 3530 ιιι
2565 3517 2580 3539 ,
2625 3471 2745 3544 cap.
2787 3471 2879 3529 20.
2916 3473 3107 3528 Munus
3132 3482 3312 3528 autem
3341 3516 3356 3536 ,
3402 3472 3469 3527 de
3494 3486 3602 3541 quo
3631 3471 3741 3529 hic

2121 3548 2355 3609 mentio,
2396 3556 2483 3602 est
2511 3543 2703 3601 salutis
2729 3545 3054 3616 praeconium
3083 3555 3136 3600 et
3174 3544 3418 3600 veritatis
3459 3543 3739 3613 praedica-

2122 3619 2214 3673 tio.
2247 3618 2449 3673 OnELL.

2195 3688 2401 3743 llm'nis.
2432 3688 2736 3744 Scriverius
2767 3686 3002 3741 malebat
3027 3687 3190 3741 runis.
3223 3686 3243 3757 (
3266 3685 3436 3745 Ruua.
3458 3699 3525 3746 te.
3548 3700 3741 3754 genus

2119 3760 2231 3828 teli,
2270 3761 2401 3816 Vide
2429 3762 2576 3816 Fest.
2609 3757 2629 3831 )
2661 3774 2762 3815 nec
2789 3759 2931 3814 male
2955 3799 2970 3826 ,
2998 3759 3273 3830 quomodo
3305 3757 3507 3813 Ennius
3535 3758 3686 3812 dixit
3717 3775 3736 3812 :

2234 3956 2245 3966 .
2274 3918 2468 3969 Hastati
2491 3923 2734 3981 Spargant
2759 3917 2941 3978 hastas,
2967 3914 3023 3966 lit
3041 3914 3238 3967 ferreus
3259 3915 3437 3967 imber.

2120 4043 2226 4100 Sed
2262 4044 2456 4099 Cicero
2495 4042 2745 4097 similiter
2788 4041 3001 4096 locutus
3028 4080 3045 4105 ,
3093 4039 3189 4093 lib.
3220 4056 3275 4095 ut
3297 4081 3311 4106 ,
3342 4039 3412 4094 de
3451 4038 3696 4109 Legibus
3718 4059 3737 4097 :

2121 4114 2279 4170 Caius
2301 4131 2418 4169 vero
2442 4113 2707 4167 Gracchus
2733 4113 2897 4166 ruinis
2927 4123 2973 4165 et
2996 4112 3060 4165 iis
3086 4111 3220 4178 ﬁcis,
3246 4128 3374 4181 quas
3401 4113 3511 4179 ipse
3525 4129 3581 4164 se
3601 4130 3740 4180 pro-

2116 4189 2301 4258 jecisse
2340 4188 2392 4239 in
2430 4187 2599 4253 forant
2629 4184 2759 4239 dixit
2784 4225 2799 4247 ,
2826 4183 3022 4258 Aquilius
3057 4183 3469 4252 digladiarentur
3510 4185 3647 4258 inter
3679 4202 3743 4239 se

2122 4254 2288 4319 cives.
2335 4274 2505 4311 nonne
2531 4272 2730 4310 omnem
2762 4254 3057 4319 reipublicw
3080 4265 3270 4325 statum
3302 4255 3646 4325 permutavit;
3676 4265 3743 4311 et

2126 4328 2332 4384 Seneca
2355 4371 2369 4393 ,
2399 4329 2559 4398 epist.
2588 4342 2644 4381 ιι
2673 4344 2685 4380 :
2714 4325 3033 4398 Quantorltic
3060 4324 3345 4398 mirabilior
3368 4326 3475 4398 vir,
3513 4327 3603 4395 qui
3632 4343 3744 4393 per

2045 4432 2099 4492 1)
2124 4403 2317 4492 temet
2356 4410 2402 4453 ει
2438 4396 2624 4492 ’ξ’έίηέιξ
2651 4408 2699 4451 ει
2729 4397 3097 4492 ‘9.i'.fi.‘"f£‘.’.‘.‘.
3120 4396 3449 4492 dicere:
3478 4398 3741 4492 5:33:59-

2124 4466 2333 4526 Mevns.
2360 4512 2375 4535 ,
2411 4487 2532 4541 pag.
2557 4470 2727 4524 57.-—
2742 4467 2932 4541 Ruina»
2954 4477 3132 4541 itaque
3174 4466 3227 4521 h.
3262 4466 3298 4521 l.
3329 4475 3449 4522 sunt
3476 4467 3699 4535 lapides
3723 4509 3745 4536 ,

2123 4539 2811 4597 aediﬁciorumdirutorum
2841 4539 3054 4593 rudera.
3084 4540 3289 4593 (lusu.

2200 4614 2301 4679 Qui
2371 4630 2471 4666 non
2540 4612 2691 4666 modo
2762 4610 2963 4664 nullum
3018 4608 3247 4662 intulerit
3315 4609 3501 4663 malum
3561 4609 3749 4664 nulli.

2123 4683 2388 4738 Meursius
2416 4687 2614 4737 mavult
2648 4700 2660 4736 :
2691 4680 2807 4736 ulli.
2837 4686 2902 4735 At
2924 4679 3154 4747 duplicis
3182 4680 3481 4750 negationis
3507 4695 3608 4732 non
3650 4679 3748 4735 af-

2126 4755 2413 4815 lirntautis,
2441 4755 2533 4811 sed
2560 4752 2936 4808 vehementius
2965 4751 3210 4821 negantis
3240 4767 3391 4806 more
3411 4751 3748 4808 (ira-corum

2123 4828 2233 4895 plut
2250 4842 2277 4878 a
2301 4828 2542 4896 exempla
2569 4825 2726 4879 all‘ert
2750 4822 3063 4896 Veeltuerus
3088 4825 3137 4875 iu
3167 4821 3525 4885 Hedenolex,
3559 4837 3609 4876 c.
3630 4823 3746 4890 55,

2126 4912 2247 4968 pag.
2284 4897 2406 4954 58L
2440 4895 2528 4951 ed.
2562 4896 2880 4964 lleusiuger.
2902 4895 3118 4968 Ossae.

2200 4964 2305 5023 Sed
2328 4969 2595 5038 aequaliter
2620 4968 2864 5037 benignus
2891 4965 3328 5038 Itostibus_dicere,
3356 4973 3459 5038 ett;
3491 4964 3615 5038 ﬂare
3656 4976 3753 5022 est

2124 5038 2262 5094 Cod.
2286 5034 2394 5093 tus.
2416 5039 2574 5093 lectio
2605 5034 2807 5091 temere
2834 5045 3034 5091 mutata
3050 5052 3079 5091 a
3097 5036 3322 5091 Gelenio
3348 5049 3399 5091 et
3422 5034 3709 5093 F.Ursiuo
3732 5055 3748 5092 :

2126 5112 2216 5165 sed
2244 5109 2505 5172 aequaliter
2528 5110 2771 5179 benignus
2802 5108 3033 5162 euntibus
3060 5108 3326 5179 docuerit;
3352 5110 3615 5179 (ritualiter
3652 5108 3745 5162 be.

2128 5186 2313 5252 nignus
2336 5181 2454 5235 scil.
2476 5178 2932 5252 luerit.Beuignus
2954 5180 3122 5232 dicere
3142 5178 3204 5231 GI
3219 5181 3442 5235 tecisnto
3468 5178 3750 5245 frequen-

2129 5249 2642 5328 tissittto._rrpaiic_ro
2667 5249 2846 5328 itm.
2876 5250 3060 5328 Itaque
3083 5264 3353 5328 nuttﬂopus
3375 5263 3485 5328 est,
3516 5263 3571 5302 ttt
3598 5265 3749 5306 cum

2127 5325 2335 5380 etlitore
2357 5320 2523 5394 Lu'gtl.
2553 5323 2667 5376 Bat.
2701 5320 2935 5392 legamus
2952 5322 3160 5394 diceret.
3188 5324 3242 5375 Si
3262 5320 3389 5394 quid
3406 5332 3583 5394 autem
3609 5338 3753 5377 mtt-

2129 5397 2370 5456 taudutu,
2408 5392 2619 5449 mallent
2662 5394 2867 5458 emerit,
2904 5392 3023 5461 quia
3047 5392 3323 5462 praecessit
3346 5393 3606 5451 intulerit,
3651 5395 3751 5448 vti

2129 5482 2251 5520 cunt
2293 5464 2601 5521 SteWerltiu
2632 5465 2697 5517 ad
2743 5464 2833 5518 lih.
2869 5479 2903 5517 tt
2931 5506 2943 5521 .
2972 5480 3092 5531 cap.
3130 5464 3190 5533 l,
3240 5463 3472 5517 edixerit.
3513 5462 3751 5519 Glossu:

2129 5536 2353 5591 Memhr.
2406 5537 2835 5589 edicit-torum
2880 5535 3003 5589 dicit
3049 5534 3126 5588 vel
3177 5540 3317 5605 [oras
3367 5535 3539 5598 dicit;
3595 5536 3753 5592 unde

2130 5608 2371 5662 edictum.
2401 5606 2584 5676 Neque
2606 5607 2831 5661 hostibus
2858 5606 3168 5659 mutandqu
3197 5607 3250 5661 in
3282 5605 3537 5660 omnibus.
3568 5606 3747 5662 Vide-

2133 5687 2221 5733 tur
2249 5679 2368 5733 seil.
2403 5678 2704 5747 respexisse
2749 5678 3019 5732 Arnobius
3046 5677 3113 5731 ad
3146 5679 3309 5747 verba
3351 5677 3440 5730 illa
3482 5678 3545 5730 ll.
3578 5676 3750 5733 Pauli

2130 5749 2197 5806 ad
2224 5748 2458 5818 001055.,
2489 5746 2524 5805 t.
2553 5764 2634 5806 vs.
2657 5748 2723 5805 21
2758 5765 2771 5804 :
2796 5752 2890 5804 Καὶ
2912 5749 3046 5825 ὑμᾶς
3077 5771 3199 5807 ποτε
3220 5746 3370 5811 ὄντας
3392 5748 3749 5831 ἀπηλλοτριωο
