3974 6068
188 282 295 343 809

1511 285 1713 344 LIBER
1755 287 2138 346 SECUNDUS.

3394 303 3498 357 810

186 393 373 453 missio
402 392 731 452 audientium
758 394 1038 452 turbarent
1061 404 1290 463 mentes,
1319 398 1775 455 et‘credulitatem
1805 408 1859 468 Α
1882 416 2002 457 esse
2033 418 2156 474 spes
2186 418 2311 458 suas
2331 445 2344 470 ,
2375 418 2507 476 quas
2528 403 2845 475 jamdudum
2891 419 3212 480 acceperant
3254 412 3324 468 de
3367 416 3488 468 uni-

185 486 431 543 l‘acerent
457 490 705 546 hscsitsre
733 508 745 544 :
780 491 1040 546 virtutum
1066 493 1305 548 omnium
1329 492 1601 558 dominus,
1626 504 1787 564 atque

185 581 358 652 ipsius
406 584 591 640 mortis
635 588 906 641 extinctor
961 585 1235 643 hominem
1281 601 1435 642 suum
1487 587 1792 659 permiserit

183 672 451 743 interﬁci,
479 684 539 732 ut
565 692 633 734 ex
660 679 821 736 rebus
845 679 1302 751 consequentibus
1331 680 1533 736 scirent
1572 682 1623 734 in
1675 688 1791 735 tuto

1896 509 2102 550 morum
2129 496 2330 562 salute,
2366 512 2467 553 nec
2507 497 2800 567 periculum
2850 503 3040 558 mortis
3083 505 3187 559 alia
3226 522 3287 563 se
3328 523 3488 577 posse

1898 588 2107 645 ratione
2130 590 2313 645 vitare.

1567 797 2128 855 COMMENTARIUS.

188 910 480 989 pineus-rati
492 910 717 989 ἑχθρᾳρς
815 910 1009 989 Scaevoia
1026 914 1072 967 ἐν
1085 921 1191 989 τοῖς
1210 911 1378 989 ἔργοις
1394 921 1501 976 τοῖς
1514 920 1781 989 πονηροῖς,

185 972 297 1061 insui
339 979 393 1036 δὲ
422 972 826 1061 anagnia-villages
856 987 907 1039 iv
933 972 1006 1058 τῷ
1050 972 1258 1061 σώμαι-ξ
1277 972 1371 1046 ῐτῆς
1400 987 1588 1061 σαρκὸς
1622 972 1785 1040 ἀύτοῦ

187 1049 272 1130 διοξ
300 1059 392 1130 τοῦ
427 1055 663 1130 Quasi-sou,
706 1049 1047 1125 πάραστῆόαι
1073 1049 1210 1130 ὑμᾶς
1239 1057 1415 1130 ἁγίους
1439 1049 1521 1111 riu
1544 1060 1788 1129 ἀμώμους

187 1127 276 1178 καὶ
298 1124 634 1198 ἀνεγκλήτους
661 1124 969 1183 κατενώπιον
993 1124 1175 1184 aurci).
1203 1124 1408 1183 UR'ELL.

1968 911 2239 967 Hominem
2268 929 2434 991 suum.
2471 912 2526 968 Id
2553 921 2637 967 est
2664 912 2943 991 hominem
2965 958 2978 981 ,
3021 934 3179 986 queui
3213 921 3494 991 induerat,

1895 983 2423 1055 nss_anipserat.Vide
2452 994 2608 1039 notas
2633 986 2699 1039 ad
2730 1003 2850 1055 cap.
2885 988 2974 1042 6:2.
3008 983 3212 1047 OBELL.

1972 1052 2054 1109 Ea:
2079 1050 2228 1109 rebus
2264 1056 2705 1126 consequentibus.
2730 1050 2897 1114 ld'est
2931 1064 3332 1187 ribsurrectione
3380 1080 3496 1123 sua.

3013 1149 3157 1187 nm.

3013 1149 3157 1190 MILI-

182 1283 3470 1329 ._..__________________________________________________________________________’_,._____‘

1113 1410 1600 1524 LIBER
1672 1408 2536 1524 SECUNDUS.

1599 1671 2098 1703 Mm—

1580 1817 1789 1876 INDEX
1825 1815 2153 1875 CAPITUM.

186 2004 266 2060 Ab
289 2005 504 2062 ethnicis
530 2004 738 2075 inquirit
764 2004 1018 2059 Arnobius
1037 2019 1130 2058 cur
1152 2003 1355 2057 demum
1373 1999 1636 2058 Christum
1665 1999 1785 2053 nul—
1812 2000 1861 2060 Β
1962 2015 2138 2054 munes
2168 2008 2313 2054 erant
2343 2017 2458 2055 cum
2495 2003 2919 2073 philosophorum
2954 2009 3241 2079 coryplueis
3269 2012 3332 2065 de
3357 2010 3467 2067 Deo
3485 2055 3500 2079 ,

264 2102 368 2155 lius
395 2101 448 2155 in
478 2118 563 2156 eos
591 2101 782 2173 peccati
808 2116 950 2154 reum
976 2100 1051 2154 ita
1077 2097 1308 2163 oderint,
1352 2106 1406 2151 ut
1438 2093 1519 2150 vel
1548 2096 1660 2166 ejus
1692 2109 1787 2148 uo-

185 2256 189 2260 ,
265 2194 400 2249 mine
419 2178 598 2248 audito
627 2195 708 2248 ira
733 2193 967 2264 protinus
990 2194 1367 2248 excandescant
1410 2208 1425 2245 :
1457 2190 1545 2261 qui
1586 2201 1792 2253 tamen,

276 2287 431 2343 etiam
457 2288 503 2342 si
528 2288 614 2341 cui
633 2286 871 2341 credatur
890 2286 1078 2357 dignus
1100 2302 1203 2339 non
1220 2292 1367 2348 esset,
1406 2299 1463 2338 eo
1484 2282 1666 2337 saltem
1693 2296 1795 2335 non

263 2379 621 2450 aspernandus
642 2388 773 2445 erat,
805 2378 943 2449 quod
975 2379 1174 2433 cunctis
1191 2376 1326 2432 viam
1354 2376 1423 2430 ad
1441 2375 1625 2431 calum
1646 2389 1796 2428 mon—

270 2473 472 2528 stravit.
1576 2467 1709 2540 Cap.
1740 2469 1797 2524 1.

192 2564 438 2620 Occurrit
454 2574 634 2620 auctor
658 2565 931 2638 gentilibus
946 2565 1373 2633 respondentibus
1390 2606 1405 2633 ,
1424 2579 1624 2618 summo
1650 2562 1799 2617 illum

263 2658 386 2714 odia
428 2674 481 2714 se
520 2668 790 2730 propterea
832 2660 1101 2731 prosequi,
1149 2660 1274 2730 quia
1320 2674 1523 2713 omnem
1584 2657 1796 2712 deorum

272 2754 469 2808 cultum
493 2754 690 2808 evertit.
1499 2750 1630 2823 Cap.
1654 2751 1708 2818 2,
1739 2752 1792 2807 5.

198 2845 441 2902 Ostendit
468 2848 695 2903 ethnicos
722 2864 934 2919 prorsus
964 2849 1214 2904 immerito
1244 2848 1434 2904 Christi
1455 2848 1606 2902 dictis
1634 2863 1797 2918 prop-

278 2949 417 2995 terea
450 2958 552 2995 non
597 2941 826 3008 credere,
858 2942 995 3013 quod
1023 2957 1255 3010 ea,tqua:
1284 2942 1574 3011 pollicetur,
1608 2956 1662 2994 se
1687 2955 1799 2995 um-

267 3047 423 3102 quam
437 3031 607 3104 reipso
621 3031 859 3086 daturum
879 3048 972 3088 nos
986 3048 1086 3086 non
1104 3032 1371 3086 convincit.
1382 3032 1444 3087 Si
1458 3030 1660 3101 quidem
1677 3029 1799 3101 plu—

270 3126 709 3196 rima’suppetunt
745 3140 920 3180 eorum
947 3140 1062 3196 qua:
1088 3124 1319 3179 Christus
1345 3123 1577 3196 promisit
1601 3164 1616 3188 ,
1649 3121 1794 3176 haud

274 3220 485 3275 omnino
532 3220 729 3274 incerta
783 3236 954 3279 rerum
1007 3231 1312 3291 argumenta
1369 3237 1384 3273 :
1426 3233 1541 3289 qua:
1595 3216 1801 3288 quidem

270 3328 429 3382 quum
453 3312 508 3365 in
532 3320 773 3383 promptu
802 3312 927 3379 sint,
957 3311 1020 3366 de
1048 3312 1269 3366 aliorum
1291 3326 1489 3381 quoque
1507 3308 1569 3363 ab
1595 3326 1654 3364 eo
1676 3324 1796 3381 pro-

285 3408 557 3462 missorum
575 3416 754 3461 eventu
778 3405 1048 3460 dubitandi
1075 3405 1219 3459 nulla
1244 3404 1376 3459 ratio
1396 3412 1490 3459 est.
1511 3402 1639 3474 Cap.
1663 3403 1717 3468 4,
1737 3404 1793 3459 5.
1823 3383 1869 3446 (ἶ

201 3499 543 3556 Ethnicorum
559 3499 871 3571 jactantiam
918 3497 1177 3563 retundit,
1208 3497 1396 3568 quippe
1435 3497 1620 3568 qui'se
1660 3495 1799 3551 solos

275 3592 533 3663 sapientia
563 3600 608 3646 et
634 3592 846 3646 scientia
876 3599 1085 3646 ornatos
1136 3591 1516 3661 gloriarentur,
1585 3598 1795 3644 cwteros

280 3699 433 3751 vero,
464 3685 552 3755 qui
580 3699 671 3756 per
701 3692 861 3739 totum
892 3693 1141 3737 terrarum
1184 3680 1355 3736 orbem
1378 3679 1582 3737 Christo
1614 3698 1798 3737 nomen

272 3775 538 3832 dederunt
558 3817 574 3841 ,
619 3791 807 3846 magno
832 3775 983 3829 etiam
1009 3773 1213 3846 ingenio
1242 3774 1488 3845 praeditos
1509 3814 1525 3840 ,
1558 3773 1762 3829 obtusos
1780 3818 1794 3842 ,

272 3868 476 3923 hebetes
501 3884 562 3923 ac
591 3868 766 3938 fatuos
792 3867 1164 3923 existimarent.
1488 3863 1618 3937 Cap.
1651 3865 1705 3932 6,
1741 3866 1795 3920 7.

192 3961 378 4021 Nulla
406 3962 566 4034 igitur
584 3960 785 4016 ratione
805 3960 926 4015 aliis
946 3975 1049 4014 non
1073 3958 1323 4014 doctiores
1350 3959 1539 4013 ethnici
1564 3958 1802 4015 christia-

270 4071 366 4110 nos
400 4054 571 4109 divino
596 4053 843 4125 magistro
870 4069 963 4107 suo
994 4052 1252 4107 credentes
1274 4052 1650 4122 vituperabant.
1676 4050 1803 4107 Sine

274 4150 469 4223 prtevia
495 4165 714 4220 namque
739 4147 843 4217 ﬁde
871 4146 1071 4202 nullum
1101 4150 1332 4219 profecto
1360 4146 1618 4218 negotium
1638 4146 1802 4201 susci-

271 4246 429 4314 pitur.
451 4241 665 4315 lpsimet
680 4243 895 4315 gentiles
910 4242 1236 4313 opinionibus
1271 4240 1539 4296 credebant
1570 4241 1799 4311 philoso-

272 4338 526 4407 phorum,
558 4322 738 4408 quide
764 4335 944 4405 primis
973 4344 1140 4389 tamen
1165 4350 1333 4390 rerum
1365 4333 1631 4403 principiis
1659 4332 1805 4387 aliis-

270 4448 373 4502 que
397 4432 463 4486 de
505 4431 655 4488 rebus
685 4429 819 4485 nihil
863 4429 985 4485 certi
1039 4427 1395 4499 exploratique
1426 4425 1696 4496 proferunt
1742 4440 1804 4478 ac

273 4541 474 4595 semper
501 4525 636 4577 inter
659 4539 714 4578 se
741 4520 1119 4593 digladientur.
1375 4518 1504 4589 Cap.
1536 4518 1591 4581 8,
1621 4518 1678 4584 9,
1710 4515 1800 4583 10.

196 4615 341 4674 Inde
367 4614 564 4686 colligit
586 4614 841 4669 Arnobius
867 4612 1061 4685 mquius
1086 4627 1196 4667 esse
1224 4611 1429 4665 credere
1457 4609 1682 4677 Christo,
1713 4609 1804 4681 qui

280 4711 437 4765 tantis
474 4708 739 4763 miraculis
778 4707 1071 4763 doctrinam
1121 4721 1272 4760 suam
1316 4703 1595 4771 stabilivit,
1645 4720 1804 4775 quam

1970 2093 2032 2148 de
2056 2110 2331 2163 corporum
2372 2098 2741 2151 resurrectione
2790 2099 2853 2153 de
2880 2100 3044 2155 salute
3078 2103 3401 2169 animarum,
3449 2117 3495 2159 et

1972 2186 2162 2257 futuris
2207 2186 2486 2255 impiorum
2512 2190 2676 2257 poenis
2707 2191 3006 2257 sementim,
3049 2180 3279 2263 quamvis
3326 2195 3390 2249 ab
3422 2196 3502 2251 his

1966 2279 2118 2332 aliter
2142 2290 2292 2347 atque
2315 2295 2345 2331 a
2380 2276 2688 2334 Christianis
2718 2281 3058 2352 explicentur.
3124 2282 3252 2354 Cap.
3290 2285 3380 2350 15,
3412 2287 3501 2342 ib.

1898 2367 2036 2425 Ilinc
2080 2370 2402 2425 occasionem
2448 2381 2621 2441 captat
2663 2372 2916 2428 Arnobius
2963 2375 3312 2445 edisserendi,
3347 2378 3498 2449 cujus

1969 2474 2173 2518 natura:
2192 2464 2258 2517 sit
2281 2464 2453 2518 aninia
2484 2473 2679 2530 nostra,
2713 2482 2813 2535 quo
2843 2482 2906 2521 ea:
2932 2470 3074 2536 fonte
3099 2468 3312 2538 prodeat
3341 2480 3388 2523 et
3412 2485 3508 2523 cur

1968 2562 2125 2615 variis
2152 2558 2419 2628 aliectibus
2460 2572 2510 2617 et
2538 2563 2670 2618 vitiis
2710 2564 2801 2633 ﬁat
2844 2566 3085 2620 obnoxia.
3136 2566 3269 2621 Illos
3321 2567 3506 2622 deinde

1969 2652 2161 2722 refutat
2185 2696 2200 2721 ,
2228 2655 2316 2723 qui
2341 2665 2569 2709 nostram
2597 2657 2825 2711 animum
2868 2659 3099 2728 ejusdem
3125 2675 3241 2712 cum
3270 2658 3379 2714 Deo
3399 2661 3501 2714 im-

1968 2745 2297 2801 mortalitatis
2346 2758 2392 2801 et
2435 2757 2635 2803 natum
2677 2750 2978 2821 participem
3023 2766 3130 2805 esse
3195 2754 3504 2820 pronuntia-

1974 2838 2118 2893 banL
3017 2843 3500 2912 eap.tt,15,to.

1897 2931 1963 2986 At
1992 2932 2166 2988 divina
2197 2946 2303 2999 est,
2338 2935 2658 3006 inquiebant,
2692 2937 2867 2990 anima
2897 2938 3120 2991 hominis
3144 2980 3158 3002 ,
3187 2942 3273 3009 qui
3294 2942 3493 2993 ratione

1972 3027 2169 3080 cwteris
2198 3012 2404 3094 prtvstat
2429 3027 2757 3081 animalibus.
2793 3026 2995 3098 Optime
3020 3028 3262 3098 quidem,
3296 3029 3503 3098 reponit

1970 3121 2223 3176 Arnobius
2246 3163 2260 3187 ,
2288 3123 2333 3175 si
2359 3121 2510 3176 homo
2536 3122 2634 3176 hac
2670 3138 2765 3175 sua
2789 3122 2990 3176 ratione
3016 3123 3141 3176 bene
3161 3139 3362 3191 semper
3387 3132 3499 3176 ute-

1970 3223 2126 3268 retur.
2154 3214 2348 3268 Deinde
2368 3215 2632 3269 nonnullis
2646 3231 2918 3269 occurrens
2942 3216 3198 3270 instantiis
3226 3216 3363 3286 vulgi
3384 3216 3501 3284 opi-

1971 3306 2200 3360 nationes
2238 3307 2300 3359 de
2341 3307 2528 3361 anima:
2574 3307 2812 3361 humana:
2858 3308 3157 3376 prwstantia
3184 3308 3392 3377 exponit
3440 3324 3500 3361 ac

1976 3398 2147 3453 unua.
3117 3399 3491 3468 cap.t7,ts,

1904 3489 2082 3562 Pergit
2104 3504 2256 3561 porro
2286 3492 2661 3559 demonstrare,
2708 3492 2959 3547 humanas
2986 3492 3184 3546 animas
3225 3510 3385 3564 neque
3416 3495 3502 3547 di-

1976 3584 2118 3638 vinas
2168 3600 2276 3639 esse
2321 3601 2483 3655 neque
2519 3584 2748 3639 omnium
2795 3585 3007 3639 scientia
3028 3586 3254 3639 eruditas
3276 3586 3330 3639 in
3363 3585 3500 3640 hunc

1975 3677 2221 3731 mundum
2250 3692 2278 3730 e
2304 3678 2432 3731 caelo
2458 3676 2727 3733 advolasse
2746 3718 2761 3742 ,
2792 3687 2944 3748 atque
2970 3677 3092 3732 inde
3129 3679 3229 3731 ruit
3256 3678 3504 3748 placitum

1972 3769 2106 3823 illud
2130 3767 2472 3838 quorumdam
2514 3768 2937 3839 philosOplwrum
2956 3811 2972 3836 ,
3011 3786 3110 3839 quo
3138 3786 3196 3824 ea
3219 3785 3333 3836 qua;
3352 3771 3508 3826 disci-

1975 3875 2088 3913 mus
2114 3859 2525 3914 reminiscentias
2553 3876 2661 3914 esse
2686 3862 3028 3914 somniabunt.
3247 3862 3378 3933 Cap.
3413 3863 3503 3919 l9.

1906 3950 1973 4006 Et
2001 3952 2133 4006 hanc
2159 3952 2364 4023 quidem
2392 3952 2815 4022 conjectationem
2841 3953 3026 4023 falsam
3056 3969 3164 4008 esse
3193 3955 3310 4007 aliis
3332 3955 3503 4009 adhuc

1974 4046 2233 4099 rationum
2260 4046 2528 4099 momentis
2555 4045 2736 4099 evincit
2764 4061 2777 4097 :
2807 4045 3057 4115 imprimis
3086 4061 3201 4098 vero
3233 4046 3500 4115 proposita

1976 4138 2245 4211 hypothesi
2270 4138 2434 4208 pueri,
2451 4136 2502 4190 in
2517 4136 2858 4190 desertissima
2874 4148 2921 4191 et
2939 4137 3197 4191 inaccessa
3222 4138 3502 4192 solitudine

1975 4233 2081 4286 nati
2100 4241 2247 4302 atque
2276 4230 2464 4285 ibidem
2493 4245 2693 4284 summa
2722 4229 2775 4283 in
2802 4230 3006 4285 silentio
3052 4247 3084 4282 a
3131 4239 3273 4283 ntuta
3300 4230 3497 4285 nutrice

1974 4326 2198 4381 educati.
3132 4323 3260 4394 Cap.
3286 4324 3379 4392 20,
3406 4325 3501 4382 21.

1910 4419 2047 4474 Hinc
2065 4418 2321 4475 evidenter
2340 4418 2636 4485 concludit,
2681 4418 2961 4473 humanam
2989 4419 3218 4472 ultimam
3262 4422 3315 4474 in
3345 4437 3497 4475 mun-

1978 4512 2102 4566 dum
2123 4528 2223 4566 non
2250 4511 2444 4566 venisse
2463 4511 2690 4565 omnium
2715 4510 2930 4565 scientia
2956 4511 3282 4564 instructam.

3122 4602 3252 4675 Cap.
3283 4604 3374 4670 22,
3406 4607 3494 4660 25.

1908 4696 2112 4753 Exinde
2136 4696 2393 4751 Arnobius
2422 4695 2738 4750 contrarium
2770 4693 3010 4750 Platonis
3038 4704 3394 4766 argumentum
3436 4712 3501 4751 es:

279 4801 600 4874 philosophis
638 4798 1009 4870 quantumlibet
1035 4796 1097 4852 ob
1126 4812 1327 4850 morum
1355 4795 1701 4866 integritatem
1723 4804 1803 4849 at-
1832 4775 1889 4836 D
1987 4805 2145 4861 puero
2172 4788 2235 4843 de
2277 4787 2504 4843 numeris
2533 4787 2844 4857 interrogato
2876 4787 3086 4855 petitum
3116 4786 3396 4840 luculenter
3418 4786 3501 4840 di-

277 4912 377 4967 que
420 4895 728 4964 sapientiam
775 4891 1091 4956 laudandis,
1134 4890 1221 4962 qui
1246 4888 1379 4943 nihil
1418 4886 1497 4941 vel
1540 4887 1809 4941 minimum

276 4990 405 5060 quid
430 4990 511 5044 his
536 4988 705 5044 simile
729 5001 972 5058 umquam
997 4992 1297 5056 potuerunt.
1549 4978 1683 5051 Cap.
1714 4979 1803 5035 il.

200 5087 277 5145 Et
302 5096 455 5149 certe,
479 5085 525 5138 si
569 5082 806 5138 Christus
834 5079 1075 5134 humanis
1104 5087 1302 5133 tantum
1345 5074 1665 5149 argumentis
1688 5090 1810 5129 usus

278 5178 487 5249 fuisset,
516 5190 664 5230 nemo
689 5174 736 5229 ei
755 5173 912 5240 fidem
940 5170 1287 5238 adhibuisset,
1316 5186 1471 5240 quam
1500 5179 1671 5223 tamen
1701 5167 1809 5238 ple-

276 5272 423 5342 rique
448 5268 576 5324 dare
600 5266 767 5322 coacti
786 5275 904 5322 sunt
926 5264 988 5320 ob
1015 5265 1152 5320 edita
1178 5264 1241 5319 ab
1268 5263 1382 5335 ipso
1412 5263 1625 5334 ejusque
1651 5260 1779 5315 disci
1789 5290 1809 5302 -

215 5372 225 5379 '
282 5365 422 5436 pulis
449 5362 739 5425 miracula;
770 5360 908 5415 edita
929 5400 944 5423 ,
966 5360 1176 5429 inquam
1197 5398 1214 5423 ,
1242 5358 1428 5428 ubique
1448 5356 1501 5410 in
1532 5355 1740 5410 Oriente
1763 5361 1811 5407 et

283 5456 564 5513 Occidente
593 5464 641 5510 et
678 5454 1003 5527 potissimum
1034 5452 1215 5506 Romae
1234 5492 1250 5519 ,
1279 5450 1366 5505 ubi
1415 5449 1597 5505 Simon
1629 5463 1810 5519 magus

280 5567 314 5605 a
342 5549 500 5605 Petro
525 5564 593 5604 ea:
630 5547 838 5603 sublimi
864 5562 964 5602 tere
992 5546 1047 5599 in
1073 5553 1264 5599 terram
1299 5542 1529 5610 deiectus
1572 5541 1810 5614 perhibe-

287 5652 391 5697 tur.
586 5678 589 5681 λ
850 5666 854 5669 -
1560 5633 1688 5703 Cap.
1718 5631 1804 5687 12.

210 5733 357 5805 Quid
407 5732 598 5800 plura?
647 5731 773 5788 Non
811 5729 1047 5788 verenda
1077 5738 1245 5797 certe,
1272 5728 1362 5785 sed
1386 5728 1502 5783 ideo
1545 5726 1813 5782 laudanda

209 5894 220 5903 _
282 5834 395 5884 erat
414 5825 486 5881 'ab
512 5824 728 5881 ethnicis
759 5822 1151 5878 christianoram
1185 5819 1314 5890 fides
1335 5860 1350 5890 ,
1386 5818 1507 5890 quia
1527 5817 1633 5875 illis
1668 5830 1812 5872 com-

790 5916 1067 5979 PATROL.
1101 5911 1179 5976 V.

1984 4883 2098 4938 luit.
3123 4876 3251 4947 Cap.
3281 4878 3374 4943 24,
3404 4877 3499 4936 25.

1916 4976 2106 5033 Eorum
2131 4974 2463 5047 objectionem
2504 4972 2735 5027 dissolvit
2757 5013 2771 5038 ,
2802 4971 2891 5042 qui
2926 4971 3098 5025 dicunt
3127 4970 3354 5024 animum
3373 5013 3389 5039 ,
3416 4973 3503 5028 ubi

1984 5069 2191 5139 corpori
2234 5065 2585 5136 conjungitur,
2644 5064 2872 5135 priorum
2943 5061 3170 5116 oblivisci
3220 5071 3410 5131 atque,
3454 5072 3510 5118 ut

1980 5162 2124 5216 aiunt
2142 5203 2157 5229 ,
2189 5176 2255 5216 ea:
2271 5159 2423 5214 docta
2445 5157 2828 5213 elementoriam
2855 5155 2987 5224 ﬁeri.
3123 5152 3254 5223 Cap.
3287 5155 3380 5223 26,
3408 5156 3499 5209 27.

1916 5253 2063 5311 Idem
2092 5261 2449 5326 argumentum
2479 5259 2774 5322 pertractat.
3245 5246 3375 5317 Cap.
3407 5247 3501 5305 28.

1917 5346 2003 5402 Eo:
2026 5346 2300 5416 disputatis
2335 5344 2530 5415 colligit
2559 5351 2737 5396 auctor
2761 5339 3013 5394 hominem
3060 5339 3395 5409 proletarium
3446 5358 3507 5396 ac

1988 5458 2197 5513 prorsus
2221 5440 2425 5510 inapem
2450 5436 2620 5492 ordini
2642 5436 2806 5505 primo
2833 5435 2886 5486 h.
2924 5450 2970 5487 e.
3007 5432 3179 5488 divino
3206 5449 3306 5486 non
3341 5435 3506 5489 ascri-

1986 5532 2207 5588 bendum
2246 5547 2337 5585 nec
2394 5530 2440 5583 ei
2492 5528 2722 5585 eamdem
2750 5535 2904 5596 atque
2930 5524 3039 5580 Deo
3066 5525 3508 5581 immortalitatem

1991 5622 2335 5679 tribuendam.
3139 5616 3269 5686 Cap.
3295 5617 3387 5683 9.9,
3416 5618 3510 5674 50.

1925 5717 2122 5773 Eadem
2150 5715 2348 5770 ratione
2370 5713 2636 5785 impugnat
2675 5709 2928 5766 Arnobius
2960 5709 3271 5766 contrariam
3297 5708 3515 5777 Epicuri

1994 5807 2317 5880 opinionem,
2367 5806 2455 5879 qui
2506 5803 2731 5861 animum
2773 5804 3052 5857 humanam
3102 5801 3367 5853 mortalem
3415 5816 3524 5856 esse

2878 5895 2958 5958 26
