3974 6068
484 346 585 404 8H
1621 325 1898 385 ABNOBlI
1934 319 2300 382 ADVERSUS
2329 319 2607 380 GENTES

3668 309 3797 367 812

552 458 827 535 garriebat.
852 452 1051 509 Deinde
1076 448 1253 505 statuit
1278 454 1458 501 auctor
1486 452 1678 511 noster,
1711 443 1937 497 animum
1967 456 2070 494 me-
2101 440 2152 501 Α
2247 446 2463 505 seratur,
2511 433 2647 507 quod
2703 431 2765 487 ab
2816 430 2919 486 alio
2959 426 3133 486 statim
3187 427 3378 484 destrui
3405 441 3508 481 non
3574 425 3793 496 possit?

555 554 655 608 dite
694 549 964 621 cujusdam
988 542 1257 599 mortalem
1298 540 1430 595 inter
1475 546 1522 593 et
1565 536 1791 591 divinam
1841 543 2077 589 naturam

556 660 663 700 esse
685 640 1001 698 substantiae.
1647 627 1778 696 Cap.
1813 625 1883 682 50
1898 654 1968 665 —
1985 623 2076 680 54.

485 739 802 797 lnstantibus
850 750 965 789 vero
1012 730 1227 786 ethnicis
1247 769 1260 795 ,
1290 742 1390 798 quo
1422 733 1571 797 pacto
1629 718 1936 775 immortalis
1966 718 2080 787 ﬁeri

556 831 716 902 possit
743 829 951 893 anima,
997 825 1042 880 si
1087 823 1268 877 medice
1310 820 1452 874 illius
1481 816 1742 887 qualitatis
1790 814 1893 876 sit,
1950 812 2079 884 facit

553 924 678 978 satis
705 919 979 975 Arnobius.
1026 971 1033 978 ,
1703 906 1831 977 Cap.
1863 905 1954 973 55,
1988 903 2077 961 56.

485 1016 685 1073 Deinde
713 1015 938 1069 animam
966 1019 1195 1066 nostram
1223 1024 1255 1061 a
1282 1015 1541 1077 postrema
1566 1001 1789 1072 quadam
1836 1005 2084 1070 potestate

558 1111 717 1182 fuisse
744 1107 947 1179 quidem
979 1115 1203 1160 creatam
1224 1143 1238 1169 ,
1275 1101 1364 1155 sed
1393 1113 1553 1167 neque
1583 1096 1771 1151 divinae
1801 1092 1961 1165 prolis
1990 1108 2082 1145 ne-

555 1218 654 1272 que
679 1200 862 1255 summi
896 1196 990 1251 Dei
1038 1196 1203 1265 ﬁliam
1249 1208 1354 1247 esse
1396 1191 1729 1244 demonstrat.
1757 1184 1869 1241 Nec
1892 1187 2084 1254 patitur

556 1306 735 1351 auctor
763 1294 858 1348 sibi
888 1291 1071 1363 objici,
1102 1286 1351 1343 mundum
1382 1286 1492 1341 sine
1513 1282 1720 1337 homine
1756 1296 1865 1334 esse
1889 1280 2081 1348 imper-

562 1393 781 1461 fectum;
804 1386 1030 1457 adeoque
1068 1383 1234 1438 Deum
1272 1380 1676 1449 uniuscujusque
1700 1376 1929 1431 animam
1953 1389 2086 1430 curse

559 1484 673 1553 ipso
694 1480 919 1554 genitam
943 1479 998 1532 in
1029 1477 1308 1530 humanum
1338 1488 1526 1543 corpus
1554 1469 1770 1525 misisse.

1586 1559 1719 1631 Cap.
1750 1559 1840 1627 36,
1869 1558 1960 1625 57,
1991 1557 2083 1612 58.

486 1668 669 1742 Longa
715 1677 888 1722 autem
916 1664 1212 1719 inductione
1242 1668 1456 1714 conatur
1485 1655 1747 1710 ostendere
1766 1695 1782 1718 ,
1830 1652 2088 1706 hominem

556 1779 659 1817 non
686 1761 755 1814 ad
777 1758 1135 1830 perfectione»:
1156 1754 1353 1818 mundi,
1382 1750 1469 1821 qui
1494 1749 1695 1820 quidem
1722 1747 1832 1801 sine
1857 1745 1951 1799 illo
1977 1760 2086 1799 esse

3344 522 3478 602 Cap.
3554 520 3645 586 56,
3681 519 3785 574 57.

2184 630 2427 696 Quamvis
2466 644 2587 700 ergo
2632 626 2929 699 ignorarent
2976 618 3291 686 Christiani,
3333 633 3366 670 a
3407 632 3510 688 quo
3555 623 3603 669 et
3641 611 3790 668 unde

2252 733 2420 779 creata
2447 724 2511 778 sit
2541 722 2714 775 anima
2743 719 2966 772 humana
2992 732 3010 771 :
3036 711 3168 769 nihil
3211 710 3332 767 inde
3380 708 3627 764 adversus
3656 704 3789 760 illos

2254 817 2456 889 efﬁcere
2494 823 2727 887 poterant
2777 810 3003 877 ethnici,
3057 806 3241 879 quibus
3269 804 3429 858 multo
3476 802 3631 874 plura
3658 808 3789 854 sunt

2254 912 2592 981 incomperta.
3351 894 3482 965 Cap.
3558 894 3650 959 58,
3682 893 3787 948 59.

2185 1005 2338 1060 Recte
2364 1006 2535 1075 itaque
2558 1002 2794 1059 Christus
2814 1041 2827 1065 ,
2851 1014 2998 1056 uerus
3027 996 3169 1051 Deus
3188 1035 3202 1062 ,
3235 993 3329 1048 sub
3357 989 3580 1046 hominis
3610 991 3790 1061 forma

2258 1098 2457 1154 locutus
2499 1095 2649 1169 jubet
2696 1111 2821 1164 nos,
2868 1092 3061 1151 relictis
3102 1087 3338 1144 omnibus
3380 1083 3785 1157 questionibus,

2256 1191 2323 1245 ad
2352 1207 2521 1245 rerum
2550 1190 2904 1243 universarum
2933 1184 3208 1239 Dominum
3236 1190 3341 1236 tota
3368 1187 3533 1234 mente
3575 1175 3789 1239 attolli;

2254 1284 2343 1354 qui
2374 1283 2574 1337 tametsi
2602 1278 2965 1350 comprehendi
3001 1281 3257 1347 nequeat,
3290 1271 3467 1326 nullus
3491 1278 3659 1323 tamen
3680 1266 3790 1321 nisi

2255 1392 2428 1433 amens
2455 1375 2606 1430 illum
2650 1373 2817 1433 solum
2864 1386 2975 1425 esse
3024 1367 3189 1423 Deum
3241 1363 3471 1436 ambigit.
3531 1360 3790 1415 Ethnicos

2254 1470 2432 1540 igitur,
2463 1467 2552 1539 qui
2580 1482 2697 1520 eum
2741 1479 2845 1520 non
2885 1469 3201 1534 agnoscunt,
3253 1464 3459 1511 manent
3502 1453 3623 1509 δωυὶ
3666 1458 3790 1523 post

2258 1569 2467 1615 mortem
2495 1558 2773 1614 cruciatus.
3274 1548 3406 1618 Cap.
3446 1546 3534 1611 60,
3566 1544 3657 1611 6|,
3687 1544 3791 1599 62.

2190 1652 2501 1725 Urgentibus
2554 1650 2800 1713 ethnicis,
2850 1646 2976 1717 quid
3021 1659 3141 1715 ergo
3175 1648 3347 1696 actum
3391 1639 3455 1693 sit
3501 1636 3567 1690 de
3606 1650 3794 1690 eorum

2257 1747 2526 1803 animabus
2545 1786 2561 1814 ,
2604 1745 2691 1814 qui
2720 1752 2837 1797 ante
2865 1739 3059 1795 Christi
3097 1738 3369 1790 adventum
3409 1731 3597 1786 mortui
3626 1738 3790 1798 sunt,

556 1862 789 1926 poterat,
846 1849 935 1905 sed
980 1850 1046 1902 ad
1080 1848 1330 1917 privatam
1375 1844 1637 1913 ipsiusmet
1676 1838 1896 1893 hominis
1932 1836 2075 1891 utili-
2112 1827 2156 1886 Β
2255 1850 2304 1896 ει
2344 1857 2433 1895 σω-
2475 1855 2648 1894 οηιηεε
2686 1836 2872 1890 anime
2917 1851 3019 1887 non
3063 1834 3163 1886 sint
3209 1825 3395 1899 ωᾳααιί
3439 1824 3795 1893 ηιυηὶβεεηιὶα

559 1956 712 2001 tatem
742 1959 847 1999 esse
869 1951 1114 1996 creatum.
1147 1939 1311 2009 Atque
1336 1954 1400 1991 ea:
1433 1936 1511 1988 Itis
1536 1933 1795 1988 concludit
1818 1975 1831 1999 ,
1858 1931 2085 1984 divinant

560 2055 662 2094 non
685 2054 792 2093 esse
818 2037 1045 2090 animum
1062 2077 1076 2101 ,
1105 2047 1221 2105 qua:
1249 2031 1575 2102 postmodum
1597 2030 1648 2083 in
1671 2044 1855 2098 corpus
1876 2025 2085 2096 aliquod

551 2149 583 2185 a
607 2130 711 2184 Deo
744 2131 897 2183 missa
928 2128 1101 2197 fuerit.
1622 2118 1754 2191 Cap.
1789 2119 1859 2176 59
1893 2149 1962 2159 —
1989 2119 2080 2173 45.

484 2230 550 2285 At
574 2245 698 2295 sua,
731 2227 1000 2297 inquiunt,
1054 2223 1340 2287 voluntate,
1391 2236 1495 2274 non
1541 2217 1633 2272 Dei
1673 2219 1825 2289 jussu
1854 2215 1986 2269 venit
2031 2214 2087 2269 in

556 2322 819 2376 mundum.
854 2317 949 2373 Cui
977 2316 1183 2387 quidem
1210 2314 1471 2369 instantia:
1500 2312 1724 2367 occurrit
1751 2309 2025 2363 Arnobius.

960 2474 963 2475 ν
1638 2402 1764 2471 Cap.
1795 2400 1867 2454 44
1893 2430 1966 2439 —
1989 2397 2083 2453 46.

491 2504 751 2579 Urgebant
775 2502 962 2558 ethnici
991 2543 1004 2565 ,
1060 2500 1194 2554 unde
1218 2499 1376 2569 igitur
1405 2496 1578 2550 anima
1607 2495 1875 2566 progenita
1905 2492 1969 2545 sit
1997 2499 2086 2543 aut

560 2598 763 2669 prolata
792 2595 1122 2663 iuquirentes.
1158 2589 1353 2654 Quibus
1377 2587 1648 2657 respondet
1679 2584 1937 2638 Arnobius
1956 2624 1971 2648 ,
2014 2581 2053 2636 il
2064 2608 2086 2626 -

558 2690 648 2745 lud
674 2690 894 2761 primum
922 2685 1066 2740 nobis
1093 2699 1200 2738 esse
1223 2689 1560 2750 compertum,
1578 2679 1723 2732 illam
1746 2693 1836 2731 nec
1857 2676 2083 2730 divinam

516 2788 527 2799 ’
557 2799 647 2839 nec
681 2782 776 2836 Dei
816 2796 929 2835 esse
958 2778 1249 2851 progeniem
1276 2792 1296 2831 :
1324 2775 1453 2830 nihil
1484 2774 1618 2827 enim
1668 2789 1699 2825 a
1745 2770 1855 2826 Deo
1885 2785 2083 2825 summo

557 2877 669 2947 fieri
718 2889 957 2945 umquam
988 2872 1234 2942 potuisse,
1270 2868 1368 2922 nisi
1413 2865 1644 2920 omnibus
1673 2865 1897 2918 numeris
1927 2862 2080 2916 abso-

562 2969 747 3023 lutum.
782 2965 980 3020 Deinde
1026 2963 1193 3018 subdit
1218 3004 1234 3030 ,
1278 2960 1412 3015 illud
1442 2976 1535 3014 nos
1574 2969 1712 3014 certo
1740 2972 2080 3029 cognoscere,

558 3060 786 3115 homines
830 3056 962 3111 nihil
987 3071 1095 3111 esse
1134 3054 1279 3109 aliud
1305 3053 1404 3107 nisi
1432 3054 1634 3107 animas
1662 3050 1866 3122 corpori
1895 3050 2085 3120 alliga-

558 3163 667 3217 tas,
696 3164 813 3222 qua:
837 3150 974 3204 omni
1000 3148 1239 3203 vitiorum
1264 3161 1443 3218 genere
1479 3154 1898 3215 corrumpuntur.

2259 1936 2464 1989 donata:
2495 1952 2512 1990 :
2542 1933 2811 2003 respondet
2844 1930 3065 2001 primum
3097 1926 3351 1980 Arnobius
3370 1966 3386 1991 ,
3416 1922 3680 1994 aequaliter
3733 1921 3794 1974 in

2264 2042 2439 2081 omnes
2470 2026 2645 2079 divina
2670 2022 2908 2092 benificia
2940 2021 3101 2093 fuisse
3126 2013 3354 2085 diffusa;
3386 2013 3587 2080 deinde,
3612 2027 3795 2067 omnes

2261 2118 2426 2173 Deum
2467 2118 2727 2197 tequaliter
2765 2130 2947 2170 uocare
2987 2111 3319 2182 omnibusque
3358 2109 3426 2162 ad
3471 2124 3526 2162 se
3552 2104 3795 2160 ueniendi

2259 2221 2559 2284 potestatem
2610 2210 2819 2282 fecisse,
2872 2207 2962 2263 sed
3007 2206 3139 2262 nulli
3182 2204 3532 2261 necessitatem
3578 2198 3794 2268 afferre.

3399 2296 3530 2361 Cap.
3573 2294 3660 2361 65,
3688 2292 3791 2348 64.

2189 2396 2381 2459 Docet.
2414 2413 2504 2451 cur
2532 2395 2671 2451 Deus
2714 2412 2815 2451 non
2863 2395 3055 2465 faciat,
3090 2402 3146 2447 ut
3189 2391 3337 2446 inuiti
3363 2389 3593 2444 homines
3622 2387 3793 2455 ipsius

2256 2493 2463 2547 credant
2492 2492 2789 2562 promissis;
2815 2489 3020 2553 deinde,
3052 2487 3186 2558 quod
3216 2486 3316 2541 soli
3338 2481 3617 2539 Christiani
3638 2480 3793 2534 salu-

2257 2599 2354 2641 tem
2386 2594 2758 2653 consequantur
2807 2599 2903 2653 ape
2929 2581 3118 2636 Christi
3168 2590 3320 2650 atque
3362 2577 3581 2645 auxilio,
3628 2574 3715 2628 cui
3757 2588 3797 2626 α

2257 2679 2368 2735 Deo
2399 2689 2545 2751 patre
2581 2677 2801 2748 facultas
2821 2677 2920 2730 ista
2952 2689 3212 2728 concessa.
3530 2669 3656 2737 Cap.
3687 2667 3791 2723 65.

2185 2773 2397 2827 Transit
2424 2772 2493 2825 ad
2516 2782 2731 2825 veterem
2760 2770 3076 2823 ethnicorum
3102 2765 3492 2835 querimoniam,
3537 2777 3637 2832 qua
3682 2776 3795 2816 n0-

2255 2866 2438 2921 vellam
2469 2881 2576 2920 esse
2609 2863 2940 2918 christianum
2967 2859 3264 2930 religionem
3291 2866 3442 2928 atque
3466 2855 3698 2923 antiquos
3740 2860 3796 2910 et

2255 2959 2450 3029 patrios
2476 2959 2607 3011 ritus
2632 2958 2687 3011 in
2717 2955 2963 3010 barbaros
2985 2969 3046 3006 ac
3075 2951 3371 3021 peregrinos
3399 2966 3519 3004 non.
3538 2965 3643 3003 esse
3669 2964 3795 3002 mu-

2257 3051 2440 3106 tandos
2481 3048 2888 3121 expostulabant.
3273 3043 3403 3115 Cap.
3452 3042 3542 3109 66,
3570 3042 3656 3106 67,
3685 3041 3791 3097 68.

2187 3142 2406 3198 Tametsi
2435 3142 2714 3197 christiana
2741 3138 2919 3211 religio
2956 3153 3129 3193 recens
3158 3144 3287 3191 esset
3312 3135 3574 3199 instituta,
3616 3147 3800 3187 nonne

1705 3236 1834 3305 Cap.
1862 3235 1956 3319 A7,
1988 3234 2078 3289 48-
2108 3212 2153 3275 Ο
2256 3254 2337 3293 res
2390 3252 2562 3291 omnes
2617 3235 2885 3300 humanae,
2944 3246 3112 3286 nonne
3167 3231 3223 3284 in
3276 3228 3485 3299 primis,
3535 3224 3613 3281 vel
3653 3225 3798 3296 ipsis

486 3338 622 3393 Sunt
647 3336 850 3407 quidem
882 3333 1122 3389 nonnulli
1168 3332 1377 3402 optimis
1419 3330 1644 3385 moribus
1694 3345 1708 3382 :
1759 3337 1811 3381 at
1857 3328 1912 3380 hi
1960 3342 2083 3381 sane

557 3428 851 3499 paucissimi
877 3436 1016 3481 sunt.
1048 3425 1332 3496 Ecquinam
1366 3440 1481 3477 vero
1521 3422 1730 3493 perfecti
1762 3428 1877 3475 sunt
1902 3419 2072 3474 homi-

558 3523 688 3578 nes?
719 3520 840 3576 Non
867 3522 1024 3592 igitur
1048 3520 1220 3574 diuina
1249 3529 1322 3573 est
1344 3518 1521 3571 anima
1549 3519 1793 3570 humana.

1712 3606 1838 3677 Cap.
1870 3607 1963 3673 49,
1990 3606 2079 3662 50.

489 3703 671 3775 Neque
696 3719 812 3759 uero
841 3712 911 3757 est
937 3702 1074 3773 quod
1102 3701 1303 3756 rideant
1334 3699 1551 3765 ethnici,
1584 3700 1628 3754 si
1665 3716 1907 3771 negemus
1936 3699 2080 3753 nobis

559 3814 667 3853 esse
690 3805 1003 3866 compertum
1022 3835 1036 3861 ,
1082 3810 1183 3865 quo
1210 3794 1362 3847 modo
1390 3793 1485 3846 illa
1530 3793 1597 3846 sit
1635 3801 1828 3846 creata.
1864 3792 1924 3847 Si
1952 3792 2085 3846 enim

558 3900 691 3944 recte
717 3905 749 3942 a
780 3887 999 3943 Platone
1038 3896 1287 3941 assertum
1334 3893 1551 3956 putant,
1597 3885 1715 3939 illas
1740 3902 1843 3938 non
1894 3900 1925 3938 a
1977 3883 2085 3940 Deo

561 3984 791 4056 summa},
825 3985 917 4039 sed
941 4001 972 4037 a
994 3983 1277 4037 minoribus
1304 3980 1606 4051 quibusdam
1632 3982 1960 4052 potestatibus
1979 3998 2088 4038 esse

559 4086 757 4132 creatas
790 4094 803 4129 :
834 4093 926 4131 cur
952 4076 1096 4131 nobis
1125 4092 1225 4129 non
1253 4074 1421 4129 licebit
1445 4076 1586 4145 ipsas
1614 4091 1721 4129 esse
1751 4076 1932 4131 media:
1957 4093 2087 4147 qua-

551 4171 709 4226 litatis
753 4172 902 4242 longe
930 4174 1116 4224 certius
1147 4186 1403 4237 asserere,
1449 4185 1563 4241 qua:
1594 4180 1762 4225 tamen
1794 4188 1826 4225 a
1856 4172 1965 4227 Deo
1993 4174 2087 4226 int-

560 4267 870 4322 mortalitate
899 4266 1198 4321 donentur?
1588 4266 1715 4337 Cap.
1748 4268 1840 4335 51,
1871 4268 1961 4336 52,
1994 4271 2082 4324 55.

491 4359 673 4431 Neque
698 4361 919 4425 dixeris,
950 4360 1080 4414 nihil
1130 4360 1332 4431 penitus
1361 4362 1470 4415 sine
1512 4359 1609 4415 Dei
1651 4362 1909 4417 uoluntate
1935 4365 2047 4432 fieri
2068 4404 2083 4432 ,

560 4471 722 4526 neque
748 4455 903 4508 etiam
944 4454 1196 4507 curiosius
1223 4455 1454 4523 inquiras
1472 4495 1486 4517 ,
1510 4453 1647 4507 unde
1674 4455 1809 4508 mala
1851 4456 2087 4511 oriantur

557 4557 604 4603 et
629 4564 719 4602 cur
744 4563 804 4600 ea
846 4544 989 4600 Deus
1031 4546 1311 4615 permittat.
1359 4543 1473 4598 Hoc
1514 4562 1670 4599 unum
1702 4562 1794 4616 pro
1825 4557 1960 4602 certo
1991 4548 2085 4603 Ita-

561 4640 808 4706 bendum,
843 4636 975 4692 nihil
1001 4655 1032 4690 a
1063 4653 1178 4690 vero
1219 4634 1329 4690 Deo
1373 4637 1484 4704 fieri
1512 4636 1705 4690 malum
1726 4680 1739 4701 ,
1773 4638 2009 4693 vitiosum
2038 4650 2083 4694 et
2113 4608 2166 4667 D

560 4732 771 4785 noxium
819 4728 1054 4800 quodque
1106 4727 1339 4782 omnibus
1392 4743 1494 4782 non
1544 4729 1612 4782 sit
1662 4728 1891 4783 salutare
1936 4739 2085 4800 atque

562 4824 753 4883 amoris,
767 4820 1136 4892 plenissimum.
1708 4816 1839 4891 Cap.
1869 4821 1959 4887 54,
1986 4822 2079 4877 55.

488 4916 699 4973 Nemini
728 4930 845 4970 vero
873 4914 1005 4968 mira
1034 4913 1195 4968 videri
1223 4912 1366 4967 debet
1398 4923 1573 4967 nostra
1600 4913 1663 4966 de
1690 4910 1768 4967 tot
1789 4914 1908 4969 aliis
1933 4914 2083 4970 rebus

558 5011 830 5082 ignoratio.
869 5008 999 5074 Quis
1044 5007 1177 5062 enim
1224 5007 1384 5062 nescit
1442 5015 1611 5061 tantas
1657 5023 1763 5064 esse
1816 5009 2078 5065 hominum

494 5173 500 5179 ,
558 5103 622 5183 de
645 5119 701 5157 re
726 5102 951 5187 qualibet
986 5099 1366 5165 contentiones,
1397 5108 1453 5153 ut
1485 5099 1616 5155 nihil
1646 5116 1677 5154 a
1705 5117 1962 5173 quoquam
1986 5120 2073 5158 as-

2259 3329 2533 3400 falentibus
2595 3326 2845 3391 ethnicis,
2893 3340 3078 3379 eorum
3131 3319 3223 3376 Dii
3294 3336 3402 3375 esse
3472 3328 3733 3389 coeperunt
3771 3317 3801 3371 1’

3401 3411 3528 3483 Cap.
3568 3410 3656 3473 69.
3689 3409 3801 3466 7o.

2190 3513 2260 3574 Si
2294 3533 2412 3589 ergo
2459 3524 2577 3571 ante
2620 3513 3020 3587 quadringentos
3063 3525 3225 3565 annos
3269 3506 3561 3563 Christiana
3604 3503 3803 3574 religio

2261 3626 2361 3664 non
2400 3618 2541 3673 erat,
2591 3622 2750 3678 neque
2796 3606 2947 3660 etiam
2996 3613 3114 3657 ante
3163 3602 3265 3656 duo
3322 3614 3573 3655 annorum
3623 3595 3804 3651 millia

2261 3702 2432 3757 nullos
2482 3700 2601 3754 deos
2650 3715 2769 3754 suos
2827 3698 2987 3771 fuisse
3029 3710 3214 3768 negare
3264 3710 3368 3748 non
3422 3699 3674 3763 poterant.
3724 3690 3803 3744 At

2261 3795 2463 3851 demum
2503 3793 2767 3864 religionis
2804 3791 3082 3846 auctoritas
3109 3805 3211 3843 non
3261 3796 3335 3842 est
3378 3796 3606 3856 tempore
3646 3783 3803 3837 aesti-

2261 3888 2451 3944 mando
2470 3930 2484 3955 ,
2514 3889 2602 3942 sed
2628 3888 2852 3941 numine.
3539 3876 3665 3947 Cap.
3693 3875 3800 3933 7i.

2193 3984 2537 4057 Objectionem
2589 3982 2735 4036 illam
2787 3981 3024 4049 deinceps
3079 3977 3314 4049 infringit
3370 3972 3805 4040 Arnobius,qua

2261 4077 2447 4130 ethnici
2499 4074 2867 4139 obtendebant,
2914 4088 3087 4127 eorum
3138 4071 3434 4141 religionem
3467 4070 3806 4120 multarent-

2260 4174 2464 4228 stiorent
2490 4171 2773 4224 christiana
2791 4184 2899 4223 esse
2919 4168 3145 4235 adeoque
3161 4165 3425 4218 veriorem.
3450 4159 3576 4231 Cap.
3597 4157 3800 4223 72,73.

2190 4270 2487 4341 Respondet
2527 4266 2907 4338 postulantibus
2937 4264 3064 4333 ipsis
3092 4260 3308 4316 ethnicis
3332 4301 3346 4325 ,
3390 4274 3482 4313 cur
3530 4267 3632 4309 tam
3674 4269 3805 4309 sero

2260 4362 2494 4417 Christus
2519 4377 2550 4415 a
2580 4360 2687 4415 Deo
2716 4360 2898 4413 missus
2922 4358 3093 4429 fuerit.
3426 4349 3554 4421 Cap.
3581 4350 3669 4412 74,
3690 4347 3804 4404 75.

2192 4456 2333 4511 Satis
2361 4456 2540 4509 iisdem
2568 4453 2691 4523 facit
2735 4447 3104 4521 inquirentibus
3130 4490 3143 4515 ,
3186 4463 3278 4501 cur
3307 4444 3473 4511 Deus,
3516 4442 3599 4495 cui
3632 4438 3811 4495 Chri-

2261 4549 2414 4603 stiani
2428 4546 2731 4610 serviebant,
2751 4546 2978 4614 patiatur
3007 4543 3124 4598 illos
3146 4542 3283 4595 omni
3312 4535 3714 4610 persecutionum
3732 4552 3813 4589 ac

2266 4659 2528 4715 paenarum
2554 4654 2734 4713 genere
2760 4639 2933 4694 uexari
2964 4647 3009 4693 et
3034 4635 3276 4709 apprinti.
3296 4630 3425 4702 Cap.
3449 4629 3535 4697 76,
3571 4628 3660 4695 77,
3694 4627 3808 4687 78.

2259 4825 2298 4881 1.
2331 4825 2444 4880 Hoc
2470 4824 2523 4879 in
2555 4824 2674 4879 loco
2705 4820 2863 4876 tribui
2886 4819 2933 4874 si
2956 4817 3064 4874 ulla
3095 4817 3324 4873 facultas
3352 4822 3569 4887 posset,
3592 4812 3811 4870 vellem

2183 4935 2303 4977 cum
2337 4920 2420 4974 his
2448 4919 2718 4984 ornuihus,
2747 4914 2941 4985 quibus
2971 4927 3168 4967 nomen
3200 4911 3429 4966 invisum
3459 4918 3543 4965 est
3568 4905 3809 4976 Christi,

2184 5015 2251 5069 ab
2279 5013 2518 5067 instituta
2554 5007 2920 5080 principaliter
2950 5005 3266 5060 delensione
3312 5002 3631 5058 diverticulo
3658 5016 3815 5070 pau-

2182 5107 2347 5178 lisper
2370 5104 2530 5171 tacto,
2565 5103 2688 5157 talia
2715 5100 2881 5158 verba
2897 5099 3161 5169 miscere.
3194 5096 3248 5154 Si
3271 5096 3473 5152 nullam
3497 5110 3620 5152 esse
3640 5093 3814 5153 duci-

1836 5240 2399 5303 COMMENTARIUS.

558 5399 598 5454 1.
644 5430 717 5439 —
766 5399 824 5454 Si
882 5398 1074 5453 nullam
1122 5415 1228 5453 esse
1300 5397 1485 5453 ducitis
1551 5399 1907 5453 contumeliam
1970 5418 2078 5457 res-

485 5471 709 5542 pondere
760 5470 957 5536 aliquid
1004 5472 1355 5539 interrogatos.
1408 5468 1590 5542 Neque
1636 5470 1778 5525 enim
1810 5474 1941 5527 Satis
1981 5472 2078 5528 llo-

486 5552 698 5622 nestum
745 5542 963 5622 videtur
992 5543 1297 5622 superni-res
1339 5551 1392 5595 el
1433 5541 1681 5622 dominos
1721 5542 2071 5622 integrogare.

486 5612 766 5669 Salvianus
788 5653 801 5673 .
856 5613 1014 5677 epist.
1062 5627 1116 5665 ιιι
1149 5629 1162 5665 :
1195 5612 1440 5666 Parentes
1469 5615 1759 5668 charissimi
1777 5632 1791 5677 ;
1827 5612 2075 5671 Parentes

483 5684 913 5746 reuerendissitni,
981 5683 1285 5754 interrogari
1352 5700 1439 5739 vos
1508 5700 1825 5754 quaesumus,
1904 5686 2070 5742 liceat.

485 5757 683 5812 Contra
716 5753 931 5823 superbi
981 5763 1035 5809 et
1083 5751 1223 5807 fastu
1256 5754 1444 5809 tumidi
1478 5751 1792 5811 cunctanter
1822 5766 1911 5810 aut
1940 5758 2073 5813 nihil

485 5829 705 5886 orunaino
760 5822 1004 5882 salelsunt
1058 5822 1403 5894 respondere.
1461 5824 1653 5882 Cicero
1705 5828 1770 5881 ad
1827 5826 2071 5899 Trebat.,

2182 5404 2277 5459 lib.
2327 5421 2432 5469 \‘ll,
2472 5404 2630 5473 epist.
2684 5404 2749 5460 16
2780 5422 2793 5458 :
2828 5404 2928 5473 Qui
2973 5403 3159 5458 isthinc
3211 5398 3449 5469 ueniunt,
3501 5402 3814 5472 superbiam

2183 5487 2324 5529 tuam
2379 5486 2652 5543 accusant,
2694 5477 2829 5545 quod
2872 5484 3085 5547 negent.
3135 5486 3181 5529 te
3225 5476 3666 5547 percunctantibus
3725 5493 3812 5531 re-

2182 5549 2451 5615 spondere.
2491 5549 2657 5611 idem,
2688 5548 2875 5608 'I‘t.sc..
2910 5563 2945 5610 ι,
2980 5562 3029 5601 c.
3062 5547 3095 5601 8
3125 5563 3138 5601 :
3174 5546 3244 5601 Μ.
3277 5546 3416 5613 Quid
3430 5548 3525 5618 .’si
3553 5555 3599 5599 te
3630 5562 3807 5618 raga-

2180 5634 2295 5673 vero
2311 5619 2528 5689 aliquid,
2554 5635 2720 5673 nonne
2742 5619 3066 5689 respondebis
3080 5618 3175 5671 ?—
3191 5618 3254 5672 A.
3277 5617 3571 5684 Superbum
3589 5618 3642 5670 id
3666 5617 3807 5688 gui-

2180 5690 2292 5744 dem
2320 5700 2451 5747 esset
2479 5706 2497 5746 :
2522 5690 2610 5747 sed
2657 5690 2759 5747 nisi
2804 5689 2929 5760 quid
2979 5705 3180 5761 necesse
3207 5691 3332 5755 erit,
3366 5689 3507 5761 malo
3532 5705 3595 5743 ne
3619 5703 3807 5761 roges.

3109 5760 3349 5818 lienam.
3385 5769 3440 5817 et
3469 5759 3727 5817 Ειιιειιιὶ.
3798 5804 3809 5834 ,
