3974 6068
144 290 240 348 815

1467 295 1672 353 mean
1710 274 2089 355 SECUNDUS.

3331 295 3438 352 8M

147 402 206 456 tis
247 400 643 457 contumelliam
699 401 1030 474 respondere
1084 403 1282 477 aliquid
1332 406 1694 479 interrogatos
1716 450 1731 477 ,
1764 410 1817 467 A
1841 420 1960 465 vota
1984 407 2403 463 immortalitatis
2425 417 2656 479 optaret.
2677 409 2744 466 Ut
2768 423 2871 465 non
2894 409 2948 467 in
2976 422 3166 467 omnes
3188 409 3369 466 lumen
3386 419 3442 465 et

146 494 454 551 edissertate
490 496 668 560 nobis.
700 506 754 553 et
784 497 948 555 dicite
974 500 1099 573 quid
1123 500 1222 566 rei,
1254 500 1384 572 quid
1425 516 1602 558 causa:
1634 513 1737 569 est,

144 587 282 657 quod
324 597 429 642 tam
471 589 725 659 gravibus
751 590 1094 648 insectamini
1123 591 1395 648 Christum
1422 594 1616 651 bellis?
1657 594 1743 652 vel

145 695 273 750 quas
318 680 435 751 ejus
483 683 775 738 continetis
826 682 1104 753 ollensas,
1150 695 1207 741 ut
1250 685 1316 742 ad
1345 688 1462 758 ejus
1511 687 1744 744 nominis

146 776 468 831 mentionem
507 776 819 832 rabidorum
867 789 1145 849 pectorum
1183 780 1549 839 eﬂ'ervescatis
1580 781 1743 838 ardo-

147 869 330 925 ribus?
374 869 648 941 Numquid
700 874 901 943 regiam
951 875 1055 930 sibi
1098 876 1378 931 vindicans
1424 884 1744 947 potestatem

150 973 411 1019 terrarum
442 966 633 1021 orbem
663 976 917 1022 cunctum
952 968 1252 1039 legionibus
1272 969 1635 1025 infestissimis
1655 985 1746 1025 oc-

149 1057 383 1126 cupavit,
415 1065 471 1112 et
502 1068 717 1128 pacatas
744 1060 812 1114 ab
838 1060 1062 1115 exordio
1109 1062 1357 1117 nationes
1392 1061 1525 1118 alias
1553 1061 1751 1117 delevit

150 1164 214 1204 ac
235 1150 469 1217 sustulit,
498 1152 630 1205 alias
653 1152 750 1208 sibi
778 1168 965 1223 parere
987 1156 1286 1211 cervicibus
1330 1156 1589 1224 compulit
1619 1155 1748 1213 sub-

149 1243 384 1313 jugatis?
409 1242 677 1315 Numquid
709 1246 996 1302 ardoribus
1025 1250 1262 1304 avaritiae
1286 1247 1517 1320 ﬂagrans
1539 1250 1751 1304 univer-

154 1350 242 1391 sas
279 1350 411 1407 opes
451 1336 573 1392 illas
597 1378 612 1404 ,
659 1326 857 1408 quibus
884 1353 943 1394 se
970 1354 1141 1411 genus
1191 1340 1481 1397 humanum
1514 1341 1753 1397 studiose

153 1431 429 1486 contendit
454 1430 687 1501 impleri,
719 1434 1075 1502 possessionis
1097 1444 1123 1473 α
1147 1449 1257 1491 suae
1285 1436 1552 1507 mancipio
1579 1435 1753 1493 vindi-

155 1527 332 1582 cavit?
359 1526 625 1597 Numquid
657 1525 937 1582 libidinum
970 1529 1358 1600 cupiditatibus
1387 1532 1627 1601 gestiens
1655 1548 1754 1603 pu-

157 1616 353 1673 dicitiae
375 1618 626 1689 repagula
653 1619 702 1673 vi
736 1619 914 1691 fregit,
946 1629 1038 1675 aut
1058 1621 1246 1678 alienis
1269 1621 1449 1677 furtim
1476 1622 1757 1680 insidiatus

158 1721 243 1765 est
268 1711 661 1766 matrimoniis?
698 1711 966 1782 Numquid
996 1715 1319 1786 arrogantiae
1346 1716 1642 1787 supercilio
1675 1727 1758 1772 tu-

1846 500 2193 572 prletcnderit
2213 501 2356 567 vitae,
2377 509 2429 555 et
2446 500 2741 571 periculum
2761 501 3115 571 ignorationis
3140 500 3439 555 amaverit?

1916 594 1980 650 ll.
2002 594 2070 648 At
2091 595 2233 648 enim
2253 591 2377 647 odio
2400 592 2592 664 dignus
2613 602 2715 661 est,
2739 592 2881 664 quod
2899 608 2969 648 ex
2990 593 3122 649 orbe
3150 592 3441 662 religiones

1843 687 2050 758 expulit
2074 729 2087 751 ,
2133 686 2275 758 quod
2303 686 2370 741 ad
2407 686 2629 742 deorum
2670 687 2872 743 cultum
2902 686 3177 757 prohibuit
3223 685 3442 743 accedi?

1846 780 2058 851 Ergone
2085 776 2177 834 ille
2206 777 2483 850 religionis
2532 779 2818 846 extinctor,
2858 786 2912 833 et
2938 777 3228 847 impietatis
3254 785 3443 835 auctor

1847 874 2114 944 arguitur,
2145 874 2234 944 qui
2263 888 2444 928 veram
2478 871 2529 927 in
2562 873 2694 929 orbe
2719 873 3033 945 religionem
3064 871 3319 927 induxit?
3349 871 3443 941 qui

1848 966 2157 1022 hominibus
2191 967 2379 1035 crocis,
2413 977 2466 1022 et
2486 982 2674 1023 revera
2705 967 2760 1021 in
2784 967 3061 1037 impietate
3091 966 3407 1037 degentibus
3427 1007 3443 1031 ,

1850 1060 2063 1131 pietatis
2108 1060 2317 1130 aperuit
2360 1059 2576 1131 januas,
2604 1069 2658 1115 et
2676 1060 2762 1117 cui
2791 1074 2850 1116 se
2876 1060 3274 1127 submitterent,
3304 1058 3447 1113 indi-

1851 1150 2027 1207 cavit?
2055 1150 2135 1206 An
2156 1151 2262 1205 ulla
2285 1161 2370 1206 est.
2394 1151 2581 1222 religio
2601 1151 2795 1218 verior,
2816 1151 3129 1219 officiosior,
3157 1152 3448 1221 potentior,

1846 1245 2065 1316 justior,
2107 1260 2267 1316 quam
2322 1245 2491 1301 Deum
2542 1243 2837 1316 principem
2890 1261 3087 1314 nosse,
3142 1246 3284 1302 scire
3340 1246 3450 1300 Dco

1852 1338 2081 1410 principi
2132 1338 2472 1409 supplicare,
2499 1339 2590 1410 qui
2618 1339 2882 1396 bonorum
2912 1340 3154 1395 omnium
3184 1339 3335 1395 solus
3355 1353 3450 1394 ca-

1855 1442 1968 1504 put,
1999 1442 2052 1489 ct
2080 1432 2199 1489 fons
2229 1444 2330 1501 est,
2363 1443 2738 1505 perpetuarum
2762 1434 2962 1505 pariter
2982 1433 3233 1490 fundator
3253 1442 3306 1488 et
3324 1447 3454 1488 con-

1855 1523 2000 1580 ditor
2022 1540 2224 1593 rerum,
2244 1540 2272 1579 a
2300 1542 2407 1595 quo
2428 1527 2604 1581 omnia
2640 1535 2854 1603 terrena
2891 1535 3188 1597 cunctaque
3212 1525 3454 1582 coelestia

1857 1616 2186 1683 animantur,
2220 1627 2368 1673 motu
2419 1618 2820 1690 irriganturque
2847 1618 2994 1673 vitali
3028 1636 3042 1673 :
3074 1627 3130 1673 et
3156 1618 3247 1689 qui
3272 1619 3317 1672 si
3346 1631 3455 1673 non

1859 1719 2038 1776 esset,
2066 1708 2213 1764 nulla
2242 1708 2482 1779 profecto
2508 1724 2595 1766 res
2625 1718 2805 1777 esset,
2833 1724 2956 1780 quae
2982 1709 3199 1780 aliquod
3224 1724 3418 1763 nomen
3441 1748 3458 1774 ,

159 1802 352 1869 midus,
374 1803 597 1874 injurias
626 1813 681 1859 et
708 1807 1064 1862 contumelias
1086 1808 1283 1877 passim
1309 1808 1427 1864 sine
1452 1808 1614 1863 ullius
1634 1823 1757 1881 per-
1785 1832 1832 1892 Β
1861 1802 2323 1873 substantiamque
2373 1803 2652 1874 portaret?
2694 1801 2808 1858 Nisi
2852 1803 2990 1859 forte
3019 1796 3276 1859 dubitatis
3303 1818 3370 1857 an
3392 1802 3465 1856 sit

159 1911 306 1953 sonte
369 1896 773 1953 discriminibus
824 1899 1122 1970 irrogavit?
1177 1900 1277 1969 Qui
1318 1901 1364 1955 si
1411 1900 1604 1971 dignus
1649 1917 1756 1958 non

161 1999 334 2054 esset,
366 1989 453 2045 cui
480 1990 788 2046 auscultare
838 1991 1108 2046 deberetis
1128 2034 1142 2058 ,
1171 2000 1225 2046 et
1251 1991 1474 2048 credere
1500 2011 1512 2047 :
1546 1993 1626 2049 vel
1655 1994 1758 2050 hoc

164 2081 284 2151 ipso
312 2080 488 2136 fuerat
518 2096 627 2136 non
658 2084 1033 2154 aspernandus
1060 2098 1089 2138 a
1120 2085 1296 2153 vobis,
1326 2084 1472 2157 quod
1501 2087 1760 2142 salutaria

163 2172 316 2229 vobis
362 2173 714 2241 ostenderet,
770 2174 914 2245 quod
954 2175 1071 2231 vias
1107 2176 1262 2232 vobis
1300 2175 1369 2232 ad
1411 2177 1608 2234 coelum
1633 2220 1649 2246 ,
1707 2187 1763 2235 et

1860 1896 1983 1963 iste,
2007 1895 2073 1953 de
2096 1911 2202 1967 quo
2223 1895 2515 1967 loquimur,
2537 1898 2857 1967 imperator:
2877 1906 2932 1953 et
2959 1896 3128 1968 magis
3156 1912 3277 1954 esse
3301 1895 3467 1966 Apol-

1860 1990 2024 2045 linem
2054 1989 2297 2059 creditis,
2327 1991 2572 2059 Dianam,
2605 1991 2951 2059 Mercurium,
2970 1991 3215 2046 Martem.
3237 1992 3311 2045 Da
3334 2006 3465 2061 pue-

1862 2099 1981 2138 rum
2006 2082 2241 2153 judiccm
2274 2101 2287 2137 :
2339 2092 2394 2140 et
2445 2083 2564 2140 haec
2616 2084 2797 2139 omnia
2834 2082 3311 2153 circumspiciens,
3344 2096 3466 2152 quas

1866 2179 2138 2247 videmus,
2192 2178 2360 2251 magis
2388 2192 2455 2234 an
2477 2180 2586 2235 sint
2612 2176 2688 2235 dii
2710 2182 2924 2245 caeteri,
2967 2175 3262 2245 dubitabit,
3307 2189 3469 2246 quam

1401 2293 1789 2359 LECTIONES
1830 2294 2247 2357 VARIANTES.

239 2425 266 2455 α
294 2424 620 2491 Possessioni,
643 2430 903 2494 mancipio.
922 2426 1066 2482 Ριιιυ.

1567 2536 2127 2597 COMMENTARIUS.

254 2649 565 2707 Edissertate
607 2653 754 2709 nobis
807 2663 852 2709 et
895 2653 1064 2708 dicite.
1092 2651 1227 2709 Vide
1270 2666 1465 2722 supra,
1508 2650 1574 2706 ad
1606 2651 1701 2708 lib.
1733 2668 1771 2720 ι,

180 2742 299 2795 cap.
330 2725 419 2782 57.
453 2725 558 2781 Pro
586 2726 739 2782 disits
779 2725 1051 2781 Stewech.
1104 2726 1207 2796 leg.
1252 2732 1442 2796 censet
1488 2723 1688 2796 edicite,
1722 2722 1776 2778 id

183 2794 295 2862 est,
327 2800 501 2870 clare,
531 2808 753 2870 aperte,
784 2807 953 2853 totum
998 2794 1193 2858 dicite.
1241 2794 1738 2870 nibil_conticeatis
1758 2835 1773 2862 ,

183 2869 367 2941 saget’s
397 2866 599 2923 berans.
634 2869 765 2923 Vide
794 2870 858 2923 ad
886 2870 980 2923 lib.
1011 2884 1051 2934 ι,
1100 2884 1225 2938 cap.
1259 2868 1356 2941 ult_.
1380 2866 1594 2941 Onam"
1665 2883 1671 2888 ·

270 2940 359 2995 νει
388 2958 514 3011 quas
545 2946 654 3012 ejus
684 2941 1004 3012 continentis
1035 2937 1281 3012 offensas.
1334 2937 1391 2993 Id
1442 2949 1558 3012 est,
1606 2937 1783 3012 memi-

188 3015 332 3070 nistis
353 3054 367 3073 .
398 3009 646 3067 memoria
675 3013 871 3068 tenetis.
922 3009 1076 3067 Infra
1095 3009 1198 3065 hoc
1225 3011 1366 3065 libro
1395 3028 1408 3064 :
1445 3009 1579 3075 Quia
1622 3009 1784 3075 forni-

1954 2651 2024 2707 Ut
2070 2669 2174 2708 non
2218 2654 2271 2708 in
2316 2663 2523 2711 cunctos
2573 2654 2747 2709 lumen
2793 2663 2844 2709 et
2889 2654 3216 2725 pratenderit
3270 2655 3384 2711 vitm
3432 2663 3479 2711 et

1881 2725 2165 2794 periculum
2228 2725 2565 2795 ignorationis
2610 2727 2875 2781 amaverit.
2937 2726 3059 2781 llaec
3102 2727 3264 2782 verba
3320 2738 3483 2783 antea

1881 2796 2003 2851 loco
2032 2796 2203 2866 posita
2244 2798 2596 2863 alienissimo,
2632 2797 2883 2851 nimirum
2917 2813 3077 2866 supra
3123 2809 3244 2866 post
3273 2798 3438 2854 verba
3466 2818 3479 2852 ε

1883 2867 1993 2923 sine
2025 2868 2183 2922 ullius
2226 2884 2459 2936 persona:
2503 2869 2883 2941 discriminibus
2910 2869 3157 2941 irrogavit
3179 2912 3191 2931 .
3225 2878 3371 2925 recte
3413 2870 3482 2925 ad

1886 2941 2047 2993 tinem
2109 2941 2300 3008 capitis
2365 2940 2715 2994 translocavit
2764 2940 3049 3001 Heraldus.
3099 2940 3306 2997 Sensus
3358 2951 3483 2997 est:

1886 3008 2101 3064 etiamsi
2127 3026 2233 3064 non
2264 3011 2316 3065 in
2349 3026 2540 3066 omnes
2572 3010 2755 3066 lumen
2777 3013 2899 3066 vitae
2929 3012 3323 3081 practendisset,
3353 3022 3483 3077 etc.,

186 3069 293 3140 cein
338 3069 661 3139 Lucilianum
708 3097 755 3139 et
804 3086 1069 3156 Marsyam
1135 3081 1415 3156 Pomponii
1449 3069 1855 3156 'obsignatumC
1888 3090 2068 3156 tamen
2104 3083 2189 3156 iob
2239 3082 2364 3156 hoc
2388 3092 2563 3156 erata
2597 3082 2747 3137 vobis
2780 3099 2883 3137 non
2913 3069 3284 3156 aspernandus
3299 3069 3490 3156 {quod

189 3158 434 3211 memoria
477 3158 779 3223 continetis;
810 3167 864 3212 et
892 3152 1031 3211 libro
1062 3170 1134 3209 vn
1165 3171 1177 3207 :
1215 3152 1574 3223 Honorantur,
1602 3153 1787 3221 inquit,

190 3231 271 3282 Itis
298 3228 405 3291 dii,
435 3238 481 3282 et
506 3229 550 3282 si
596 3246 723 3297 quas
748 3221 810 3282 ab
838 3226 1124 3283 hominibus
1169 3226 1422 3280 continent
1452 3221 1794 3297 offensionum

190 3300 463 3370 memorias
495 3294 725 3366 oblatas,
760 3300 1026 3370 objiciunt.
1049 3298 1148 3370 Sic
1190 3299 1426 3369 κατέχειν
1461 3294 1604 3364 apud
1635 3294 1790 3370 Crte-

189 3386 284 3427 eos
302 3412 314 3435 ,
342 3369 667 3453 Lycgtvht‘on
699 3364 719 3426 :-
747 3364 949 3428 δεῖπνον
975 3369 1120 3426 οὐδὲν
1145 3364 1352 3427 cercuro
1373 3370 1584 3453 κατέχω
1629 3364 1792 3421 δεδει-

190 3441 415 3507 marite.
456 3441 700 3501 Henna.

269 3506 595 3585 Arrogantia:
651 3513 922 3587 supercilio
974 3513 1216 3568 tumidus.
1274 3510 1411 3569 Vide
1465 3525 1666 3580 supra,
1726 3506 1796 3563 ad

190 3586 291 3643 lib.
326 3602 364 3649 ι,
398 3601 517 3655 cap.
547 3587 638 3643 '58.
666 3586 871 3642 OBELL.

275 3653 512 3729 lnjurias
554 3668 600 3711 et
636 3657 989 3729 contumelias.
1022 3654 1242 3729 Nonius
1274 3672 1286 3708 :
1318 3653 1529 3729 lnjuria
1556 3668 1588 3705 a
1618 3659 1796 3729 contu-

201 3723 361 3783 melia
388 3727 482 3781 hoc
513 3730 686 3783 distat.
716 3728 923 3799 lnjuriu
948 3728 1082 3783 enim
1110 3727 1267 3781 levior
1286 3743 1367 3780 res
1382 3723 1482 3779 est.
1502 3723 1793 3799 Pacuvius.

197 3800 570 3873 Eatiorfacile
616 3792 860 3873 injurium
881 3841 903 3873 ,_
946 3800 1088 3873 siest
1109 3814 1269 3853 uacua
1295 3796 1642 3873 contumelia:
1662 3792 1799 3849 Vide

197 3866 487 3944 Theophili
522 3866 752 3944 lns_tiful.
793 3870 938 3927 Juris
965 3871 1057 3925 lib.
1090 3887 1161 3935 ιν,
1191 3869 1399 3944 capris,
1426 3871 1548 3944 mpl
1575 3866 1793 3944 ᾖϐρεωςο

198 3939 453 3999 Ewaiva.
474 3973 545 3983 -—
572 3942 916 3999 Contrarium
947 3951 1188 3996 statuunt
1216 3939 1405 4001 Stoici,
1440 3939 1587 3993 verbi
1611 3939 1793 4000 causa,

197 4016 408 4071 Seneca
429 4058 443 4082 ,
472 4015 632 4086 epist.
668 4015 841 4086 72,_et
870 4014 922 4068 in
947 4013 1083 4069 libro
1110 4013 1164 4067 in
1187 4014 1463 4083 sapientem
1491 4026 1596 4063 non
1619 4008 1801 4062 cadere

198 4086 484 4160 injurimn,
510 4083 628 4160 cap.
662 4083 987 4160 Lib-3mm.
1159 4153 1187 4160 η
1277 4154 1287 4160 _
1572 4150 1634 4160 η,

278 4156 517 4233 Spassim
541 4150 650 4233 sine
670 4157 826 4211 ullius
865 4170 1097 4233 persona
1134 4153 1530 4233 discriminibus.
1572 4150 1668 4232 llis
1708 4162 1802 4233 φερέ

203 4222 429 4286 strenuis
480 4228 662 4285 verbis
714 4222 964 4299 exponit,
1016 4227 1159 4299 quod
1197 4226 1423 4299 dixerat
1477 4222 1803 4299 passimSic

206 4300 406 4370 passim
445 4301 554 4353 sine
602 4290 799 4353 delectu
835 4290 1164 4369 coniunctim
1195 4297 1247 4351 in
1292 4290 1520 4370 corpore
1542 4290 1804 4370 jt_t_riS_ali-

207 4362 447 4442 quoties.
484 4371 724 4427 llenaw.
753 4399 823 4409 ——
845 4362 974 4438 Qua:
1002 4378 1320 4442 sequuntur.
1349 4362 1519 4442 Fulv.
1544 4362 1803 4442 ’_l_Jrsinus

1892 3153 2148 3208 salutaria
2177 3153 2402 3208 cansilia
2431 3153 2584 3208 vobis
2627 3156 2978 3217 monstravit,
3025 3164 3130 3210 etc.
3176 3154 3291 3209 Non
3330 3154 3492 3223 igitur

1894 3224 2198 3280 audiendus
2244 3223 2466 3280 Fulvius
2515 3223 2743 3296 Ursinus
2808 3226 3161 3296 conjiciens:
3210 3224 3493 3296 pt'wlettde-

1893 3304 2232 3351 ret...........
2266 3307 2537 3350 amoveret.
2594 3295 2701 3367 [fro
2754 3294 3090 3367 ignorationis
3125 3294 3388 3351 Meursius
3438 3294 3494 3350 in

1895 3367 2095 3439 Critico
2141 3382 2259 3439 pag.
2294 3369 2386 3433 49,
2438 3365 2721 3439 legendum
2776 3365 3081 3439 suspicatur
3112 3367 3490 3439 :interitionis,

1896 3437 1987 3493 Sic
2028 3436 2330 3495 noster'lib.
2362 3455 2433 3492 vn
2462 3456 2474 3490 :
2505 3436 2652 3491 Feris
2699 3447 2744 3492 et
2797 3437 2980 3493 belluis
3023 3439 3286 3508 proximus
3330 3438 3498 3491 turbat
3584 3488 3587 3489 ν

1898 3511 2275 3583 tempestatibus
2333 3511 2580 3581 patientes
2627 3518 2674 3563 et
2720 3508 2789 3562 ad
2851 3511 3137 3583 periculum
3189 3509 3498 3564 interitionis

1897 3583 2128 3638 adducit.
2157 3582 2363 3639 ORELL.

1972 3672 2032 3728 II.
2085 3703 2158 3715 -—
2210 3674 2309 3739 Qui
2367 3690 2537 3729 veram
2604 3674 2658 3729 in
2729 3677 2857 3744 orbe
2912 3673 3214 3744 religionem
3271 3670 3493 3744 inducit.

1899 3744 2042 3800 Edit.
2074 3745 2247 3814 Lugd.
2281 3746 2423 3807 Bat.,
2453 3745 2505 3799 in
2539 3746 2727 3800 Orbem.
2760 3740 2865 3799 Sed
2895 3744 2968 3798 nil
2996 3740 3334 3800 mutandum.
3361 3742 3498 3798 Vide

1899 3829 2061 3887 supra
2089 3816 2154 3869 nd
2184 3815 2279 3887 lib.
2302 3831 2340 3881 ι,
2371 3831 2493 3884 cap.
2522 3815 2621 3887 d2.
2651 3815 2855 3871 OBELL.

1974 3885 2174 3957 Religio
2202 3886 2488 3956 oﬁiciosior.
2522 3885 2575 3954 Id
2607 3896 2690 3941 est
2713 3885 3259 3957 commodisltumani
3286 3885 3502 3953 generis

1901 3960 2074 4029 magis
2095 3955 2419 4012 inserviens.
2464 3957 2554 4012 Sic
2583 3957 2718 4029 infra
2747 3972 2876 4029 cap.
2902 3956 2971 4029 ὃς
3004 3955 3350 4029 Nonfutura
3393 3971 3505 4008 cre-

1902 4026 2075 4085 dentes
2096 4038 2246 4100 casta
2274 4026 2689 4100 (matrimonia)
2722 4037 2769 4082 et
2798 4027 3005 4099 σθίἱεὶοεὶ
3048 4026 3257 4098 foederis
3293 4032 3347 4084 in
3392 4042 3503 4080 ma.

1901 4104 2047 4158 ritos.
2079 4098 2281 4155 ORELL.

1979 4173 2044 4228 Et
2085 4175 2199 4243 fons
2228 4181 2345 4243 est,
2377 4179 2740 4240 perpetuarum
2770 4170 2962 4243 pariter
3007 4168 3256 4241 fundator
3296 4180 3346 4225 et
3376 4185 3502 4224 con-

1905 4247 2041 4299 ditor
2070 4240 2260 4297 rerum.
2309 4240 2585 4313 Perpetua:
2626 4258 2739 4300 res.
2771 4240 2841 4295 id
2888 4240 3013 4313 est,
3051 4251 3302 4308 teternte,
3347 4257 3507 4297 num-

1904 4331 2064 4386 quam
2095 4311 2427 4369 interiturm.’
2452 4312 2559 4368 Sed
2599 4313 2806 4386 fateor,
2838 4312 2971 4386 mibi
3000 4311 3177 4386 locum
3210 4316 3352 4369 hunc
3384 4327 3507 4369 esse

1905 4384 1973 4444 de
2002 4386 2197 4441 mendo
2228 4395 2560 4453 suSpectum.
2605 4384 2721 4438 Non
2765 4384 2905 4439 enim
2938 4384 3117 4457 omnia
3141 4426 3155 4451 ,
3205 4403 3325 4457 qua:
3363 4386 3508 4440 Deus

207 4437 436 4526 έοιζιξῖεῖι
454 4460 475 4525 5
507 4447 615 4526 δξῖιε
644 4443 758 4497 “ms
782 4437 1113 4526 Ρθνξοηαξάηι
1135 4438 1529 4526 άξδενῖηιίτζξθαε·
1558 4437 1801 4526 9%?ng
1828 4465 1883 4525 1)
1902 4437 2189 4523 condidit,
2231 4437 2584 4511 anitatem
2606 4437 2669 4511 iet
2697 4437 2976 4526 perpetua.
3011 4437 3155 4523 Lego
3205 4437 3432 4526 itaque;
3462 4462 3512 4506 et

292 4508 392 4579 Qui
422 4513 466 4569 si
513 4516 699 4586 dignus
747 4508 848 4567 non
892 4521 1017 4586 esset
1033 4553 1061 4586 ,_
1091 4512 1174 4564 cui
1219 4511 1509 4586 auscultare
1557 4508 1803 4586 deberetis

207 4574 659 4664 sinapologiav'iu
691 4574 1283 4664 ltisuverbis'observlat.
1318 4579 1684 4664 Wopkensius
1735 4574 1802 4664 ad

210 4653 411 4730 Dict'yn
437 4653 605 4723 Cret.,
632 4673 705 4723 IV,
739 4656 827 4730 15,
850 4657 917 4730 in
946 4654 1168 4730 Miscell.
1202 4653 1538 4730 Obss._no_v.,
1573 4662 1702 4730 lout.
1747 4663 1803 4709 ιι,

211 4719 471 4802 ρεεῖῖξ),
512 4719 701 4802 euang
741 4719 1072 4802 sititillitnum
1132 4725 1340 4802 locum,
1375 4722 1563 4802 inl'ra,
1602 4719 1696 4773 lib.
1749 4733 1805 4779 v,

211 4796 344 4871 cap.
374 4796 466 4865 27,
498 4800 567 4855 ﬁn
600 4820 612 4854 :
648 4799 716 4854 Et
745 4815 823 4852 res
844 4796 1001 4869 digna
1025 4798 1231 4871 omnino
1256 4805 1329 4849 est
1344 4834 1367 4871 ,_
1415 4800 1622 4864 propter
1657 4804 1812 4871 quam

214 4864 558 4945 dii-funditus
600 4888 760 4944 genus
808 4864 957 4922 omne
1002 4869 1217 4923 debeant
1254 4867 1473 4991 aboleri?)
1493 4864 1808 4916 mortalium.

1476 4950 1632 4989 RELL.

1476 4950 1632 4989 RELL.

304 5014 436 5072 Vota
464 5012 865 5086 immortalitatis
899 5020 1116 5086 aptaret.
1141 5009 1379 5086 Obscura
1410 5006 1528 5063 hinc
1559 5014 1703 5067 sunt,
1727 5075 1738 5086 .
1762 5011 1818 5057 ct

168 5084 173 5089 ’
218 5089 421 5159 opinor
451 5095 725 5155 corrupta.
765 5081 1070 5159 Legenda":
1104 5081 1352 5159 existimo
1386 5088 1678 5159 :Aetportus
1713 5081 1817 5159 im-

219 5150 557 5213 mortalitatis
584 5150 983 5229 aperturetTSic
1008 5155 1166 5229 paulo
1197 5162 1316 5229 post
1352 5168 1363 5203 ε
1399 5150 1501 5229 Qui
1531 5150 1821 5229 notantibus

221 5233 376 5286 cwcis
408 5239 453 5284 et
483 5222 653 5282 revera
679 5230 732 5282 in
764 5222 1027 5297 impietate
1054 5225 1349 5294 degentibus
1390 5222 1593 5288 pietatis
1619 5222 1820 5297 aperuit

210 5306 455 5375 jattuas._
488 5302 578 5356 Sic
619 5308 818 5375 ξιυιειι)⁸
839 5289 1138 5375 ὶιιηειςιανε,⁷
1161 5304 1217 5349 ut
1241 5303 1632 5375 _opertarelap‘.
1687 5289 1822 5375 lies:

226 5358 367 5429 tum.
416 5373 658 5428 Hastam.
685 5358 1039 5427 -—-Metlrsitts
1081 5358 1546 5433 mavult'aptarct.
1584 5358 1702 5417 ‘Setl
1752 5358 1823 5412 nil

225 5444 573 5501 nmtanduut.
620 5441 744 5495 Vota
773 5437 1168 5495 immortalitatis
1200 5444 1419 5507 aptaret,
1452 5436 1487 5487 i.
1522 5450 1572 5489 e.
1602 5433 1826 5507 immor-

223 5517 499 5573 talitatem
548 5523 755 5585 optaret
799 5513 983 5576 vobis,
1037 5505 1284 5578 precibus
1330 5514 1609 5577 expeteret
1658 5520 1686 5557 a
1719 5505 1829 5557 Deo

227 5597 409 5628 null-0.,
462 5586 723 5628 gilnililar
753 5584 894 5628 plin-
932 5582 1108 5628 Enisl-
1149 5596 1204 5628 Χ-
1254 5579 1347 5628 20-
1392 5594 1507 5628 cum
1557 5586 1829 5628 patronum

1592 5590 1830 5630 atronum

227 5597 412 5659 patre.
462 5595 723 5642 Similiter
754 5595 895 5640 Plin.
933 5595 1108 5652 b‘ptSt.
1149 5596 1204 5643 ι,
1254 5595 1347 5643 zu,
1392 5595 1507 5631 cum
1557 5595 1830 5646 patronum

225 5674 318 5714 me
346 5658 676 5728 provinciales
705 5663 962 5725 optassent
990 5649 1414 5728 contrablarium
1444 5646 1834 5728 Priscum-me

230 5719 362 5798 est;
395 5744 426 5785 a
458 5729 654 5785 Senatu
685 5719 985 5798 petiissent:
1020 5722 1482 5798 Respieitautem
1517 5719 1831 5798 Amemus,

227 5597 412 5659 patre.
462 5579 723 5659 Similiter
753 5584 895 5640 Plin.
932 5582 1108 5652 Epist.
1149 5579 1347 5659 11-29,
1392 5594 1507 5659 cunt

232 5803 294 5861 ni
324 5789 509 5869 fallor,
543 5798 610 5856 ad
641 5789 805 5855 verba
832 5798 921 5854 illa
947 5789 1170 5863 Christi,
1202 5791 1325 5851 Job.
1356 5806 1486 5858 xvn,
1513 5791 1604 5846 24.
1625 5789 1829 5845 Onam.

1908 4537 2049 4603 fons}
2078 4540 2153 4583 est
2205 4538 2510 4603 perpetuus,
2540 4536 2857 4603 cunctarum
2912 4528 3104 4603 pariter
3158 4527 3405 4603 fundator
3465 4533 3513 4577 et

1909 4596 2144 4655 conditor
2166 4596 2356 4653 rerum.
2389 4598 2501 4653 Nisi
2535 4597 2670 4653 forte
2698 4596 2781 4651 his
2813 4599 2992 4650 verbis
3024 4596 3294 4665 expreSsit
3332 4597 3510 4665 Arno-

1910 4674 2031 4729 bius
2057 4673 2217 4726 verba
2263 4670 2414 4724 Pauli
2455 4670 2508 4723 in
2540 4669 2709 4737 Epist.
2744 4668 2810 4722 ad
2853 4668 3017 4722 Hebr.
3045 4709 3060 4733 ,
3090 4683 3142 4729 ι..
3169 4669 3226 4738 2,
3264 4664 3408 4722 δι’οὖ
3429 4666 3514 4720 καὶ

1912 4748 2032 4807 τοὺς
2062 4746 2250 4803 αἰῶνας
2281 4740 2408 4811 (hoc
2434 4737 2767 4811 universum)
2796 4740 3023 4806 ἐποίησε,
3052 4740 3194 4865 male
3213 4737 3510 4793 intellecta.

3177 4826 3332 4865 BELL.

3177 4826 3332 4865 RELL.

1989 4885 2136 4939 Motu
2182 4882 2561 4952 irriganturque
2600 4881 2766 4935 vitali.
2824 4879 2958 4935 Vide
3011 4896 3173 4952 supra
3196 4923 3209 4949 ,
3240 4881 3307 4936 ad
3336 4879 3433 4934 lib.
3464 4894 3504 4945 ι,

1917 4959 2075 5027 chap.
2113 4956 2204 5012 55.
2241 4958 2444 5010 ΟιιΕιιμ

1991 5050 2073 5105 Da
2106 5064 2312 5117 puerum
2330 5046 2580 5116 judicent.
2614 5046 2731 5101 Non
2765 5049 3003 5104 dubitavi
3036 5048 3089 5103 in
3124 5055 3328 5103 textum
3372 5045 3517 5117 reci-

1920 5137 2053 5194 pere
2081 5120 2442 5194 felicissimam
2470 5119 2607 5194 lia-nc
2622 5122 3083 5194 emendationem,
3104 5134 3263 5189 quam
3288 5119 3341 5172 in
3361 5116 3518 5194 (luris

1922 5188 2176 5250 secundis
2231 5189 2450 5258 protulit
2504 5190 2765 5245 Hcraldus
2804 5208 3051 5262 quaeque
3088 5188 3218 5245 cum
3270 5188 3520 5262 sequenti

1925 5262 2174 5319 dubitabit
2203 5263 2404 5328 optime
2447 5263 2742 5330 conspirat.
2775 5259 3056 5317 Editiones
3088 5276 3279 5317 omnes
3318 5259 3521 5313 habent

1927 5337 1994 5389 da
2015 5331 2485 5403 uerumjudicium,
2515 5333 2657 5403 quod
2685 5333 2737 5387 in
2768 5335 2963 5389 mendo
2994 5335 3193 5388 cubare
3220 5348 3360 5387 unus
3392 5331 3526 5403 vidit

1929 5401 2203 5463 Horaldus‘
2245 5403 2297 5476 in
2337 5401 2580 5476 editione
2611 5420 2706 5457 sua
2737 5405 3018 5476 legendum
3048 5403 3360 5476 conjiciens
3390 5402 3477 5476 vel
3510 5419 3523 5454 :

1930 5480 1999 5532 da
2025 5486 2224 5529 natura:
2245 5472 2503 5543 judicium
2529 5517 2543 5539 ,
2574 5476 2658 5529 vel
2686 5493 2698 5527 :
2744 5472 2811 5528 da
2836 5494 3006 5530 verum
3037 5472 3225 5530 animus
3243 5473 3524 5545 judicium,

1932 5547 2243 5621 quasilloe
2280 5545 2397 5596 loco
2426 5560 2611 5621 sermo
2651 5546 2719 5600 sit
2748 5547 2816 5621 de
2843 5549 3156 5621 testimonio
3191 5543 3419 5621 anitum,
3460 5543 3531 5597 de

1933 5614 2042 5692 quo
2072 5614 2398 5692 singularem
2447 5617 2672 5692 libruur
2694 5618 2907 5692 scriptis
2936 5615 3530 5692 Tertullianus._Meur-

1937 5682 2049 5748 sius
2078 5682 2222 5757 conj.
2253 5685 2334 5740 Ad
2361 5701 2535 5743 verum
2554 5682 2832 5760 judicium.
2869 5689 2976 5746 Sed
3007 5690 3167 5760 longe
3208 5686 3435 5760 prlefero
3466 5682 3537 5736 da

1943 5763 2032 5835 (id
2057 5769 2142 5817 est
2171 5756 2307 5828 pone
2330 5800 2344 5825 ,
2373 5756 2716 5832 cogita'tibi)
2741 5777 2958 5831 puerum
2979 5756 3225 5831 judicent.
3256 5756 3462 5812 Ouum.
