3974 6068
445 311 554 370 815

1595 295 1871 354 ARNOBII
1910 291 2275 355 ADVERSUS
2312 291 2582 350 GENTES

3644 287 3758 345 816

449 428 506 482 in
536 428 645 480 Dco
675 421 1011 479 cunctabitur
1036 460 1050 484 ,
1101 431 1260 487 quem
1315 429 1438 473 esse
1487 429 1677 470 omnes
1731 412 2051 468 naturaliter
2076 419 2128 477 Α
2157 409 2460 463 futurorum
2485 448 2498 470 ,
2530 415 2588 460 ut
2618 403 2790 460 teneri
2815 410 2871 460 et
2896 401 3282 474 comprehendi
3315 401 3515 458 nullius
3545 402 3761 472 possint

449 521 650 573 scimus
677 534 690 570 :
714 516 830 569 sive
854 529 973 568 eum
992 512 1380 572 crelamamus,
1399 525 1432 563 0
1452 509 1613 570 Deus,
1631 507 1744 561 sive
1761 521 1882 560 cum
1903 506 2052 558 illum

448 620 645 666 testem
668 607 1041 664 constituimus
1063 604 1452 674 improborum,
1477 611 1531 658 et
1549 601 1698 672 quasi
1721 614 1822 654 nos
1843 607 2050 665 cernat,

451 703 643 759 faciem
679 688 1026 756 sublevamus
1056 697 1121 752 ad
1147 698 1368 753 caelum.
1454 717 1456 719 >

527 796 612 852 lll.
665 794 771 852 Sed
809 793 1107 848 minoribus
1134 790 1439 861 supplicare
1461 789 1564 843 diis
1586 787 1837 842 homines
1867 787 2052 841 vetuit.

454 889 529 946 dii
558 889 700 944 enim
731 888 966 942 minores
985 928 999 951 ,
1052 885 1142 956 qui
1172 884 1279 938 sint
1309 892 1403 937 aut
1431 883 1521 938 ubi
1547 882 1685 945 sint,
1719 881 1906 936 scitis?
1933 880 2057 935 Per-

455 983 673 1038 strinxit
700 995 796 1038 vos
827 978 1116 1050 aliquando
1144 977 1381 1048 suspicio
1405 991 1592 1033 eorum
1621 985 1713 1031 aut
1743 977 1968 1040 mentio,
2001 981 2057 1027 ut

454 1078 652 1131 merito
673 1073 858 1129 feratis
877 1072 1094 1140 indigne
1113 1072 1403 1141 abrogatos
1428 1070 1512 1123 his
1535 1069 1731 1130 cultus,
1758 1078 1811 1123 et
1836 1066 2058 1120 honoris

453 1166 818 1237 impartitione
843 1165 1112 1220 vidnatos.
1141 1163 1295 1232 Quod
1325 1164 1369 1217 si
1401 1175 1506 1216 non
1538 1161 1735 1216 mentis
1761 1159 1962 1226 elatio,
2006 1168 2060 1214 et

453 1259 653 1332 typbus
683 1257 774 1327 qui
796 1255 1149 1328 appellatura
1173 1254 1415 1319 Graecis,
1448 1253 1710 1317 obstaret,
1741 1263 1902 1323 atque
1933 1249 2056 1306 ol‘ll-

454 1361 606 1408 cerct
651 1350 822 1415 vobis,
863 1348 1180 1420 jamdudum
1227 1348 1370 1403 scire
1422 1345 1770 1412 potuissetis,
1809 1343 1936 1415 quid
1968 1352 2061 1398 aut

456 1459 623 1516 quare
649 1443 988 1514 prohibuerit
1018 1441 1133 1497 lieri
1156 1483 1169 1504 ,
1201 1441 1339 1495 intra
1372 1439 1506 1494 lines
1533 1455 1668 1510 qttos
1699 1449 1845 1492 stare
1871 1437 2058 1492 volue-

454 1537 530 1592 rit
551 1535 868 1606 religionem
903 1550 1106 1600 veram,
1136 1543 1395 1603 quantum
1427 1531 1581 1585 vobis
1613 1531 1906 1601 periculum
1940 1545 2062 1585 nas-

456 1637 672 1684 ceretur
701 1643 771 1683 ex
799 1641 865 1681 eo
886 1669 900 1692 ,
933 1626 1074 1697 quod
1126 1623 1385 1694 putaretis
1411 1624 1706 1692 obsequio,
1737 1623 1821 1678 vel
1851 1639 1916 1679 ex
1944 1623 2063 1694 qui-

452 1722 555 1775 bus
601 1720 758 1774 malis
806 1717 1157 1789 emerge-retis
1191 1759 1204 1784 ,
1257 1718 1301 1772 si
1355 1716 1616 1772 insidioso
1675 1716 2062 1772 renuntiaretis

457 1813 654 1866 errori.

547 1904 635 1959 IV.
699 1905 893 1961 Verum
944 1906 1059 1959 lucc
1109 1902 1290 1958 omnia
1342 1903 1607 1957 illustrius
1658 1916 2060 1957 commemora-

457 1996 659 2053 buntur
704 2007 758 2052 et
806 1997 1051 2065 planius,
1087 2010 1210 2050 eum
1263 1995 1486 2050 ulterius
1530 2011 1752 2066 prorsus
1803 1994 2061 2049 fuerimus

455 2091 650 2146 evecti.
683 2089 1100 2144 Monstrabimus
1145 2078 1289 2142 enim
1333 2087 1608 2142 Christum
1665 2103 1771 2141 non
1816 2087 2063 2157 impieta-

456 2193 566 2238 tem
597 2182 851 2236 docuisse
893 2181 1173 2244 nationcs,
1218 2178 1313 2233 sed
1360 2178 1428 2232 ab
1475 2178 1776 2232 latronibus
1813 2177 2062 2247 pessimis

453 2276 778 2331 miserorum
821 2273 1098 2328 hominum
1136 2269 1558 2339 imprudentiam
1589 2270 1913 2324 vindicasse.
1944 2268 2062 2323 Non

457 2366 732 2424 credimus
753 2407 767 2431 ,
812 2363 1064 2433 inquitis,
1095 2377 1222 2417 vera
1252 2375 1373 2416 esse
1400 2376 1520 2432 quae
1549 2359 1700 2415 dicit.
1728 2360 1866 2427 Quid
1897 2361 2065 2428 enim,

455 2476 578 2532 qua:
605 2475 704 2512 vos
742 2457 956 2526 negatis
981 2471 1107 2510 vera
1140 2469 1266 2510 esse
1291 2495 1306 2517 ,
1338 2453 1481 2523 apud
1531 2469 1629 2508 vos
1669 2453 1908 2523 liquent,
1941 2469 2066 2508 cum

466 2549 825 2616 imminentia,
855 2560 909 2605 et
939 2548 1178 2603 nondum
1209 2562 1361 2602 cassa
1383 2587 1400 2612 ,
1450 2547 1614 2603 nullis
1667 2549 1877 2618 possint
1902 2547 2070 2602 ratio-

466 2643 629 2700 nibtts
684 2642 942 2698 refutari?
991 2641 1098 2696 Sed
1172 2648 1226 2696 et
1266 2639 1382 2709 ipse
1439 2655 1560 2708 quae.
1607 2641 1910 2711 pollicetur,
1960 2656 2066 2696 non

461 2737 676 2809 probat.
715 2736 790 2790 Ita
821 2743 926 2790 est.
963 2733 1114 2788 Nulla
1147 2735 1290 2787 enim
1317 2773 1331 2798 ,
1361 2742 1417 2787 ut
1445 2731 1555 2787 dixi
1578 2774 1593 2797 ,
1639 2732 1942 2788 futurorum
1978 2748 2072 2803 po-

459 2830 818 2888 testexisterc
848 2827 1246 2899 comprobatio.
1267 2827 1400 2882 Cum
1428 2841 1558 2897 ergo
1586 2825 1706 2882 bzec
1736 2827 1805 2881 sit
1827 2827 2067 2881 conditio

2157 499 2556 569 anticipationis
2601 505 2804 552 attactu
2839 511 2852 549 :
2889 511 3069 551 nonne
3117 495 3302 566 purior
3334 495 3475 550 ratio
3522 503 3635 560 est,
3683 508 3759 547 ex

2155 590 2362 645 duabus
2405 588 2628 644 incertis
2655 597 2711 644 et
2739 588 2793 642 in
2823 587 3069 659 ambigua
3103 585 3480 657 expectatione
3509 584 3759 656 penden-

2158 684 2330 752 tibus,
2366 684 2415 739 id
2451 683 2629 754 potius
2673 682 2936 750 credere,
2983 681 3128 752 quod
3158 681 3365 750 aliquas
3411 694 3537 745 Spes
3577 678 3760 744 ferat,

2156 793 2318 848 quam
2349 777 2572 832 omnino
2598 776 2744 847 quod
2775 775 2993 830 nullas?
3023 774 3079 830 lu
3108 774 3201 828 illo
3229 775 3375 830 enim
3412 770 3640 842 periculi
3673 770 3765 826 ni-

2159 869 2234 924 hil
2263 880 2378 936 est,
2411 871 2455 924 si
2487 869 2630 941 quod
2660 868 2857 923 dicitur
2884 867 3203 933 imminere,
3229 879 3444 920 cassum
3469 864 3561 917 liat
3589 873 3645 919 et
3665 877 3767 916 va-

2157 976 2316 1017 cuum
2351 980 2364 1016 :
2395 962 2446 1015 in
2478 961 2583 1016 hoc
2608 962 2865 1016 damnum
2897 971 2981 1016 est
3008 960 3301 1014 maximum
3324 999 3340 1026 ,
3371 956 3424 1011 id
3453 966 3538 1012 est
3567 955 3769 1010 salutis

2159 1055 2417 1120 amissio,
2446 1057 2509 1110 si
2541 1070 2664 1110 cum
2710 1065 2923 1125 tempus
2969 1051 3283 1118 advenerit,
3331 1049 3603 1122 aperiatur
3649 1065 3768 1104 non

2159 1148 2329 1204 fuisse
2360 1147 2722 1203 mendacium.
3471 1205 3476 1209 ,

2233 1243 2296 1297 V.
2327 1242 2464 1310 Quid
2507 1242 2723 1309 dicitis,
2754 1258 2789 1298 ο
2834 1243 3039 1310 nescii,
3086 1241 3249 1298 etiam
3281 1239 3410 1295 lletu
3438 1247 3493 1294 et
3537 1239 3771 1294 misera-

2161 1340 2307 1395 tione
2336 1338 2686 1409 dignissimi?
2713 1337 2788 1392 Ita
2822 1352 2929 1393 non
2960 1335 3318 1392 extimescitis
3338 1376 3354 1399 ,
3385 1348 3453 1389 ne
3478 1333 3621 1388 forte
3648 1333 3772 1386 hmc

2160 1450 2288 1490 vera
2320 1435 2448 1500 sint,
2474 1450 2592 1505 quae
2620 1445 2745 1490 sunt
2773 1433 3050 1504 despectui
3082 1432 3236 1487 vobis
3259 1474 3274 1498 ,
3303 1443 3357 1486 et
3388 1431 3634 1501 praebent
3655 1442 3770 1483 ma-

2162 1527 2352 1582 teriam
2387 1527 2570 1581 risus?
2604 1542 2704 1582 nec
2742 1527 2934 1582 saltem
2970 1525 3246 1581 vobiscum
3275 1524 3373 1579 sub
3397 1524 3642 1578 obscuris
3666 1537 3774 1578 co-

2162 1619 2514 1688 gitatioaibus
2536 1620 2755 1675 Volvitis
2779 1661 2794 1684 ,
2821 1634 2891 1675 ne
2921 1619 3065 1690 quod
3096 1620 3198 1674 hoc
3227 1618 3315 1673 die
3343 1616 3568 1672 credere
3597 1615 3774 1671 obsti-

2165 1720 2289 1765 nata
2317 1713 2543 1766 renuitis
2572 1713 2958 1781 perversitate,
3002 1711 3293 1782 redargnat
3322 1724 3500 1764 serum
3532 1719 3770 1775 tempus,

2094 1805 2142 1864 B
2170 1811 2224 1858 et
2252 1801 2622 1857 irrevocabilis
2651 1802 2964 1873 ptenitentia
2993 1802 3266 1872 castiget?
3297 1800 3490 1855 Nonne
3534 1798 3621 1853 vel
3649 1798 3776 1854 haec

2169 1897 2358 1952 saltem
2379 1898 2541 1952 ﬁdem
2562 1899 2710 1952 vobis
2735 1898 2939 1953 faciunt
2965 1905 3285 1967 argumenta
3316 1893 3602 1959 credendi,
3624 1895 3778 1964 quod

2165 1989 2276 2059 jam
2301 2005 2399 2059 per
2427 2005 2618 2045 omnes
2643 2000 2816 2044 terras
2846 1989 2898 2044 in
2923 2000 3031 2044 tam
3053 1989 3202 2044 brevi
3229 1999 3474 2057 tempore
3491 1996 3548 2042 et
3569 2001 3741 2057 parvo
3759 2026 3777 2052 ,

2171 2081 2423 2137 immensi
2458 2081 2620 2152 hujus
2661 2092 3002 2137 sacramenta
3030 2082 3226 2137 dill‘usa
3253 2080 3420 2135 sunt?
3447 2079 3592 2152 quod
3621 2079 3777 2134 nulla

2163 2173 2276 2243 jam
2310 2175 2456 2230 natio
2483 2185 2565 2230 est
2596 2184 2704 2230 tam
2737 2175 2954 2230 barbari
2993 2175 3157 2230 moris
3177 2217 3191 2241 ,
3220 2184 3275 2229 et
3301 2173 3780 2230 mansuetudinem

2171 2268 2420 2322 nesciens
2465 2283 2585 2337 qua:
2628 2283 2734 2323 non
2780 2270 2900 2338 ejus
2942 2283 3129 2324 amore
3156 2283 3311 2324 versa
3359 2268 3648 2324 molliverit
3686 2285 3785 2325 as-

2172 2361 2456 2431 peritatem
2509 2377 2694 2428 suam,
2742 2372 2798 2418 et
2845 2362 2900 2417 in
2958 2362 3202 2433 placidos
3255 2377 3447 2418 sensus
3499 2373 3786 2433 assumpta

2171 2454 2565 2524 tranquillitate
2598 2454 2950 2526 migraverit?
2979 2457 3126 2527 quod
3176 2466 3283 2511 tam
3317 2455 3524 2529 magnis
3547 2455 3788 2528 ingeniis

2173 2547 2392 2616 praediti
2447 2556 2727 2616 oratores,
2786 2550 3152 2620 grammatici,
3209 2550 3496 2618 rhetores,
3546 2551 3789 2607 consulti

2169 2637 2309 2708 juris
2341 2654 2405 2694 ac
2433 2639 2657 2706 medici,
2691 2640 3048 2713 philosophiae
3072 2643 3234 2698 etiam
3262 2654 3473 2700 secreta
3495 2644 3789 2712 rimantes,

2176 2733 2485 2802 magisteria
2519 2733 2635 2790 haec
2660 2745 2945 2806 expetunt,
2976 2738 3178 2807 spretis
3214 2736 3411 2808 quibus
3452 2738 3614 2806 paulo
3651 2746 3792 2793 ante

2179 2828 2454 2885 lidebant?
2474 2832 2620 2901 quod
2645 2832 2960 2890 abdominis
2987 2841 3015 2871 α
3044 2848 3104 2890 se
3135 2833 3280 2889 servi
3324 2832 3655 2890 cruciatibus
3702 2830 3790 2887 al-

1712 2939 2092 2997 LECTIONES
2131 2939 2548 3002 VARIANTES.

538 3040 563 3068 ἰ
598 3035 736 3097 Quod
764 3049 830 3086 ex
852 3034 1082 3086 dominis.
1107 3031 1248 3084 Fulv.

460 3318 806 3389 Tertullian.,
833 3324 1148 3392 Apologet.,
1181 3335 1229 3374 c.
1257 3335 1362 3374 xvu
1399 3338 1412 3373 :
1449 3318 1679 3385 Denique
1721 3333 2061 3388 pronuntians

463 3401 594 3462 lucc,
636 3414 736 3450 non
765 3394 833 3466 ad
855 3393 1199 3466 Capitolium,
1212 3393 1310 3466 sed
1339 3392 1406 3466 ad
1437 3400 1619 3466 caelum
1649 3393 1873 3466 respicit.
1904 3392 2064 3448 Novit
2111 3463 2115 3466 _

464 3472 599 3526 enim
617 3470 783 3523 sedem
805 3465 898 3518 Dei
921 3465 1016 3518 vivi
1041 3479 1059 3515 :
1083 3462 1275 3528 abillo,
1303 3473 1348 3516 et
1371 3463 1489 3515 inde
1510 3462 1791 3515 descendit.
1819 3464 2060 3522 llsnaw.

539 3559 628 3615 ιιι,
681 3588 752 3598 --
795 3555 946 3620 Quod
975 3555 1052 3626 __si
1098 3569 1200 3626 non
1261 3555 1443 3626 mentis
1506 3552 1688 3626 elatio,
1754 3564 1800 3626 et
1856 3559 2066 3626 typltus,

465 3634 552 3701 qui
574 3629 867 3699 appellatur
891 3643 927 3701 ει
959 3624 1175 3686 Graecis,
1225 3623 1463 3701 obstaret,
1511 3637 1616 3677 etc.
1646 3623 1891 3701 Typltus:
1913 3632 2067 3700 τῦφος

465 3693 537 3744 ,ζ-
562 3693 822 3764 ἀλάζονεία
839 3739 850 3758 .
881 3695 1120 3772 ἕπαρσςςξ.
1143 3693 1398 3772 mendciis:
1415 3737 1432 3772 _,
1465 3693 2068 3772 arrogantia,isu_perb:ia,

465 3765 1226 3843 sa'pissitncap,Arnnliiunt.
1269 3765 1386 3843 για.
1414 3766 1548 3819 infra
1574 3781 1693 3836 cap.
1733 3767 1830 3843 l2,
1857 3769 1943 3843 19,
1976 3771 2068 3835 29’

467 3835 564 3910 65;
597 3843 750 3910 hujus
772 3835 910 3894 libri.
944 3837 1053 3892 Nec
1077 3835 1261 3910 minus
1283 3835 1542 3904 frequens
1572 3835 1658 3904 ap.
1693 3839 1828 3892 alios
1855 3841 2074 3896 inferio-

467 3908 554 3970 ris
572 3908 746 3967 aetatis
767 3917 1079 3978 scr'tptnres,
1116 3908 1265 3961 verbi
1288 3921 1472 3971 causa;
1505 3911 1788 3976 Augustin.
1815 3909 1882 3964 de
1912 3911 2071 3967 Civit.

469 3987 588 4051 Dei,
621 4000 693 4048 χι,
723 3998 841 4051 cap.
870 3981 1095 4049 penult.,
1122 3995 1278 4031 unum
1309 3982 1560 4049 fruentem
1583 3979 1709 4046 Deo,
1741 3982 1958 4037 alteram
1989 3993 2072 4038 tu-

469 4067 688 4112 mentem
722 4054 900 4125 typho.
924 4051 1152 4125 Onam“;

491 4125 506 4147 θ
549 4126 707 4195 Quid,
739 4119 826 4178 aut
851 4139 1010 4196 quare
1026 4120 1341 4196 prohibuerit
1364 4119 1498 4188 ﬁeri.
1525 4121 1944 4196 Observavimus
1962 4128 2073 4196 jam

474 4193 652 4262 antea,
685 4198 824 4265 apud
866 4194 965 4248 hos
995 4193 1869 4266 scriptoresreperirisepissime
1906 4193 2074 4266 parti-

471 4271 625 4325 culus
653 4262 1000 4335 disjunetivas
1028 4279 1125 4333 pro
1151 4263 1489 4332 enpulativis.
1517 4262 1762 4321 lienam.

548 4361 638 4417 IV.
671 4390 738 4400 ——
764 4358 892 4414 Cum
920 4357 1132 4410 ulterius
1166 4373 1373 4428 prorsus
1408 4359 1657 4428 fuerimus
1702 4362 1877 4415 evecti.
1925 4361 2079 4418 Setc-

481 4432 725 4487 weehius
775 4429 984 4498 lcgend.
1032 4428 1252 4500 conjicit
1297 4426 1510 4500 ulterius
1531 4432 1789 4500 "pronius
1843 4450 1869 4483 a
1924 4451 2074 4500 pror.

477 4523 585 4569 sus,
616 4519 769 4570 a,um
803 4516 820 4554 :
850 4500 975 4553 hinc
1003 4499 1187 4551 limites
1219 4499 1384 4565 prorsi
1408 4513 1495 4568 ap.
1527 4499 1771 4554 Festum.
1803 4499 2076 4570 Prorsum,

474 4577 530 4632 id
580 4585 694 4639 est,
744 4585 1198 4642 porr-erver‘sttnt,
1252 4579 1560 4642 antrorsnm
1612 4587 1624 4621 :
1668 4587 1794 4641 opp.
1852 4591 2076 4629 rursum.

479 4640 778 4715 Utrumque
803 4640 1079 4711 conjunxit
1135 4640 1442 4705 Terentius,
1475 4641 1678 4711 l’lecyra
1714 4640 1819 4711 (in,
1852 4646 1902 4712 l,
1935 4648 2028 4717 35)
2063 4663 2077 4700 :

603 4732 865 4797 Trepidari
890 4731 1072 4787 sentio,
1095 4730 1278 4780 cursari
1304 4742 1493 4778 rursum
1523 4743 1768 4792 prorsum.

478 4820 551 4875 At
579 4820 703 4875 licet
730 4815 978 4891 exetnpla
1023 4819 1112 4891 τοᾷ
1142 4829 1351 4882 prorsus
1392 4811 1658 4891 adjective
1708 4817 1867 4884 positi
1920 4835 2104 4891 rapes

475 4892 687 4945 riantnr
715 4889 855 4959 apud
896 4883 1251 4944 vetustiores,
1292 4883 1999 4959 etnnparativus’prorsior:
2020 4910 2080 4948 us

476 4962 638 5030 plane
663 4954 949 5030 inusitatus
981 4971 1154 5030 neque
1208 4954 1529 5030 recipiendae
1560 4957 1694 5010 tales
1727 4960 2080 5019 formationes

480 5025 628 5085 nullo
650 5031 896 5099 exemplo
925 5027 1180 5099 l'tntdatte.
1215 5025 1494 5099 Praeterea
1509 5043 1738 5094 prorsus,
1763 5033 2077 5089 alhel'biuln

476 5103 602 5164 luci,
639 5118 731 5171 pm
765 5094 915 5165 "dm,
949 5113 1116 5151 versus
1162 5095 1290 5166 (vid.
1331 5094 1504 5166 Fest.)
1529 5099 1641 5164 jam
1682 5099 1904 5155 involvit
1933 5119 2080 5160 Cum-

482 5176 802 5242 parativnm.
837 5171 1041 5225 ORELL.

555 5243 661 5298 Sed
682 5245 745 5296 ab
771 5243 1049 5296 latronibus
1071 5237 1323 5310 pessimis.
1348 5235 1606 5310 Intelligit
1628 5241 1894 5297 Arnobius
1914 5244 2079 5304 falsos

479 5314 768 5394 ()llCiOIEZS',‘
801 5315 866 5394 d‘e
897 5309 1364 5394 qlltltllshllltl‘lsllls
1397 5309 1610 5394 Mali-lu,
1639 5327 1736 5394 VIL,
1771 5313 1836 5366 1.)
1870 5333 1882 5368 :
1909 5328 2078 5394 Προσ-

481 5387 633 5455 έχετε
669 5383 722 5438 δὲ
747 5385 846 5457 aut.
869 5392 968 5438 τῶν
994 5380 1444 5457 ψεγδοπροῖῃτῶν,
1480 5383 1664 5457 pinus;
1689 5381 1932 5457 ἔρχονται
1947 5380 2080 5457 anno;

479 5443 616 5526 ﬁla;
634 5457 680 5508 ἐν
697 5452 941 5527 ἐνδύμασι
955 5443 1247 5529 προϐἀτωίθ,
1271 5443 1455 5506 ἔσωθεν
1475 5451 1528 5506 δὲ
1547 5455 1648 5507 εἰσι
1663 5443 1802 5512 λῦκῖι

1660 5526 1861 5578 Οῐιειι.

1707 5541 1861 5582 Βειι..

548 5595 884 5669 [inminentia
905 5604 949 5649 et
971 5594 1200 5669 nondum
1224 5610 1388 5648 cassa.
1416 5593 1526 5669 ll_oe
1548 5603 1655 5669 est,
1677 5601 1907 5653 nondum
1924 5617 2074 5669 vana,

473 5671 643 5733 irrita,
676 5669 804 5721 κενά.
855 5667 930 5721 lta
971 5665 1266 5734 swpissime
1313 5680 1401 5733 ap.
1433 5665 1826 5724 Tertullianum
1857 5683 1910 5727 et
1939 5665 2076 5731 alios

469 5742 764 5813 scriptorcs
784 5737 1202 5813 ecclesiasticos,
1223 5736 1588 5813 “verbieausa
1617 5737 1816 5795 Minue.
1850 5742 1990 5812 Fel.,
2021 5762 2068 5802 c.

469 5815 538 5878 ,σε
564 5804 779 5886 {Quam
807 5826 892 5867 vos
929 5807 1090 5863 irrita:
1146 5804 1535 5877 pollicitationis
1581 5824 1731 5866 cassa
1761 5823 1874 5867 rota
1924 5804 2059 5872 deci-

1860 3077 2434 3184 COMMENTARIUS.

537 3258 600 3311 Et
621 3255 766 3324 quasi
812 3268 904 3306 nos
941 3258 1134 3316 cernat,
1172 3248 1356 3318 faciem
1407 3248 1727 3324 sulileuantus
1757 3250 1825 3303 ad
1851 3250 2052 3304 cretum.
2087 3233 2133 3295 C

2167 3258 2308 3342 piant
2336 3259 2446 3342 (ubi
2477 3262 2589 3342 vid,
2613 3264 2822 3342 Q_uz_el.,
2843 3282 2978 3342 pag.
3017 3269 3140 3334 117,
3171 3269 3258 3326 ed.
3292 3269 3584 3342 Gronov.).
3617 3271 3794 3328 Paulo

2170 3340 2291 3410 post
2317 3348 2331 3382 :
2365 3331 2426 3386 Si
2450 3336 2589 3410 quod
2616 3331 2816 3392 dicitur
2834 3331 3098 3394 imminere
3120 3331 3323 3396 cassum
3353 3344 3448 3410 ﬁat
3470 3354 3518 3396 et
3540 3331 3792 3398 'vacuum.

2168 3400 2482 3485 lnfraLCap'.
2518 3407 2585 3485 l2
2619 3425 2632 3464 :
2665 3411 2764 3463 Aut
2793 3412 2906 3485 quis
2935 3413 3133 3466 audiret
3170 3431 3314 3468 cassa
3343 3400 3387 3468 et
3416 3415 3557 3468 nuda
3574 3417 3793 3485 jactan-

2172 3483 2289 3525 tcm.
2323 3474 2525 3555 Cuiac_._
2545 3479 2645 3542 leg.
2678 3474 2849 3549 passa,
2885 3484 3250 3553 interpretans
3277 3487 3536 3555 prteterila
3554 3474 3652 3551 {at
3672 3488 3796 3542 sine

2172 3547 2447 3614 exemplo.
2486 3547 2729 3606 Hanno.

2245 3614 2314 3668 1d
2345 3630 2437 3682 est,
2471 3619 2654 3697 su_lutis
2699 3624 2930 3680 amissio.
2965 3625 3090 3682 Hmc
3117 3626 3279 3682 verba
3321 3628 3520 3683 lnnulis
3555 3628 3789 3697 inclusa,

2175 3691 2781 3816 ΞβόιιἙὲιέῗιειυεεθωει,
2811 3697 3078 3766 ejicienda
3110 3711 3300 3755 censet
3341 3701 3631 3768 Meursius,
3665 3691 3788 3772 pag.

2253 3829 2313 3882 ν.
2344 3861 2414 3870 --
2461 3832 2649 3912 Nonne
2699 3838 2776 3912 uel
2815 3840 2923 3912 lucc
2969 3841 3148 3896 saltem
3193 3843 3348 3910 ﬁdem
3406 3845 3543 3897 vobis
3589 3845 3793 3912 faciunt

2176 3913 2477 3984 argumenta
2506 3908 2765 3984 credendi.
2811 3910 2922 3966 Etsi
2965 3914 3105 3968 solet
3130 3908 3401 3970 Arnobius
3434 3908 3795 3984 plura'qttan-

2177 3972 2353 4058 doque
2386 3979 2653 4058 copulare
2712 3996 2823 4036 rem
2872 3998 3030 4058 unam
3081 3996 3134 4038 et
3180 3972 3446 4058 eamdem.
3478 3972 3795 4055 signitican-

2181 4047 2274 4107 tia,
2327 4047 2456 4124 mihi
2512 4058 2688 4105 tamen
2746 4056 3075 4124 persuadere
3103 4071 3334 4124 nequeo,
3369 4055 3487 4111 ba-c
3514 4047 3634 4112 Esse
3680 4059 3795 4112 sin-

2183 4128 2304 4202 cera
2341 4133 2359 4202 ξ
2389 4119 2696 4202 Argumenta
2735 4119 2996 4202 credendi.
3030 4125 3106 4202 Et
3128 4119 3368 4202 profecto
3395 4130 3466 4183 ita
3495 4138 3581 4184 est
3609 4131 3796 4202 :rscri-

2187 4190 2586 4269 Ρὶθτθῐβιιὶίιυίς
2616 4195 2680 4245 ad
2706 4207 2854 4248 orant
2881 4197 3000 4252 libri
3027 4198 3108 4251 sui
3129 4190 3155 4251 ἐ
3186 4199 3502 4269 Argumenta
3523 4201 3790 4255 credendi.

2309 4255 2856 4342 enini-proponuntur
2882 4281 3217 4342 argumenta,
3248 4255 3442 4340 quibus
3469 4271 3788 4328 lidesChri~

2186 4335 2356 4405 Silana
2385 4335 2642 4405 al'lirmari
2675 4348 2868 4405 potest.
2894 4335 3137 4395 HEIRALD.

2258 4400 2771 4482 Immensiuominis
2824 4409 2975 4477 hujus
3033 4423 3353 4467 sacramenta
3401 4414 3596 4482 diffusa
3647 4426 3792 4472 sunt.

2105 4491 2159 4551 D
2185 4471 2352 4526 Paulo
2381 4474 2603 4551 inferius
2637 4481 2830 4534 eodem
2860 4471 3033 4551 capite
3069 4502 3081 4537 :
3109 4483 3174 4536 Et
3203 4471 3690 4541 salutarisuutilitiw
3711 4471 3796 4542 sa-

2183 4556 2442 4623 cramenta
2471 4547 2785 4623 depromere.
2832 4552 2871 4606 Ii
2905 4547 3114 4609 scilicet
3153 4555 3243 4623 qui
3269 4557 3484 4611 Christo
3511 4573 3568 4612 se
3598 4574 3797 4615 conse-

2182 4617 2428 4680 crabant,
2453 4633 2481 4671 a
2511 4621 2867 4698 scriptoribus
2894 4617 3277 4680 ecclesiasticis
3312 4623 3613 4698 saepissime
3639 4646 3766 4685 com

2183 4698 2442 4768 parantur
2470 4705 2592 4768 eum
2640 4692 2893 4768 militibus
2919 4706 3152 4768 patrem,
3197 4692 3429 4753 matrem
3475 4710 3531 4755 et
3564 4715 3791 4757 onmem

2185 4762 2862 4837 proximumejerantibus.
2917 4762 3259 4834 Tertttllian.,
3303 4771 3372 4824 de
3399 4771 3614 4824 Corona
3648 4773 3795 4826 mili-

2184 4832 2271 4891 tis,
2301 4844 2420 4899 eap.
2458 4832 2518 4886 ll
2554 4851 2567 4887 :
2595 4833 2924 4890 Credimusne
2943 4838 3222 4892 humanam
3245 4832 3634 4896 sacramentum
3662 4845 3797 4897 divi-

2182 4914 2248 4952 no
2277 4903 2552 4986 stt‘perduci
2599 4903 2767 4986 licere,
2799 4919 2846 4986 et
2887 4909 2940 4960 in
2983 4911 3144 4962 alium
3175 4912 3436 4965 dominum
3484 4930 3799 4982 respomerc

2183 4981 2294 5038 post
2322 4973 2604 5053 plit'istum,
2629 4986 2676 5028 et
2701 4973 2896 5053 cjeritre
2923 4990 3114 5049 patrem
3155 4998 3216 5035 ac
3245 4994 3482 5042 matrem.
3516 4973 3794 5039 et'omnem

2182 5049 2496 5128 proditarum:
2522 5062 2665 5128 _quos
2705 5049 2876 5128 et__lea:
2905 5053 3148 5105 honorari
3192 5061 3238 5128 e_t
3285 5066 3396 5128 post
3448 5054 3613 5108 Deum
3645 5057 3794 5128 diligi

2181 5115 2622 5196 priscipit'ﬂtletn
2646 5119 2718 5196 ad
2751 5118 3030 5190 Martyres,
3059 5138 3178 5193 cap.
3207 5126 3240 5178 5
3267 5115 3294 5178 τ’
3321 5124 3497 5179 Vocati
3523 5143 3700 5181 sumus
3724 5115 3797 5180 εἶά

2182 5184 2418 5266 militiam
2443 5185 2538 5266 Dei
2559 5188 2656 5240 vivi
2672 5191 2777 5251 iam
2795 5184 2932 5266 tunc,
2956 5184 3069 5248 cum
3088 5184 3142 5248 in
3167 5201 3468 5250 sacramenti
3495 5198 3642 5251 verba
3671 5214 3795 5266 spo-

2183 5256 2470 5340 pondimus.
2498 5256 2776 5340 Lac-tunc,
2801 5262 2895 5316 ΙΙΙ).
2915 5256 2975 5326 .v,
3007 5281 3128 5340 cap.
3159 5267 3257 5340 ll:
3288 5267 3632 5326 Sacramenti.
3652 5256 3796 5340 quod

2181 5339 2462 5407 acceperat,
2488 5331 2731 5407 proditor
2748 5336 2917 5402 factus
2940 5345 3032 5389 est.
3059 5331 3140 5389 ω.
3183 5337 3356 5407 Lips.,
3387 5341 3451 5392 ad
3487 5331 3795 5395 Tucil.'An-.

2182 5398 2388 5475 nal._1t_v
2415 5398 2800 5475 etStetiecliq
2843 5408 2908 5458 ad
2955 5407 3165 5472 γεω..
3212 5398 3281 5464 de
3323 5398 3400 5464 tie
3443 5410 3622 5470 Milit.,
3667 5427 3725 5475 ιι,
3756 5413 3793 5466 5

2181 5482 2235 5536 p.
2270 5469 2366 5540 liti
2395 5487 2474 5539 sq.
2501 5475 2586 5525 ed.
2620 5471 2796 5527 Ve~a|.
2850 5469 3090 5532 litamen.
3124 5469 3484 5540 ,ELMENtt.‘et
3516 5469 3725 5537 Οιὶέςιιξ

2255 5538 2383 5622 Qua:
2407 5538 2512 5622 uoti
2537 5543 2646 5612 ejus
2669 5561 2842 5600 amore
2869 5563 3030 5622 versa.
3059 5538 3211 5604 Fulv.
3243 5551 3421 5607 Ursin.
3453 5554 3597 5622 conj.
3623 5573 3634 5605 :
3659 5554 3792 5619 Quae

2180 5614 2412 5694 uonejus
2442 5614 2512 5667 ad
2541 5631 2733 5694 morem
2761 5633 2922 5672 versa.
2975 5619 3093 5676 Non
3124 5623 3263 5677 male
3292 5623 3506 5694 quidem
3529 5614 3699 5689 {sedi
3713 5625 3791 5680 nil

2179 5684 2514 5738 mutandum.
2551 5683 2752 5741 ORELL.
3310 5683 3325 5694 '
3496 5712 3498 5714 τ
3531 5683 3541 5689 ’
3607 5707 3610 5710 -

2253 5751 2554 5838 Magisteria
2579 5759 2689 5810 Ittl’c
2719 5769 2980 5838 expetunt.
3016 5763 3072 5818 ld
3099 5772 3202 5838 est,
3237 5775 3503 5838 expetunt
3526 5767 3786 5838 religione

2178 5821 2468 5883 christiana
2507 5821 2795 5900 tatnquam'
2827 5834 3080 5907 magistra
3112 5821 3206 5891 uti'.
3242 5821 3329 5894 De'
3347 5838 3398 5893 vi
3431 5821 3784 5910 verbiiitagi-
