3974 6068
381 161 485 215 823
576 153 583 159 ’

1527 152 1807 209 ARNOBH
1848 151 2219 209 ADVERSUS
2256 151 2532 207 Gl'hTES

3585 145 3709 205 δεμ

384 292 534 343 nare,
562 276 743 335 dicite,
777 290 809 328 o
842 273 1013 327 festivi
1035 314 1050 339 ,
1083 281 1135 325 et
1180 284 1393 325 meraco
1434 270 1713 340 sapientiae
1745 270 1896 325 tincti
1931 279 1986 325 et
2014 276 2064 336 Α
2089 268 2299 324 vidistis
2343 269 2708 339 inspectione,
2756 279 2811 325 et
2856 268 3104 324 manibus
3143 277 3368 323 tractata
3401 266 3703 323 tenuistis?

388 371 556 424 saturi
592 381 751 439 potu,
781 379 934 422 estne
962 366 1142 436 operis
1169 364 1223 418 in
1252 364 1361 418 vita
1399 364 1735 434 negotiosum
1768 362 1982 433 aliquod

386 472 547 532 atque
573 470 851 515 actuosum
880 474 1071 528 genus,
1105 457 1247 527 quod
1281 472 1385 511 non
1412 455 1518 511 ﬁde
1562 466 1837 526 praeeunte
1862 470 1985 510 sus-

391 556 612 626 cipiunt,
637 534 872 616 sumant,
896 562 1057 621 atque
1082 549 1462 620 aggrediantur
1486 549 1729 603 actores?
1753 547 1990 618 Peregri-

390 646 615 710 nautini,
648 630 911 714 navigatis
937 660 949 696 :
986 658 1092 697 non
1123 644 1342 696 domum
1375 656 1470 695 vos
1497 640 1780 697 credentes
1808 656 1993 710 perac-

395 738 465 794 tis
488 736 937 807 negotiationibus
956 734 1323 789 remeaturos?
1340 742 1538 789 terram
1561 732 1703 788 ferro
1722 732 1988 800 sciuditis,

392 840 554 901 atque
576 829 808 900 oppletis
831 829 1097 885 seminum
1126 830 1387 882 varietate
1414 845 1424 880 :
1457 841 1562 880 non
1590 826 1875 881 credentes
1896 839 1993 878 vos

395 925 603 993 frugem
637 930 985 991 percepturos
1009 936 1131 976 esse
1160 919 1367 974 vicibus
1395 920 1771 990 lemporariis?
1801 918 1991 988 conju-

394 1014 533 1085 galia
564 1013 831 1084 cepnlatis
867 1012 1179 1069 consortii:
1215 1027 1319 1065 non
1352 1011 1523 1064 futura
1553 1025 1675 1065 esse
1712 1009 1996 1066 credentes

398 1117 567 1169 casta,
601 1116 651 1161 et
683 1104 909 1159 ofticiosi
943 1104 1159 1161 hederis
1188 1104 1239 1157 in
1271 1103 1527 1158 maritos?
1554 1104 1845 1158 liberorum
1878 1118 1997 1159 sus-

397 1201 574 1271 cipitis
601 1201 803 1269 prolem
832 1220 844 1255 :
876 1216 983 1254 non
1013 1201 1318 1254 incolutucn
1344 1199 1630 1254 credentes
1661 1197 1797 1264 iure,
1826 1208 1879 1253 et
1900 1214 1998 1268 per

396 1294 597 1364 gradus
639 1294 815 1346 a-tatis
860 1302 1137 1347 venturam
1171 1293 1463 1348 senectutis
1493 1291 1559 1345 ad
1601 1290 1811 1347 metas?
1840 1291 1995 1363 aegri.

401 1387 615 1442 tudines
654 1402 939 1457 corporum
984 1386 1313 1441 medicorum
1345 1384 1681 1441 conuuittitis
1707 1386 1954 1441 manibus
1982 1403 1996 1439 :

388 1464 508 1536 non
555 1481 840 1535 credentes
870 1480 1088 1532 uturbos
1129 1495 1284 1548 posse
1323 1478 1560 1545 mitigata
1602 1480 1895 1549 asperitate
1925 1479 1999 1534 leo

401 1573 542 1628 uiri?
572 1572 714 1627 bella
755 1587 877 1626 cum
909 1570 1153 1625 hostibus
1197 1571 1383 1640 geritis
1414 1589 1427 1624 :
1464 1586 1570 1625 non
1599 1571 1878 1627 victoriam
1905 1583 2003 1628 vos

2091 350 2278 418 Non-ne
2304 375 2538 419 vesnum
2566 362 2889 434 quicumque
2933 370 3055 427 est,
3104 360 3230 418 huic
3256 405 3270 429 ,
3305 360 3389 417 vel
3418 360 3495 415 illi
3522 357 3705 415 credit

2091 459 2297 514 auctori
2320 466 2345 494 α
2370 458 2392 511 ?
2423 472 2531 512 nou
2559 456 2704 529 quod
2734 457 2835 512 sibi
2867 457 3199 527 persuaserit
3224 457 3344 528 quis
3372 470 3559 511 verum
3589 453 3701 510 dici

2093 550 2160 604 ab
2185 550 2377 613 altero,
2409 550 2554 605 velut
2598 549 2827 619 quadam
2870 549 2995 605 ﬁdei
3041 549 3422 620 astipulatione
3451 546 3702 603 tutatur?

2094 641 2197 710 Qui
2222 651 2538 697 cunctorum
2561 642 2825 710 originem
2858 656 2978 697 esse
2999 640 3131 696 dicit
3152 641 3328 712 ignem
3361 649 3454 695 aut
3477 654 3701 711 aquam,

2098 748 2203 787 non
2231 732 2440 788 Thaleti
2479 743 2573 788 aut
2599 732 2869 788 Heraclito
2897 733 3107 788 credit?
3135 734 3226 804 qui
3263 747 3480 787 causam
3507 731 3562 787 in
3595 746 3702 786 nu-

2097 826 2261 881 meris
2292 827 2465 897 pouit,
2497 842 2603 880 non
2649 825 2966 899 Pythagorae
2998 826 3204 894 Samio,
3251 841 3355 881 non
3403 824 3708 898 Archytas?

2097 921 2186 990 qui
2220 912 2456 974 animum
2480 920 2691 987 dividit,
2717 931 2773 976 et
2797 920 3459 991 incorporalesconstituit
3476 920 3705 984 formas,

2100 1032 2208 1071 nou
2235 1016 2443 1071 Platoni
2467 1015 2783 1072 Socratico?
2811 1016 2901 1086 qui
2929 1017 3173 1086 quintum
3201 1015 3528 1070 elementum
3556 1013 3711 1084 priu-

2099 1107 2361 1177 cipalibus
2387 1107 2619 1178 applicat
2644 1108 2844 1171 causis,
2870 1122 2976 1161 non
3004 1107 3282 1162 Aristoteli
3311 1105 3709 1177 Peripatetico-

2103 1214 2223 1253 rum
2270 1200 2443 1269 patri‘t
2472 1200 2560 1269 qui
2602 1199 2780 1269 ignem
2826 1199 3062 1253 minatttr
3107 1197 3310 1253 mundo
3329 1196 3383 1263 ι),
3415 1207 3469 1251 et
3498 1194 3715 1251 venerit

2102 1306 2225 1346 cum
2258 1300 2493 1361 tempus,
2526 1305 2796 1358 arsurum,
2826 1305 2932 1346 non
2964 1290 3223 1357 Panaetio,
3255 1288 3584 1361 Chrysippo,
3608 1286 3715 1343 le.

2104 1384 2267 1439 noui?
2296 1385 2388 1456 qui
2419 1384 2710 1440 individuis
2734 1384 3050 1454 corporibus
3094 1382 3324 1439 mundos
3369 1397 3583 1452 semper
3623 1378 3712 1435 fa-

2107 1478 2351 1535 bricatur
2380 1488 2437 1536 et
2460 1480 2709 1546 destruit,
2738 1495 2844 1534 non
2871 1478 3128 1549 Epicuro,
3158 1478 3485 1543 Democrito,
3514 1474 3716 1532 Metro-

2107 1569 2288 1625 doro?
2332 1570 2421 1638 qui
2454 1571 2586 1627 nihil
2619 1571 2689 1626 ab
2719 1571 2938 1626 homine
2967 1569 3372 1641 comprehendi,
3401 1577 3562 1637 atque
3590 1582 3713 1622 ont-

402 1664 690 1719 credentes
713 1663 1019 1732 prreliortun
1052 1663 1486 1719 succcssionibus
1513 1664 1815 1721 relaturos?
1842 1680 2005 1721 vene—
2034 1678 2082 1738 Β
2110 1665 2196 1719 nia
2241 1665 2403 1720 caecis
2450 1664 2874 1721 obscuritatibus
2904 1664 3174 1730 involuta,
3224 1680 3332 1718 non
3365 1661 3714 1730 Archesilao,

404 1756 601 1812 ramini
633 1757 795 1823 deos,
824 1766 878 1810 et
904 1755 1083 1811 colitis
1108 1773 1120 1810 :
1155 1771 1260 1810 non
1289 1754 1574 1812 credentes
1606 1756 1727 1812 illos
1756 1772 1878 1813 esse
1897 1801 1911 1825 ,
1947 1768 2004 1813 et

403 1849 664 1919 prepitias
710 1862 870 1902 aures
917 1848 1111 1903 vestris
1155 1847 1638 1919 supplicationibus
1690 1864 2003 1905 accommo-

406 1939 536 1995 dare
560 1940 583 1994 ?

478 2030 574 2088 IX.
607 2031 744 2099 Quid
787 2032 875 2086 illa
919 2032 987 2088 de
1018 2032 1179 2088 rebus
1208 2033 1276 2088 ab
1309 2034 1540 2089 humana
1582 2035 1891 2108 cognitione
1918 2050 2007 2090 se-

407 2125 621 2197 positis,
655 2141 775 2196 quae
807 2125 1149 2181 conscribitis
1181 2126 1304 2196 ipsi,
1337 2142 1457 2198 quae
1487 2127 1760 2193 lectitatis,
1803 2128 2013 2183 oculata

2105 1756 2407 1814 Carneadi?
2439 1773 2544 1815 nou
2576 1759 2736 1814 alicui
2764 1759 2996 1831 denique
3038 1757 3345 1815 Academite
3373 1756 3592 1822 veteris,
3622 1770 3716 1811 re-

2109 1850 2474 1921 centiorisque
2505 1861 2528 1889 ο
2560 1848 2797 1905 cultori?

2184 1942 2253 1998 X.
2285 1942 2393 2013 ipsi
2419 1942 2652 2014 denique
2680 1942 2949 2014 principes
2969 1984 2987 2011 ,
3031 1951 3088 1998 et
3128 1940 3504 2013 praedictarum
3535 1950 3720 2011 patres

2115 2045 2383 2091 sectarum
2414 2037 2465 2099 ά.
2497 2038 2811 2108 nonneipsa
2854 2053 2917 2093 ea
2937 2051 3059 2108 quae
3104 2037 3318 2103 dicunt,
3359 2036 3473 2091 suis
3512 2034 3720 2091 credita

2114 2129 2512 2200 suspicionibus
2568 2129 2799 2186 dicunt?
2853 2129 2998 2186 Vidit
3057 2130 3200 2186 enim
3255 2127 3561 2184 Heraclitus
3629 2141 3719 2185 res

1622 2244 2002 2302 LECTIONES
2039 2244 2129 2301 VA
2138 2245 2457 2302 RIANTES.

470 2367 497 2393 ι
546 2362 810 2415 Autoribus
851 2366 946 2414 Ms.

466 2423 498 2463 ιι
541 2425 665 2488 igne
684 2426 894 2475 minatur
918 2424 1147 2474 mundum
1186 2423 1323 2474 Fulr.

2181 2361 2203 2389 ε
2261 2361 2907 2414 Βθεειιιὶοιιὶενθ’8ιειυεσιι.

2190 2427 2219 2467 ἀ
2263 2427 2634 2479 Sententiarum
2657 2425 2776 2476 Sub.

1797 2536 2358 2603 COMMENTARIUS.

484 2678 795 2733 Lancinare.
819 2678 1012 2747 Supra,
1045 2678 1136 2731 lib.
1168 2694 1205 2740 ι,
1231 2691 1279 2731 c.
1308 2675 1381 2731 56
1410 2694 1424 2733 :
1461 2676 1587 2732 Issis
1613 2680 1765 2748 furva
1796 2694 2012 2735 mazrens

413 2751 666 2819 perditum
699 2750 883 2817 lilium,
917 2761 964 2802 et
1004 2750 1316 2802 membratim
1347 2749 1620 2819 conjugem
1669 2750 2008 2805 Ianoinatum.

419 2821 551 2876 Vide
576 2821 645 2875 de
672 2823 772 2875 hoc
798 2822 961 2875 verbo
988 2819 1126 2890 (quo
1154 2821 1232 2873 usi
1261 2819 1422 2874 etiam
1452 2819 1698 2874 Catullus
1724 2830 1778 2876 et
1806 2820 2011 2877 Sallus-

417 2891 559 2965 tius)
589 2893 884 2965 Stewech.,
919 2892 971 2944 in
1002 2891 1212 2961 Apulei.
1245 2891 1459 2946 Metam.
1513 2908 1585 2956 tv,
1619 2907 1736 2961 pag.
1765 2892 1895 2961 298,
1923 2892 2012 2949 ed.

416 2962 763 3031 Oudendorp.
805 2962 1007 3017 OuELL.

492 3033 699 3106 ﬂeraco
724 3035 992 3106 sapientiae
1037 3033 1200 3087 tincti.
1238 3032 1501 3106 Mcrucum
1549 3033 1757 3089 scilicet
1809 3035 2011 3090 vinum.

417 3105 507 3161 Sic
533 3105 718 3161 Horat.
743 3122 801 3171 ιι,
835 3106 992 3175 epist.
1025 3121 1084 3173 tt,
1119 3120 1262 3160 vers.
1296 3105 1398 3159 157
1429 3122 1442 3159 :

540 3217 746 3283 Expulit
766 3217 989 3270 elleboro
1012 3221 1253 3280 morbum,
1275 3218 1528 3283 bilemque
1554 3233 1769 3269 meraco.

420 3326 651 3392 Nouum,
684 3342 735 3398 p.
763 3328 964 3398 53.78.—
986 3327 1240 3391 Heracus,
1261 3345 1311 3391 α,
1340 3345 1448 3392 unt,
1472 3329 1688 3398 antique
1712 3344 1808 3398 pro
1830 3345 2021 3393 merus,

421 3415 600 3469 purus.
657 3397 785 3452 Vide
823 3397 1241 3467 Lauretuberg.,
1300 3397 1622 3468 Atttiquar.,
1680 3400 1781 3455 huc
1833 3401 2015 3456 verbo.

1527 3471 1730 3524 υιιειιη

496 3541 817 3610 Suscipiunt,
851 3552 1053 3594 sumant
1084 3552 1235 3609 atque
1266 3539 1633 3610 aggrediantur
1660 3542 1889 3595 actores?
1922 3541 2022 3596 Pe-

423 3614 778 3683 regrinmnini.
815 3612 887 3664 Ita
918 3613 1179 3666 Meursius
1217 3622 1272 3666 ct
1313 3612 1489 3665 editur
1534 3610 1703 3681 Lugd.
1737 3612 1852 3667 Bal.
1895 3614 2018 3668 eod.

424 3698 524 3737 uts.
557 3684 941 3754 aggrediantur:
968 3686 1044 3737 An
1067 3683 1212 3736 terris
1235 3684 1651 3752 percgrinamini.
1682 3683 1985 3739 Seriverius
2003 3726 2017 3751 ,

423 3768 511 3824 ap.
536 3753 758 3818 Meurs.,
785 3756 837 3808 in
859 3753 1101 3824 Append.
1118 3773 1148 3805 (ι
1170 3755 1339 3806 choris
1362 3754 1778 3824 peregrinatttini.
1805 3756 2019 3811 lleraltl.

423 3826 729 3895 suspicatur
782 3827 1066 3896 legendum
1102 3843 1114 3878 :
1148 3826 1227 3879 An
1279 3836 1461 3877 temere
1518 3827 1911 3895 peregrinmnini
1957 3843 2023 3882 ex

425 3896 699 3949 simillimo
747 3895 865 3965 loco
909 3896 1127 3951 Eusebii
1171 3896 1461 3965 Praeparat.
1510 3897 1908 3965 cvaugcl..lib.
1965 3914 2025 3952 ιι

424 3971 512 4022 Καὶ
538 3967 661 4022 πλεῖ
687 3989 765 4045 τις
794 3964 936 4045 uitet;
986 3971 1055 4030 εἰς
1086 3964 1412 4045 ﬁniendi
1438 3964 1585 4045 ἄλᾏην
1628 3964 2031 4045 πέροϐεϐλημένος

423 4048 515 4115 ῖῆς
544 4036 1118 4115 ςωτῃρίας-ἅγιωρᾳνώ
1146 4040 1293 4113 μόνην
1327 4044 1416 4098 τὴν
1460 4041 1654 4103 πίστιν,
1669 4036 1749 4094 icui
1772 4046 1860 4099 τήν
1888 4036 2031 4114 ’ἀγα-

425 4111 512 4169 θήν
542 4109 736 4165 omne.
788 4109 935 4165 Fulv.
963 4109 1155 4167 Ursin.
1177 4113 1302 4177 legzt
1327 4113 1826 4178 ......suspiciamus,
1851 4109 2026 4165 sunia-

424 4196 540 4234 mus
576 4192 729 4252 atque
755 4182 1162 4251 aggrediuntur?
1190 4181 1270 4233 An
1298 4182 1466 4242 terris,
1499 4194 1605 4235 etc.
1663 4181 1768 4237 Sed
1803 4181 2030 4250 przel'ero

426 4252 678 4306 omnibus
708 4252 813 4307 illis
840 4253 1164 4322 conjecturis
1186 4252 1621 4306 emendationem
1645 4252 1912 4307 Salutasii.
1946 4255 2028 4308 An

428 4336 527 4392 ρει)
551 4333 750 4376 actores
779 4322 1062 4392 legendum
1081 4324 1153 4379 sit
1178 4334 1433 4386 auctores,
1453 4323 1697 4377 dubitare
1715 4338 1775 4378 se
1797 4324 2032 4378 allirmat

426 4389 621 4448 Wasse
661 4393 727 4447 ad
779 4389 1024 4462 Sallust.,
1072 4394 1214 4457 Cat.,
1271 4409 1350 4459 ιιι,
1405 4410 1457 4462 p.
1511 4394 1627 4519 346
1653 4393 1719 4448 ed
1799 4394 2025 4450 ilaverc.

1631 4480 1785 4519 ιιειι..

1631 4480 1785 4519 ηειι.

502 4533 813 4608 coniugalia
850 4537 1124 4591 consortia.
1169 4536 1482 4608 Eleganter.
1533 4533 1747 4608 Nuptiae
1774 4536 1907 4608 enim
1951 4534 2035 4608 (ut

428 4604 766 4663 ModeStiuus
817 4608 889 4663 ait
930 4608 1056 4678 Leg.
1104 4623 1119 4661 ι
1169 4604 1368 4679 Digest.
1413 4607 1483 4661 de
1528 4607 1637 4662 rittt
1682 4604 2030 4678 nuptiarum)

427 4678 720 4755 conjunctio
749 4681 909 4755 maris
933 4692 981 4755 et
1009 4678 1265 4755 flendum,
1294 4688 1338 4733 et
1365 4679 1681 4755 consortium
1705 4679 1876 4755 omnis
1895 4679 2057 4755 uitte,‘

429 4750 590 4804 divini
617 4761 665 4804 et
696 4751 910 4805 humani
946 4751 1082 4819 juris
1119 4751 1535 4804 communicatio.
1579 4750 1799 4821 Dionys.
1834 4749 2033 4817 llalic.,

423 4822 521 4875 lib.
552 4837 618 4909 ιι..
645 4821 827 4909 Autiq.
859 4823 1044 4909 Rom?
1087 4838 1138 4890 p.
1173 4822 1283 4909 95h:
1305 4830 1524 4909 ξυναίκα
1547 4826 1767 4909 γαμξτιξν
1794 4821 2033 4909 7416:36-

427 4913 559 4965 μους
598 4894 767 4980 ξερούς
792 4888 1348 4983 ’συνεξθοῦσὰνμὰνδρὴ
1372 4888 1623 4949 κοινωνὸν’
1641 4893 1876 4949 ἁπάντων
1909 4888 2037 4948 εἶναι

430 4966 715 5038 χρημάτὼν
743 4986 798 5020 τε
828 4970 914 5021 καὶ
939 4967 1107 5041 ἱερῶν.
1136 4966 1380 5019 Eun-inn.

508 5018 598 5087 lX.
643 5064 713 5074 --
754 5035 855 5103 Qui
897 5048 1196 5091 cunctorum
1241 5036 1491 5105 originem
1537 5052 1644 5090 esse
1683 5035 1805 5089 dicit
1844 5035 2032 5105 ignem,

433 5113 522 5176 aut
546 5121 755 5176 aquam,
790 5123 892 5160 non
919 5105 1140 5171 Tltaleti,
1174 5114 1281 5162 etc.
1319 5105 1392 5161 [te
1419 5106 1760 5162 bisdiversis
1786 5105 2033 5176 philoso-

433 5174 665 5247 phorum
688 5176 1102 5247 _0pinationibus
1129 5176 1345 5233 videndi
1370 5178 1520 5232 Sext.
1551 5174 1810 5247 Empiric'.
1844 5178 2034 5231 adver-

431 5262 526 5320 sus
555 5245 1012 5320 _Matbematicos,
1056 5266 1107 5317 p.
1144 5250 1266 5320 7505
1307 5258 1362 5303 et
1400 5248 1515 5320 505
1546 5245 1753 5320 (ed."ll.
1789 5246 2027 5319 Steph.).

434 5316 765 5389 gltalcitlius,
787 5319 845 5389 in
866 5316 1105 5376 Platonis
1130 5319 1429 5384 Timaeum;
1461 5316 1612 5389 Diog.
1637 5319 1845 5388 Laert.,
1870 5316 1963 5374 lib.
1986 5316 2032 5386 ι,

437 5378 761 5443 Tertullian.
784 5388 1045 5446 adversus
1074 5390 1358 5454 Marciam;
1386 5378 1669 5451 Lactant...
1693 5378 1850 5457 lusu,
1877 5390 1969 5446 lib.
1995 5378 2031 5457 ι,

435 5459 677 5533 ρειρᾷμὸςᾴ
713 5458 978 5533 Minucius
1008 5461 1163 5517 Felix
1193 5462 1406 5532 Octav.,
1446 5477 1566 5533 cap.
1597 5462 1702 5527 l9;
1729 5461 2033 5529 Plutareh.,

437 5528 507 5603 de
534 5528 723 5603 Pla_eit.
756 5531 1224 5603 philosophorum,
1268 5533 1360 5589 lib.
1390 5528 1454 5596 ἰς
1486 5528 1624 5599 Cic,
1652 5535 1746 5589 lib.
1793 5549 1862 5589 tv.
1896 5528 2036 5589 Aca-

437 5600 582 5674 dem.
609 5600 839 5670 QuaesL,
873 5600 1051 5670 libfn,
1080 5617 1201 5674 cap.
1235 5604 1326 5672 57,
1356 5614 1409 5662 et
1436 5605 1511 5661 ibi
1542 5605 1723 5661 Davis.
1749 5605 2030 5671 Eusebius,

435 5671 505 5730 de
534 5673 943 5745 l’rteparatione
990 5671 1322 5745 evangelica,
1364 5676 1460 5733 lib.
1507 5691 1548 5747 ι,
1578 5692 1700 5749 cap.
1743 5676 1800 5743 5,
1842 5675 1937 5734 lib.
1976 5691 2032 5744 v,

2118 2697 2238 2752 cap.
2284 2683 2373 2737 15.
2411 2679 2660 2736 Hermias
2704 2680 2764 2733 in
2789 2677 3038 2752 irrisione
3066 2676 3516 2752 philosophorum
3538 2676 3719 2747 genti-

2119 2748 2285 2819 lium;
2327 2752 2525 2809 Justin.
2574 2752 2798 2823 Martyr,
2841 2750 2894 2805 iu
2941 2749 3320 2823 cohortatione
3358 2748 3423 2802 ad
3477 2748 3723 2823 Graecos.

2122 2839 2175 2895 p.
2208 2826 2242 2878 5
2276 2834 2332 2879 et
2375 2825 2428 2879 5.
2462 2819 2792 2895 Theodorei.
2835 2830 3023 2895 contra
3055 2819 3309 2883 Grzrcos,
3346 2835 3513 2895 scrin.
3547 2834 3620 2879 tv.
3653 2819 3726 2873 de

2121 2892 2343 2969 materia
2362 2905 2438 2969 _et
2484 2894 2703 2949 mundo.
2735 2892 3019 2948 Netnesius
3044 2898 3164 2969 περὶ
3190 2896 3392 2967 φύσεως
3426 2893 3723 2967 ἀνθρώπου,

2120 2983 2239 3038 cap.
2273 2967 2327 3022 5.
2360 2966 2605 3022 Ειιιεκιι.

2197 3032 2299 3108 Qui
2337 3054 2546 3093 causam
2579 3039 2630 3091 iu
2669 3035 2894 3108 numeris
2937 3036 3100 3108 ponit,
3133 3050 3234 3089 non
3261 3032 3592 3108 [gl/tegare:
3616 3033 3726 3089 Sa-

2047 3114 2093 3177 ρ
2127 3103 2246 3169 uno.
2275 3127 2377 3164 non
2406 3110 2663 3181 Archytte.
2693 3105 2809 3181 Cie.
2840 3106 3216 3181 Academygtt,
3412 3103 3728 3181 Pythagorei

2127 3198 2192 3238 ea:
2221 3181 2443 3235 numeris
2485 3175 3051 3236 et'matltematicorum
3077 3178 3237 3247 initiis
3269 3175 3343 3247 (id
3372 3186 3478 3240 est,
3514 3176 3729 3245 punctis

2126 3263 2182 3308 et
2211 3251 2392 3323 lineis)
2431 3252 2689 3323 proﬁcisci
2718 3251 2894 3305 volunt
2923 3249 3118 3303 omnia.
3153 3246 3254 3305 Ubi
3285 3247 3407 3302 vide
3436 3262 3571 3317 quos
3613 3247 3730 3302 lau-

2125 3326 2218 3379 dat
2246 3322 2421 3378 ltavis.
2449 3322 2655 3378 ORELL.

2201 3395 2302 3461 Qui
2328 3395 2556 3448 animam
2576 3393 2778 3447 dividit.
2835 3391 3055 3446 Scilicet
3081 3391 3132 3446 in
3165 3390 3482 3461 rationalem
3511 3400 3566 3446 et
3594 3389 3733 3443 irra-

2127 3460 2407 3521 tionaletu.
2461 3465 2838 3520 Tlu-udoretus
2896 3466 3107 3533 (Serui.
3161 3478 3212 3523 ν,
3265 3463 3333 3515 tle
3380 3460 3498 3516 Nat.
3554 3462 3730 3521 ltom..

2126 3548 2258 3592 tom.
2296 3554 2369 3602 ιν,
2404 3535 2852 3607 ιι.546)2]1λάτων
2879 3541 2959 3590 καὶ
2995 3535 3283 3607 “new/opai
3321 3535 3381 3588 τὸ
3418 3533 3734 3607 μέεέ-λοαγικὸν

2124 3612 2283 3670 αὐτῆς
2327 3602 2586 3682 ἆςιιθᾳρετθιο⁷
2621 3603 2761 3682 sinon,
2797 3606 3016 3682 ⁸φθαρτὸν
3048 3605 3102 3661 δὲ
3139 3602 3204 3682 ῖτᾷ
3249 3602 3733 3682 angvem-Notium,

2128 3632 2283 3670 σίντης
2327 3629 2454 3681 αφυα
2489 3630 2573 3663 τον
2621 3629 2761 3673 sum,
2802 3629 3016 3682 φσαρτον
3048 3629 3102 3661 οε
3144 3629 3204 3661 το
3249 3629 3446 3678 αλογον.
3494 3629 3733 3670 μυυιυιη

2128 3696 2183 3750 p.
2201 3682 2328 3737 550.
2348 3629 2694 3734 -—N0uuirum
2710 3678 2909 3750 induas
2931 3686 3130 3744 partes,
3146 3676 3359 3750 alterum
3376 3675 3591 3750 rationis
3612 3693 3736 3745 par-

2131 3744 2358 3822 iicipem,
2403 3753 2631 3822 alterum
2659 3749 3192 3822 rationis_ca:pertem._
3225 3747 3356 3822 Vide
3543 3744 3732 3822 '_l_‘tisc.,

2131 3816 2276 3890 disp.
2313 3840 2369 3883 tt.
2410 3838 2529 3890 cap.
2570 3819 2664 3884 20,
2696 3829 2750 3875 et
2779 3818 2849 3873 ibi
2881 3819 3058 3872 Davis.
3094 3819 3195 3871 Alii
3236 3816 3500 3873 Platonici
3530 3818 3729 3872 divise.

2134 3904 2261 3948 runt
2305 3894 2356 3948 in
2405 3889 2515 3948 tres
2566 3900 2783 3962 partes.
2814 3891 3287 3962 rationabilitatent,
3332 3889 3657 3962 irascentium
3685 3901 3735 3943 et

2135 3965 2445 4034 cupidinem.
2490 3959 2612 4020 Vid.
2651 3961 2836 4030 Apul.,
2867 3962 2943 4034 Ade
2982 3960 3157 4015 llabit.
3190 3959 3456 4034 doctrina:
3500 3960 3735 4021 Platon.,

2136 4031 2229 4089 lib.
2264 4052 2321 4096 tt.
2355 4052 2406 4105 p.
2440 4037 2528 4096 14.
2552 4035 2639 4089 ed.
2673 4032 2945 4100 Elmeuh.,
2970 4041 3024 4088 et
3053 4045 3190 4103 quos
3215 4032 3399 4086 laudat
3430 4031 3634 4097 Davis,
3667 4034 3736 4085 ad

2134 4105 2248 4162 Cic.
2274 4108 2461 4171 'l‘use.,
2496 4124 2534 4171 ι,
2566 4105 2652 4161 10.
2676 4105 2878 4173 (lusce.

2210 4178 2312 4246 Qui
2347 4180 2577 4248 quintum
2606 4179 2906 4248 elementum
2952 4173 3322 4248 principalibus
3348 4173 3579 4248 applicat
3606 4191 3735 4227 cau-

2133 4251 2224 4315 sis,
2237 4245 2650 4309 non'Aristoteli.
2671 4257 2776 4302 etc.
2791 4247 3155 4319 Ἐντελεχείαν,
3175 4245 3383 4302 scilicet
3406 4246 3551 4319 quasi
3569 4261 3739 4319 quant-

2134 4314 2255 4375 dam
2283 4326 2631 4376 continuatam
2657 4319 2929 4372 motionem
2949 4314 3311 4382 ei'perennent,
3343 4326 3401 4369 ut
3420 4314 3567 4383 espl.
3593 4314 3701 4372 Cic.
3718 4357 3736 4382 ,

2058 4429 2112 4489 υ
2136 4392 2299 4489 Ias?-
2339 4390 2627 4489 a.3°;.".':i
2652 4387 3363 4489 xiii;.93"1:*:a.";£:P‘?jf-i-
3394 4385 3478 4489 Si;
3509 4386 3736 4489 5:32:53-

2136 4462 2311 4527 Clav.,
2338 4462 2452 4518 Cic.
2484 4472 2539 4517 et
2572 4461 2892 4517 Tertullian.
2921 4459 2988 4514 de
3011 4460 3224 4525 Anima,
3252 4473 3374 4527 cap.
3406 4458 3494 4513 50.
3521 4459 3735 4513 Οιιειι..

2211 4534 2314 4603 Qui
2368 4535 2537 4605 ignem
2591 4533 2816 4605 minatur
2868 4530 3083 4605 mundo.
3107 4569 3120 4583 .
3150 4568 3200 4605 ._.
3231 4570 3245 4585 .
3300 4545 3403 4605 non
3458 4527 3693 4605 Pometia
3722 4573 3741 4595 ,

2135 4599 2425 4677 Chrysippo
2464 4604 2682 4658 Zenoni.
2721 4602 2854 4677 Vide
2880 4600 3021 4665 Cie.,
3052 4602 3121 4656 de
3155 4601 3275 4655 Nat.
3309 4601 3489 4677 deo},
3526 4616 3585 4661 ιι.
3630 4599 3740 4677 «l9;

2136 4671 2494 4743 Theodoret,
2526 4687 2714 4731 contra
2745 4673 2988 4736 Graecos,
3019 4687 3198 4727 sermo
3225 4689 3278 4735 ν,
3307 4671 3376 4726 de
3402 4671 3604 4727 Natura
3636 4672 3739 4727 bo-

2138 4747 2331 4815 miuis;
2363 4748 2561 4805 Justin.
2596 4747 2845 4819 Martyr.,
2877 4743 3105 4817 Apolog.
3138 4760 3208 4808 tt,
3244 4743 3740 4870 prtbntélliristiattis.

3471 4831 3523 4870 ι..

3366 4830 3523 4871 κειι.

2217 4913 2532 4969 Archesitao.
2564 4911 2664 4967 Ed.
2697 4909 2867 4979 Lugd.
2899 4908 3044 4975 Bat.,
3071 4907 3365 4979 Archesilte.
3395 4904 3553 4961 ConI'.
3583 4906 3742 4963 Grot.

2141 4985 2209 5042 ad
2241 4986 2498 5041 Marcion.
2527 4982 2759 5052 (ἤρθη,
2786 4978 2881 5036 lib.
2911 4997 2970 5046 ιι,
3008 4997 3060 5049 p.
3086 4980 3176 5036 46.
3212 4978 3309 5052 Hie
3336 4990 3416 5033 est
3450 4979 3545 5033 ille
3579 4994 3747 5052 quem

2141 5057 2462 5127 ignorantia:
2502 5048 2819 5127 magistrum
2849 5048 3342 5127 vogt'Laetatttius
3360 5058 3436 5127 _et
3458 5048 3748 5127 queni_Ci-

2138 5121 2267 5184 eiero
2317 5142 2533 5182 omnem
2584 5121 2825 5181 funditus
2874 5122 3272 5195 philosophiam
3324 5121 3402 5176 ait
3454 5121 3751 5179 susmlissc

2135 5199 2458 5274 ἀκαταληφίᾳ
2481 5214 2596 5253 sua.
2628 5197 2830 5253 Οιιειι.

2207 5290 2279 5346 Χ.
2322 5320 2393 5361 -τ-
2436 5288 2836 5361 Ipsiddeuique
2893 5287 3170 5361 principes.
3244 5283 3382 5361 God.
3445 5299 3548 5340 ms.
3622 5283 3752 5361 ipsi

2139 5355 2513 5426 demus,'uude
2554 5355 2772 5415 Herald'.
2819 5361 2871 5414 in
2894 5355 3072 5415 Curis
3105 5357 3360 5413 secundis
3395 5367 3584 5413 contra
3619 5355 3748 5413 Sal-

2138 5450 2275 5491 mas.
2305 5434 2410 5504 leg.
2434 5432 2578 5503 conj.
2612 5431 2636 5485 Ι
2644 5432 2725 5503 psi
2753 5431 2956 5486 demum
2983 5430 3189 5486 Οιιειι..

2211 5526 2400 5582 Nonne
2437 5527 2551 5597 ipsa
2597 5542 2681 5597 ea.
2719 5524 2799 5597 Ita
2826 5523 3101 5597 Gelenius.
3135 5522 3316 5597 Editio
3356 5522 3513 5577 Rom.
3551 5519 3750 5578 Nonne

2136 5600 2276 5673 apud
2304 5614 2385 5667 ea,
2408 5594 2539 5665 etc;
2582 5596 2723 5654 unde
2753 5596 3016 5655 Meursius
3042 5597 3167 5652 iecit
3193 5594 3380 5722 Nonae
3407 5603 3496 5648 aut
3523 5611 3606 5665 ea,
3631 5604 3745 5651 etc.

3366 5681 3520 5721 ιιιιιι.

3366 5681 3520 5721 κειι.
