3974 6068
256 217 368 274 82$

1544 210 1748 268 LIBER
1791 204 2169 266 SECUNDUS.

3455 194 3561 254 826

258 334 460 406 ignium
504 331 948 389 conversionibus
994 330 1151 386 fieri?
1198 328 1548 386 concretione
1593 340 1852 398 aquarum
1880 330 1934 390 Λ
1960 322 2116 379 nobis
2144 330 2199 378 ct
2227 320 2380 377 vobis
2408 333 2573 376 unum
2605 329 2661 375 et
2689 318 2896 374 socium
2925 315 3153 373 credere
3182 333 3196 370 :
3232 314 3387 371 vobis
3423 315 3561 373 veli-

256 424 495 481 Thales?
523 424 856 496 Pythagoras
884 438 1111 478 nuntero
1133 422 1319 478 exire?
1348 420 1716 490 incorporales
1745 415 1854 472 for-

257 532 375 573 mas
407 515 599 573 Plato?
629 514 1026 570 individuorum
1061 514 1395 570 Democritus
1437 509 1859 567 concursiones?

256 620 355 667 aut
382 610 481 673 illi,
512 610 603 681 qui
634 619 912 665 autumant
961 608 1089 663 nihil
1140 623 1300 680 posse
1347 607 1568 663 omnino
1611 618 1855 674 compre-

258 702 448 771 hendi,
480 719 546 758 an
577 702 645 757 sit
673 717 858 758 verum
880 702 1021 772 quod
1054 702 1257 766 dicunt,
1288 700 1465 761 sciunt
1492 716 1505 751 :
1537 707 1629 752 aut
1655 697 1853 767 ipsum,

255 796 402 870 quod
431 795 695 851 definiunt
721 838 736 863 ,
780 794 1026 850 veritatis
1064 809 1185 850 esse
1217 792 1519 863 intelligunt
1549 788 1860 861 pronuntia-

255 890 412 946 tum?
441 889 477 946 ς
488 904 575 944 um
607 888 770 960 igitur
797 888 1060 958 comperti
1107 887 1242 942 nihil
1275 886 1513 943 habeatis
1540 896 1594 941 et
1633 885 1854 956 cogniti,

255 982 546 1053 omniaque
573 981 684 1044 illa,
709 996 828 1051 qua:
857 981 1113 1046 scribitis,
1138 991 1192 1035 et
1223 979 1481 1035 librorum
1509 976 1860 1047 comprehen-

252 1076 383 1132 ditis
410 1075 665 1141 millibus,
697 1074 1016 1130 credulitate
1053 1073 1378 1127 asseveratis
1401 1071 1536 1126 duce
1564 1087 1578 1124 :
1607 1083 1855 1141 quamam

254 1168 376 1223 lucc
399 1177 480 1222 est
508 1167 768 1237 judicatio
798 1175 905 1221 tam
936 1166 1162 1235 injusta,
1206 1174 1264 1219 nt
1297 1174 1534 1219 nostram
1565 1161 1857 1217 derideatis

254 1261 443 1328 iidem,
473 1275 635 1332 quam
667 1275 762 1315 vos
793 1258 993 1315 habere
1022 1258 1335 1329 conspicitis
1366 1267 1547 1312 nostra
1576 1257 1627 1310 in
1657 1254 1854 1310 credu-

252 1353 408 1410 litate
430 1351 818 1408 communem?
842 1350 948 1406 Sed
972 1351 1307 1421 sapientibus
1330 1364 1425 1403 vos
1451 1348 1579 1403 viris
1605 1347 1855 1402 omnibus

258 1447 543 1503 instructis
578 1446 985 1517 disciplinarum
1032 1443 1318 1515 generibus
1355 1440 1617 1498 creditis?
1663 1453 1857 1509 nempe

254 1539 387 1607 illis,
418 1541 508 1611 qui
550 1539 681 1593 nihil
729 1539 988 1601 sciscunt,
1017 1551 1120 1592 nec
1152 1536 1498 1607 pronuntiant
1527 1547 1730 1598 unum;
1763 1532 1853 1602 qui

252 1647 359 1705 pro
404 1634 514 1689 suis
557 1633 844 1688 sententiis
876 1631 1019 1687 bella
1058 1643 1181 1685 cum
1225 1628 1633 1684 adversantibus
1657 1641 1852 1683 consc-

1961 417 2027 471 tis
2057 416 2204 482 dari,
2239 414 2383 486 quod
2414 414 2488 469 ita
2517 412 2586 468 ab
2607 412 2715 467 illis
2741 410 2985 477 dicatur,
3027 409 3310 481 accipere;
3339 421 3436 462 vos
3462 421 3560 474 ea,

1958 524 2078 579 qum
2112 507 2459 578 proferuntur
2494 521 2526 560 a
2564 503 2803 570 Christo,
2833 501 3025 559 audire
3053 510 3109 558 et
3138 509 3385 572 spectare
3414 499 3561 557 noli-

1960 602 2062 657 tis?
2092 603 2253 672 Atqui
2284 603 2327 656 si
2359 616 2553 656 causas
2590 600 2769 656 causis
2790 640 2806 666 ,
2837 608 3022 669 partes
3049 597 3289 670 partibus
3323 595 3559 651 volueri-

1959 709 2078 748 mus
2102 708 2317 764 mquarc
2346 712 2359 747 :
2393 692 2564 764 magis
2594 707 2694 747 nos
2723 690 2966 745 valemus
2996 689 3289 745 ostendere
3332 687 3459 760 quid
3501 688 3556 744 in

1957 787 2176 844 Christo
2207 787 2468 844 fuerimus
2506 787 2677 843 secuti
2701 828 2715 852 ,
2759 802 2937 861 quam,
2973 787 3029 841 in
3068 784 3403 856 philosophis
3429 784 3558 856 quid

1960 895 2075 935 vos.
2108 881 2186 936 Ac
2215 895 2313 935 nos
2338 879 2554 951 quidem
2586 880 2637 935 in
2666 879 2757 933 illo
2787 878 2958 933 secuti
2991 877 3107 934 lure
3132 892 3319 933 sumus
3346 893 3362 930 :
3391 891 3557 948 opera

1958 974 2048 1029 illa
2085 976 2388 1045 magnilica,
2417 974 2928 1045 potentissimasqne
2953 972 3200 1037 virtutes,
3233 987 3370 1043 quas
3397 972 3560 1027 variis

1958 1067 2129 1123 edidit
2153 1067 2506 1138 exhibuitque
2532 1066 2825 1131 miraculis,
2859 1058 3059 1135 quibus
3080 1065 3254 1134 quivis
3281 1074 3463 1135 posset
3490 1062 3558 1119 ad

1958 1161 2336 1217 necessitatem
2379 1159 2717 1215 credulitatis
2756 1158 2985 1224 adduci,
3027 1167 3081 1214 et
3103 1157 3350 1229 judicare
3379 1156 3559 1214 ﬁdeli-

1960 1265 2059 1323 ter,
2088 1272 2194 1311 non
2223 1270 2344 1310 esse
2372 1270 2491 1324 qua:
2521 1254 2712 1308 tierent
2742 1252 3000 1317 hominis,
3029 1251 3125 1308 sed
3155 1251 3350 1307 divina:
3375 1251 3548 1306 alicu-

1953 1351 2043 1422 jus
2095 1360 2255 1421 atque
2302 1349 2589 1419 incognitae
2638 1347 2945 1420 potestatis.
2978 1346 3091 1403 Vos
3121 1346 3174 1402 in
3223 1345 3559 1418 philosophis

1959 1444 2190 1499 virtutes
2216 1443 2386 1498 secuti
2413 1456 2546 1512 quas
2570 1445 2723 1506 estis,
2748 1451 2806 1496 ut
2834 1440 3004 1510 magis
3026 1455 3119 1496 vos
3148 1439 3253 1495 illis
3274 1455 3433 1510 quam
3456 1453 3556 1497 nos

1957 1536 2174 1594 Christo
2211 1535 2508 1606 oportuerit
2548 1534 2805 1590 credere?
2841 1534 3173 1601 Quisnamne
3205 1533 3420 1589 illorum
3463 1532 3561 1589 ali-

1957 1630 2169 1702 quando
2192 1630 2355 1685 verbo
2379 1644 2487 1684 uno
2511 1629 2704 1700 potuit,
2732 1637 2825 1683 aut
2847 1628 3005 1683 unius
3033 1627 3239 1699 imperii
3263 1628 3508 1699 jussione
3538 1644 3553 1683 :

253 1736 385 1782 runt
409 1767 423 1789 ,
457 1734 512 1781 et
539 1724 840 1796 pervicacia
868 1737 1085 1794 semper
1112 1721 1476 1791 digladiantur
1506 1719 1721 1785 hostili;
1754 1718 1844 1790 qui
1880 1728 1928 1789 Β
1956 1738 2061 1779 non
2117 1723 2291 1778 dicam
2350 1722 2513 1776 maris
2568 1721 2836 1786 insanias,
2894 1729 2987 1775 aut
3046 1728 3422 1789 tempestatum
3475 1719 3559 1775 fu-

249 1832 378 1874 cum
406 1817 543 1872 alter
566 1817 787 1871 alterius
818 1814 1161 1881 labefactant,
1187 1813 1495 1878 destruunt,
1519 1812 1851 1867 convellunt-

249 1924 359 1982 quc
386 1909 622 1972 decreta,
657 1903 847 1964 cuncta
879 1908 1082 1964 incerta
1124 1906 1388 1970 fecerunt,
1423 1921 1524 1962 nec
1557 1920 1714 1978 posse
1746 1904 1850 1960 ali-

248 1999 381 2073 quid
409 2000 534 2057 sciri
561 2017 630 2056 ex
667 2000 779 2070 ipsa
806 2000 1148 2055 dissensione
1175 2008 1562 2055 monstrarunt.

322 2091 415 2148 XI.
448 2091 554 2148 Sed
598 2093 835 2147 officiant
864 2091 983 2147 haec
1017 2092 1188 2157 nihil,
1242 2091 1481 2160 nihilque
1512 2089 1845 2161 impediant;

246 2186 545 2258 plurimum
573 2200 683 2258 quo
712 2187 892 2242 minus
937 2187 1017 2242 eis
1063 2185 1289 2243 credere
1337 2196 1499 2257 atque
1545 2184 1852 2241 auscultare

250 2278 518 2337 debeatis.
553 2281 620 2336 Et
649 2281 774 2350 quid
806 2289 924 2350 est,
977 2280 1120 2353 quod
1174 2280 1227 2337 in
1275 2280 1375 2337 hac
1422 2290 1605 2352 parte,
1636 2290 1728 2336 aut
1754 2293 1852 2336 vos

252 2372 544 2443 plurimum
587 2373 829 2430 habeatis
855 2416 869 2440 ,
911 2383 1003 2429 aut
1043 2388 1142 2430 nos
1192 2375 1412 2431 minus?
1448 2374 1558 2430 Vos
1597 2374 1846 2443 Platoni,

247 2481 347 2523 vos
370 2465 607 2536 Cronio,
640 2483 737 2523 vos
764 2467 1063 2535 Numenio,
1096 2470 1181 2523 vel
1209 2467 1294 2523 cui
1341 2468 1559 2524 libuerit
1587 2470 1848 2527 creditis:

250 2573 353 2615 nos
374 2560 671 2628 credimus,
696 2568 752 2616 et
776 2561 1171 2630 acquiescimus
1190 2558 1426 2616 Christo.
1448 2559 1709 2633 lniquitas
1738 2562 1855 2620 haec

249 2661 449 2724 quanta
473 2664 578 2724 est,
606 2663 661 2711 ut
692 2670 814 2711 cum
846 2654 1059 2727 utrique
1085 2654 1397 2714 auctoribus
1423 2664 1653 2726 stemus,
1677 2660 1854 2730 sitque

1955 1831 2109 1873 rores
2146 1814 2462 1887 prohibere,
2494 1828 2845 1884 compescere
2880 1832 2893 1868 :
2923 1829 3030 1869 non
3068 1813 3228 1869 caecis
3270 1813 3557 1870 restituere

1955 1912 2154 1967 lumina
2184 1920 2277 1965 aut
2305 1909 2422 1965 sine
2452 1909 2745 1965 luminibus
2776 1908 2917 1963 natis
2944 1907 3075 1963 dare
3106 1926 3119 1963 :
3151 1922 3260 1963 non
3297 1906 3365 1962 ad
3396 1907 3555 1963 vitam

1954 2020 2211 2063 revocare
2240 2004 2522 2061 defunctos
2560 2020 2573 2057 :
2604 2016 2711 2059 non
2752 2017 2991 2058 annosas
3019 1991 3322 2058 dissolvere
3348 2003 3557 2073 passio-

1955 2113 2052 2154 nes
2078 2116 2092 2153 :
2124 2096 2221 2154 sed
2251 2097 2392 2169 quod
2422 2096 2755 2151 levissimum
2796 2096 2967 2152 multo
2993 2105 3106 2161 est,
3140 2094 3514 2152 fervunculum
3536 2139 3555 2168 ,

1955 2194 2191 2251 scabiem
2213 2234 2229 2261 ,
2269 2201 2361 2248 aut
2390 2192 2742 2248 inhaerentem
2772 2191 3040 2262 spiuulam
3070 2190 3209 2248 callo
3252 2207 3356 2247 una
3386 2192 3555 2247 inter-

1956 2285 2192 2344 dictione
2218 2286 2445 2343 sanare?
2474 2285 2590 2341 Non
2621 2301 2731 2357 quo
2760 2286 2883 2342 illos
2909 2275 3192 2357 negemus,
3224 2293 3317 2341 aut
3344 2300 3554 2342 morum

1958 2378 2263 2450 integritate
2305 2376 2599 2433 laudabiles
2621 2418 2637 2445 ,
2666 2386 2760 2434 aut
2804 2393 2910 2433 non
2941 2378 3089 2433 omni
3128 2392 3330 2450 genere
3355 2377 3560 2433 studio-

1959 2485 2076 2525 rum
2109 2479 2163 2525 et
2188 2468 2596 2540 disciplinarum
2629 2469 2831 2539 peritos
2869 2483 2884 2522 :
2917 2484 3039 2525 nam
3068 2479 3122 2525 et
3153 2470 3332 2525 verbis
3358 2483 3454 2526 eos
3480 2469 3559 2526 lu-

1959 2563 2349 2620 culentissimis
2378 2563 2580 2619 scimus
2609 2562 2753 2634 loqui
2785 2573 2841 2618 et
2880 2563 3364 2633 compositionibus
3392 2562 3563 2620 ﬂuere

1961 2657 2244 2729 levigatis;
2277 2655 2605 2713 concludere
2650 2656 2965 2713 acutissime
3004 2656 3385 2731 syllogismos;
3416 2656 3561 2714 ordi-

1607 2819 2167 2879 COMMENTARIUS.

323 2958 656 3034 Pythagoras
684 2975 895 3034 numero
925 2959 1082 3034 e_:rire_.
1116 2958 1315 3034 Recepi
1350 2959 1640 3034 inutexturu
1674 2975 1859 3034 emen-
1885 2962 1930 3024 C
1965 2970 2114 3034 terus
2152 2962 2261 3033 leg.
2291 2969 2477 3034 censet
2509 2959 2898 3034 Progtomoisive
2941 2960 3244 3026 Prorhomo,
3270 2962 3425 3034 cujus
3453 2978 3564 3019 meo

248 3030 524 3087 dationem
573 3032 888 3100 palmariam
932 3031 983 3087 J.
1036 3031 1128 3085 Fr.
1179 3030 1438 3086 Gronovii
1486 3031 1750 3094 prolatam
1805 3032 1856 3086 in

250 3103 496 3177 Epistola
544 3103 610 3158 ad
657 3102 916 3177 Salma_s._,
961 3101 1088 3177 289,
1133 3102 1186 3177 in
1241 3101 1458 3177 Sjjlloge
1504 3100 1676 3177 Epist.
1723 3102 1861 3156 Bur-

248 3172 461 3238 malim,
489 3184 619 3229 tom.
641 3190 700 3241 ιι,
729 3189 784 3244 p.
815 3173 940 3229 529.
971 3173 1144 3245 Antea
1171 3172 1489 3243 legebatur:
1527 3172 1860 3245 Pythagoras

250 3263 494 3303 numeros
520 3246 713 3317 scivitz
739 3244 884 3317 quod
917 3244 1263 3317 falsissimum
1287 3260 1301 3307 ;
1330 3245 1553 3301 omnino
1581 3246 1726 3299 enim
1755 3261 1858 3301 nu-

249 3332 433 3375 meros
460 3318 666 3373 sciebat
691 3316 1048 3388 Pythagoras,
1067 3316 1161 3388 sed
1178 3330 1285 3388 non
1305 3317 1527 3370 numeris
1546 3317 1687 3371 exire
1708 3333 1860 3372 mun-

250 3391 396 3445 dum.
425 3388 669 3444 Herald.:
700 3386 939 3442 numeros
959 3389 1115 3443 coire.
1145 3386 1411 3441 Meursius
1435 3405 1448 3441 :
1478 3404 1717 3442 attineros
1738 3390 1859 3443 scit-

249 3461 352 3517 ne?
397 3461 496 3516 Ed.
543 3459 713 3529 Lugd.
762 3459 901 3514 Bat.:
947 3474 1188 3513 muneras
1225 3458 1319 3512 ire.
1349 3458 1455 3514 Sed
1485 3458 1641 3514 unice
1669 3475 1857 3515 verum

251 3549 464 3589 nuntero
494 3532 635 3587 exire
656 3531 774 3586 scil.
799 3546 900 3584 res.
929 3529 1132 3586 Οιιειι..

325 3603 523 3659 Nostra
573 3608 628 3656 in
677 3602 986 3657 credulitate
1033 3617 1368 3655 communem.
1412 3600 1690 3674 AStewech.
1746 3603 1849 3674 leg.

248 3687 472 3741 censet;
502 3684 682 3728 nostra
706 3690 820 3726 cum
850 3674 1171 3728 credulitate.
1201 3674 1304 3728 Sed
1338 3672 1495 3727 valde
1529 3673 1699 3740 placet
1726 3672 1857 3729 cott-

243 3748 456 3819 jectura
504 3744 719 3819 Heraldi
761 3746 814 3798 in
844 3743 1000 3798 Curis
1043 3744 1296 3819 secundis
1337 3744 1565 3819 legentis
1595 3754 1759 3819 vestra
1802 3747 1856 3819 in

249 3815 583 3883 credulitate,
619 3816 671 3871 id
712 3827 795 3872 est
825 3832 946 3871 cum
993 3817 1170 3870 omnia
1206 3816 1296 3870 illa
1343 3816 1615 3881 credatis,
1645 3815 1856 3872 habetis

249 3890 411 3946 ﬁdem
441 3903 787 3945 communem
820 3887 1117 3942 nobiscum.
1146 3888 1349 3943 Οιιειι.

323 3959 641 4016 XL—Sed
686 3960 906 4030 ofﬁciant
957 3958 1064 4012 ha'c
1107 3958 1238 4013 nihil
1274 3959 1502 4027 nihilque
1548 3959 1849 4029 impediant.

247 4031 378 4089 ﬂare
430 4041 516 4087 est
559 4031 869 4086 emendatio
922 4030 1203 4084 verissima
1259 4030 1347 4084 .lo.
1390 4030 1606 4085 Meursii
1662 4034 1854 4085 merito

246 4104 320 4159 ab
363 4103 573 4159 editore
603 4102 772 4171 Lugd.
829 4102 947 4155 Bal.
1010 4102 1061 4154 in
1125 4108 1329 4156 textum
1384 4111 1621 4167 recepta.
1670 4101 1852 4157 Codex

247 4190 351 4230 ms.
379 4175 539 4229 habet
564 4192 578 4229 :
605 4174 711 4228 Sed
733 4174 947 4244 efﬁciant
965 4173 1073 4244 licet:
1090 4174 1321 4244 nihilque
1341 4173 1641 4240 impediant,
1664 4175 1855 4228 vitiose

244 4255 304 4302 et
331 4249 450 4302 sine
479 4260 667 4301 sensu.
696 4242 954 4301 Gelenius
981 4242 1148 4298 edidit
1173 4262 1185 4298 :
1218 4244 1325 4297 Sed
1348 4248 1605 4315 facessunt
1627 4245 1737 4298 haec
1769 4246 1852 4298 ni-

246 4317 745 4387 hilqueimpediunt.
768 4316 1032 4371 llcraldus
1059 4318 1202 4376 coni.
1235 4333 1247 4368 :
1274 4315 1379 4369 Sed
1401 4315 1616 4384 eﬂiciant
1644 4316 1751 4387 lucc
1778 4315 1856 4368 ni-

1966 3032 2447 3105 minitApuleius,
2492 3032 2563 3105 de
2609 3032 2719 3087 Deo
2755 3033 3014 3088 Socratis.
3050 3032 3349 3097 Meursius,
3382 3050 3435 3105 p.
3462 3035 3560 3105 53,

1965 3103 2247 3175 legendum
2275 3112 2462 3158 censet
2491 3104 2725 3175 Stratoni
2753 3105 2928 3159 citans
2959 3107 3315 3175 Augustinum
3343 3103 3411 3160 de
3444 3104 3558 3160 Civ.

1964 3174 2080 3241 Dei,
2109 3174 2205 3246 lib.
2233 3189 2305 3236 vr,
2330 3188 2449 3246 cap.
2478 3175 2572 3236 10;
2598 3173 2923 3241 Scriverius,
2953 3173 3093 3246 apud
3118 3178 3365 3231 eumdem
3390 3176 3561 3232 Meur-

1960 3247 2097 3300 sium
2126 3243 2356 3299 Cratoni.
2392 3244 2684 3300 Numenius
2711 3243 3065 3316 Apameensis
3096 3246 3284 3317 Syrus,
3321 3246 3561 3313 philoso-

1966 3317 2105 3384 phus
2135 3316 2438 3385 platonictts
2462 3327 2514 3370 et
2544 3319 2946 3388 pythagoricus,
2970 3316 3151 3373 variis
3164 3318 3380 3385 scriptis
3411 3319 3564 3374 nobi-

1966 3335 2105 3384 pnus
2135 3335 2438 3385 piatomcns
2462 3335 2514 3370 et
2544 3335 2579 3387 p
2602 3335 2946 3388 'tnagortcus,
2970 3335 3380 3385 varttsscrtptts
3411 3335 3564 3374 nom-

1962 3388 2165 3455 litatus,
2199 3404 2262 3443 ex
2303 3389 2500 3459 quibus
2542 3335 2693 3457 plura
2726 3391 3024 3459 fragmenta
3052 3399 3261 3444 exstant
3284 3388 3426 3458 apud
3458 3389 3566 3445 Eu-

1958 3460 2168 3530 sebium
2214 3459 2280 3514 de
2322 3458 2718 3529 Prtrparatione
2745 3461 3079 3530 evangelica,
3122 3460 3215 3515 lib.
3248 3476 3300 3514 xu
3344 3471 3399 3515 et
3442 3477 3559 3516 xm.

1959 3528 2288 3603 CfLSuidas,
2314 3538 2369 3585 et
2399 3528 2633 3602 llesych.
2656 3531 2826 3587 Miles.
2857 3528 2911 3586 in
2942 3532 3058 3603 ejus
3086 3534 3214 3585 vita.
3246 3531 3453 3587 ORBLL.

2037 3602 2103 3657 Ut
2127 3619 2241 3656 cum
2264 3603 2464 3672 utrique
2489 3602 2781 3657 auctoribus
2810 3614 3018 3657 stemus.
3054 3602 3179 3658 Haec
3204 3612 3287 3658 est
3322 3603 3563 3672 sagacis-

1960 3672 2095 3728 sima
2136 3673 2446 3728 emendatio
2482 3672 2714 3728 Gelenii.
2755 3674 2887 3729 Cod.
2935 3689 3036 3728 ms.
3082 3685 3135 3729 et
3177 3674 3266 3728 ed.
3294 3688 3433 3729 rom.
3464 3692 3477 3728 :
3509 3685 3564 3729 ut

1960 3762 2076 3799 cum
2102 3745 2325 3811 utrisque
2353 3745 2649 3799 auctoribus
2671 3755 2891 3816 tempus,
2923 3745 3103 3816 inepte
3127 3752 3184 3871 (ὃ
3207 3745 3354 3799 nullo
3375 3760 3562 3802 sensu.

3188 3833 3345 3871 ιιιλιιη

3188 3833 3345 3871 RELL.

2046 3886 2194 3941 Vobis
2221 3886 2384 3941 velitis
2416 3886 2549 3952 dari,
2580 3886 2718 3959 quod
2743 3888 2823 3959 ita
2840 3887 2903 3941 ab
2930 3888 3036 3942 illis
3062 3888 3269 3953 dicitur,
3303 3890 3561 3958 accipere,

1958 3975 2045 4012 vos
2086 3975 2167 4023 ea,
2209 3974 2324 4025 quia
2365 3958 2698 4025 proferuntur
2726 3976 2756 4010 τι
2787 3958 3011 4023 Christo,
3053 3959 3235 4011 audire
3253 3972 3300 4010 et
3337 3971 3566 4027 spectare

1960 4030 2151 4083 nolitis.
2182 4029 2432 4089 Stewech
2464 4032 2609 4096 conj.
2637 4046 2650 4083 :
2679 4030 2829 4083 vobis
2851 4029 3028 4085 velitis
3049 4028 3185 4087 dari.
3215 4028 3473 4097 quidquid
3495 4030 3563 4084 ab

1960 4101 2069 4154 illis
2120 4102 2350 4163 dicatur,
2399 4099 2786 4167 arripere_nos
2828 4116 2925 4163 ea;
2973 4114 3093 4170 quae
3135 4098 3485 4170 proferuntur
3532 4115 3562 4154 a

1958 4171 2178 4226 Christo
2204 4171 2391 4224 audire
2421 4181 2470 4225 et
2508 4180 2755 4240 spectare
2786 4169 3001 4226 nolitis.
3039 4169 3300 4231 Equidem
3341 4170 3563 4238 propius

1957 4244 2023 4296 ad
2058 4242 2218 4296 verba
2239 4241 2462 4297 Arnohii
2493 4240 2775 4310 legendum
2792 4255 2991 4297 censeo
3016 4260 3029 4296 :
3063 4240 3215 4294 Vobis
3242 4242 3403 4294 velitis
3425 4242 3560 4306 dari,

1958 4314 2097 4385 quod
2125 4312 2188 4366 ab
2217 4314 2321 4367 illis
2349 4314 2571 4385 dicatur,
2602 4313 2832 4381 accipere
2864 4330 2977 4376 nos;
3010 4329 3067 4385 ea
3089 4327 3205 4382 qua:
3233 4317 3565 4385 proferuntur

247 4382 347 4452 hil,
370 4382 599 4455 nihilque
618 4389 903 4459 impediant
924 4403 943 4440 :
965 4387 1095 4459 nihil
1119 4386 1335 4459 efﬁciant
1360 4382 1634 4459 esplicans
1659 4386 1858 4441 frustra
1887 4386 1940 4445 D
1964 4382 1997 4439 ἐι
2028 4384 2251 4459 Christo,
2288 4383 2469 4459 audire
2490 4393 2537 4437 et
2558 4393 2787 4459 spectare
2802 4385 2996 4459 nolitis,
3015 4382 3172 4459 Certe
3197 4399 3250 4437 v.
3266 4382 3340 4438 ita
3366 4385 3566 4456 impor-

246 4462 394 4526 sint.
430 4461 625 4517 ellectu
675 4456 896 4515 careant
948 4457 1109 4527 (Vide
1147 4456 1220 4511 VC.
1271 4456 1483 4523 Barth.,
1535 4456 1853 4524 Adversar.,

246 4532 342 4587 lib.
396 4548 583 4588 xxvttt.
631 4546 749 4602 cap.
797 4531 851 4595 9,
899 4540 953 4585 et
1003 4528 1317 4602 Rnlmken.,
1367 4530 1434 4584 ad
1477 4528 1854 4602 liutil._Lup.,

247 4604 344 4658 lib.
376 4621 409 4658 ιι
443 4618 493 4674 p.
522 4602 673 4675 120).
700 4600 874 4675 Quam
906 4611 1084 4656 tamen
1109 4600 1476 4675 conjecturam
1515 4601 1629 4670 ipse
1661 4600 1856 4656 lleral-

250 4676 354 4731 dus
383 4670 643 4730 reiractat
659 4677 712 4730 in
730 4670 899 4729 Curis
930 4670 1219 4728 secundis.
1239 4677 1443 4726 URELL.

336 4744 437 4800 Vos
466 4746 697 4810 Platoni,
740 4762 827 4800 vos
871 4743 1081 4808 Cronio,
1125 4759 1212 4797 vos
1257 4742 1535 4797 Nnmenio.
1582 4741 1673 4798 Sic
1712 4742 1855 4798 edidi

249 4832 376 4887 cum
406 4817 611 4887 editore
642 4815 1141 4887 Lugdune-Batavo
1171 4830 1240 4871 cx
1274 4814 1656 4887 emendatione
1696 4813 1851 4869 Fulv.

249 4886 450 4944 Ursini.
481 4886 659 4944 Codex
694 4885 796 4943 ms.
827 4886 989 4941 habet
1013 4885 1277 4952 Crotonio,
1300 4885 1452 4955 cujus
1474 4885 1611 4954 apud
1643 4894 1856 4942 veteres

253 4960 403 5015 trulla
431 4962 654 5015 mentio.
692 4960 939 5015 Defendit
971 4968 1149 5012 tamen
1191 4957 1327 5025 Hug.
1367 4957 1586 5013 Grotius
1614 4956 1680 5011 ad
1710 4956 1856 5010 Mar-

249 5030 655 5105 cian.Capell..
692 5030 786 5084 lib.
821 5047 894 5097 vt,
934 5045 994 5105 ι)Σ
1011 5028 1139 5105 209,
1174 5040 1535 5105 putans_esse_
1556 5032 1856 5105 Kpordwstoc

249 5104 455 5180 gentile
543 5104 761 5180 Κρότων,
797 5111 936 5180 teste
959 5100 1258 5180 Stephano,
1286 5101 1557 5180 “ct-inani
1579 5100 1649 5154 ab
1674 5106 1856 5180 ,ῥιπιο-

249 5169 340 5229 bio
386 5169 769 5245 Pythagoram.
814 5174 1032 5228 Cronius
1061 5182 1238 5225 autem
1284 5170 1645 5245 Philosophus
1674 5169 1858 5245 Plato—

250 5242 744 5312 nicus,'familiaris
791 5244 1071 5306 Numenii,
1120 5252 1450 5297 memoratur
1484 5244 1553 5296 ab
1600 5242 1853 5301 Eusebio.

249 5315 390 5372 llist.
422 5317 649 5381 eccles.,
673 5318 767 5371 lib.
803 5334 875 5381 VI,
906 5331 1026 5384 cap.
1061 5314 1146 5369 19.
1184 5314 1441 5385 Gelenius
1473 5313 1654 5385 (quem
1682 5313 1857 5385 se_cuti

252 5388 494 5459 plerique
524 5389 785 5459 editores)
818 5391 887 5443 ita
923 5382 1188 5459 mutavit:
1221 5403 1306 5459 ros
1330 5382 1561 5448 Platoni,
1596 5382 1855 5459 vos__Plo-

248 5455 379 5526 tino,
408 5455 496 5516 itas
529 5455 808 5526 Numenio,
835 5471 889 5513 et
922 5457 1018 5512 bos
1050 5467 1157 5511 tres
1179 5458 1453 5525 cenjnngit
1488 5458 1648 5509 etiam
1679 5455 1857 5510 Theo-

248 5531 494 5594 doretus,
523 5546 690 5585 Serm.
723 5547 778 5588 tt.
812 5532 878 5585 tle
906 5528 1209 5596 Principiis,
1246 5545 1296 5597 p.
1331 5529 1433 5582 55:
1467 5531 1652 5583 Αὐτίκα
1690 5531 1856 5582 τοίνυν

250 5607 342 5660 τήν
380 5603 636 5664 Πλάτωνος
665 5602 878 5659 διάνοιαν
907 5602 1320 5661 ἀναπτύσσοντες
1348 5604 1429 5655 καὶ
1453 5599 1479 5655 ὁ
1509 5601 1751 5660 Πλωτῖνος
1776 5603 1857 5654 ναὶ

249 5677 543 5745 Νουμήνιος.
571 5674 813 5728 Plotinus
838 5676 1090 5745 princeps
1120 5671 1655 5745 Neoplatonicorum,
1690 5670 1856 5745 nmis-

250 5740 424 5800 sittitts
451 5760 483 5799 e
508 5745 615 5799 vita
639 5760 669 5801 a
694 5744 998 5817 Porphyrio
1031 5741 1296 5813 discipulo
1327 5742 1550 5812 scripta.
1584 5741 1686 5797 'l‘h.
1712 5740 1856 5797 Can-

1965 4465 2152 4510 tunum
2183 4456 2284 4511 hoc
2311 4456 2430 4509 loco
2456 4465 2506 4509 et
2543 4455 2699 4523 plane
2729 4455 3040 4511 delendum.
3068 4456 3273 4510 OnsLL.

2036 4527 2100 4582 Et
2112 4528 2353 4599 judicare
2376 4526 2612 4590 ﬁdeliter.
2634 4526 2783 4599 Neve
2800 4527 3018 4595 ﬁdeliter
3038 4527 3172 4581 dixit
3200 4526 3562 4599 proco,jquod

1960 4609 2043 4655 est
2068 4596 2284 4668 ﬁdenter
2312 4608 2365 4653 et
2383 4604 2658 4668 audacter.
2688 4597 3010 4653 Prudentius
3032 4612 3246 4668 quoque
3276 4596 3444 4663 ﬁdelis
3467 4611 3565 4667 pro

1960 4666 2318 4800 fredibiliioct
2370 4667 2477 4723 ﬁde
2543 4666 2707 4740 digno
2758 4666 3062 4740 usurpavit
3099 4666 3219 4746 περὶ
3270 4666 3558 4742 Στεφάνων,

1981 4759 2160 4800 tvmno
2277 4760 2290 4796 :

1981 4759 2160 4814 tymnu
2183 4759 2252 4800 w
2277 4760 2290 4796 :

2145 4853 2265 4918 llaec
2287 4853 2329 4904 si
2353 4855 2467 4918 quis
2488 4867 2659 4918 amens
2683 4855 2901 4905 fabulosa
2925 4862 3191 4915 existimat,

2145 4915 2239 4982 Xel
2266 4915 2383 4979 ipse
2399 4924 2508 4982 tute
2530 4917 2572 4966 si
2597 4931 2768 4982 parum
2793 4917 2952 4967 fidelia

2144 4976 2343 5029 Rebare
2370 4981 2581 5044 pridem,
2600 4976 2727 5031 'vera
2751 4991 3019 5042 cognoscas
3038 4978 3170 5028 licet.

2988 5061 3220 5128 Menas,
3247 5078 3300 5131 ρ.
3331 5061 3420 5119 54.

2034 5170 2435 5228 Fervuncnlum.
2460 5175 2537 5229 ita
2574 5175 2749 5230 editor
2790 5168 2961 5240 Ludg.
2987 5168 3129 5240 Bat.,
3153 5177 3210 5240 ut
3235 5167 3467 5234 videtur,
3498 5184 3564 5225 ex

1962 5258 2063 5297 ms.
2097 5243 2219 5299 cod.
2271 5244 2600 5311 fervunt-alus
2642 5263 2671 5300 a
2718 5238 2955 5299 ἴριδι-σεδ.
2996 5239 3103 5293 vid.
3148 5238 3236 5294 ιη.
3277 5240 3455 5309 Caper
3498 5242 3566 5295 de

1961 5314 2157 5387 Yerbis
2184 5315 2363 5372 dubiis
2394 5333 2515 5387 pag.
2541 5318 2705 5381 2248,
2741 5311 3437 5387 inCollectione‘l’utschii.
3459 5312 3563 5366 Alii

1962 5384 2147 5455 legunt
2188 5380 2540 5455 furunculum,
2582 5388 2722 5457 quod
2768 5386 2908 5440 idem
2967 5394 3088 5457 csta
3119 5380 3462 5457 Furunculus
3493 5380 3590 5438 est'

1961 5453 2277 5511 tuberculum
2296 5471 2498 5512 acutum
2517 5453 2630 5513 cum
2650 5458 2913 5528 inﬂatione
2936 5466 2981 5510 et
3000 5455 3200 5509 dolore.
3221 5454 3388 5520 (£015.,
3409 5453 3565 5519 lil).\',

1961 5541 2082 5601 cap.
2116 5528 2214 5582 ult.
2239 5529 2517 5584 (Nostrum
2550 5528 2736 5601 disse.)
2766 5528 2969 5584 OncLL.
3018 5597 3035 5601 _
3119 5599 3127 5601 _
3255 5567 3258 5571 .

2036 5598 2498 5670 Compositionibus
2535 5602 2694 5671 ﬂuere
2718 5596 2974 5671 'levigatis.
3008 5597 3366 5671 Levigare_.....
3396 5596 3570 5671 licuerit

1963 5680 2010 5745 et
2034 5665 2238 5745 (equum
2267 5673 2457 5745 facere,
2482 5665 2873 5745 glattrmache-it,
2892 5665 3169 5745 uerebnen,
3193 5669 3406 5745 glauci}:
3434 5665 3570 5722 Vide

1958 5735 2338 5813 Oudendorp,
2360 5744 2410 5799 in
2442 5735 2673 5817 Apuleii.
2706 5743 2831 5799 Met.
2854 5735 2944 5798 lib.
2981 5756 3038 5810 tt,
3065 5735 3570 5811 pag.'256.0nt:t.t..
