3974 6068
401 210 507 273 827

1546 212 1825 275 ARNOBII
1865 212 2238 277 ADVERSUS
2277 216 2547 278 GENTES

3558 202 3704 276 ἐει

401 334 531 384 nare
571 329 873 400 sequaciter
902 328 1238 385 inductiones
1266 344 1390 385 suas
1421 347 1436 398 ;
1466 330 1695 389 reddere
1720 332 1990 389 deﬁnitio—
2018 338 2073 399 Α
2098 335 2256 390 litatis
2301 335 2543 404 stolidae,
2573 335 2929 407 sequeretur?
2977 333 3211 393 Virtutes
3252 336 3352 392 sub
3378 337 3548 393 oculis
3595 351 3696 408 po.

401 420 559 478 nibus
602 421 889 487 formulas,
936 421 1149 493 partiri,
1195 409 1484 479 dividere:
1517 425 1683 480 multa
1724 425 1902 482 dicere
1931 426 1999 482 de

402 528 750 570 numerorum
785 513 1116 586 generibus:
1149 515 1313 570 multa
1357 515 1426 571 de
1470 515 1689 572 musicis
1733 536 1745 572 :
1785 532 2004 588 geome-

402 608 565 663 tricas
597 623 685 663 res
724 609 884 663 etiam
917 608 1031 664 suis
1071 609 1221 665 scitis
1255 619 1310 665 et
1355 610 1805 681 prmceptionihus
1832 612 2002 681 expli-

402 715 548 757 care.
580 700 686 757 Sed
718 701 841 772 quid
873 701 1011 756 istud
1049 702 1115 758 ad
1144 705 1396 759 causam?
1426 706 1692 776 Numquid
1722 706 2002 778 enthyme-

401 804 578 857 mata,
626 794 960 866 syllogismi,
1014 806 1208 867 resque
1254 796 1371 851 alim
1433 799 1638 854 similes
1687 800 1825 854 scire
1880 799 2001 853 illos

401 888 681 944 veritatem
729 889 1028 959 spondent;
1075 903 1164 944 aut
1205 906 1265 945 ea
1308 905 1366 946 re
1410 890 1554 960 digni
1604 902 1760 954 sunt,
1809 892 2001 962 quibus

401 982 706 1039 necessario
734 983 928 1038 debeat
952 983 1112 1038 rebus
1137 984 1205 1039 de
1231 986 1628 1040 obscurissimis
1657 986 1841 1040 credi?
1871 985 2001 1040 Per-

402 1086 655 1130 sonarum
687 1076 962 1129 contentio
1002 1091 1107 1130 non
1152 1086 1237 1131 est
1277 1077 1598 1147 eloquentia:
1645 1078 1872 1145 viribus,
1904 1075 1999 1132 sed

399 1178 675 1241 gestorum
703 1184 925 1238 opermu
960 1171 1157 1226 virtute
1191 1170 1491 1239 peudenda.
1525 1161 1616 1225 Ille
1645 1186 1750 1226 non
1792 1180 1873 1226 est
1917 1170 1999 1226 di-

400 1261 603 1318 cendus
625 1271 814 1317 auctor
830 1262 1021 1330 bonus,
1046 1263 1137 1334 qui
1154 1278 1459 1318 sermonem
1479 1264 1762 1320 candidule
1784 1278 2001 1334 promp-

401 1359 516 1411 sit:
550 1355 645 1410 sed
694 1358 821 1427 qui,
871 1357 1012 1428 quod
1064 1358 1382 1429 pollicetur,
1432 1358 1734 1414 divinorum
1777 1374 1999 1430 operum

401 1450 743 1521 prosequitur
768 1451 1080 1520 sponsione.

472 1540 587 1597 Xll.
619 1542 946 1611 Argumenta
977 1558 1073 1598 vos
1098 1543 1272 1611 nobis,
1298 1552 1352 1600 et
1378 1545 1742 1625 suSpicionum
1766 1545 2001 1617 argutias

397 1634 649 1707 profertis
672 1652 684 1688 :
705 1636 898 1705 quibus
921 1637 1033 1706 ipse
1056 1636 1380 1705 siChristus,
1405 1654 1526 1693 cum
1555 1655 1684 1710 pace
1710 1640 1811 1695 hoc
1851 1640 1997 1711 ejus,

2103 429 2251 491 sitae,
2285 437 2335 483 et
2370 426 2604 483 inaudita
2631 428 2721 484 illa
2751 428 2831 483 vis
2858 442 3035 484 rerum
3054 470 3069 495 ,
3103 427 3189 484 vel
3216 443 3337 499 quae
3362 428 3432 483 ab
3452 427 3570 499 ipso
3599 430 3699 482 tie-

2102 519 2191 576 hat
2220 520 2414 590 palam,
2462 522 2547 576 vel
2593 521 2660 577 ab
2690 522 2808 591 ejus
2855 520 3194 592 prarconibus
3238 521 3615 577 celebrabatur
3642 520 3697 577 in

2102 613 2235 669 orbe
2262 623 2372 668 toto
2405 628 2418 667 :
2450 628 2543 669 eas
2570 612 2809 669 subdidit
2835 612 3221 684 appetitionum
3246 613 3488 667 flammas
3508 655 3523 680 ,
3550 622 3602 667 et
3632 611 3701 668 ad

2103 706 2260 761 unius
2297 706 2630 761 credulitatis
2671 721 2950 761 assensum
2995 714 3175 761 mente
3228 720 3329 759 una
3378 719 3703 760 concurrere

2100 809 2289 871 gentes
2311 810 2364 855 et
2393 799 2615 869 pepulos
2649 799 2771 854 fecit
2791 842 2806 865 ,
2833 807 2888 853 et
2908 796 3146 853 moribus
3182 798 3571 853 dissimillimas
3601 812 3700 852 na-

2104 893 2297 947 tiones.
2356 891 2673 946 Enumerari
2726 891 2870 946 enim
2928 901 3168 962 possunt,
3224 900 3384 961 atque
3432 890 3485 945 in
3540 904 3701 945 usum

2102 980 2516 1051 Computationis
2546 981 2731 1037 venire
2774 996 2870 1046 ea,
2911 997 3031 1052 qua:
3076 983 3127 1037 in
3161 980 3309 1035 India
3338 991 3486 1052 gesta
3528 988 3695 1046 sunt,

2102 1073 2241 1143 apud
2272 1074 2463 1137 Seras,
2493 1072 2683 1129 Persas
2703 1114 2719 1141 ,
2752 1084 2805 1128 et
2833 1072 3013 1129 Medos
3043 1090 3057 1139 ;
3090 1074 3141 1128 in
3169 1074 3398 1139 Arabia,
3431 1072 3699 1144 Egypto;

2101 1166 2155 1221 in
2183 1168 2336 1233 Asia,
2363 1166 2551 1239 Syria;
2580 1167 2717 1237 apud
2751 1167 2966 1223 Galatas
2986 1209 3001 1234 ,
3035 1166 3293 1233 Parthos,
3328 1166 3602 1238 Phrygas;
3647 1167 3699 1220 in

2102 1260 2323 1324 Achaia,
2375 1261 2703 1331 Macedonia,
2763 1263 2964 1332 Epizo;
2998 1263 3050 1317 in
3083 1263 3273 1317 insulis
3308 1272 3362 1318 et
3409 1262 3701 1334 provinciis

2103 1358 2373 1424 omnibus,
2405 1372 2540 1427 quas
2576 1358 2657 1412 sol
2697 1354 2901 1425 oriens,
2949 1368 3111 1428 atque
3160 1358 3416 1415 occidens
3461 1359 3701 1426 lustrat;

2103 1449 2275 1520 ipsam
2320 1449 2548 1521 denique
2579 1448 2717 1519 apud
2760 1449 3031 1505 dominatu
3064 1450 3289 1506 Romam
3310 1493 3324 1518 ,
3359 1450 3412 1507 in
3438 1468 3543 1523 qua
3578 1467 3702 1508 cum

2102 1541 2351 1597 homines
2375 1542 2483 1596 sint
2509 1539 2696 1595 Numae
2720 1541 2861 1614 regis
2889 1542 3116 1609 artibus,
3147 1552 3309 1614 atque
3338 1544 3577 1615 antiquis
3603 1558 3701 1601 su-

2103 1636 2511 1710 perstitionibus
2539 1636 2822 1706 occupati,
2876 1651 2980 1691 non
3010 1636 3334 1692 distulerunt
3384 1644 3565 1694 tamen
3614 1653 3704 1694 res

402 1738 605 1785 etcum
640 1727 792 1784 venia
826 1729 1076 1797 dixerim,
1102 1733 1423 1802 populorum
1454 1731 1505 1786 in
1540 1742 1807 1788 conventu
1868 1743 1987 1788 ute-
2023 1735 2068 1798 Β
2098 1731 2302 1804 patrias
2328 1729 2660 1799 relinquere,
2692 1737 2746 1784 et
2778 1728 2991 1787 veritati
3029 1730 3339 1786 coalescere
3366 1729 3698 1787 Christianae.

395 1831 585 1885 retur:
615 1823 735 1893 quis
787 1824 1194 1892 acquiesceret,
1257 1826 1375 1896 quis
1424 1827 1663 1895 audiret,
1708 1828 1828 1900 quis
1871 1844 1993 1883 eum

394 1914 739 1987 promitteret
788 1926 974 1987 aperte
1002 1918 1204 1989 aliquid
1229 1918 1515 1990 judicare?
1545 1932 1637 1976 aut
1677 1921 1798 1991 quis
1838 1938 1991 1978 cassa

394 2017 449 2063 et
472 2007 606 2064 nuda
628 2008 917 2080 iactantem
936 2052 951 2079 ,
974 2014 1219 2083 quamvis
1240 2023 1386 2070 esset
1410 2014 1744 2086 imprudens,
1777 2024 1831 2071 et
1861 2014 1990 2070 faci-

2106 1823 2364 1880 Viderant
2407 1822 2549 1878 enim
2600 1837 2816 1877 currum
2867 1820 3107 1897 Simonis
3128 1822 3306 1890 magi,
3340 1831 3391 1877 et
3415 1821 3701 1893 quadrigas

2104 1920 2289 1989 igneas
2339 1917 2480 1972 Petri
2510 1932 2604 1971 ore
2628 1915 2859 1971 difflatas
2880 1957 2894 1982 ,
2918 1924 2974 1972 et
3000 1915 3276 1971 nominato
3316 1914 3531 1971 Christo
3572 1931 3699 1971 eva-

2099 2012 2300 2067 nuisse.
2336 2008 2622 2077 Viderant,
2674 2008 2927 2080 inquam,
2977 2007 3233 2063 ﬁdentem
3277 2006 3384 2063 diis
3413 2006 3595 2075 falsis,
3650 2016 3705 2062 et

1746 2145 2306 2205 COMMENTARIUS.

466 2262 657 2333 Quibus
680 2266 960 2322 necessario
977 2262 1154 2323 debeat
1176 2269 1322 2323 rebus
1347 2268 1409 2324 de
1431 2267 1801 2325 obscurissimis
1823 2269 1981 2324 credi.

392 2336 585 2393 Debent
614 2338 669 2390 id
693 2350 766 2393 est
788 2348 1033 2407 oporteat.
1070 2341 1263 2409 Supra,
1292 2338 1387 2397 lib.
1415 2358 1453 2407 I,
1479 2358 1526 2396 c.
1562 2343 1632 2398 65
1666 2362 1678 2396 :
1710 2343 1812 2407 Qui
1838 2342 1984 2396 circis

390 2410 927 2482 restitueratlumina,
974 2413 1018 2465 is
1056 2412 1269 2482 eﬂ'icere,
1300 2415 1343 2467 si
1385 2413 1606 2479 deberet,
1652 2431 1754 2467 non
1789 2422 1983 2481 poterat

393 2481 590 2535 ειεεοδῖ
622 2481 706 2536 ubi
732 2481 869 2535 male
898 2481 1116 2538 rescribi
1153 2484 1405 2540 volebtnt
1432 2486 1626 2540 liberet.
1664 2485 1984 2539 lienam.—

392 2550 728 2623 Ila_Petrtnt..
749 2551 937 2616 Satir.,
963 2569 1082 2623 cap.
1106 2555 1195 2618 '53,
1216 2566 1379 2621 extr.,
1419 2553 1514 2610 Ηισ
1536 2558 1700 2610 nescio
1726 2557 1849 2623 quid
1866 2556 1985 2609 boni

392 2620 533 2700 debet
560 2637 685 2687 esse,
714 2623 768 2700 i_d
795 2633 895 2687 est,
925 2620 1148 2700 necesse
1173 2634 1329 2680 estut
1361 2620 1450 2693 Sit,
1482 2637 1710 2700 Oportet.
1738 2620 1840 2683 Ubi
1871 2626 1977 2681 vid.

394 2695 610 2762 Sciopp.
636 2703 690 2748 et
714 2695 1006 2749 Burmann.
1040 2698 1242 2751 URELL.

468 2764 723 2818 Ordinare
748 2766 1025 2835 sequaciter
1050 2768 1367 2823 inductiones
1406 2786 1546 2824 suas.
1583 2769 1637 2823 Id
1670 2778 1774 2835 est,
1807 2770 1875 2825 ita
1897 2783 1991 2822 or-

393 2836 603 2901 dinare,
632 2846 687 2890 ut
713 2837 815 2890 alia
841 2838 1079 2893 inductio
1108 2854 1170 2893 ex
1195 2840 1298 2893 alia
1326 2850 1605 2909 sequatur,
1641 2850 1696 2895 ut
1732 2858 1825 2894 nos
1856 2841 1991 2894 dicis

393 2923 513 2962 mus
563 2918 887 2977 consequent.
944 2909 1067 2964 Viti.
1123 2910 1327 2966 Savaro
1364 2912 1431 2966 ad
1480 2912 1694 2979 Sidon,
1752 2912 1845 2968 lib.
1893 2928 1989 2979 vn,

394 2980 552 3049 epist.
590 2979 654 3032 l7
709 2979 972 3049 pag.477.
1001 2982 1204 3037 υκεω..
1686 3010 1693 3015 -

470 3048 571 3123 Qui
591 3048 869 3123 sermonem
892 3051 1173 3123 candidate
1190 3055 1458 3121 prompsit.
1492 3058 1680 3107 Annon
1709 3053 1992 3123 legendum

395 3119 639 3175 callidule
670 3138 790 3177 etim
822 3122 1051 3176 lleraldo
1070 3123 1124 3178 in
1151 3122 1306 3179 Curis
1334 3119 1611 3180 Secundis?
1640 3119 1775 3180 Nam
1794 3125 1845 3180 in
1875 3140 1999 3189 pro-

396 3194 538 3248 xime
564 3193 1007 3248 antecedentibus
1028 3196 1094 3250 de
1116 3195 1460 3264 syllogismis,
1480 3196 1994 3263 cnthvmermitibus,

396 3275 527 3336 etc.,
556 3280 735 3336 sermo
755 3277 856 3336 est,
886 3265 1080 3332 t|UlbllS
1104 3267 1297 3321 callide
1326 3268 1615 3323 utebantur
1638 3280 1847 3323 veteres
1876 3268 1993 3336 phi-

396 3332 605 3400 los0phi
652 3334 717 3388 ad
762 3334 943 3391 fucum
988 3337 1290 3392 faciendum
1320 3339 1656 3394 auditoribus
1697 3332 1999 3407 eorumque

395 3421 674 3476 assensum
706 3407 1139 3476 extorquendum
1167 3419 1353 3464 contra
1379 3412 1675 3464 veritatem.
1710 3410 1782 3464 Ita
1815 3422 2000 3465 noster

397 3473 535 3531 infra
582 3492 702 3546 cap.
755 3478 856 3543 68,
890 3473 1142 3548 ejusdem
1191 3480 1312 3535 libri
1358 3481 1487 3536 dicit
1531 3485 1678 3553 fraus
1726 3476 2029 3535 cullidulu.‘

1570 3552 1773 3607 ORELL.

470 3618 782 3691 §ppnsione.
805 3617 1219 3691 lileursiusconj.
1246 3623 1593 3690 responsione.
1614 3624 1764 3676 Male.
1792 3622 1995 3678 Οιιειι..

468 3689 583 3744 XII.
641 3721 712 3730 —
764 3691 897 3761 Quis
942 3709 1056 3745 eum
1103 3689 1435 3760 promitteret.
1468 3738 1471 3741 ,
1508 3708 1601 3747 etc.
1666 3695 1766 3748 Alii
1801 3696 2001 3761 perurit-

400 3770 543 3836 teret,
566 3761 728 3836 male.
753 3759 1059 3836 Promitta‘e
1072 3759 1200 3818 idem
1220 3764 1355 3831 quod
1372 3766 1641 3836 spondere.
1667 3759 1832 3819 Paulo
1853 3777 1997 3820 ante:

401 3832 724 3904 Syllogismi
764 3850 940 3904 resque
990 3834 1108 3889 alia:
1155 3837 1347 3890 similes
1401 3832 1532 3890 scire
1580 3837 1695 3890 illos
1744 3838 2001 3892 veritatem

398 3904 672 3973 spondent.
703 3903 975 3961 Juvenalis
1009 3923 1022 3960 :

736 4015 1034 4069 Promittunt
1059 4024 1274 4068 atrocem
1300 4020 1532 4068 animum.

742 4085 883 4128 Dura:
908 4092 998 4144 per
1022 4088 1224 4143 pectora
1245 4090 1370 4131 seta:
1626 4081 1845 4133 HERALD.

476 4182 603 4257 Quis
620 4200 731 4238 eum
749 4185 1063 4257 promitteret
1076 4195 1254 4257 aperte
1274 4184 1470 4257 aliquid
1484 4185 1743 4256 judicare.
1764 4188 1999 4257 Legend.

400 4255 651 4325 indicare,
685 4264 741 4308 nt
777 4257 1008 4321 conjrcit
1043 4255 1306 4311 Meursius
1342 4255 1669 4325 astipulante
1705 4257 1752 4313 J.
1792 4255 2005 4314 Davisio

400 4325 465 4379 ad
495 4324 777 4394 (ζωδξιικιιρ
810 4326 865 4379 Β.
888 4327 952 4381 G.
976 4344 1045 4387 vr.
1076 4328 1167 4390 42,
1200 4347 1249 4393 p.
1281 4324 1771 4394 559,etI.Oudend.
1795 4330 2000 4387 OBBLL.

475 4393 770 4450 Facilitatis
792 4399 1012 4450 stolidtc.
1046 4397 1121 4450 ltu
1152 4397 1408 4453 Gelenius
1436 4400 1693 4461 correxit,

402 4467 513 4521 cuti
550 4468 730 4538 eteteri
761 4467 1003 4522 editores
1032 4484 1239 4523 omnes.
1276 4468 1444 4523 Antea
1497 4467 1773 4536 legebatur
1800 4474 2000 4538 solidtv,

403 4538 556 4613 quod
598 4537 1135 4613 defeudit__Priorius
1160 4556 1332 4613 neque
1377 4556 1600 4613 prorsus
1639 4541 1847 4598 videtur
1877 4537 2002 4613 reji4

403 4608 674 4663 ciendum.
713 4608 963 4664 Facilitas
1001 4609 1169 4666 solida
1209 4608 1325 4664 seil.
1370 4608 1453 4665 eo
1494 4611 1647 4677 plena
1690 4608 2001 4680 credulitas,

404 4690 607 4751 ctqnm
637 4689 781 4734 tanta
807 4694 906 4743 est,
965 4694 1020 4736 ιιι
1058 4683 1105 4735 ei
1145 4682 1303 4751 adjici
1347 4681 1513 4749 possit
1550 4683 1701 4738 nihil.
1748 4685 2002 4741 Nostrum

404 4748 784 4824 storis-dumut,
839 4748 1281 4823 stork-rinfalti'g,
1332 4754 1557 4824 facilitas
1626 4757 1815 4811 stolida
1862 4756 2002 4812 idem

402 4822 545 4892 quod
572 4824 733 4876 stulta
769 4825 1083 4889 credulitas.
1108 4822 1311 4880 Οιιείιι..

476 4893 555 4948 Ea
571 4895 814 4949 subdidit.
837 4896 1030 4951 Gelen.
1048 4912 1154 4962 cas,
1181 4898 1339 4951 male.
1368 4894 1445 4949 Ea
1461 4896 1580 4951 scil.
1602 4899 1674 4951 vis
1691 4912 1880 4965 rerum,
1895 4908 2001 4955 etc.

1541 4969 1743 5023 URELL.

479 5036 606 5102 Quae
651 5038 702 5091 in
742 5037 898 5091 India
935 5047 1075 5109 gesta
1120 5048 1259 5091 sunt.
1306 5036 1406 5093 Ubi
1442 5037 1685 5093 doctrina
1730 5040 2004 5107 Evangelii

403 5116 693 5177 propagata
713 5109 908 5163 dicitur
936 5126 1030 5178 per
1063 5112 1395 5173 l’antmnum,
1426 5125 1568 5163 anno
1589 5122 1704 5178 post
1729 5110 2003 5166 Christum

402 5178 617 5233 circiter
651 5180 768 5233 196.
804 5181 934 5234 Vide
967 5181 1145 5236 Euseb
1176 5220 1189 5242 .
1228 5181 1362 5233 Ilist.
1409 5181 1567 5239 ecc|.,
1606 5182 1697 5236 lib.
1733 5196 1787 5245 ν.
1820 5200 1869 5237 (³.
1916 5185 2000 5249 10,

402 5259 457 5323 et
486 5250 795 5323 llieronymi
830 5253 1071 5322 (latalog.
1107 5253 1368 5323 Scriptor.
1400 5252 1728 5317 ecclesiast.,
1755 5270 1875 5323 cap.
1912 5255 2003 5310 36.

405 5319 551 5375 India
582 5319 761 5376 autem
796 5324 897 5378 hoc
932 5319 1051 5379 loco
1079 5332 1161 5379 est
1188 5321 1465 5392 Ethiopia
1496 5339 1653 5449 sugra
1688 5319 2001 5397 .lEgy'ptum.

1601 5410 1753 5449 RELL.

1601 5410 1753 5449 RELL.

479 5459 545 5515 In
574 5460 782 5516 Arabia.
817 5462 945 5519 Vide
979 5465 1196 5532 Euseb,
1220 5464 1354 5520 Hist.
1381 5464 1598 5592 eccleso,
1623 5467 1714 5521 lib.
1737 5484 1806 5535 vr,
1842 5482 1891 5523 c.
1918 5468 2003 5525 l9.

1599 5554 1751 5592 RELL.

1599 5554 1751 5593 RELL.

480 5601 545 5657 In
572 5603 759 5657 insulis
807 5613 854 5657 et
883 5607 1159 5675 provinciis
1204 5607 1455 5662 omnibus.
1507 5606 1838 5665 Conl'erend.
1883 5628 2004 5666 eum

408 5685 594 5729 nostro
636 5674 978 5737 Tcrlulli:tn.,
1013 5677 1103 5731 lib.
1137 5692 1176 5742 t,
1210 5680 1330 5734 adv.
1366 5678 1604 5745 Jtnlzcos,
1634 5696 1682 5734 c.
1720 5681 1750 5735 7
1777 5702 1787 5735 ε
1819 5681 2007 5737 Christi

408 5761 621 5817 regnum
664 5746 847 5815 ubique
890 5749 1197 5818 porrigitur,
1231 5751 1292 5802 ab
1323 5749 1556 5805 omnibus
1596 5754 1822 5822 gentibus
1849 5771 2008 5824 supra

1729 4418 1886 4471 quem
1917 4420 2004 4456 se-
2030 4413 2082 4473 Ι)

2093 2265 2401 2321 enumeratis
2431 2263 2830 2331 (numeraverat
2856 2273 3032 2319 autem
3059 2263 3407 2335 Babylonios,
3441 2264 3696 2331 Parthos,

2090 2338 2319 2404 Indiam,
2342 2335 2696 2404 Ethiopiam,
2729 2338 2933 2397 Asiam,
2953 2335 3320 2401 Germaniam,
3342 2337 3699 2404 Britanniam,

2091 2410 2327 2473 Mauros,
2369 2408 2614 2471 Getulos,
2640 2408 2957 2479 illomanos)
3001 2408 3210 2473 colitur,
3267 2408 3450 2477 ubique
3495 2425 3654 2479 regna
3681 2448 3697 2474 ,

2092 2481 2273 2550 ubique
2318 2479 2583 2533 adoratur.
2637 2478 2780 2550 Idem
2840 2479 3144 2548 Apologet.,
3199 2494 3249 2533 c.
3288 2479 3356 2536 '57
3398 2496 3417 2533 :
3464 2478 3706 2534 Hesterni

2091 2570 2291 2616 sumus,
2321 2559 2366 2605 et
2397 2561 2559 2604 vestra
2580 2549 2751 2604 omnia
2780 2550 3119 2618 implevimus,
3152 2551 3317 2615 urbes,
3346 2551 3562 2614 insulas,
3584 2568 3703 2605 cas—

2090 2622 2233 2689 tella,
2265 2622 2563 2690 municipia,
2587 2621 2947 2686 conciliabula,
2977 2628 3145 2674 castra
3172 2623 3303 2691 ipsa,
3342 2621 3519 2686 tribus,
3551 2623 3706 2675 decu-

2092 2696 2221 2756 rias,
2254 2694 2525 2761 palatium,
2555 2703 2807 2756 senatum,
2844 2693 3035 2761 forum.
3073 2693 3203 2746 Sola
3231 2692 3371 2746 vobis
3401 2694 3701 2763 reliquimus

2095 2767 2304 2837 templa.
2322 2763 2420 2820 Ubi
2436 2764 2546 2819 vtd.
2566 2764 2917 2834 llavercamp,
2935 2764 3560 2889 pag.5ii.Cl.6reuznus,
3584 2780 3619 2830 ι,
3643 2765 3699 2819 5.

3326 2849 3483 2889 RELL.

3326 2849 3483 2889 RELL.

2174 2907 2236 2961 In
2262 2924 2360 2978 qua
2389 2922 2504 2959 cum
2533 2906 2758 2960 homines
2791 2906 2914 2959 sint.
2959 2905 3295 2961 Steweehius
3338 2922 3433 2975 pro
3459 2908 3558 2960 sint
3588 2922 3705 2961 ma-

2100 2980 2213 3035 vult
2262 2987 2423 3033 essent
2476 2988 2529 3032 et
2582 2987 2752 3047 putat,
2803 2978 2902 3033 sint
2946 2986 3120 3032 ortum
3163 2992 3285 3033 esse
3320 2992 3350 3033 e
3379 2978 3700 3045 compendio

2099 3052 2379 3118 scriptura:
2434 3047 2814 3103 ItominESsent
2856 3049 2993 3103 male
3051 3049 3347 3103 intellecto.
3397 3047 3503 3103 Sed
3561 3048 3704 3105 bene

2100 3122 2261 3178 habet
2303 3130 2514 3187 tempus
2561 3134 2799 3189 praesens
2836 3140 2848 3175 :
2891 3135 3011 3173 nam
3057 3136 3123 3174 eo
3154 3121 3271 3188 ipso
3304 3130 3567 3189 tempore,
3594 3135 3703 3189 quo

2100 3194 2216 3247 hme
2245 3191 2461 3262 scripsit
2488 3191 2778 3257 Arnobius,
2806 3189 2975 3246 Roma
3012 3191 3166 3261 plena
3191 3199 3305 3245 erat
3334 3190 3559 3245 deorum
3584 3189 3703 3246 cul-

2101 3265 2324 3319 toribus.
2357 3264 2559 3317 ORELL.

2176 3336 2363 3389 Numa:
2378 3336 2508 3404 regis
2525 3334 2733 3404 artibus.
2761 3332 3031 3388 Stewech.
3056 3332 3338 3404 legendum
3358 3332 3499 3403 conj.
3524 3332 3705 3388 ritibus

2100 3407 2363 3477 probante
2393 3403 2641 3477 ll’eraldo.
2672 3403 2875 3477 Unum.

2177 3476 2517 3547 Res'putrias.
2545 3474 2763 3531 llerald.
2801 3473 3011 3545 legend.
3046 3477 3339 3544 putatritus
3362 3475 3575 3545 patrios.
3594 3474 3705 3531 Sed

2099 3548 2431 3617 intelligendi
2466 3564 2571 3601 non
2602 3558 2804 3601 tantum
2837 3550 2971 3602 ritus
2994 3559 3046 3601 et
3071 3563 3223 3602 sacra
3255 3547 3486 3616 publica,
3516 3563 3702 3602 verum

2102 3633 2155 3676 et
2186 3622 2349 3674 multa
2374 3619 2499 3684 alia,
2531 3620 2791 3686 imprimis
2818 3620 3029 3689 negotia
3055 3617 3177 3683 fori,
3208 3618 3402 3688 quibus
3432 3617 3698 3672 Valedice-

2100 3693 2231 3747 bmt
2257 3690 2570 3759 religionem
2597 3689 2944 3744 christianum
2969 3689 3381 3758 amplectentes.
3413 3689 3618 3743 OBELL.

2189 3762 2430 3816 Viderunt
2459 3762 2592 3814 enim
2637 3777 2839 3813 currum
2878 3761 3104 3815 Simonis
3138 3760 3312 3829 Magi.
3345 3771 3450 3815 etc.
3491 3760 3705 3815 Scimus

2142 3834 2319 3888 uident
2344 3876 2357 3898 ,
2388 3832 2489 3886 hoc
2530 3829 2847 3887 miraculum
2879 3833 2947 3889 ab
2991 3832 3257 3901 aliquibus
3298 3842 3390 3885 aut
3438 3833 3616 3885 vocari
3650 3832 3703 3885 in

2142 3850 2319 3888 autem
2344 3876 2357 3898 ,
2388 3850 2489 3886 noc
2530 3850 2847 3887 mtracutntu
2879 3850 2947 3889 an
2991 3850 3257 3901 auqutnns
3298 3850 3390 3885 aut
3438 3850 3616 3885 vocari
3650 3850 3702 3885 Ill

2104 3850 2348 3965 dubium,
2383 3916 2474 3956 aut
2506 3903 2719 3973 penitus
2772 3904 2978 3973 negari.
3000 3898 3224 3957 'Etenim
3250 3902 3382 3973 phase
3417 3901 3640 3957 historia
3671 3920 3702 3954 a

2106 3971 2623 4044 Pseudepigraphis,
2678 3982 2734 4029 ut
2781 3971 2964 4038 aiunt,
3016 3974 3198 4037 libris,
3248 3971 3352 4028 hoc
3394 3983 3478 4029 est
3520 3972 3705 4043 procul

2105 4047 2299 4114 dubio,
2345 4043 2828 4100 CutiSlllllliOllibllS
2867 4045 3177 4114 apostolicis
3216 4044 3334 4114 (lib.
3374 4060 3462 4109 vt,
3510 4060 3558 4099 c.
3606 4043 3702 4115 9),

2106 4119 2389 4189 desumpta
2415 4156 2429 4179 ,
2456 4115 2600 4171 varie
2629 4133 2656 4189 a
2680 4115 2845 4189 variis
2870 4116 3222 4189 scriptoribus
3245 4125 3516 4189 narratur.
3546 4115 3705 4189 Dein-

2107 4190 2176 4245 de
2208 4185 2336 4244 vero
2365 4188 2551 4243 Romte
2574 4186 2727 4242 valde
2749 4187 2951 4242 incerta
2978 4189 3071 4241 l'uit
3099 4186 3236 4240 fatna
3268 4185 3408 4240 illius
3434 4186 3701 4252 miraculi,

2107 4276 2171 4316 ac
2220 4261 2286 4315 de
2332 4259 2424 4313 illo
2470 4257 2714 4314 Justinus
2771 4268 2991 4329 martyr.
3045 4258 3277 4329 Irenteus
3312 4257 3521 4329 aliique
3564 4258 3707 4311 anti-

2107 4331 2349 4402 quissimi
2382 4331 2674 4399 scriptores
2708 4327 2925 4402 penitus
2948 4331 3229 4402 siluerunt.
3263 4327 3483 4402 Litteris
3520 4339 3705 4402 autem

2108 4398 2563 4471 consignaveruut
2633 4402 2735 4455 hoc
2793 4400 2991 4455 laetum
3046 4400 3280 4471 Cyrillus
3337 4398 3701 4471 Ilierosolym.

2108 4472 2603 4547 (Cateclt.‘6_,¥pag.
2651 4470 2743 4542 54)
2770 4487 2791 4547 ξ
2818 4470 3139 4547 Ambrosjns
3171 4471 3286 4545 (Lb.
3335 4486 3384 4524 Iv
3414 4470 3704 4547 Hesterni,

2106 4538 2229 4614 cap.
2260 4544 2315 4610 8,
2353 4542 2379 4615 §
2410 4538 2501 4615 55)
2527 4538 2898 4615 {Augustinus
2924 4543 3020 4615 (de
3051 4538 3256 4615 Haeres.
3285 4583 3299 4605 ,
3330 4542 3459 4615 capi
3480 4540 3533 4615 ti)
3558 4557 3572 4605 ;
3599 4538 3708 4594 Isi-

2107 4611 2271 4669 dorus
2325 4611 2596 4669 Pelus'iota
2669 4613 2790 4679 (lib.
2821 4630 2875 4679 t,
2922 4613 3095 4684 Epist.
3144 4614 3273 4682 £5);
3327 4611 3707 4684 Theodoretus

2108 4687 2225 4759 (Id).
2276 4703 2291 4739 ι
2330 4685 2526 4759 lla-ret.
2577 4684 2739 4759 fabul.
2766 4726 2782 4747 ,
2822 4700 2951 4759 cap.
2976 4682 3106 4759 l5),
3140 4694 3195 4759 _et
3223 4682 3712 4759 ltl_axii_nus_'_l‘auri-

2108 4752 2291 4813 pensis
2317 4757 2531 4826 (ltotnil.
2561 4774 2588 4811 v
2613 4757 2662 4810 in
2684 4756 2856 4810 Natal.
2879 4756 2977 4812 SS.
3013 4752 3152 4809 Petri
3182 4764 3238 4826 et
3266 4755 3458 4823 Pauli).
3490 4752 3702 4826 Novius.

2109 4845 2161 4900 p.
2185 4824 2567 4897 299.9—“em
2597 4829 2967 4900 Augustinus,
3000 4826 3193 4900 de_SS.
3228 4825 3391 4900 Petro
3418 4824 3664 4900 et‘i‘aulo
3688 4866 3705 4889 ,

2108 4895 2272 4955 Serm.
2312 4895 2405 4962 ut.
2462 4909 2588 4955 tom.
2647 4895 2707 4961 ιζ
2736 4898 2825 4953 fol.
2858 4898 2995 4962 268;
3048 4897 3419 4966 Hegesippus.
3470 4895 3564 4950 lib.
3609 4911 3706 4961 nt,

2108 4988 2228 5043 eap.
2259 4972 2323 5037 ες
2382 4971 2747 5043 Epiphanius,
2800 4971 2890 5043 lib.
2926 4986 2974 5033 I,
3029 4970 3149 5043 adv.
3185 4968 3422 5043 hereses
3445 5007 3462 5033 ,
3506 4968 3704 5043 p._5_IA;

2110 5037 2330 5109 Abdias,
2363 5037 2573 5096 de‘vitis
2601 5041 3003 5106 Apostolorum,
3033 5039 3125 5093 lib.
3158 5056 3194 5093 ι.
3229 5037 3701 5093 Bursam—Adi

2110 5115 2314 5177 Sulpic.
2344 5112 2534 5168 Sever.
2557 5153 2570 5173 .
2604 5112 2736 5167 llist.
2763 5127 2902 5166 sacr.
2931 5153 2944 5174 ,
2992 5111 3081 5167 lib.
3113 5128 3180 5175 tt,
3217 5128 3333 5177 cap.
3367 5110 3458 5163 42.
3494 5109 3705 5164 OnELL.

2186 5184 2248 5241 Et
2272 5184 2548 5255 quadrigas
2578 5183 2750 5255 igneas
2781 5181 2923 5237 Petri
2951 5182 3326 5255 oredifﬂatas,
3358 5191 3407 5234 et
3438 5182 3707 5255 nominato

2109 5251 2311 5313 Christo
2337 5251 2619 5309 evanuisse:
2659 5254 2815 5310 Joan.
2861 5251 3189 5315 Scltell‘erus,
3222 5254 3272 5306 in
3305 5266 3469 5321 opere
3499 5267 3601 5306 suo
3633 5251 3710 5308 de

2110 5329 2188 5384 Re
2218 5327 2507 5383 vehiculari
2550 5336 2811 5392 veterum,
2863 5327 2953 5381 lib.
2987 5341 3059 5387 tt,
3108 5339 3229 5394 cap.
3280 5324 3369 5389 54,
3416 5323 3707 5392 legendum

2110 5399 2343 5466 concipit
2373 5418 2384 5453 :
2419 5396 2508 5452 sed
2554 5398 2815 5451 nominato
2864 5396 3087 5461 Christo,
3123 5404 3270 5460 etc.;
3305 5395 3399 5449 sed
3430 5394 3708 5466 accipiens

2112 5489 2208 5541 pro
2233 5464 2534 5540 etquidem,
2570 5468 2653 5521 vel
2695 5470 2816 5539 quin
2844 5468 3010 5539 potius
3041 5466 3299 5541 (auctoris
3327 5481 3385 5520 se
3426 5464 3710 5541 corriget]:

2112 5536 2221 5612 iis).
2262 5536 2334 5594 De
2380 5558 2485 5611 quo
2535 5536 2762 5612 eleganti
2797 5536 2953 5609 ltnjus
3001 5536 3274 5612 particula:
3320 5552 3423 5612 usu
3467 5536 3707 5612 adt-undi

2110 5606 2496 5666 PfBurmaim.
2524 5610 2589 5664 ad
2621 5610 2837 5664 Pelron.
2864 5606 2879 5672 ξ
2925 5627 3042 5677 cap.
3078 5609 3202 5671 1‘28,
3237 5618 3291 5663 et
3337 5606 3605 5663 Schwabe
3634 5608 3708 5665 ad

2113 5684 2361 5748 Pltmdri,
2398 5682 2489 5737 lib.
2544 5698 2625 5745 tv,
2673 5682 2781 5737 fab.
2830 5682 2927 5749 I7,
2976 5697 3119 5734 vers.
3157 5680 3246 5743 i9,
3279 5694 3397 5749 pag.
3430 5679 3563 5749 265'.
3615 5678 3709 5734 Sic

2117 5764 2299 5811 noster
2345 5753 2481 5810 infra
2510 5796 2523 5823 ,
2560 5752 2652 5809 lib.
2689 5769 2761 5823 vr,
2793 5748 2919 5826 cap.
2954 5752 3016 5808 1‘2
3046 5770 3058 5807 :
3091 5749 3219 5807 Cum
3263 5748 3396 5824 pileo
3436 5748 3708 5806 Vulcanus
