3974 6068
406 290 511 352 835

1517 293 1794 352 ARNOBII
1824 292 2186 354 ADVERSUS
2224 293 2496 353 GENTES

3597 293 3717 353 856

407 428 507 469 nos
551 411 797 483 spiritum
826 409 1180 468 consimiliter
1203 408 1450 465 ducimus
1483 419 1530 477 ιι,
1584 421 1641 467 et
1668 412 1996 480 respiramus
2025 413 2074 472 Α
2103 410 2315 467 rissime
2344 412 2451 467 dici
2473 453 2487 472 .
2517 409 2561 466 si
2584 424 2705 466 cum
2737 410 2948 467 ratione
2973 416 3030 467 et
3065 409 3295 467 consilio
3325 409 3505 468 cuncti
3535 409 3711 487 homi-

404 504 792 561 comtneatibus
834 505 1059 559 crebris.
1097 501 1391 559 Femininis
1418 503 1708 574 generibus
1729 546 1742 573 ,
1776 518 1991 558 mascu-

402 600 633 669 linisquc
658 597 908 653 distincta
938 605 1063 651 sunt
1097 613 1108 650 :
1139 595 1192 650 in
1225 594 1446 650 totidem
1475 603 1530 650 et
1565 610 1663 650 nos
1691 609 1858 651 sexus
1888 608 1989 649 no-

403 702 516 749 stro
545 707 730 748 sumus
756 694 824 747 ab
851 701 1070 747 auctore
1100 691 1332 747 formati.
1360 689 1535 745 Edunt
1560 704 1655 758 per
1684 700 1867 744 uteros
1892 687 1995 744 fa:-

404 797 521 855 tus,
552 796 607 843 et
632 787 1007 859 corporalibus
1037 782 1281 841 conciliis
1310 791 1632 854 procreant:
1667 791 1719 837 et
1751 797 1848 837 nos
1876 797 1994 837 cor-

402 896 591 951 porum
625 878 1091 950 conjugationibus
1120 877 1425 943 nascimur,
1467 883 1520 929 et
1545 890 1611 929 ex
1645 874 1783 928 alvis
1812 870 1993 927 fundi-

400 989 545 1040 tnur,
576 983 737 1044 atque
767 972 1063 1027 emittimur
1094 978 1347 1024 matrum.
1391 966 1524 1023 Cibo
1549 974 1919 1022 sustentantur
1939 973 1993 1020 et

399 1075 565 1138 potu,
605 1076 660 1122 et
697 1066 998 1137 superﬂuas
1049 1064 1315 1121 fmditates
1374 1061 1717 1117 inferioribus
1767 1067 1993 1131 egerunt

395 1158 765 1229 abjiciuntque
816 1158 1035 1228 posticis
1070 1176 1082 1207 τ
1115 1165 1171 1213 et
1222 1171 1321 1211 nos
1366 1154 1487 1210 cibo
1536 1162 1902 1208 sustentantur
1937 1159 1993 1206 et

395 1261 523 1321 potu
548 1290 561 1315 ,
586 1260 640 1305 et
666 1249 805 1319 quod
833 1261 1017 1303 natura
1040 1249 1150 1319 jam
1181 1247 1419 1319 respuit,
1453 1260 1548 1315 per
1569 1244 1789 1300 eosdem
1817 1242 1990 1298 effun-

395 1340 571 1395 dimus
601 1340 857 1394 tramites.
890 1339 1031 1394 Cura
1058 1337 1164 1392 illis
1186 1346 1269 1393 est
1296 1337 1550 1391 omnibus
1576 1334 1772 1391 famem
1807 1334 1991 1405 probi-

391 1430 522 1487 bere
550 1429 883 1485 mortiferam
912 1472 927 1497 ,
956 1438 1011 1485 et
1041 1428 1350 1484 necessario
1373 1426 1655 1497 invigilare
1685 1439 1781 1494 pro
1805 1423 1949 1478 victu
1974 1442 1989 1478 :

393 1524 520 1594 quid
549 1522 693 1579 aliud
726 1538 824 1578 nos
851 1523 1013 1577 tantis
1044 1522 1251 1593 agimus
1282 1522 1335 1576 in
1367 1519 1814 1588 occupationibus
1842 1518 1987 1588 vitae,

392 1617 495 1670 nisi
532 1626 589 1670 ut
619 1632 681 1671 ea
707 1630 1012 1686 qumramtts
1038 1656 1053 1681 ,
1086 1614 1280 1684 quibus
1320 1610 1477 1666 famis
1515 1610 1808 1682 periculum
1840 1609 1990 1666 devi-

393 1719 534 1765 tetur
558 1750 573 1775 ,
616 1717 670 1764 et
695 1707 884 1763 infelix
910 1706 1219 1762 sollicitudo
1251 1704 1524 1775 ponatur?
1572 1702 1789 1758 Morbos
1818 1703 1907 1757 illa
1935 1710 1992 1758 et

392 1801 598 1859 iuedias
628 1804 888 1868 sentiunt,
913 1810 967 1857 et
987 1801 1051 1855 ad
1081 1801 1325 1855 ultimum
1354 1807 1635 1855 senectute
1665 1798 1985 1852 solvuntur:

389 1896 514 1964 quid
538 1898 680 1948 enim
709 1908 807 1947 nos
838 1894 1104 1947 immunes
1136 1892 1294 1946 malis
1323 1891 1391 1946 ab
1424 1890 1509 1945 his
1538 1906 1723 1944 sumus
1749 1930 1764 1956 ,
1798 1896 1851 1944 et
1882 1903 1987 1943 non

389 1990 578 2046 cadem
616 1991 825 2043 ratione
860 1987 1171 2042 morborum
1210 1983 1746 2040 incommoditatibus
1783 1982 1986 2050 frangi-

389 2100 543 2148 mur,
591 2083 888 2139 senectutis
929 2081 1262 2136 destruimur
1306 2077 1464 2133 tabe?
1492 2077 1646 2144 Quod
1679 2076 1722 2131 si
1759 2084 1814 2130 et
1854 2075 1986 2130 illud

2103 518 2198 558 nes
2222 504 2485 569 viverent,
2520 512 2802 559 servarent
2828 502 3129 559 officiorum
3155 511 3428 572 tenorem,
3466 504 3707 558 abstine-

2100 605 2224 651 rent
2265 596 2332 651 ab
2369 595 2603 660 illicitis,
2645 604 2699 651 et
2734 597 2777 652 si
2825 596 3035 668 negotia
3078 598 3253 667 turpia
3295 613 3400 651 non
3441 595 3700 662 adirent;

2103 705 2275 761 neque
2313 691 2591 760 quisquam
2634 690 2899 757 pravitate
2941 690 3189 755 consilii,
3232 698 3394 761 atque
3438 690 3705 762 ignoran-

2106 783 2192 837 tim
2216 783 2457 838 caecitate
2479 783 2747 838 contraria
2773 782 2989 839 sibimet
3012 791 3172 854 atque
3197 784 3411 840 inimica
3441 784 3710 855 deposce-

2102 886 2203 930 ret.
2231 873 2431 931 Veilem
2457 885 2631 932 tamen
2661 879 2800 932 scire
2825 920 2839 943 ,
2872 890 3120 948 quaenam
3150 877 3221 931 sit
3252 878 3365 935 haec
3393 877 3533 933 ratio
3555 919 3569 943 ,
3596 892 3701 947 per

2100 981 2259 1037 quam
2284 983 2469 1022 sumus
2512 970 2747 1038 potiores
2783 969 3098 1023 animalium
3129 968 3413 1039 generibus
3440 970 3649 1024 cunctis
3682 987 3699 1024 :

2099 1060 2220 1128 quia
2254 1058 2406 1113 nobis
2434 1060 2704 1115 domicilia
2737 1060 2994 1126 fecimus,
3026 1063 3222 1132 quibus
3256 1063 3523 1132 possimus
3556 1062 3701 1134 hye-

2099 1151 2260 1206 malia
2289 1151 2486 1222 frigora
2511 1193 2526 1220 ,
2572 1160 2626 1209 et
2662 1155 2865 1209 aestatis
2894 1153 3206 1225 ﬂagrantias
3232 1155 3482 1212 evitare?
3512 1154 3651 1224 Quid
3675 1155 3704 1209 ?

2099 1243 2404 1298 Auimantia
2445 1251 2641 1300 cartera
2681 1242 2844 1315 hujus
2886 1246 2964 1301 rei
3003 1245 3396 1318 providentiam
3448 1262 3555 1301 non
3602 1249 3706 1303 lia-

2099 1336 2264 1391 beut?
2312 1336 2501 1392 Nonne
2541 1336 2644 1391 alia
2671 1339 2944 1394 cernimus
2972 1338 3447 1410 opportunissimis
3483 1339 3707 1396 sedibus

2098 1431 2407 1486 nidulorum
2438 1431 2541 1487 sibi
2572 1442 2889 1489 construere
2934 1435 3278 1490 mansiones?
3324 1434 3430 1490 alia
3471 1434 3618 1490 saxis
3648 1442 3708 1489 et

2098 1527 2323 1596 rupibus
2366 1534 2545 1598 tegere
2589 1537 2644 1583 et
2687 1529 3025 1583 communire
3067 1527 3390 1600 suspensis?
3437 1541 3707 1584 excavare

2098 1619 2200 1673 alia
2228 1618 2433 1674 telluris
2462 1618 2598 1685 sola,
2632 1620 2758 1674 etin
2791 1618 3063 1685 fossilibus
3086 1618 3114 1658 ι)
3141 1619 3315 1676 foveis
3342 1621 3605 1675 tutamina
3630 1620 3708 1675 si-

2099 1712 2266 1767 bimet
2291 1721 2343 1767 et
2374 1711 2568 1767 cubilia
2607 1713 2958 1783 praeparare?
2996 1713 3150 1781 Quod
3191 1712 3237 1768 si
3280 1712 3557 1769 ministras
3588 1727 3707 1767 ma-

2101 1820 2201 1861 nus
2229 1805 2333 1861 illis
2358 1806 2518 1861 etiam
2551 1806 2754 1863 donare
2786 1822 2981 1878 parens
3012 1817 3202 1863 natura
3226 1808 3512 1872 voluisset,
3542 1807 3701 1863 dubi-

2099 1898 2262 1953 tabile
2287 1914 2392 1951 non
2425 1897 2593 1964 foret,
2616 1898 2763 1969 aquin
2794 1906 2850 1954 et
2874 1899 2989 1971 ipsa
3016 1908 3396 1956 construerent
3437 1900 3701 1956 mmnium

2096 1989 2204 2042 alta
2235 1988 2441 2059 fastigia
2469 2031 2483 2056 ,
2518 1998 2572 2045 et
2603 1990 2893 2045 artificiosa
2921 1990 3253 2046 excuderent
3282 1987 3541 2047 novitate.
3585 1989 3696 2047 Ta-

2097 2096 2219 2136 men
2244 2082 2296 2137 in
2330 2082 2411 2137 bis
2440 2083 2587 2152 ipsis,
2614 2098 2733 2155 qum
2763 2086 2963 2141 nostris
2990 2095 3150 2158 atque
3182 2086 3447 2158 unguibus
3473 2085 3697 2154 faciunt,

389 2192 573 2232 verum
601 2186 704 2244 est,
728 2175 871 2246 quod
901 2176 951 2228 iu
983 2174 1256 2245 mysteriis
1282 2171 1667 2227 secretioribus
1693 2169 1907 2237 dicitur,
1934 2172 1984 2224 in
2018 2162 2065 2222 B
2091 2175 2255 2229 multa
2290 2177 2466 2230 inesse
2492 2177 2859 2248 conspicimus
2887 2178 3111 2233 rationis
3137 2189 3191 2235 et
3219 2178 3501 2250 sapientia:
3523 2180 3694 2235 simu-

391 2267 627 2338 pecudes
659 2276 819 2337 atque
850 2266 985 2321 alias
1012 2265 1217 2321 belluas
1247 2265 1325 2319 ire
1349 2268 1558 2319 animas
1593 2262 1985 2334 improborum,

391 2373 675 2434 postquam
711 2371 837 2416 Sttltl
882 2361 1130 2416 Immanis
1170 2358 1491 2429 corporibus
1517 2367 1693 2413 exutae
1720 2375 1733 2412 :
1760 2354 1988 2411 manife-

387 2456 522 2509 stius
553 2453 933 2523 comprobatur
957 2494 971 2519 ,
1014 2452 1222 2507 vicinos
1264 2465 1365 2505 nos
1404 2465 1528 2505 esse
1552 2491 1566 2518 ,
1614 2463 1790 2521 neque
1820 2451 1988 2504 inter-

387 2549 543 2604 vallis
593 2548 925 2620 longioribus
972 2547 1295 2618 disparatus.
1344 2544 1621 2615 Siquidem
1664 2558 1751 2599 res
1791 2542 1979 2599 eadem

387 2643 543 2698 nobis
572 2651 627 2698 et
656 2642 762 2696 illis
792 2651 874 2696 est
902 2656 1029 2707 una,
1065 2655 1158 2710 per
1185 2654 1347 2709 quam
1380 2653 1503 2694 esse
1528 2638 1821 2692 animantia
1843 2636 1983 2693 dici-

389 2751 530 2802 mur,
563 2747 618 2791 et
656 2742 859 2791 motum
892 2734 1097 2803 agitare
1128 2732 1366 2786 vitalem.

456 2825 621 2881 XVII.
656 2824 761 2883 Sed
807 2824 1099 2879 rationales
1124 2837 1224 2876 nos
1251 2835 1439 2875 sumus
1462 2862 1476 2887 ,
1527 2828 1582 2875 ct
1626 2818 1984 2890 intelligentia

387 2912 651 2974 vincimus
678 2929 847 2989 genus
883 2931 1043 2972 omne
1074 2923 1366 2972 mutorutn.
1400 2913 1690 2970 Crederem
1726 2911 1867 2969 istud
1898 2927 1989 2969 ve-

2090 2267 2234 2322 lacra
2298 2282 2418 2338 quae
2446 2268 2694 2324 homines
2720 2269 2919 2325 imitari
2945 2271 3092 2326 nulla
3120 2272 3471 2327 meditatione
3502 2287 3698 2342 possu-

2090 2374 2211 2415 mus
2236 2369 2259 2398 ο
2288 2377 2301 2413 :
2321 2360 2566 2431 quamvis
2584 2361 2692 2417 sint
2708 2363 2867 2418 nobis
2885 2363 3111 2434 opifices
3132 2379 3345 2430 manus,
3367 2372 3531 2436 atque
3551 2365 3703 2421 omni

2087 2468 2292 2523 genere
2330 2452 2682 2523 perfectionis
2709 2456 2965 2512 artifices.

2158 2543 2341 2599 XVIII.
2371 2544 2588 2600 Vestem
2614 2545 2705 2601 illa
2735 2562 2840 2602 non
2872 2557 3089 2616 norunt,
3116 2547 3298 2617 sellas,
3328 2566 3496 2607 naves
3524 2560 3694 2623 atque

2090 2645 2267 2691 aratra
2298 2637 2673 2708 compingere,
2725 2653 2825 2694 nec
2850 2638 3085 2711 denique
3116 2642 3547 2713 suppellectilem
3583 2657 3696 2698 ca:-

2094 2738 2266 2784 teram
2307 2743 2467 2799 quam
2500 2729 2782 2786 familiaris
2826 2746 2952 2786 usus
2982 2735 3251 2802 exposcit.
3286 2733 3401 2789 Non
3431 2744 3557 2790 sunt
3598 2736 3705 2792 ista

2096 2820 2335 2875 scientiae
2384 2836 2629 2887 munera,
2681 2822 2777 2878 sed
2828 2826 3188 2895 pauperrimae
3233 2826 3573 2884 necessitatis
3613 2829 3702 2884 in-

2097 2922 2278 2969 venta.
2307 2912 2492 2987 Neque
2521 2930 2644 2973 cum
2684 2917 2880 2974 animis
2910 2927 3057 2975 artes
3085 2919 3211 2977 coeli
3237 2934 3304 2978 es
3334 2922 3705 2992 penetralibus

1629 3028 2014 3099 LECTIUNES
2053 3027 2471 3086 VARIANTES.

450 3152 477 3182 ⁸
514 3148 749 3201 Similiter
781 3146 927 3201 Fulv.

444 3211 475 3251 ι»
510 3212 830 3265 Fossibilibus
851 3208 958 3263 alii.

389 3434 522 3491 Vide
551 3449 713 3504 supra
742 3433 808 3488 ad
836 3433 928 3487 lib.
955 3450 991 3496 ι,
1020 3448 1142 3502 cap.
1171 3433 1239 3504 8,,
1258 3439 1437 3504 notam
1465 3429 1705 3504 Heraldi.
1738 3432 1947 3489 Οιιειι..

459 3506 524 3561 In
552 3501 760 3559 totidem
785 3516 831 3559 et
861 3521 953 3558 nos
993 3501 1164 3559 sexus.
1209 3501 1480 3558 Stewech.
1524 3513 1581 3558 et
1620 3503 1711 3558 hic
1751 3506 1989 3559 restituit

385 3580 666 3649 antiquunm
708 3593 871 3649 secus.
910 3574 1040 3631 Vide
1064 3590 1226 3645 supra
1256 3573 1323 3630 ad
1350 3574 1445 3631 lib.
1476 3591 1492 3629 t
1519 3615 1534 3642 ,
1558 3589 1610 3629 α.
1642 3576 1742 3641 59,
1773 3576 1936 3632 verba
1969 3591 1983 3628 :

384 3646 533 3703 secus
551 3649 714 3702 virile.
746 3646 951 3703 OBELL.

455 3718 820 3790 Corporalibns
860 3718 1090 3790 conciliis
1130 3727 1420 3790 procreant.
1455 3715 1742 3773 Concilium
1773 3717 1840 3773 de
1868 3735 1991 3773 ron-

384 3787 885 3918 gressuéaczncubitu
913 3789 1170 3860 frequens
1197 3787 1340 3860 apud
1364 3788 1607 3854 Lucret”
1638 3804 1692 3844 v.
1722 3805 1771 3845 c.
1803 3791 1899 3847 lib.
1931 3807 1989 3858 It,

386 3878 530 3918 vers.
598 3897 609 3909 ι
696 3879 709 3915 :

386 3878 530 3921 vers.
559 3863 666 3918 954
696 3879 709 3915 :

629 3953 738 4004 Non
762 3952 869 4005 fieri
896 3961 1107 4018 partum,
1134 3956 1226 4005 nisi
1251 3953 1457 4004 concilio
1478 3959 1598 4004 ante
1621 3960 1809 4005 coacto.

385 4048 439 4094 et
469 4038 559 4094 lib.
586 4054 625 4106 t,
660 4053 787 4093 vers
815 4037 940 4105 184,
970 4038 1190 4093 concilio
1219 4039 1452 4111 genitali.
1485 4038 1586 4095 Ubi
1613 4038 1724 4165 νέξ.
1755 4039 1984 4095 Crcecb.

1691 4126 1847 4165 RELL.

1641 4126 1847 4167 URELL.

458 4180 540 4236 Ea:
572 4181 700 4235 alvis
739 4181 1010 4248 fundimur
1061 4189 1210 4253 atque
1255 4182 1531 4236 entittimur
1575 4190 1820 4236 matrum.
1867 4179 1991 4236 Cibo

383 4262 732 4324 sustentantur
779 4263 826 4307 et
870 4264 1013 4323 pom.
1077 4253 1150 4307 Ita
1208 4254 1326 4323 lego
1380 4262 1435 4307 et
1489 4253 1813 4324 interpungo
1866 4267 1988 4307 cum

382 4323 638 4377 Meursio.
693 4324 797 4377 Alii
827 4330 1062 4393 pessime
1095 4325 1165 4377 ita
1199 4324 1383 4393 legunt
1410 4342 1422 4377 :
1449 4342 1512 4379 ea.
1547 4325 1675 4379 alvis
1724 4323 1993 4390 fundimur

382 4405 534 4465 atque
559 4394 857 4461 emittimur,
884 4403 1103 4448 matrum
1127 4394 1237 4449 cibo
1257 4405 1604 4450 sustentamur
1622 4406 1666 4450 et
1691 4408 1834 4465 potu.
1857 4395 1990 4450 Nam

385 4464 547 4535 paulo
573 4475 695 4535 post
721 4466 966 4536 sequitur
995 4482 1007 4516 :
1043 4476 1089 4520 et
1129 4482 1221 4520 nos
1250 4465 1361 4521 cibo
1400 4477 1747 4593 sustentata?
1775 4477 1818 4520 et
1846 4476 1987 4536 potu.

1727 4554 1845 4593 ELL.

1727 4554 1845 4593 ELL.

2016 3154 2066 3219 ρ
2133 3148 2186 3177 ·⁶
2221 3144 2474 3199 Possimus
2519 3146 2664 3201 Fato.

1776 3316 2338 3380 COMMENTARIUS.

2096 3444 2263 3513 torrem
2288 3478 2299 3500 ,
2331 3441 2475 3513 quod
2506 3443 2652 3510 prius
2679 3444 2807 3498 mihi
2831 3445 2885 3499 in
2917 3457 3152 3505 mentem
3176 3462 3421 3509 venerat.
3451 3454 3659 3513 Οιιειι..

2170 3508 2726 3600 Neglotia‘turpialnon
2757 3517 2976 3573 adirent.
3007 3521 3082 3575 Ita
3127 3522 3293 3578 editio
3341 3508 3707 3600 princeps—ex

2094 3593 2197 3633 ms.
2232 3583 2339 3636 Alii
2364 3583 2577 3638 obirent.
2610 3585 2816 3643 Οκειι..

2171 3650 2436 3733 grauitate
2458 3659 2785 3733 eonsilii.Ed.
2809 3676 2972 3733 rom.
3017 3665 3283 3733 parvitate.
3307 3667 3511 3726 ORELL.

2156 3721 2370 3809 gVel‘le‘m
2418 3737 2586 3809 tamen
2627 3731 2789 3809 scire.
2845 3721 3113 3792 Meursius
3163 3721 3535 3809 coniiciunt
3584 3752 3696 3800 tam

2096 3798 2226 3849 scire
2252 3798 2588 3861 litteraturae.
2621 3802 2827 3858 Onam"

2175 3866 2520 3952 Communia.
2539 3871 2687 3952 __Vlde
2711 3890 2904 3952 supra,
2945 3877 3023 3952 ad
3040 3877 3131 3933 lib.
3159 3893 3198 3946 t,
3229 3895 3346 3952 cap.
3383 3898 3458 3937 ιιι.
3489 3884 3699 3942 Onam.

2182 3936 2339 3994 Saxis
2357 3952 2405 3996 et
2426 3943 2674 4013 rupibus,
2722 3936 2827 4002 Alii
2857 3936 3049 4003 {saxis
3098 3967 3152 4005 se
3184 3936 3243 4006 ἐι
3290 3936 3699 4026 δὐρὶὂνιίᾶι-εἶὲξ

3384 4027 3590 4085 Unum.

2170 4080 2437 4171 ρίὲηξξιναε
2471 4100 2672 4141 manus.
2690 4086 2792 4171 _Ita
2822 4090 3118 4171 Seneca'ad
3138 4080 3413 4171 yartiam,
3436 4080 3700 4171 ica—E25.

2093 4151 2615 4242 Cant-guttarum“.
2638 4158 2704 4213 ad
2737 4158 3004 4231 Lactant.,
3036 4163 3106 4219 de
3132 4165 3270 4234 Opif.
3301 4151 3419 4239 Dei,
3451 4151 3573 4242 cap;

2093 4237 2216 4293 pag.
2252 4225 2410 4280 4201.
2440 4227 2644 4284 ORELL.

2167 4297 2456 4370 Artificiosa
2505 4302 2807 4356 maderent
2864 4305 3101 4361 nouitate.
3160 4306 3312 4363 Fulv.
3360 4309 3542 4368 Ursin.
3616 4314 3702 4370 leo

2093 4366 2330 4447 gendum
2374 4370 2606 4447 coniecit
2634 4375 2874 4447 uanitate.
2904 4375 3008 4430 Sed
3052 4393 3158 4431 non
3186 4394 3321 4447 opus
3348 4380 3448 4438 bac
3476 4366 3697 4440 correc-

2095 4439 2261 4492 tione.
2295 4439 2590 4509 Artiﬁciosa
2615 4446 2811 4522 novitas
2832 4448 3096 4522 exquisite
3122 4461 3175 4503 et
3196 4439 3468 4522 eleganter
3494 4439 3703 4511 dicitur

2095 4522 2183 4592 ars
2210 4525 2593 4592 nuv’asetnper
2620 4524 2675 4569 et
2706 4517 2973 4592 invisitata
3017 4517 3355 4592 excogitatis.
3401 4524 3503 4579 Pro
3538 4541 3702 4581 excu-

452 4606 588 4662 Cura
616 4607 722 4662 illis
758 4616 832 4662 est
859 4608 1092 4662 omnibus
1128 4608 1313 4677 {amem
1350 4609 1616 4678 prohibere
1651 4574 1984 4677 nioriiferam.
2017 4574 2071 4635 Β
2097 4580 2545 4678 (fit
2592 4588 3187 4678 F'?”,1'_',E_f’f‘c,lf‘fi?r""‘:
3235 4593 3471 4678 allegatis
3514 4596 3701 4678 ‘00“?!

378 4678 753 4734 Conferendus
780 4694 903 4734 cum
931 4690 1119 4734 nostro
1145 4680 1425 4735 Ciceronis
1457 4680 1608 4737 locus
1632 4680 1699 4735 de
1730 4679 1915 4750 Ofﬁc.,
1946 4698 1984 4749 ι,

379 4768 429 4805 c.
462 4751 516 4817 4,
548 4750 665 4806 init.
697 4751 901 4806 ORELL.

451 4821 519 4875 In
552 4823 767 4892 pecudes
796 4835 949 4893 atque
977 4822 1109 4876 alias
1144 4822 1341 4877 belluas
1380 4824 1451 4878 ire
1488 4824 1687 4878 animas
1726 4823 1985 4894 improbo-

378 4909 511 4965 rum.
552 4898 697 4948 lianc
726 4895 1048 4949 sententiam
1083 4895 1335 4965 proponit
1368 4896 1517 4948 Plato
1543 4912 1664 4949 eum
1688 4896 1840 4961 alibi,
1867 4904 1980 4948 tum

378 4964 431 5037 in
468 4965 767 5037 I’hatdone:
794 4966 973 5037 ibique
996 4964 1114 5019 eam
1142 4965 1383 5027 pluribus
1406 4966 1658 5036 extilicat.
1695 4968 1768 5021 De
1789 4966 1981 5021 eadem

379 5033 904 5109 Tertullianiilibro'
922 5037 988 5091 de
1016 5037 1195 5091 anima
1239 5037 1305 5093 51
1336 5078 1352 5103 ,
1381 5037 1451 5093 52
1533 5048 1588 5093 et
1631 5036 1981 5109 sequentibus

377 5106 666 5174 capitibus.
705 5108 946 5172 HERALD.

454 5177 667 5231 limata.
703 5177 779 5232 Ita
813 5178 1257 5235 Gelenius.'Cod.
1297 5192 1399 5233 ms.
1440 5189 1690 5249 sumptae,
1723 5180 1865 5249 quod
1894 5180 1985 5235 de-

376 5247 604 5303 fendunt
644 5249 746 5302 Th.
788 5250 1054 5305 Cauterus
1101 5261 1155 5305 et
1196 5249 1469 5305 Stewech.
1514 5247 1635 5306 loco
1686 5247 1909 5306 Arnubii
1952 5265 1984 5307 e

375 5319 471 5372 lib.
499 5335 531 5370 v
560 5337 574 5373 :
606 5318 709 5383 Qui
754 5322 962 5388 potestis
994 5338 1073 5376 res
1101 5331 1264 5376 certas
1306 5323 1455 5375 rebus
1484 5339 1515 5375 τι
1543 5321 1710 5375 dubiis
1748 5338 1977 5387 stunere,

376 5389 468 5464 tibi
491 5406 687 5464 sumere
714 5389 853 5464 idem
877 5392 1018 5461 quod
1047 5409 1306 5447 secernere
1329 5408 1347 5464 .f
1374 5409 1545 5464 neque
1570 5395 1672 5464 hoc
1704 5394 1862 5463 plane
1893 5409 1979 5449 re-

370 5460 667 5530 jitriendum
713 5460 947 5516 videtur.
1002 5464 1233 5519 Salinas.
1264 5504 1278 5527 ,
1334 5463 1390 5518 in
1438 5460 1526 5519 ed.

1581 5463 1752 5536 Lugd.
1815 5465 1931 5521 Bat.
1960 5504 1977 5532 ,

377 5542 640 5595 exentptce.
676 5533 959 5597 Meursius,
983 5546 1269 5589 summoue.
1312 5535 1516 5591 ORELL.
1671 5533 1687 5536 ⁷
1936 5573 1942 5580 η

447 5602 610 5659 XVII.
662 5632 734 5646 --
780 5603 1102 5660 Rationales.
1161 5606 1245 5663 Cf.
1294 5606 1437 5677 Cic.,
1488 5607 1557 5664 de
1581 5606 1709 5674 Oili,
1750 5623 1870 5677 cap.
1920 5615 1977 5664 4.

451 5745 747 5831 Maternum.
916 5746 1050 5831 ,'de
1098 5745 1217 5801 Nat.
1272 5748 1430 5802 Deor.
1463 5765 1500 5815 t,
1545 5748 1573 5873 ᾗ
1614 5678 1983 5806 ἓὲκῗῗέδιὶω

451 5827 533 5872 me
561 5830 608 5873 et
637 5818 770 5873 nihil
798 5819 1157 5873 intelltaentes.
1202 5818 1387 5873 ltaaue
1417 5833 1522 5873 non
1571 5820 1837 5873 egentium
1863 5821 1981 5873 bru-

378 5827 533 5872 mutee
561 5830 608 5874 et
637 5818 770 5875 nihil
798 5819 1157 5890 intelligentes.
1202 5818 1387 5887 Itaque
1417 5833 1522 5874 non
1550 5818 1837 5891 legendum
1863 5821 1981 5875 bru-

2099 4652 2327 4721 Apuleii'
2362 4652 2564 4734 Florid‘.
2599 4672 2613 4734 ρ
2645 4676 2657 4711 :
2694 4658 2872 4733 Edicit
2919 4652 3275 4734 (Alexander)
3321 4652 3555 4721 universo
3586 4652 3708 4724 orbi

2096 4737 2210 4788 suo,
2244 4726 2438 4803 nequis
2468 4728 2691 4803 efﬁgiem
2717 4726 2849 4799 regis
2879 4726 3063 4784 tentare
3088 4726 3396 4791 assimilaret
3416 4754 3537 4803 aere,
3556 4739 3707 4795 colo-

2099 4808 2177 4878 re,
2225 4796 2520 4878 etclam-ine.
2549 4796 2672 4878 quin
2713 4796 2858 4878 solus
2877 4818 2986 4854 eam
3018 4803 3313 4878 Polycletus
3338 4824 3442 4862 tere
3466 4796 3700 4878 duceret,

2091 4866 2231 4951 solus
2259 4867 2736 4951 Apelles-coloribus
2757 4872 3050 4951 delinearet,
3079 4866 3216 4951 stilus
3263 4877 3565 4951 Pyrgoteles
3610 4866 3708 4937 ca:-

2090 4936 2575 5020 lantineexcluderet
2590 4941 2721 5020 :_U_bi
2735 4952 2909 5020 aut_em
2928 4936 3484 5020 Eltn'ettltorstiiEditin
3500 4968 3552 5020 p.
3568 4954 3702 5020 '5“,

2089 5007 2253 5088 habet
2277 5010 2584 5090 excluderet.
2615 5011 2760 5067 ldetn
2801 5015 3070 5071 Steweclt.
3102 5020 3307 5090 mavult
3343 5037 3357 5075 :
3389 5007 3706 5090 artificiosae

2091 5082 2354 5152 novitates,
2385 5082 2435 5136 id
2461 5092 2544 5137 est
2573 5099 2660 5138 res
2685 5100 2872 5152 novas,
2904 5098 3058 5141 antea
3087 5089 3213 5143 nulli
3243 5091 3407 5146 visas.
3433 5082 3641 5150 Οιὶειι..

2162 5149 2583 5238 Tanten..nFu_l.v.
2638 5149 2922 5238 Ursinus}:
2970 5169 3021 5238 _et
3071 5170 3275 5227 tamen,
3323 5166 3467 5234 quod
3527 5149 3706 5238 magis

2090 5221 2286 5305 placet,
2316 5235 2362 5276 et
2395 5223 2655 5305 facillime
2706 5228 2986 5285 absorberi
3034 5221 3316 5300 poterat'a
3343 5221 3704 5305 ’βπ-ωεθάθῆὶί

2091 5296 2332 5348 novitate.
2391 5295 2596 5351 Οιιειι..

2163 5365 2347 5449 XVIII.
2376 5397 2448 5406 —
2479 5367 2601 5450 Non
2629 5378 2746 5450 sunt
2784 5371 2883 5425 ista
2906 5372 3131 5450 scietttiw
3156 5391 3403 5450 munera,
3426 5380 3515 5433 sed
3545 5396 3684 5450 pau-

2094 5438 2326 5506 prrrimce
2356 5440 2669 5494 necessitatis
2697 5440 2916 5496 inventa.
2950 5442 3244 5514 Theocrit.,
3276 5438 3433 5520 Idyil.
3469 5438 3583 5520 xxi,
3612 5453 3639 5508 I
3681 5472 3699 5510 :

2274 5533 2305 5581 λ
2329 5544 2447 5589 πινία,
2470 5545 2663 5595 morsus,
2684 5546 2778 5595 μόνα
2796 5546 2864 5592 τὰς
2885 5549 3011 5599 τέχνας
3037 5549 3175 5601 ιγιὶριι.

2274 5601 2376 5643 Αὐτὸ
2396 5609 2463 5643 τοῦ
2486 5607 2636 5657 μόχθοιο
2659 5602 2904 5657 διδάσκαλος.

2086 5672 2302 5744 Virgil.,
2327 5674 2526 5748 Georg.
2558 5692 2594 5741 ι,
2627 5693 2753 5735 vers
2785 5680 2888 5737 M5
2917 5699 2930 5736 :

2178 5765 2316 5829 'I‘unc
2337 5768 2484 5819 varia:
2508 5782 2697 5821 venere
2721 5776 2858 5822 artes
2879 5786 2890 5821 :
2908 5772 3049 5826 labor
3073 5777 3239 5826 omnia
3265 5778 3381 5829 vicit

2184 5826 2457 5896 humi-obus,
2484 5839 2537 5883 et
2558 5830 2696 5883 duris
2718 5845 2904 5897 urgens
2930 5837 2977 5886 in
3000 5839 3152 5890 rebus
3176 5826 3394 5904 «egestas.
3450 5839 3632 5897 Onus.
