3974 6068
212 195 310 252 841

1537 186 1741 248 LIBER
1778 188 2152 250 SECUNDUS.

3407 201 3516 258 842

211 298 395 367 utnec
421 307 634 380 frigoris
675 321 895 364 sensum
920 315 970 375 α,
1002 320 1105 365 nec
1133 306 1382 363 ardorem
1413 306 1647 362 validum
1688 323 1810 378 per-
1835 315 1890 374 Α
1914 322 2130 377 semper
2170 305 2337 362 silens
2366 304 2608 371 accedat,
2651 306 2874 363 verbum
2913 309 3118 366 nullum
3150 311 3374 380 faciens,
3408 331 3510 371 nec

211 403 446 475 petiatur
477 402 702 456 mstatis.
734 401 792 456 ln
840 401 984 456 hunc
1009 415 1178 456 sonus
1205 403 1426 455 omnino
1455 400 1650 455 nullius
1680 400 1816 455 inci-

209 494 304 551 dat
347 494 526 562 vocis,
558 509 664 548 non
692 495 842 562 avis,
886 510 993 550 non
1022 494 1248 559 bestiae,
1299 510 1404 548 non
1448 494 1812 560 tempestatis,

211 603 323 643 nun
379 585 635 652 hominis,
696 601 803 643 non
858 585 1091 656 denique
1145 584 1375 656 fragoris
1423 584 1672 655 alicujus,
1725 593 1819 639 aut

211 681 595 750 concrepantis
638 680 948 736 terribiliter
996 678 1140 734 coeli.
1192 678 1576 750 Excogitemus
1621 677 1819 734 deinde

209 772 666 844 quemadmodum
714 774 896 827 lumen
938 772 1198 843 accipiat,
1246 786 1352 827 non
1381 787 1448 826 ex
1487 771 1637 826 illato
1678 770 1819 841 igni,

210 881 391 938 neque
429 883 497 922 ex
535 865 653 922 sole
691 877 1018 936 conspecto,
1061 865 1157 921 sed
1199 865 1422 921 nothum
1465 863 1666 935 aliquid
1695 864 1818 932 fiat,

210 958 356 1031 quod
403 960 694 1030 imaginem
746 958 965 1014 luminis
1019 958 1252 1030 caligine
1305 957 1620 1028 interposita
1670 973 1823 1013 men-

213 1054 376 1107 tiatur
409 1069 422 1106 :
451 1051 614 1123 janua
662 1067 770 1108 non
821 1068 922 1107 una
951 1051 1040 1118 sit,
1075 1067 1176 1107 nec
1215 1050 1287 1108 sit
1332 1051 1584 1106 introitus
1614 1059 1818 1117 rectus,

211 1147 439 1202 adeatur
497 1145 784 1203 inflexibus
832 1146 1090 1202 ﬂexuosis
1137 1163 1152 1199 :
1203 1160 1302 1201 nec
1357 1144 1668 1200 recludatur
1719 1144 1819 1199 ali-

211 1239 450 1312 quando,
485 1239 585 1296 nisi
613 1255 736 1296 cum
769 1240 1076 1296 necessaria
1108 1239 1246 1296 ratio
1271 1239 1578 1310 postularit.

287 1333 430 1390 XXI.
465 1333 618 1391 Nunc
642 1335 898 1406 quoniam
921 1333 1141 1406 imagini
1165 1333 1584 1405 prmparavimus
1611 1331 1818 1399 sedem,

212 1429 548 1500 accipiamus
594 1429 851 1501 deinceps
894 1445 1016 1484 mox
1061 1428 1296 1500 aliquem
1347 1437 1556 1492 natum,
1608 1427 1662 1482 in
1717 1426 1820 1482 loci

213 1524 363 1580 illius
387 1523 699 1595 hospitium,
718 1523 863 1596 quod
887 1523 1083 1579 habeat
1101 1538 1217 1580 rem
1248 1523 1470 1590 nullam,
1489 1533 1544 1578 et
1569 1523 1638 1578 sit
1667 1522 1824 1578 inane

216 1631 284 1673 ac
315 1632 538 1672 vacuum
567 1634 581 1672 :
606 1616 882 1673 Platonica
913 1618 1040 1674 licet
1069 1627 1161 1672 aut
1184 1617 1521 1689 Pythagorea
1544 1616 1822 1688 progenie,

1919 399 1971 454 in
2018 415 2300 455 sermones
2342 400 2550 471 aliquos
2597 415 2690 454 ora
2719 409 2773 455 et
2802 400 2948 457 labra
2991 403 3242 459 diducat:
3269 407 3362 461 sed
3393 421 3518 463 cum

1918 509 2180 548 mammas
2217 493 2458 557 dederit,
2486 507 2543 550 et
2588 497 2971 565 consequentia
3013 499 3274 568 supplerit
3306 501 3514 567 officia,

1918 585 2101 642 datum
2131 587 2296 658 quieti
2329 588 2556 658 linquat,
2583 597 2637 642 et
2667 600 2793 644 ante
2829 590 2973 645 fores
3002 591 3216 646 clausas
3243 592 3360 649 dies
3391 609 3520 650 noc-

1919 690 2108 753 tesque
2151 683 2449 739 continuet.
2489 683 2666 740 Poscit
2709 684 2853 738 enim
2906 685 3225 757 plerumque
3271 702 3376 753 res,
3423 705 3523 743 nu-

1921 777 2104 832 tricias
2124 775 2314 832 adesse
2339 791 2519 844 curas,
2543 785 2598 832 et
2615 776 2909 832 observare
2935 779 3292 848 temporarias
3318 791 3513 836 motus.

1921 872 1991 924 At
2015 885 2144 926 vero
2169 886 2290 925 cum
2319 870 2546 940 ets-perit
2574 869 2926 926 solidioribus
2951 871 3085 927 cibis
3115 870 3291 928 infans
3321 871 3520 930 debere

1921 961 2114 1030 fulciri,
2163 962 2373 1018 nutrice
2416 962 2717 1018 inferantur
2745 961 2811 1017 ab
2851 963 3064 1029 eadem,
3098 975 3270 1031 veste,
3301 976 3359 1019 ut
3385 964 3521 1021 dixi-

1921 1069 2059 1117 mus,
2101 1055 2297 1124 posita,
2341 1063 2396 1110 et
2441 1065 2630 1126 tenore
2674 1055 2972 1110 reticentia:
3014 1066 3250 1111 servato.
3282 1056 3403 1127 Ipse
3429 1071 3524 1112 aus

1923 1158 2050 1212 tem,
2081 1148 2171 1218 qui
2201 1146 2426 1203 infertur
2449 1149 2602 1202 cibus
2634 1147 2706 1202 sit
2742 1161 2879 1202 unus
2907 1156 3066 1218 atque
3093 1147 3235 1203 idem
3261 1163 3478 1218 semper
3507 1170 3522 1204 :

1921 1241 2054 1296 nihil
2085 1241 2306 1296 materia
2346 1238 2622 1305 differens,
2655 1255 2756 1296 nec
2797 1255 2896 1310 per
2919 1241 3098 1295 varios
3127 1240 3525 1312 redintegratus

1922 1347 2146 1403 sapores
2181 1349 2194 1386 :
2229 1331 2324 1388 sed
2369 1341 2462 1387 aut
2507 1331 2653 1386 ﬁtilla
2699 1331 2768 1387 de
2810 1332 2981 1396 milio,
3011 1342 3106 1387 aut
3148 1333 3218 1389 sit
3260 1332 3412 1403 panis
3460 1349 3529 1390 ex

1924 1425 2086 1491 farre,
2117 1433 2229 1491 aut,
2281 1433 2337 1479 ut
2367 1424 2559 1478 acscula
2611 1423 2880 1479 imitemur
2923 1424 3177 1495 antiqua,
3230 1441 3295 1480 ex
3344 1426 3529 1482 cinere

1923 1515 2079 1572 caldo
2131 1515 2386 1586 glandes,
2435 1525 2528 1570 aut
2578 1530 2645 1570 ex
2703 1515 2868 1570 ramis
2916 1517 3218 1586 agrestibus
3262 1517 3528 1572 bacculte.

1924 1610 2079 1666 Potio
2106 1621 2283 1664 autem
2324 1607 2432 1663 viui
2459 1609 2527 1663 sit
2555 1622 2775 1679 prorsus
2818 1609 3111 1678 incognita,
3145 1625 3246 1665 nec
3275 1610 3528 1665 sedanda:

215 1721 311 1768 aut
339 1711 527 1767 horum
565 1711 812 1782 alicujus,
843 1712 934 1784 qui
963 1713 1226 1768 acuminis
1258 1711 1613 1783 perhibentur
1658 1711 1824 1767 fuisse

1954 1702 2073 1758 .liud
2100 1701 2454 1757 admoveatur
2495 1700 2618 1765 siti,
2642 1715 2801 1771 quam
2835 1701 3008 1770 liquor
3043 1716 3209 1769 purus
3235 1716 3266 1756 e
3293 1699 3532 1757 fontibus

217 1807 386 1864 divini
421 1823 438 1862 :
468 1817 562 1863 aut
588 1822 656 1864 ex
697 1807 863 1863 Deum
897 1808 1174 1878 responsis
1203 1805 1588 1877 sapientissimi
1616 1820 1824 1860 nuncu-

216 1901 349 1974 pati.
384 1901 538 1969 Quod
584 1917 706 1958 cum
749 1912 926 1958 actum
969 1900 1162 1969 fuerit,
1203 1901 1392 1956 nutriri
1425 1911 1480 1956 ut
1507 1900 1702 1956 debeat
1737 1913 1824 1954 se-

217 1994 424 2064 quitur,
467 2003 523 2050 et
570 1994 842 2050 alimoniis
889 1994 1336 2050 convenientibus
1379 1993 1620 2050 educari.
1655 1991 1823 2047 Adhi-

219 2087 442 2146 beamus
463 2087 623 2161 igitur
642 2097 697 2146 et
713 2089 1000 2154 nutricem,
1024 2103 1144 2160 qua:
1170 2102 1388 2159 semper
1413 2085 1479 2142 ad
1507 2101 1634 2142 eum
1652 2083 1818 2150 nuda,

1927 1796 2146 1852 caldore
2177 1795 2315 1865 ignis
2345 1795 2578 1850 intactus
2612 1811 2625 1848 :
2659 1803 2734 1858 et,
2763 1795 2807 1850 si
2835 1793 2951 1850 fieri
2983 1798 3124 1865 potis
3145 1805 3250 1862 est,
3285 1797 3533 1852 manibus

1925 1891 2366 1950 subministratus
2400 1889 2567 1944 cavis.
2614 1887 2732 1944 Fiet
2781 1889 2924 1944 enim
2974 1887 3254 1946 familiaris
3302 1905 3334 1945 e
3382 1906 3535 1947 more

1927 1982 2262 2043 consuetudo
2303 1983 2356 2038 in
2402 1993 2648 2038 naturam
2694 1996 2889 2038 versa:
2923 1997 3023 2037 nec
3065 1983 3329 2054 appetitio
3364 1985 3537 2055 porri-

1927 2090 2082 2152 getur
2111 2077 2356 2146 ulterius,
2379 2091 2502 2132 esse
2527 2073 2756 2146 amplius
2784 2075 3031 2131 nesciens
3055 2075 3196 2146 quod
3225 2085 3458 2148 petatur.

1403 2226 1793 2285 LECTIONES
1831 2220 2254 2281 VARIANTES.

289 2347 316 2379 ⁸
341 2345 504 2412 Addit
528 2343 670 2397 Fulv.
697 2345 952 2410 hyemalls.

1575 2451 2145 2511 COMMENTARIUS.

305 2595 413 2652 Sed
455 2594 666 2649 nothum
695 2593 890 2663 aliquid
918 2593 1032 2664 fiat.
1062 2593 1270 2650 Sensus
1311 2601 1397 2650 est
1423 2611 1436 2649 :
1460 2593 1643 2648 lumen
1674 2608 1829 2664 pers-

227 2668 390 2738 picue
421 2682 526 2738 non
559 2666 880 2738 excipiatur.
923 2665 1020 2720 sed
1049 2667 1264 2738 aliunde
1296 2680 1393 2734 per
1423 2665 1659 2738 rimulas
1693 2666 1834 2721 irre-

231 2737 346 2811 pat,
374 2737 512 2793 adeo
537 2748 592 2792 ut
621 2753 809 2791 verum
843 2737 1159 2811 lumendici
1191 2755 1297 2811 non
1330 2738 1521 2811 possit.
1572 2737 1828 2811 sedsttp-

236 2808 528 2937 iiosi5’1i7v5um
575 2819 628 2864 et
665 2811 871 2865 νοθεῖον.
905 2808 994 2864 Sic
1039 2808 1319 2865 Lucretius
1345 2808 1412 2865 de
1442 2808 1616 2876 Luna,
1649 2809 1746 2865 lib.
1775 2824 1832 2877 v,

236 2897 320 2937 vs.
481 2897 494 2934 :

232 2897 320 2938 γε.
349 2897 456 2937 Oli)
481 2897 494 2934 2

331 2973 588 3037 Lunaque,
613 2975 720 3024 sive
746 2974 894 3025 notho
917 2974 1074 3026 fertur
1096 2975 1198 3024 loca
1225 2974 1412 3026 lumine
1429 2975 1664 3036 lustrans,

335 3037 457 3100 Sive
480 3051 616 3086 suam
642 3040 842 3100 proprio
860 3038 1012 3100 jactat
1033 3038 1096 3087 de
1121 3051 1329 3099 corpore
1353 3039 1536 3100 lucem,

336 3053 454 3086 atve
480 3053 616 3086 suam
675 3053 842 3100 l'Opl'lO
885 3053 1012 3088 actat
1033 3053 1096 3087 ορ
1121 3053 1329 3099 corpore
1353 3053 1536 3099 lucem,

336 3099 581 3162 Quidquid
605 3053 775 3161 itfest,
801 3053 954 3150 nil’iilo
975 3100 1135 3151 fertur
1160 3102 1344 3163 majore
1368 3099 1545 3164 figura.

238 3216 299 3262 et
331 3205 530 3262 Catull.
559 3221 727 3261 carm.
759 3205 848 3273 34,
877 3221 959 3260 vs.
987 3207 1054 3262 15
1088 3228 1100 3262 :

495 3296 568 3360 Tu
590 3306 769 3360 potens
791 3297 978 3358 Trivia,
1005 3305 1056 3349 et
1079 3298 1231 3348 notho
1257 3312 1314 3348 es

497 3359 634 3410 Dicta
659 3360 846 3410 lumine
867 3360 1024 3410 Luna.

324 3467 512 3523 Paton.
556 3465 660 3521 Alii
709 3464 897 3535 legunt
938 3482 1143 3520 novum.
1173 3465 1306 3520 Cod.
1344 3481 1446 3518 ms.
1493 3473 1690 3520 notum.
1734 3464 1852 3520 No-

249 3540 398 3595 lltum
422 3548 507 3593 est
536 3553 601 3591 ett
629 3537 1012 3592 emendatione
1039 3537 1318 3604 Scaligeri.
1349 3536 1554 3592 Οιιειι.

331 3609 632 3676 lnﬂexibus.
683 3607 759 3662 Ita
790 3608 1064 3664 Stewerh.
1113 3618 1374 3679 sequente
1421 3608 1631 3663 editore
1675 3606 1851 3676 Lugd.

250 3683 355 3740 Bat
408 3680 496 3734 Est
532 3689 711 3735 autem
741 3680 811 3734 ah
838 3681 1085 3748 inflexus,
1114 3697 1194 3742 us,
1227 3695 1324 3749 pro
1359 3681 1594 3750 inﬂexio,
1628 3689 1683 3733 ut
1710 3695 1852 3732 com-

250 3763 480 3809 mutatus
497 3767 594 3820 pro
609 3752 958 3806 commulatio.
990 3751 1207 3807 Lucret.
1228 3767 1264 3814 t,
1289 3767 1432 3806 vers.
1460 3752 1585 3818 805,
1617 3751 1856 3820 apinatus

251 3842 356 3896 pro
381 3824 577 3896 Opinio;
602 3823 800 3896 i_d.._tv,
824 3823 955 3886 466;
975 3821 1250 3896 Coujectus
1281 3824 1662 3896 proconiectio,
1681 3822 1770 3875 liv.
1798 3836 1852 3896 Υ,

251 3892 402 3951 vers.
435 3895 564 3960 M7,
602 3893 898 3948 Declinatus
940 3910 1039 3965 pro
1078 3892 1353 3948 declinatio
1394 3909 1482 3962 ap.
1511 3893 1735 3949 Varron.
1774 3892 1856 3965 de

251 3968 392 4037 ling.
441 3967 564 4037 ιαμ,
611 3965 920 4035 aliquoties.
943 3963 1146 4021 _Fissus
1188 3982 1284 4032 pro
1315 3965 1479 4032 ﬁssio,
1522 3963 1855 4037 ap._.\lauil.,

255 4034 363 4096 lib:
392 4053 429 4090 l.
466 4036 622 4100 Vide,
671 4034 759 4102 qui
793 4038 944 4106 plura
991 4037 1237 4105 exempla
1280 4037 1573 4104 congessit,
1603 4034 1852 4089 Tennull.

258 4109 330 4164 ad
364 4107 612 4180 Frontin.
653 4107 979 4180 Strategem.
1013 4109 1110 4164 lib.
1143 4126 1179 4172 ι,
1229 4111 1453 4180 prtelat.
1480 4123 1616 4180 pag._
1647 4107 1716 4180 fi,
1765 4106 1853 4180 ed.

259 4179 615 4248 Oudendorp.
651 4178 757 4234 Alii
783 4180 1167 4250 inﬂationibus.
1203 4176 1527 4235 Arntzenius
1553 4176 1618 4232 ad
1647 4176 1856 4250 Nazarii

264 4252 470 4314 Pauca.
500 4247 922 4323 iniCottstautin.
951 4249 1013 4305 (Ζ.
1050 4252 1114 4318 ν,
1145 4251 1174 4323 §
1216 4252 1269 4307 6.
1308 4250 1548 4322 Legend.
1582 4247 1728 4318 conj.
1761 4264 1858 4300 an-

266 4323 513 4396 fructibus
536 4322 796 4396 flexuosis.
830 4322 1035 4379 OnsLL.

341 4393 484 4475 ιιχι.
647 4391 822 4475 ⁸Νιηηι
857 4396 1115 4475 quoniam
1179 4393 1392 4475 imagini
1455 4393 1862 4475 prwparavimus
1887 4414 1941 4475 D

268 4467 462 4528 sedem,
495 4465 808 4529 accipiamus
833 4467 1069 4533 deinceps
1092 4481 1213 4519 mox
1233 4465 1456 4532 aliquem
1483 4475 1657 4518 natum
1686 4465 1739 4518 in
1763 4463 1862 4519 loci

269 4539 415 4593 illius
443 4537 739 4608 hospitium,
786 4538 925 4608 quod
954 4538 1136 4591 habeat
1173 4553 1279 4608 rem
1307 4536 1504 4590 nullam
1534 4546 1579 4590 et
1608 4537 1674 4590 sit
1708 4536 1864 4590 inane

273 4621 320 4665 et
357 4625 589 4690 vqruum,
636 4607 905 4690 Platonica
953 4610 1068 4690 licet
1112 4607 1559 4690 autlfythagorea
1603 4609 1859 4690 progenie,

1941 2593 2112 2647 rectio
2144 2589 2394 2662 proxime
2422 2590 2629 2648 accedit
2658 2591 2724 2646 ad
2755 2592 3040 2649 lectionem
3065 2593 3189 2652 cod.
3215 2610 3316 2652 ms.
3352 2599 3406 2653 in
3429 2613 3539 2654 sep

1941 2680 2091 2718 moue
2130 2663 2374 2732 alicujus,
2405 2663 2548 2738 quod
2580 2672 2728 2719 stare
2764 2680 2871 2738 non
2899 2676 3104 2738 potest,
3139 2669 3262 2736 quia
3311 2672 3534 2738 nemini,

1944 2745 2149 2802 prteter
2192 2751 2349 2788 unam
2386 2733 2674 2801 nutricem,
2718 2735 2785 2789 ad
2832 2736 3088 2793 infantem
3121 2733 3380 2795 accedere
3409 2733 3542 2797 lice-

1945 2805 2054 2860 bat.
2086 2804 2278 2861 Gelen.
2309 2806 2362 2859 in
2389 2821 2671 2860 sermonem
2693 2808 2931 2876 aliquem.
2962 2808 3179 2867 llerald.
3218 2827 3310 2865 nec
3343 2818 3395 2866 in
3431 2830 3543 2868 seru

1944 2877 2332 2932 mocinationem
2358 2893 2450 2930 ora
2482 2917 2494 2930 .
2520 2917 2532 2929 .
2559 2917 2571 2930 .
2597 2917 2610 2930 .
2637 2879 2868 2933 diducat.
2893 2877 3097 2937 Οιιειι.

2024 2967 2354 3052 ιηῙρνίζηιιιν.
2394 2967 2468 3023 Ita
2498 2968 2761 3025 Meursius
2806 2981 2860 3025 ct
2887 2971 3206 3030 Salmasius.
3238 2977 3341 3034 Alii
3369 2997 3381 3034 :
3413 2980 3547 3052 infe-

1950 3039 2102 3095 ratur
2125 3057 2144 3094 :
2165 3039 2370 3096 ORELL.

2025 3131 2132 3212 sed
2162 3142 2250 3212 aut
2278 3132 2429 3212 ﬁtilla
2456 3133 2520 3187 de
2534 3134 2712 3212 .milio.
2737 3134 3194 3212 ltaUrestituitAed.
3225 3141 3393 3212 Lugd.
3427 3145 3541 3202 Bal.

1953 3203 2178 3270 optime.
2213 3206 2380 3258 Antea
2411 3205 2692 3275 legebatur
2716 3207 2780 3260 sit
2809 3208 2920 3270 illa,
2954 3209 3099 3275 quod
3130 3211 3268 3268 male
3296 3203 3552 3273 convenit

1952 3291 2075 3331 cum
2104 3275 2493 3356 sequentibus:
2532 3277 2715 3356 aut_sit
2751 3279 2900 3356 panis
2931 3283 3179 3356 εει-[αντε.
3205 3299 3356 3356 _nam
3398 3290 3547 3356 panis

1954 3361 2060 3422 non
2093 3346 2318 3422 materia
2340 3346 2468 3406 cibi,
2502 3347 2596 3422 sed
2636 3345 2730 3422 far,
2752 3345 2956 3422 farina.
2986 3345 3051 3404 Et
3070 3353 3296 3408 omnino
3316 3345 3549 3422 sequen-

1955 3418 2027 3472 tia
2059 3417 2386 3470 substantiva
2421 3419 2588 3486 panis,
2623 3419 2854 3486 glandes,
2888 3460 2901 3472 .
2941 3461 2952 3474 .
2992 3461 3004 3473 .
3040 3462 3052 3474 .
3083 3423 3277 3480 baculw
3301 3417 3461 3482 etiam
3495 3431 3549 3485 in

1953 3490 2122 3562 priori
2154 3489 2399 3562 metnhro
2426 3489 2820 3562 substantivum
2848 3493 3067 3562 aliquod
3099 3496 3341 3558 flagitare
3367 3500 3553 3556 viden-

1956 3558 2062 3615 iur.
2103 3558 2416 3640 Lugendum
2465 3560 2642 3640 itaque
2682 3562 2868 3640 fitilla,
3013 3575 3126 3640 est,
3167 3569 3329 3637 ptlllis
3358 3586 3552 3640 genus,

1955 3647 2064 3712 quo
2087 3632 2384 3712 tuebantur
2403 3630 2453 3685 in
2473 3635 2666 3712 sacris.
2685 3630 3284 3712 Nostginfrajihfvn.
3311 3630 3429 3712 ca'p.
3457 3630 3549 3700 ειζ

1960 3701 2098 3784 Quid
2154 3701 2348 3770 ﬁtilla?
2409 3703 2547 3784 quid
2589 3706 2831 3784 frenarat?
2873 3717 2980 3760 etc.
3023 3707 3186 3784 Pliu.,
3232 3701 3553 3784 Hist.'uat.,

2086 3789 2238 3852 svnt,
2266 3774 2446 3852 cppLS
2499 3771 2764 3852 EtA'ltodie
2805 3782 3166 3852 sacra__prisca
3206 3793 3358 3852 atque
3403 3771 3556 3840 nata:

1959 3844 2084 3922 lium
2115 3844 2255 3911 pulte
2280 3842 2432 3912 ﬁtilla
2455 3845 2927 3922 con/iciu_ntur._(2f.
2957 3842 3174 3915 Muret”
3203 3842 3328 3906 Va'r.
3357 3855 3556 3922 Lectt.,

1959 3915 2067 3996 liba
2092 3931 2190 3975 xu,
2232 3929 2365 3996 cap;
2401 3929 2439 3978 ι,
2472 3924 2548 3980 et,
2592 3916 2782 3996 qui_de
2824 3916 2924 3972 hac
2964 3935 3096 3996 voce
3130 3932 3186 3975 et
3227 3925 3344 3991 ejus
3371 3915 3554 3996 etymo

1961 3987 2162 4041 tnultus
2189 3995 2293 4046 est,
2325 3983 2582 4051 Gesner.,
2613 3983 2667 4040 in
2695 3987 2994 4044 Thesauro.
3029 3990 3234 4047 OltELL.

2032 4076 2116 4131 Ea:
2141 4077 2310 4132 cinere
2338 4075 2488 4131 caldo
2516 4076 2748 4146 glandes.
2768 4077 2825 4132 ld
2843 4089 2947 4146 est,
2977 4082 3161 4138 cinere
3189 4086 3346 4140 caldo
3374 4097 3552 4146 tostas.

1960 4149 2296 4276 ἶθ’ςιϐἴοισιιιιιιιι
2325 4147 2658 4204 Graecorum.
2693 4149 2978 4219 Homerus,
2997 4153 3216 4225 Odyss,
3254 4174 3374 4226 XIX,
3409 4176 3552 4218 vers.

1962 4237 2031 4276 oo
2095 4237 2109 4275 :

1962 4237 2068 4276 θοι)
2095 4237 2109 4275 Ξ

2155 4393 2272 4438 Χῆνίς
2292 4405 2356 4440 μαι
2378 4392 2473 4430 ιο.τά
2493 4385 2590 4429 οἶκον
2614 4392 2747 4431 hiscat
2766 4394 2876 4445 πυρὸν
2899 4390 3042 4435 ἱδονσιν

2153 4445 2200 4497 ἐξ
2222 4449 2357 4501 ὕδατος
2365 4483 2374 4492 .
3089 4445 3290 4500 Ηειιλιι)
3299 4485 3309 4498 .

2036 4589 2254 4665 βαιάονε
2294 4592 2427 4665 ignis
2449 4591 2692 4646 intactus.
2720 4592 2961 4648 Calidum
2996 4595 3304 4665 potionibus
3343 4597 3561 4654 misceri

275 4661 589 4752 authorum'
617 4681 869 4752 alicujus,
919 4681 1006 4747 qui
1049 4661 1304 4752 arutniui;
1341 4661 1669 4752 peiliibent'ur
1698 4661 1848 4752 "fuissj

1965 4661 2214 4752 lsqlita‘m,
2253 4664 2620 4752 confirmatur
2672 4665 2790 4719 loco
2835 4665 2927 4720 illo
2975 4661 3259 4724 notissimo
3309 4668 3562 4738 Horatii,

280 4751 463 4812 divini,
493 4761 575 4804 aut
606 4769 668 4806 ea:
698 4749 860 4805 Deum
889 4753 1144 4812 responsis
1173 4750 1535 4819 sapientissimi
1563 4749 1866 4818 nuncupati.

281 4823 462 4880 Locus
488 4836 593 4876 non
619 4823 796 4877 solum
821 4824 1036 4889 egregie
1065 4825 1298 4886 Iuratus,
1330 4837 1516 4876 verum
1546 4831 1600 4874 et
1627 4819 1865 4874 mutilus.

281 4893 535 4951 ReStituo
561 4904 614 4948 et
658 4894 886 4965 suppleo
915 4911 928 4948 :
960 4893 1113 4949 Nunc
1152 4895 1390 4963 quoniam
1422 4892 1631 4964 imagini
1663 4907 1871 4961 praepa-

280 4967 513 5035 ravimtts
533 4965 622 5019 sed
638 4983 724 5031 nn,
757 4966 1067 5032 accipiamus
1108 4965 1344 5035 deinceps
1373 4981 1492 5019 mox
1529 4965 1748 5028 aliquem
1777 4978 1874 5016 na-

282 5048 392 5093 tum
429 5034 699 5090 Platonica
730 5036 843 5090 licet
873 5047 960 5090 aut
996 5034 1323 5108 Pythagorea
1362 5036 1622 5107 progenie,
1655 5044 1741 5108 aut
1774 5035 1871 5108 lto-

284 5125 403 5164 rum
439 5107 686 5180 alicujus,
730 5109 819 5177 qui
848 5105 1094 5162 acuminis
1128 5105 1473 5174 perhibentur
1495 5105 1873 5180 fuissedivini,

285 5189 377 5236 aut
414 5196 479 5234 ex
509 5177 674 5234 Deum
704 5182 960 5239 responsis
987 5180 1350 5249 sapientissimi
1393 5178 1697 5249 uuncupati,
1739 5185 1784 5231 et
1823 5177 1878 5230 in

287 5252 390 5308 loci
418 5251 560 5304 illius
602 5251 901 5318 hospitium,
927 5252 1064 5316 quod
1098 5253 1162 5306 sit
1205 5251 1357 5305 inane
1395 5261 1440 5304 et
1473 5265 1708 5308 vacuum.
1757 5264 1881 5302 con—

287 5322 580 5377 cludamus.
612 5320 866 5378 Ultimum
897 5339 1110 5387 vocem,
1143 5324 1404 5377 sententia
1435 5321 1733 5393 ﬂagitante,
1776 5318 1876 5372 ad-

689 5412 741 5466 p.
779 5394 1011 5451 58.—At
1035 5395 1213 5449 omnia
1243 5409 1371 5450 sana
1388 5391 1563 5462 erant,
1595 5391 1756 5448 modo
1787 5405 1884 5462 pro

289 5394 424 5450 didi.
459 5395 663 5450 Μευιις.

291 5469 408 5538 licet
441 5467 682 5538 legamus
706 5469 918 5522 scilicet.
951 5470 1155 5523 ORELL.

367 5537 394 5591 1
406 5535 598 5611 magini
639 5537 694 5592 Id
713 5549 795 5593 est
818 5541 1019 5595 homini
1040 5537 1424 5611 imaginatione
1443 5535 1884 5607 conccpto,ficto.

295 5608 468 5665 Ideal.
493 5608 708 5666 ‘OnELL.

375 5678 869 5756 {Vec__in_sermones
906 5683 1108 5756 aliquos
1144 5698 1243 5756 ora
1288 5691 1336 5738 et
1358 5680 1513 5756 glabra
1542 5679 1769 5734 diducat.
1815 5677 1891 5732 ita

299 5751 461 5812 Fulv.
492 5752 742 5822 Ursinus,
784 5751 1048 5826 sequenie
1093 5754 1180 5810 ed.
1224 5754 1392 5827 Lugd.
1443 5752 1728 5821 Bat.;qu:e
1769 5764 1893 5805 cor-

792 5849 1070 5912 PATBOL.
1117 5846 1196 5909 V.

1965 4733 2061 4789 lib.
2097 4749 2177 4800 Ill,
2211 4733 2300 4788 od.
2337 4734 2444 4790 l9:

2158 4914 2264 4972 Quo
2288 4913 2460 4965 Chium
2483 4915 2646 4977 pretio
2667 4914 2839 4964 cadum

2159 4977 2471 5028 Mercemur?
2494 4977 2616 5037 Quis
2637 4990 2810 5040 aquam
2830 4982 3079 5040 temperet
3102 4977 3335 5041 ignibus?

1977 5150 2043 5206 ad
2071 5166 2193 5222 qua:
2222 5158 2378 5222 vetus
2417 5148 2686 5222 interpres
2709 5149 2930 5222 Acrou_:
2957 5145 3094 5222 aut
3128 5151 3390 5220 tepefactis
3431 5153 3580 5222 aquis

1979 5217 2205 5278 solebant
2233 5219 2400 5276 Graeci
2425 5221 2540 5274 vina
2565 5231 2862 5287 temperare.
2886 5217 2992 5274 Sed
3017 5229 3069 5273 et
3087 5217 3458 5290 pauperiores,
3476 5217 3580 5292 ἰιιιί

1982 5311 2174 5364 aquam
2220 5293 2692 5364 bibebantsillam
2722 5293 2891 5361 ipsam
2932 5306 3145 5361 quoque
3186 5292 3332 5347 snliti
3381 5297 3570 5350 calefa-

1983 5363 2127 5422 cere.
2163 5365 2395 5431 Msuns.,
2423 5379 2460 5434 p
2510 5363 2598 5419 59.

2061 5458 2172 5513 Nec
2201 5459 2444 5529 appetitio
2495 5457 2780 5529 porrigetm'
2806 5455 3036 5529 ulterius,
3081 5472 3187 5512 esse
3230 5461 3452 5529 amplius
3473 5477 3589 5514 nes-

1987 5533 2147 5597 ciem,
2193 5525 2328 5602 quod
2360 5538 2559 5602 petatur
2610 5527 2682 5602 ita
2728 5525 2904 5593 Fulv.,
2937 5527 3251 5602 Ursinuset
3278 5525 3588 5602 Meursius:

1989 5603 2110 5660 cod.
2143 5598 2244 5655 ms.
2274 5611 2329 5655 ct
2353 5600 2518 5654 editio
2547 5599 2797 5669 princeps
2823 5599 3120 5669 corrigetur.
3159 5598 3433 5665 Nesciens,
3463 5601 3585 5653 scil.

1994 5673 2276 5745 appetitio,
2326 5671 2422 5745 sed
2473 5671 2696 5739 melius,
2747 5680 2909 5742 puto,
2954 5681 3102 5728 esset
3142 5672 3426 5740 nescienti,
3473 5669 3592 5723 scil.

1997 5741 2166 5818 puero
2194 5743 2291 5801 illi.
2318 5741 2520 5800 Οιιειι..

3268 5834 3349 5894 27
