3974 6068
323 449 427 509 851

1501 437 1779 497 ARNOBII
1820 434 2192 496 ADVERSUS
2226 428 2504 493 GENTES

3540 424 3649 486 852

314 567 574 639 ignorans
603 572 658 619 et
682 561 932 618 nesciens
957 601 971 626 ,
1026 571 1211 614 secum
1271 557 1447 627 potius
1491 570 1560 611 an
1600 569 1725 610 cum
1761 553 1933 609 altero
1960 550 2119 618 Avis
2159 550 2315 605 annis
2343 549 2489 605 vivat
2518 548 2852 615 innumeris,
2895 554 2949 604 et
2996 558 3290 619 numquam
3330 548 3490 605 nodis
3519 564 3647 604 eor-

319 657 672 729 colloquaris,
704 669 825 710 cum
855 655 1027 710 altero
1047 649 1452 718 sermocineris,
1467 660 1536 704 an
1560 658 1743 704 secum
1766 662 1779 699 :
1802 659 1929 699 ora-

321 754 401 809 tio
443 751 512 806 sit
557 750 658 805 ista
684 788 699 815 ,
757 762 919 818 quam
972 746 1178 815 promis
1201 782 1217 811 ,
1250 757 1318 797 an
1346 743 1557 797 sonitus
1585 739 1768 805 vocis,
1797 736 1931 792 nihil

321 859 505 901 rerum
528 841 860 912 significans,
884 838 980 895 sed
1005 838 1150 893 inani
1173 834 1574 891 continuatione
1596 831 1931 904 pertractus?

394 934 564 992 XXV.
591 933 730 1003 Quid
761 932 958 998 dicitis,
978 946 1012 985 o
1036 929 1161 997 viri,
1190 928 1476 999 plusquam
1501 927 1635 981 satis
1665 932 1748 980 est
1775 923 1931 979 vobis

322 1045 392 1086 ex
444 1029 621 1083 aliena
669 1026 1033 1097 generositate
1083 1019 1416 1077 tribuentes?
1464 1018 1590 1074 [hoc
1635 1024 1719 1072 est
1755 1016 1932 1070 anima

322 1125 480 1180 docta
512 1122 601 1177 illa
636 1136 798 1192 quam
825 1118 1020 1184 dicitis,
1057 1115 1400 1179 immortalis,
1434 1113 1696 1184 perfecta,
1727 1111 1929 1176 divina,

321 1226 446 1288 post
479 1217 645 1271 Deum
676 1212 970 1285 principem
995 1224 1199 1278 rerum,
1224 1219 1279 1265 et
1311 1216 1433 1278 post
1462 1215 1673 1262 mentes
1692 1202 1934 1274 geminas

322 1309 503 1365 locum
524 1309 774 1363 obtinens
796 1313 1068 1376 quartum,
1098 1313 1151 1358 et
1178 1302 1408 1357 afﬂuens
1432 1316 1501 1358 ex
1526 1296 1825 1355 crateribus
1850 1296 1933 1349 vi-

320 1402 445 1458 vis?
475 1402 570 1459 llic
591 1411 675 1457 est
698 1401 792 1456 ille
820 1400 1110 1470 pretiosus,
1135 1404 1191 1453 et
1212 1394 1511 1452 rationibus
1542 1392 1705 1447 homo
1730 1402 1931 1459 angus.

327 1495 553 1551 tissimis
589 1493 865 1564 prmditus,
889 1492 1120 1546 mundus
1144 1491 1320 1543 minor
1338 1488 1429 1559 qui
1451 1486 1668 1545 dicitur,
1694 1491 1750 1539 et
1768 1479 1929 1536 totius

326 1588 384 1642 in
411 1588 648 1657 Speciem
677 1584 1088 1640 similitudinis‘
1109 1581 1421 1647 fabricatus,
1450 1588 1613 1649 atque
1639 1576 1931 1631 formatus:

327 1680 479 1736 nullo
527 1679 754 1745 melior,
800 1688 859 1732 ut
902 1678 1185 1747 apparuit,
1220 1689 1449 1745 pecore,
1482 1672 1728 1728 obtusior
1757 1669 1930 1741 ligno‘,

327 1787 484 1840 saxo,
512 1774 603 1843 qui
635 1772 840 1828 nesciat
867 1770 1134 1836 homines,
1162 1777 1219 1824 et
1242 1770 1294 1823 in
1317 1767 1480 1822 mutis
1499 1776 1718 1834 semper
1744 1761 1936 1817 solitu-

2037 643 2215 714 porcis
2247 643 2533 699 eximatur.
2559 638 2665 699 Sed
2693 655 2815 697 cum
2848 638 3061 696 scholas
3084 636 3342 713 attigerit,
3364 648 3423 697 et
3448 638 3648 713 magis-

2037 742 2243 791 trorum
2271 736 2430 791 fuerit
2455 734 2879 791 institutionibus
2930 732 3176 790 eruditus
3200 776 3216 802 ,
3246 733 3477 790 efficitur
3507 750 3645 805 pru-

2038 828 2203 895 dens,
2233 829 2455 894 doctus,
2489 836 2545 885 et
2573 842 2733 901 quam
2764 840 2934 897 nuper
2969 824 3272 895 habuerat,
3320 827 3643 898 imperitiam

2039 923 2209 993 ponit.
2241 922 2309 977 Et
2339 920 2553 984 asellus,
2583 902 2638 975 ἐι
2668 921 2765 976 bos
2792 933 2977 990 teque,
3006 933 3108 975 usu
3137 927 3298 990 atque
3328 919 3646 976 assiduitate

2039 1024 2268 1086 cogente
2285 1012 2337 1080 δ,
2351 1012 2679 1069 diseitarare
2694 1027 2757 1068 ac
2779 1011 2983 1068 molere
3009 1026 3213 1083 :eqnus
3224 1008 3411 1085 iugum
3436 1011 3640 1079 subire,

2042 1117 2096 1161 et
2138 1121 2433 1175 agnoscere
2475 1105 2527 1159 in
2571 1104 2843 1160 curriculo
2887 1102 3150 1160 ﬂexiones
3184 1122 3198 1159 :
3248 1104 3487 1160 camelos
3524 1114 3647 1160 sese

2041 1199 2397 1265 submittere,
2427 1199 2542 1252 sive
2567 1210 2687 1252 cum
2718 1197 2882 1251 sumit
2910 1206 3077 1250 onera
3098 1237 3113 1261 ,
3145 1196 3260 1252 sive
3296 1209 3418 1251 cum
3451 1197 3603 1265 ponit
3630 1215 3646 1254 :

2041 1290 2288 1348 columba
2333 1290 2663 1346 manumissa
2711 1289 2957 1345 revelare
2997 1288 3063 1343 ad
3101 1288 3402 1344 dominicas
3448 1287 3645 1344 sedes:

2041 1384 2193 1439 canis
2226 1394 2349 1438 cum
2392 1371 2660 1437 invenerit
2700 1381 2936 1451 praedam
2959 1421 2974 1447 ,
3004 1379 3261 1436 cohibere
3283 1390 3337 1435 et
3365 1378 3650 1435 continere

2041 1474 2339 1530 latratum:
2392 1473 2556 1529 verba
2600 1473 2865 1545 psittacus
2892 1478 2948 1527 et
2974 1473 3283 1543 integrare,
3329 1474 3385 1527 ei
3428 1471 3650 1526 nomina

2041 1580 2238 1624 corvus
2275 1576 2617 1637 expromere.

2112 1657 2309 1714 XXVI.
2341 1658 2450 1716 Sed
2476 1672 2575 1728 ego
2613 1670 2736 1712 cum
2776 1655 2937 1712 audio
2990 1653 3178 1711 nescio
3219 1654 3345 1727 quid
3384 1660 3653 1727 praescius

2042 1753 2276 1808 animum
2306 1752 2410 1807 dici
2433 1791 2447 1818 ,
2498 1752 2607 1807 Deo
2634 1750 2866 1806 vicinum
2894 1757 2947 1805 et
2972 1750 3274 1821 prosimum
3292 1790 3308 1817 ,
3333 1746 3595 1805 Scientem
3623 1759 3647 1788 ο

329 1836 548 1921 dinibus
564 1865 743 1937 degat,
764 1864 1080 1920 demoretur
1111 1863 1279 1929 iners,
1297 1860 1476 1917 valeat
1502 1860 1555 1914 in
1587 1871 1737 1921 aere,
1765 1866 1956 1925 qnam-
1984 1837 2033 1897 Β
2060 1847 2168 1903 huc
2197 1846 2376 1902 omnia
2406 1842 2777 1916 superioribus
2820 1841 3113 1899 adventare
3141 1841 3210 1898 tle
3238 1839 3453 1898 saeculis
3486 1857 3499 1896 :
3525 1836 3653 1897 nolo

1583 1986 1971 2051 LECTIONES
2006 1979 2426 2043 VARIANTES.

397 2125 426 2155 ⁸
448 2122 933 2185 Similitudinemquc
953 2116 1097 2170 Fulv.

390 2185 423 2223 ιι
447 2185 668 2250 Cogendi
734 2197 824 2236 ms.

2111 2102 2134 2133 ο
2180 2097 2456 2162 Sciensque
2482 2093 2624 2146 Fulv.

1721 2271 2285 2359 COMMENTARIUS.

326 2427 420 2484 ubi
447 2426 669 2481 Servius
695 2443 707 2479 :
744 2425 954 2479 Cuutem
985 2422 1301 2491 Marpesiam
1337 2419 1554 2473 Parium
1582 2413 1810 2491 lapidem
1842 2411 1926 2466 di-

328 2501 417 2553 cit.
452 2497 722 2566 Marpesus
744 2498 880 2550 enim
907 2506 981 2549 est
1011 2490 1156 2549 mons
1188 2492 1363 2546 Paria:
1392 2491 1598 2566 insulis.
1633 2490 1876 2543 Emicuit.

404 2570 531 2623 Cum
558 2563 720 2621 altero
750 2566 1122 2629 sermocineris,
1158 2581 1225 2618 an
1255 2580 1445 2617 secum.
1480 2563 1711 2616 Prorsus
1740 2572 1930 2612 assen-

334 2640 442 2696 tior
468 2639 703 2694 Meursio
747 2638 862 2691 htcc
894 2637 1055 2692 verba
1099 2637 1431 2705 expungcnti
1467 2642 1738 2701 tamquam
1785 2628 1933 2705 glos-

334 2727 483 2767 sema
534 2720 590 2766 ct
639 2708 866 2763 otiosam
921 2696 1317 2778 repetitionem'
1348 2720 1559 2770 eorum,
1598 2696 1725 2772 qua
1774 2696 1938 2753 modo

334 2790 749 2854 prascesscrant.
784 2781 988 2836 OnsLL.

410 2872 577 2928 XXV.
621 2903 693 2913 -—-
742 2872 999 2925 Anima...
1064 2879 1175 2936 post
1227 2868 1393 2922 Deum
1444 2866 1725 2937 principem
1771 2881 1940 2921 rerum

336 2956 384 2999 et
415 2955 527 3013 post
565 2954 755 2998 mentes
782 2946 1008 3014 geminas
1037 2943 1202 2995 locant
1233 2940 1463 3014 obtinens
1493 2948 1752 3014 quartum.
1778 2937 1938 3014 illus-

338 3010 528 3071 tranda
563 3016 678 3070 hmc
709 3010 870 3069 verba
916 3030 946 3068 e
993 3013 1387 3081 platonicorum
1420 3010 1685 3072 doctrina,
1718 3011 1806 3078 qui
1858 3012 1938 3063 Io-

337 3103 461 3142 cum
492 3089 543 3140 in
583 3103 765 3141 rerum
800 3096 986 3140 natura
1017 3099 1286 3138 summum
1329 3097 1394 3135 ac
1442 3081 1739 3150 principem
1780 3082 1939 3134 attri-

335 3159 571 3236 bttehaltl
601 3161 697 3232 θεῷ
725 3162 936 3236 «primo»,
958 3154 1031 3211 Διῒ
1052 3156 1268 3230 μεγάλῳ,
1298 3153 1610 3236 δημιουργῷ,
1643 3153 1939 3236 secundum

337 3231 469 3307 beat;
494 3224 777 3303 granum-big,
795 3224 898 3307 diis
923 3244 953 3281 ιι
985 3224 1197 3295 suinnio
1223 3224 1332 3278 Deo
1361 3224 1789 3307 et'ea'tis’ipsitpte
1810 3225 1939 3307 sub.
1969 3246 2014 3307 ρ

334 3294 518 3374 jcctis,
552 3294 770 3374 tertium
808 3294 1043 3374 animus,
1077 3308 1329 3367 quartum
1360 3296 1574 3374 tandem
1607 3296 1802 3348 animis
1846 3294 1942 3374 ho-

340 3365 548 3426 ininum
579 3372 646 3424 ab
672 3372 864 3424 eodem
891 3365 1008 3424 'Dco
1049 3365 1261 3423 summo
1290 3367 1487 3421 creatis
1521 3365 1774 3436 (corpora
1801 3369 1944 3419 enim

339 3457 405 3495 ex
457 3442 743 3496 elementis
802 3441 1063 3495 formasse
1122 3441 1255 3492 deos
1322 3439 1559 3491 minores
1612 3437 1942 3491 statuebant.

342 3511 465 3566 Vid.
497 3512 782 3568 Alcinoum
814 3512 1113 3566 lntrnduct.
1146 3512 1198 3563 in
1233 3508 1629 3577 philosophiam
1663 3506 1902 3561 Ρίιιιοιιὶς
1929 3548 1942 3569 ,

338 3599 460 3652 cap.
494 3582 605 3654 17).
636 3584 808 3643 Plain,
846 3586 896 3636 itt
933 3582 1180 3654 Phaedro,
1218 3594 1336 3654 pagi.
1368 3580 1496 3654 217,
1529 3579 1617 3632 ed.
1654 3577 1719 3654 11..
1752 3579 1941 3654 Steph.

338 3649 581 3723 (Bipont.
625 3670 678 3723 p.
719 3654 888 3721 5‘21):
929 3654 986 3707 Ὀ
1026 3656 1114 3724 μὲν
1156 3650 1216 3709 δὴ
1261 3653 1415 3725 μέγας
1446 3652 1642 3725 ἡγεμὼν
1668 3649 1730 3725 ,ἐν
1759 3651 1946 3725 οὐρανῷ

252 3728 257 3731 ’
337 3729 462 3785 Ζεὺς
500 3727 685 3784 πτηνὸν
727 3725 867 3800 ἅρμα
896 3718 1104 3778 eiust...»
1129 3718 1342 3800 759cm:
1364 3718 1633 3800 πορέύἐται
1659 3718 1946 3800 deamo-prim

336 3799 501 3868 πάντα
524 3800 606 3852 καὶ
630 3792 1028 3868 inspexerim-tuor
1050 3803 1123 3868 τῷ
1148 3792 1192 3850 r3W
1214 3793 1387 3847 ἕπεται
1415 3792 1632 3868 ἁτραῖιᾲ
1655 3792 1774 3845 θεῶν
1793 3812 1845 3845 τε
1869 3797 1949 3847 καὶ

336 3865 576 3942 δαιμρνων
601 3862 725 3942 κριτᾷ
759 3862 927 3942 ἐνδελιὲ
957 3862 1783 3942 μέρή-κεκοσμημένη(Μιξιιιιιλιβ,
1821 3864 1855 3915 Ι.
1890 3878 1942 3942 1,

338 3952 389 3991 c.
420 3932 585 4008 15,p.
623 3939 745 4002 105,
766 3939 851 3991 cd.
882 3932 1120 3992 Ftéclieri
1141 3979 1154 4002 ,
1189 3939 1241 3991 in
1270 3932 1484 4003 Quarto.
1518 3934 1650 3987 Dial.
1689 3933 1846 4008 Plat.:
1890 3932 1946 3988 ⁸0

338 4012 430 4080 μὲν
462 4006 559 4085 ’χὰρ
582 4012 707 4085 Θεὸς
735 4017 823 4085 ’φρ
860 4030 914 4063 τε
951 4011 1138 4085 παντὸς
1171 4009 1406 4082 ὑπάρχει
1432 4010 1656 4085 poturus
1687 4006 1836 4085 «ora;
1866 4010 1947 4061 καὶ

339 4032 430 4080 μεν
496 4032 559 4085 etp
582 4032 707 4071 υεος
735 4032 823 4065 του
860 4032 914 4063 τε
951 4032 1138 4070 natura;
1171 4032 1406 4082 νπαρχιι
1432 4032 1644 4065 ποιητης
1687 4032 1836 4064 anno;
1866 4032 1947 4061 και

339 4101 442 4135 των
462 4032 723 4153 gemeam.
750 4081 1143 4153 Mentcsjlaqttc
1156 4094 1405 4153 gemmas,
1504 4086 1588 4153 est
1612 4076 1823 4153 similes,
1853 4093 1948 4144 pa-

339 4167 422 4222 res
445 4145 574 4222 (iid'.
604 4155 785 4219 Serm,
816 4153 879 4205 ad
920 4145 1133 4205 Λῑηυίιι.
1157 4145 1182 4204 ἶ
1204 4193 1218 4213 ,
1251 4150 1393 4222 vers.
1426 4145 1571 4222 163),
1605 4147 1734 4222 dicit
1766 4147 1943 4200 Arno-

340 4216 462 4278 bius
492 4224 642 4296 θεοὺς
686 4216 781 4278 καὶ*
807 4222 1039 4296 δαίμονας
1060 4263 1074 4288 ,
1106 4236 1335 4296 quorum
1385 4221 1435 4296 in
1482 4216 1600 4272 lo'co
1632 4216 1944 4296 Judmorum

342 4308 410 4349 ac
451 4289 1168 4349 christianorum"doctores
1218 4292 1606 4361 platonizantes
1645 4289 1941 4361 substitue-

339 4366 473 4422 baut
500 4366 737 4437 ᾁγγέλους
765 4371 845 4420 καὶ
869 4365 1124 4437 δυνάμεις.
1152 4359 1268 4418 Vid.
1299 4359 1703 4437 Wertslenu‘in
1733 4360 1943 4437 itania,

342 4450 464 4503 cap.
492 4430 585 4499 2/1,
617 4452 756 4488 vers.
789 4437 859 4491 29
891 4430 1024 4489 Nov.
1056 4437 1230 4499 'l‘est.,
1266 4443 1398 4487 tum.
1431 4448 1469 4493 ι,
1587 4430 1711 4485 505.
1737 4430 1940 4486 Onus.

418 4505 505 4557 Ea:
530 4506 806 4557 crateribus
837 4508 977 4557 vivis.
1018 4506 1070 4557 Id
1099 4515 1179 4557 est
1205 4504 1431 4557 ποταμὸς
1457 4502 1486 4555 ὖ
1523 4523 1639 4557 atro;
1665 4511 1757 4557 τῆς
1787 4506 1940 4557 ζωῆς.

418 4505 505 4561 Ea:
530 4506 806 4560 crateribus
837 4508 977 4560 vivis.
1018 4506 1070 4560 Id
1099 4515 1179 4560 est
1205 4504 1431 4577 ποταμὸς
1457 4502 1639 4563 ὕδατος
1665 4511 1757 4562 τῆς
1787 4506 1940 4565 ζωῆς.

343 4577 469 4634 Vid.
504 4578 725 4648 Apoeal.
760 4593 888 4641 xxii,
921 4593 1063 4633 vers.
1100 4579 1151 4634 1.
1180 4577 1386 4632 Οιιειι..

420 4668 650 4725 Mundus
701 4671 868 4725 minor
923 4671 1007 4738 qui
1065 4669 1274 4726 dicitur.
1328 4665 1590 4733 Macrob,
1644 4666 1698 4720 in
1752 4663 1941 4721 Somn.

344 4741 518 4813 Scip.,
554 4741 647 4798 lib.
674 4757 733 4806 tt,
762 4758 881 4812 cap.
917 4743 985 4796 12
1011 4761 1024 4797 :
1059 4738 1272 4813 Physici
1308 4738 1553 4813 mundum
1583 4754 1822 4813 magnum
1854 4738 1946 4791 Ito-

343 4809 554 4875 mincm,
599 4825 644 4867 et
694 4809 949 4867 hominem
994 4809 1190 4867 brevem
1236 4810 1481 4865 mundum
1528 4824 1634 4863 esse
1682 4809 1942 4864 dixerunt.

346 4883 654 4941 Chalcidius
682 4886 733 4940 in
762 4883 972 4941 Platon.
1007 4885 1290 4949 Timaeum,
1326 4899 1376 4952 p.
1412 4881 1530 4935 126.
1563 4879 1657 4933 Est
1689 4880 1741 4934 in
1764 4895 1946 4948 corpo-

344 4955 483 5011 ribus
511 4959 697 5011 nostris
720 4972 867 5027 aqua:
895 4958 1066 5026 portio
1094 4964 1141 5009 et
1172 4957 1290 5009 item
1311 4954 1463 5027 aeris,
1494 4968 1583 5027 nec
1609 4967 1710 5005 non
1738 4952 1872 5022 ignis
1898 4960 1945 5006 et

347 5036 514 5093 terrte,
546 5030 702 5092 unde,
733 5022 935 5098 opinor,
962 5029 1218 5081 hominem
1249 5022 1723 5098 ntuttdunt_brevcm
1754 5040 1784 5098 ιι
1808 5032 1943 5098 rete-

343 5094 848 5173 ribusappellatum,
877 5100 1069 5173 ζρσμου
1099 5101 1343 5173 conrogari.
1374 5094 1455 5149 Ci.
1483 5094 1720 5155 Nemes.,
1749 5095 1817 5148 de
1840 5094 1946 5149 Na-

342 5177 464 5223 tura
497 5152 678 5230 ΙΙύίιι..
712 5184 760 5223 c.
800 5152 848 5223 1:
881 5152 1126 5233 Ειξίιιέιιιι.
1154 5178 1207 5222 et
1231 5152 1433 5222 ΟιιἘιι..

420 5237 726 5293 Demoretur
756 5241 911 5305 iners,
938 5242 1104 5295 valeat
1128 5241 1177 5292 in
1206 5254 1340 5309 aere,
1375 5234 1605 5309 quamvis
1634 5236 1782 5309 annis
1813 5237 1944 5291 vivat

341 5309 647 5364 innumeris.
678 5309 752 5364 Ita
784 5312 922 5366 edidi
961 5328 1027 5368 ex
1057 5307 1436 5367 emendatione
1466 5307 1735 5363 levissima
1767 5318 1822 5363 et
1870 5309 1945 5362 fec

341 5381 601 5435 licissima
649 5379 709 5435 C.
762 5380 964 5437 Barthii
1006 5383 1060 5442 in
1102 5382 1357 5448 Atlvcrs.,
1400 5379 1493 5435 lib.
1542 5393 1685 5445 xuv,
1720 5395 1837 5449 cap.
1888 5379 1941 5444 1,

338 5466 396 5522 p.
432 5452 590 5507 1987.
620 5456 822 5513 sensus
850 5454 968 5509 scil.
1002 5454 1102 5509 loci
1135 5463 1258 5508 est:
1294 5453 1441 5506 l‘one
1473 5449 1742 5505 hominem
1770 5451 1822 5505 in
1851 5466 1944 5504 so-

340 5523 650 5595 litudincm,
682 5525 765 5579 fac
792 5539 984 5580 sanum
1014 5538 1065 5580 ut
1095 5525 1247 5585 libet,
1280 5524 1363 5577 fac
1405 5522 1764 5578 immortalem
1797 5537 1941 5589 esse,

340 5593 409 5647 da
454 5595 527 5650 illi
573 5593 816 5656 omnium
864 5605 1112 5651 votorum
1159 5597 1210 5649 in
1263 5594 1363 5649 hac
1411 5595 1515 5647 vita
1563 5607 1852 5654 summatn,
1887 5603 1946 5649 ut

338 5665 461 5720 scil.
492 5669 543 5722 in
565 5688 680 5727 aere
705 5668 893 5733 valeat,
924 5669 959 5720 i.
992 5684 1041 5721 e.
1072 5667 1333 5735 pecuniis,
1358 5664 1559 5720 divitiis
1581 5663 1782 5717 allluat.
1807 5662 1940 5719 Cod.

340 5750 447 5789 ms.
482 5749 536 5793 et
564 5743 650 5797 ed.
686 5744 711 5796 1
741 5738 901 5791 habet
929 5737 1095 5791 valeat
1123 5740 1174 5789 in
1219 5753 1354 5800 aere,
1388 5736 1536 5791 nullo
1566 5748 1749 5789 sensu.
1784 5735 1939 5790 Fulv.

339 5802 522 5861 Ursin.
552 5825 605 5866 ct
625 5813 883 5869 Gelenius
908 5826 919 5862 :
945 5808 1238 5861 demoretur
1261 5812 1394 5860 iners
1416 5805 1570 5859 veluti
1591 5819 1739 5875 puer,
1766 5820 1943 5875 quant-

336 5875 435 5953 γὴ,
460 5889 565 5933 etc.
608 5882 883 5936 audacter.
913 5877 1185 5953 Stevlech.
1217 5878 1469 5953 proponit
1498 5874 1785 5953 legendum
1810 5886 1940 5953 au_t_:

336 5946 475 6000 iners
504 5953 672 6021 vagiat
702 5963 898 6018 amore,
933 5948 1047 6005 sive
1076 5948 1302 6019 propius
1320 5946 1395 6002 ad
1434 5946 1761 6018 scripturam
1797 5949 1944 6004 codi-

2031 2410 2131 2475 cis,
2168 2404 2358 2462 tralata
2386 2419 2516 2461 voce
2543 2405 2609 2460 ab
2648 2402 2838 2459 ovibus
2873 2420 2885 2456 :
2930 2403 3068 2475 iners
3110 2400 3245 2475 balet
3272 2416 3481 2475 amare,
3516 2415 3650 2472 pes-

2038 2473 2176 2536 sime
2224 2490 2513 2546 utrumque
2546 2495 2559 2531 :
2591 2490 2714 2530 nam
2762 2476 2925 2530 homo
2972 2474 3070 2546 ille
3112 2473 3458 2546 tricenarius,
3491 2484 3653 2546 quem

2041 2552 2191 2620 lingit
2237 2544 2508 2605 Arnobius
2534 2563 2575 2620 _e
2620 2562 2838 2620 carcere
2866 2545 3230 2607 tenebricoso,
3259 2558 3367 2614 quo
3405 2544 3648 2620 inclusus

2043 2615 2181 2686 erat,
2218 2622 2358 2675 inter
2398 2618 2651 2673 homines
2694 2617 3073 2686 prodeuntem,
3114 2630 3292 2686 neque
3325 2615 3497 2685 vagiet
3523 2631 3644 2671 ant-

2046 2694 2209 2765 plius,
2241 2703 2296 2746 ut
2327 2692 2525 2765 iulans,
2558 2705 2755 2759 neque.
2785 2704 2907 2765 cum
2952 2703 3110 2742 ovem
3153 2687 3649 2765 ltartenusuullam

2049 2757 2265 2824 viderit.
2300 2762 2432 2817 nihil
2464 2757 2661 2825 praeter
2689 2762 2958 2815 nutricem
2997 2772 3150 2814 suam
3195 2757 3557 2826 consliicieus,
3596 2768 3655 2814 ιιι

2050 2837 2167 2890 ovis
2200 2835 2417 2889 balabit.
2458 2832 2543 2887 Jo.
2575 2832 2838 2886 Meursius
2867 2842 3057 2897 censet
3104 2828 3389 2899 legendum
3422 2845 3435 2882 :
3474 2830 3649 2884 demo-

2046 2916 2187 2961 retur
2220 2908 2356 2958 iners
2401 2903 2550 2957 valde
2589 2913 2633 2956 et
2657 2904 2886 2972 ignarus,
2915 2898 3176 2971 quamvis,
3206 2906 3311 2955 etc.
3345 2898 3562 2972 Herald.
3597 2903 3648 2955 in

2046 2976 2204 3031 Curis
2237 2976 2489 3032 secundis
2515 2993 2527 3028 :
2560 2969 2693 3026 vetui
2722 2974 2775 3025 in
2804 2969 2942 3037 aere,
2977 2974 3012 3026 i.
3037 2986 3086 3025 e.
3109 2981 3382 3040 tamquam
3414 2969 3649 3028 volucris

2049 3052 2104 3103 in
2134 3064 2260 3102 aere
2286 3049 2509 3114 degens,
2539 3056 2596 3099 ιιι
2625 3060 2727 3099 nos
2753 3045 2981 3114 dicimus
3017 3063 3029 3097 ε
3064 3043 3138 3096 Er
3168 3042 3286 3114 lebt,
3316 3052 3389 3114 est
3438 3043 3501 3096 ist
3540 3045 3650 3097 iltm

2048 3120 2203 3184 tvo/il,
2236 3120 2328 3172 wie
2364 3112 2481 3170 dem
2538 3115 2697 3187 Vogel
2736 3116 2789 3168 in
2820 3117 2909 3169 der
2930 3113 3076 3184 Luft.
3109 3113 3297 3187 Editur
3327 3112 3647 3187 Leidensis:

2048 3191 2181 3244 idem
2204 3192 2295 3244 erit
2318 3189 2472 3250 iners.
2499 3184 2663 3241 valeat
2691 3200 2895 3240 manere
2918 3187 3145 3256 quamvis
3164 3184 3317 3256 annis
3337 3186 3477 3256 vivus
3502 3185 3654 3239 innu-

2049 3263 2220 3326 meris,
2265 3259 2519 3313 audacius
2550 3266 2603 3314 et
2644 3273 2669 3310 a
2709 3252 2973 3327 scriptura
3003 3252 3205 3311 codicis
3236 3254 3514 3310 remotius.
3542 3257 3651 3327 lili-

2050 3334 2193 3387 ninie
2217 3344 2394 3386 autem
2424 3330 2725 3395 spernenda
2756 3326 2842 3384 est
2867 3330 3035 3382 altera
3064 3326 3374 3395 conjectura
3405 3326 3647 3394 ejusdem

2047 3404 2110 3458 (Σ.
2142 3401 2344 3457 Barlhii
2378 3403 2411 3456 Ι.
2461 3401 2495 3454 Ι.
2528 3400 2715 3465 valeat,
2745 3401 2799 3453 in
2845 3414 2962 3453 arce
2983 3398 3234 3469 quamvis,
3274 3406 3407 3463 etc.,
3443 3402 3478 3469 i.
3511 3412 3560 3451 e.
3597 3400 3651 3453 itt

2048 3474 2168 3530 loco
2202 3474 2491 3536 tutissimo,
2516 3482 2667 3525 extra
2697 3486 2914 3526 omnem
2946 3468 3143 3536 aleam,
3166 3483 3328 3525 omne
3353 3468 3653 3536 periculum

2051 3545 2403 3599 humanitatis
2426 3545 2651 3612 positus,
2677 3552 2733 3596 ut
2755 3541 3056 3609 saepissime
3086 3556 3174 3611 ap.
3203 3540 3473 3612 antiquos.
3504 3540 3657 3594 Prin-

2048 3632 2164 3670 rcm
2199 3628 2373 3670 tamen
2425 3610 2658 3683 praetuli.
2703 3610 3131 3669 demoretur-cst
3170 3626 3265 3679 pro
3303 3610 3659 3683 demorabitur

2049 3704 2201 3742 more
2232 3682 2450 3740 Arnobii
2487 3700 2724 3754 prmscns
2753 3683 3081 3749 conjunctivi
3110 3682 3409 3753 saepissime
3440 3698 3652 3751 ponen-

2052 3759 2117 3811 tis
2145 3774 2242 3827 pro
2270 3757 2450 3811 futuro
2479 3757 2770 3827 indicativi.
2800 3754 3004 3809 ORELL.

2126 3822 2291 3882 [Vadis
2320 3829 2575 3896 corporeis
2600 3870 2613 3892 ,
2646 3824 2788 3880 Nodi
2816 3827 3047 3895 corporei
3076 3823 3113 3879 i.
3148 3823 3199 3884 ii.
3231 3822 3442 3896 vincula
3470 3839 3659 3896 corpo-

2048 3900 2121 3953 ris
2169 3900 2237 3956 dc
2282 3894 2414 3954 vita
2437 3902 2669 3952 animam
2715 3899 2767 3951 in
2794 3914 2860 3951 eo
2891 3894 3188 3950 tletinente.
3224 3894 3343 3948 Vid.
3375 3894 3435 3950 C.
3466 3894 3654 3951 Barth.

2048 3971 2364 4038 Adversum,
2392 3971 2484 4025 lib.
2523 3987 2614 4034 χιι,
2647 3983 2766 4037 cap.
2801 3967 2888 4034 15,
2921 3984 2972 4037 p.
3006 3967 3131 4023 694.
3163 3966 3366 4038 Οιιειι..

2124 4042 2231 4097 Usu
2261 4037 2408 4111 atque
2439 4040 2739 4095 assiduitate
2765 4049 2991 4111 cogente.
3027 4037 3190 4093 Forte
3219 4037 3523 4092 assiduitate
3550 4037 3648 4093 do-

2049 4123 2210 4168 cente.
2245 4114 2479 4175 Μευιιε..
2516 4129 2565 4182 p.
2601 4112 2689 4165 65.

2120 4182 2404 4255 Agnoscere
2450 4176 2792 4255 iit-curriculo
2823 4181 3087 4255 ﬂcciones.
3134 4176 3380 4255 Nascere,
3415 4180 3547 4255 scire
3597 4196 3654 4238 et

2047 4248 2188 4324 ejus'
2214 4255 2508 4324 composita
2563 4248 2702 4322 apud
2758 4248 3050 4324 Arnobium
3091 4251 3399 4324 ‘smpissime
3439 4251 3508 4307 de.
3563 4255 3650 4318 iis,

2088 4319 2168 4381 ure
2199 4332 2318 4396 quis
2342 4319 2456 4381 'usn
2497 4335 2550 4396 et
2589 4319 2923 4393 experientia
2970 4320 3149 4377 discit.
3180 4319 3335 4378 ’Vide
3382 4338 3545 4392 supra
3578 4326 3646 4380 ad

2047 4394 2141 4451 lib.
2173 4394 2357 4466 i,'cap.
2392 4395 2485 4453 23.
2519 4394 2722 4451 Οιιειι..

2125 4462 2369 4524 Πείιθίτὶνε
2394 4467 2461 4521 ad
2489 4469 2773 4521 dominicus
2799 4466 2963 4520 sedes.
3002 4462 3077 4519 Ita
3122 4462 3396 4521 Gelenius.
3442 4462 3535 4519 Ms.
3572 4482 3658 4519 re-

2048 4555 2245 4614 vocare.
2293 4538 2858 4614 Scripserat_fortas_se
2901 4536 3488 4614 Arnobiusrevolgare,
3551 4538 3659 4614 ἀρ·

1973 4638 2027 4700 D
2053 4612 2219 4683 χαίως
2248 4626 2343 4682 pro
2372 4602 2570 4665 volare.
2600 4609 2878 4665 Lucretius
2905 4625 2963 4675 ιι,
2996 4623 3137 4661 vers.
3173 4602 3298 4663 163.

2142 4700 2407 4767 Tempore,
2429 4718 2529 4769 quo
2552 4704 2683 4755 Solis
2702 4704 2989 4769 pervolgant
3014 4703 3209 4768 fulgura
3232 4705 3430 4757 caelum.

2048 4809 2350 4867 Pacuvius:
2390 4811 2673 4886 Iialcyonis
2706 4813 2806 4886 ritu
2837 4812 2983 4886 littus
2999 4813 3305 4886 pervolgans
3336 4817 3493 4886 feror.
3545 4814 3663 4871 ΗΕ·

2048 4899 2206 4938 nun.
2235 4915 2305 4924 -—
2332 4886 2432 4939 l’ro
2459 4882 2604 4939 sedes
2632 4883 2812 4940 Ursin.
2842 4882 2995 4939 (edes.
3025 4882 3227 4939 Οιιιειι..

2123 4954 2347 5008 Nomina
2372 4966 2550 5009 corvus
2597 4971 2910 5025 expromere.
2954 4953 3048 5009 Ms.
3083 4970 3195 5023 reg.
3242 4954 3401 5011 habet
3443 4970 3646 5023 corsns,

2047 5026 2191 5095 qttod
2240 5028 2659 5107 interpretantur
2709 5026 2952 5107 nonnulli
3011 5030 3080 5088 ὡς
3123 5028 3225 5107 ἀπὸ
3276 5036 3373 5107 τῆς
3415 5028 3660 5107 καρδίας,

2049 5112 2346 5168 expromere
2371 5098 2434 5152 ad
2464 5100 2734 5165 psittacum
2758 5097 3079 5162 referentes,
3105 5099 3198 5153 sed
3227 5099 3450 5155 cuilibet
3478 5097 3663 5167 ’βοιεεὶ

2047 5169 2385 5240 persuaderi.
2404 5168 2687 5240 aentiinam
2707 5178 2829 5224 esse
2851 5170 3136 5225 lectionum
3156 5186 3351 5224 corvus.
3375 5173 3661 5240 Apuleius,

2048 5238 2141 5295 lib.
2192 5256 2249 5303 tt,
2293 5239 2494 5294 Florid.
2534 5238 2716 5294 Verum
2747 5241 2880 5293 enim
2923 5256 3059 5301 vero,
3101 5239 3291 5309 inquit,
3326 5252 3370 5294 et
3398 5238 3581 5296 corvus
3612 5238 3662 5299 et

2048 5313 2292 5384 psittacus
2333 5311 2465 5384 nihil
2501 5311 2664 5384 aliud.
2689 5326 2841 5384 quam
2888 5311 3024 5384 quod
3067 5310 3377 5384 didicerunt,
3421 5328 3660 5384 pronun-

2047 5378 2205 5451 tiant.
2233 5382 2350 5447 Quo
2383 5378 2519 5437 libro
2544 5382 2587 5434 is
2609 5382 2842 5451 scriptor
2869 5382 3033 5435 multa
3070 5382 3251 5438 abdita
3280 5382 3349 5438 de
3389 5378 3581 5439 natura
3604 5392 3664 5441 et

2047 5450 2261 5507 ittdicils
2291 5452 2640 5522 psittacorum
2681 5450 2916 5506 tradidit.
2947 5454 3021 5507 De
3045 5453 3225 5508 corvis
3256 5468 3418 5523 porro
3449 5456 3664 5510 saluta-

2048 5524 2271 5586 toribus,
2315 5534 2451 5592 quos
2494 5524 2786 5591 imperator
2820 5526 3091 5593 Augustus
3121 5526 3339 5593 coemit,
3375 5526 3661 5583 adeundus

2046 5590 2348 5665 Macrobius
2400 5592 2536 5665 libro
2575 5590 2622 5647 it
2668 5590 2967 5665 Saturnal.,
3021 5610 3139 5665 cap.
3178 5596 3263 5650 10.
3321 5590 3566 5652 Benaco.
3605 5606 3662 5654 et

2044 5664 2346 5738 Srcwecu.
2381 5692 2455 5738 -—_-_
2484 5663 2589 5738 Pro
2612 5680 2912 5738 erpromere
2934 5663 3296 5738 Fulv.‘lirsin.
3322 5668 3450 5738 legit
3476 5670 3658 5736 expri—

2046 5751 2200 5789 mere.
2229 5735 2387 5810 Diale.
2412 5734 2601 5806 Virgil.
2628 5735 2756 5791 Ain.
2783 5751 2839 5792 ιι.
2864 5751 2945 5791 vs.
2982 5737 3108 5805 280,
3130 5736 3340 5794 Mmtas
3358 5734 3661 5810 expromere

2044 5821 2211 5861 voces.
2245 5806 2452 5862 ORELL.

2116 5877 2308 5934 XXVI.
2367 5899 2478 5927 -ο
2506 5876 2872 5949 Superioribus
2935 5879 3208 5935 adventare
3280 5879 3344 5934 de
3425 5883 3652 5939 circulis.

2043 5947 2196 6007 Fulv.
2249 5949 2476 6010 Ursinus
2519 5947 2662 6020 conj.
2711 5949 2775 6005 de
2795 5949 3020 6020 sedibus,
3060 5951 3156 6008 sed
3190 5951 3267 6008 nil
3305 5954 3646 6011 mutandum.
