  <div class='ocr_page' id='page_1' title='image "/cluster/home/n/w/nwhite01/storage/ocr_20150623/5/hvd.32044073505083/435.png"; bbox 0 0 3974 6068; ppageno 0'>
   <div class='ocr_carea' id='block_1_1' title="bbox 431 210 541 272">
    <p class='ocr_par' dir='ltr' id='par_1_1' title="bbox 431 210 541 272">
     <span class='ocr_line' id='line_1_1' title="bbox 431 210 541 272; baseline -0.018 0"><span class='ocrx_word' id='word_1_1' title='bbox 431 210 541 272; x_wconf 75' lang='grc'><strong>859</strong></span> 
     </span>
    </p>
   </div>
   <div class='ocr_carea' id='block_1_2' title="bbox 1548 204 2538 273">
    <p class='ocr_par' dir='ltr' id='par_1_2' title="bbox 1548 204 2538 273">
     <span class='ocr_line' id='line_1_2' title="bbox 1548 204 2538 273; baseline 0.002 -3"><span class='ocrx_word' id='word_1_2' title='bbox 1548 210 1827 272; x_wconf 73' lang='lat' dir='ltr'><strong>ARNOBII</strong></span> <span class='ocrx_word' id='word_1_3' title='bbox 1865 208 2002 271; x_wconf 62' lang='grc' dir='ltr'><strong>ΑΒὛ</strong></span> <span class='ocrx_word' id='word_1_4' title='bbox 2010 204 2228 273; x_wconf 66' lang='lat' dir='ltr'><strong>ERSIJS</strong></span> <span class='ocrx_word' id='word_1_5' title='bbox 2263 206 2538 273; x_wconf 68' lang='lat' dir='ltr'><strong>GENTES</strong></span> 
     </span>
    </p>
   </div>
   <div class='ocr_carea' id='block_1_3' title="bbox 3625 214 3742 274">
    <p class='ocr_par' dir='ltr' id='par_1_3' title="bbox 3625 214 3742 274">
     <span class='ocr_line' id='line_1_3' title="bbox 3625 214 3742 274; baseline 0 0"><span class='ocrx_word' id='word_1_6' title='bbox 3625 214 3742 274; x_wconf 84' lang='lat'><strong>860</strong></span> 
     </span>
    </p>
   </div>
   <div class='ocr_carea' id='block_1_4' title="bbox 433 325 3743 406">
    <p class='ocr_par' dir='ltr' id='par_1_4' title="bbox 433 325 3743 406">
     <span class='ocr_line' id='line_1_4' title="bbox 433 325 3743 406; baseline 0.003 -25"><span class='ocrx_word' id='word_1_7' title='bbox 433 326 775 400; x_wconf 67' lang='lat' dir='ltr'><strong>philosophia</strong></span> <span class='ocrx_word' id='word_1_8' title='bbox 805 325 1035 383; x_wconf 82' lang='lat' dir='ltr'><strong>debeat:</strong></span> <span class='ocrx_word' id='word_1_9' title='bbox 1069 327 1280 384; x_wconf 73' lang='lat' dir='ltr'><strong>etiamsi</strong></span> <span class='ocrx_word' id='word_1_10' title='bbox 1310 334 1496 384; x_wconf 79' lang='lat' dir='ltr'><strong>rerum</strong></span> <span class='ocrx_word' id='word_1_11' title='bbox 1536 336 1621 384; x_wconf 80' lang='lat' dir='ltr'><strong>est</strong></span> <span class='ocrx_word' id='word_1_12' title='bbox 1663 328 1879 401; x_wconf 86' lang='lat' dir='ltr'><strong>purgari</strong></span> <span class='ocrx_word' id='word_1_13' title='bbox 1924 327 2025 383; x_wconf 85' lang='lat' dir='ltr'><strong>hac</strong></span> <span class='ocrx_word' id='word_1_14' title='bbox 2050 330 2102 390; x_wconf 77' lang='grc' dir='ltr'><strong>Α</strong></span> <span class='ocrx_word' id='word_1_15' title='bbox 2129 327 2433 386; x_wconf 83' lang='lat' dir='ltr'><strong>sustinere:</strong></span> <span class='ocrx_word' id='word_1_16' title='bbox 2465 329 2555 384; x_wconf 85' lang='lat' dir='ltr'><strong>alii</strong></span> <span class='ocrx_word' id='word_1_17' title='bbox 2583 340 2712 386; x_wconf 84' lang='lat' dir='ltr'><strong>vero</strong></span> <span class='ocrx_word' id='word_1_18' title='bbox 2738 338 3055 402; x_wconf 82' lang='lat' dir='ltr'><strong>perpetuas,</strong></span> <span class='ocrx_word' id='word_1_19' title='bbox 3093 342 3195 389; x_wconf 86' lang='lat' dir='ltr'><strong>nec</strong></span> <span class='ocrx_word' id='word_1_20' title='bbox 3238 335 3295 389; x_wconf 87' lang='lat' dir='ltr'><strong>in</strong></span> <span class='ocrx_word' id='word_1_21' title='bbox 3345 338 3534 390; x_wconf 84' lang='lat' dir='ltr'><strong>natura</strong></span> <span class='ocrx_word' id='word_1_22' title='bbox 3571 341 3743 406; x_wconf 85' lang='lat' dir='ltr'><strong>posse</strong></span> 
     </span>
    </p>
   </div>
   <div class='ocr_carea' id='block_1_5' title="bbox 437 420 2025 493">
    <p class='ocr_par' dir='ltr' id='par_1_5' title="bbox 437 420 2025 493">
     <span class='ocr_line' id='line_1_5' title="bbox 437 420 2025 493; baseline 0 -18"><span class='ocrx_word' id='word_1_23' title='bbox 437 420 677 489; x_wconf 79' lang='lat' dir='ltr'><strong>animas,</strong></span> <span class='ocrx_word' id='word_1_24' title='bbox 705 430 869 492; x_wconf 82' lang='lat' dir='ltr'><strong>atque</strong></span> <span class='ocrx_word' id='word_1_25' title='bbox 914 420 987 475; x_wconf 81' lang='lat' dir='ltr'><strong>ab</strong></span> <span class='ocrx_word' id='word_1_26' title='bbox 1025 422 1173 476; x_wconf 88' lang='lat' dir='ltr'><strong>omni</strong></span> <span class='ocrx_word' id='word_1_27' title='bbox 1219 434 1379 492; x_wconf 83' lang='lat' dir='ltr'><strong>puras</strong></span> <span class='ocrx_word' id='word_1_28' title='bbox 1424 421 1718 477; x_wconf 84' lang='lat' dir='ltr'><strong>vitiositate</strong></span> <span class='ocrx_word' id='word_1_29' title='bbox 1763 421 2025 493; x_wconf 69' lang='lat' dir='ltr'><strong>praestari.</strong></span> 
     </span>
    </p>
   </div>
   <div class='ocr_carea' id='block_1_6' title="bbox 438 513 2033 584">
    <p class='ocr_par' dir='ltr' id='par_1_6' title="bbox 438 513 2033 584">
     <span class='ocr_line' id='line_1_6' title="bbox 438 513 2033 584; baseline 0 -14"><span class='ocrx_word' id='word_1_30' title='bbox 438 513 571 570; x_wconf 83' lang='lat' dir='ltr'><strong>Nam</strong></span> <span class='ocrx_word' id='word_1_31' title='bbox 616 514 663 569; x_wconf 82' lang='lat' dir='ltr'><strong>si</strong></span> <span class='ocrx_word' id='word_1_32' title='bbox 714 513 1073 569; x_wconf 70' lang='lat' dir='ltr'><strong>communiter</strong></span> <span class='ocrx_word' id='word_1_33' title='bbox 1116 514 1352 581; x_wconf 86' lang='lat' dir='ltr'><strong>obeunt,</strong></span> <span class='ocrx_word' id='word_1_34' title='bbox 1381 524 1437 570; x_wconf 88' lang='lat' dir='ltr'><strong>et</strong></span> <span class='ocrx_word' id='word_1_35' title='bbox 1473 515 1525 569; x_wconf 91' lang='lat' dir='ltr'><strong>in</strong></span> <span class='ocrx_word' id='word_1_36' title='bbox 1555 513 1685 583; x_wconf 88' lang='lat' dir='ltr'><strong>ipsis</strong></span> <span class='ocrx_word' id='word_1_37' title='bbox 1714 515 2033 584; x_wconf 82' lang='lat' dir='ltr'><strong>corporibus</strong></span> 
     </span>
    </p>
   </div>
   <div class='ocr_carea' id='block_1_7' title="bbox 435 608 2031 681">
    <p class='ocr_par' dir='ltr' id='par_1_7' title="bbox 435 608 2031 681">
     <span class='ocr_line' id='line_1_7' title="bbox 435 608 2031 681; baseline -0.002 -16"><span class='ocrx_word' id='word_1_38' title='bbox 435 621 633 665; x_wconf 74' lang='lat' dir='ltr'><strong>senm</strong></span> <span class='ocrx_word' id='word_1_39' title='bbox 659 608 738 663; x_wconf 89' lang='lat' dir='ltr'><strong>eis</strong></span> <span class='ocrx_word' id='word_1_40' title='bbox 767 608 979 679; x_wconf 89' lang='lat' dir='ltr'><strong>deperit</strong></span> <span class='ocrx_word' id='word_1_41' title='bbox 1000 609 1437 681; x_wconf 80' lang='lat' dir='ltr'><strong>extinguiturque</strong></span> <span class='ocrx_word' id='word_1_42' title='bbox 1456 608 1632 663; x_wconf 85' lang='lat' dir='ltr'><strong>vitalis</strong></span> <span class='ocrx_word' id='word_1_43' title='bbox 1655 624 1794 665; x_wconf 89' lang='lat' dir='ltr'><strong>:uon</strong></span> <span class='ocrx_word' id='word_1_44' title='bbox 1826 619 2031 663; x_wconf 87' lang='lat' dir='ltr'><strong>tantum</strong></span> 
     </span>
    </p>
   </div>
   <div class='ocr_carea' id='block_1_8' title="bbox 436 701 2033 768">
    <p class='ocr_par' dir='ltr' id='par_1_8' title="bbox 436 701 2033 768">
     <span class='ocr_line' id='line_1_8' title="bbox 436 701 2033 768; baseline 0 -10"><span class='ocrx_word' id='word_1_45' title='bbox 436 711 525 758; x_wconf 86' lang='lat' dir='ltr'><strong>est</strong></span> <span class='ocrx_word' id='word_1_46' title='bbox 550 701 753 757; x_wconf 85' lang='lat' dir='ltr'><strong>erroris</strong></span> <span class='ocrx_word' id='word_1_47' title='bbox 783 702 1024 767; x_wconf 79' lang='lat' dir='ltr'><strong>maximi,</strong></span> <span class='ocrx_word' id='word_1_48' title='bbox 1051 716 1238 758; x_wconf 83' lang='lat' dir='ltr'><strong>verum</strong></span> <span class='ocrx_word' id='word_1_49' title='bbox 1268 701 1478 758; x_wconf 65' lang='lat' dir='ltr'><strong>stolidas</strong></span> <span class='ocrx_word' id='word_1_50' title='bbox 1506 703 1784 768; x_wconf 69' lang='lat' dir='ltr'><strong>ctecitatis,</strong></span> <span class='ocrx_word' id='word_1_51' title='bbox 1814 701 2033 758; x_wconf 75' lang='lat' dir='ltr'><strong>frenare</strong></span> 
     </span>
    </p>
   </div>
   <div class='ocr_carea' id='block_1_9' title="bbox 437 794 2033 866">
    <p class='ocr_par' dir='ltr' id='par_1_9' title="bbox 437 794 2033 866">
     <span class='ocr_line' id='line_1_9' title="bbox 437 794 2033 866; baseline 0.001 -17"><span class='ocrx_word' id='word_1_52' title='bbox 437 794 709 863; x_wconf 78' lang='lat' dir='ltr'><strong>ingenitus</strong></span> <span class='ocrx_word' id='word_1_53' title='bbox 727 794 1019 865; x_wconf 83' lang='lat' dir='ltr'><strong>appetitus,</strong></span> <span class='ocrx_word' id='word_1_54' title='bbox 1037 794 1295 851; x_wconf 85' lang='lat' dir='ltr'><strong>cohibere</strong></span> <span class='ocrx_word' id='word_1_55' title='bbox 1323 796 1375 850; x_wconf 93' lang='lat' dir='ltr'><strong>in</strong></span> <span class='ocrx_word' id='word_1_56' title='bbox 1406 796 1666 866; x_wconf 85' lang='lat' dir='ltr'><strong>angustiis</strong></span> <span class='ocrx_word' id='word_1_57' title='bbox 1688 796 1870 863; x_wconf 79' lang='lat' dir='ltr'><strong>vitam,</strong></span> <span class='ocrx_word' id='word_1_58' title='bbox 1898 796 2033 851; x_wconf 80' lang='lat' dir='ltr'><strong>nihil</strong></span> 
     </span>
    </p>
   </div>
   <div class='ocr_carea' id='block_1_10' title="bbox 437 887 2035 959">
    <p class='ocr_par' dir='ltr' id='par_1_10' title="bbox 437 887 2035 959">
     <span class='ocr_line' id='line_1_10' title="bbox 437 887 2035 959; baseline 0.001 -16"><span class='ocrx_word' id='word_1_59' title='bbox 437 887 719 958; x_wconf 81' lang='lat' dir='ltr'><strong>indulgere</strong></span> <span class='ocrx_word' id='word_1_60' title='bbox 744 897 970 957; x_wconf 66' lang='lat' dir='ltr'><strong>naturat,</strong></span> <span class='ocrx_word' id='word_1_61' title='bbox 997 904 1102 943; x_wconf 91' lang='lat' dir='ltr'><strong>non</strong></span> <span class='ocrx_word' id='word_1_62' title='bbox 1125 888 1269 959; x_wconf 84' lang='lat' dir='ltr'><strong>quod</strong></span> <span class='ocrx_word' id='word_1_63' title='bbox 1291 887 1572 959; x_wconf 79' lang='lat' dir='ltr'><strong>capidiucs</strong></span> <span class='ocrx_word' id='word_1_64' title='bbox 1590 890 1850 958; x_wconf 70' lang='lat' dir='ltr'><strong>iusserint</strong></span> <span class='ocrx_word' id='word_1_65' title='bbox 1874 898 2035 959; x_wconf 85' lang='lat' dir='ltr'><strong>atque</strong></span> 
     </span>
    </p>
   </div>
   <div class='ocr_carea' id='block_1_11' title="bbox 437 980 2037 1053">
    <p class='ocr_par' dir='ltr' id='par_1_11' title="bbox 437 980 2037 1053">
     <span class='ocr_line' id='line_1_11' title="bbox 437 980 2037 1053; baseline -0.001 -16"><span class='ocrx_word' id='word_1_66' title='bbox 437 981 811 1053; x_wconf 85' lang='lat' dir='ltr'><strong>instigaverint</strong></span> <span class='ocrx_word' id='word_1_67' title='bbox 839 980 1037 1045; x_wconf 86' lang='lat' dir='ltr'><strong>facere,</strong></span> <span class='ocrx_word' id='word_1_68' title='bbox 1067 997 1189 1036; x_wconf 88' lang='lat' dir='ltr'><strong>cum</strong></span> <span class='ocrx_word' id='word_1_69' title='bbox 1220 982 1362 1036; x_wconf 88' lang='lat' dir='ltr'><strong>nulla</strong></span> <span class='ocrx_word' id='word_1_70' title='bbox 1397 991 1446 1036; x_wconf 92' lang='lat' dir='ltr'><strong>te</strong></span> <span class='ocrx_word' id='word_1_71' title='bbox 1477 983 1695 1052; x_wconf 66' lang='lat' dir='ltr'><strong>praemia</strong></span> <span class='ocrx_word' id='word_1_72' title='bbox 1728 983 1859 1037; x_wconf 87' lang='lat' dir='ltr'><strong>tanti</strong></span> <span class='ocrx_word' id='word_1_73' title='bbox 1888 982 2037 1036; x_wconf 79' lang='lat' dir='ltr'><strong>labo-</strong></span> 
     </span>
    </p>
   </div>
   <div class='ocr_carea' id='block_1_12' title="bbox 438 1073 2035 1145">
    <p class='ocr_par' dir='ltr' id='par_1_12' title="bbox 438 1073 2035 1145">
     <span class='ocr_line' id='line_1_12' title="bbox 438 1073 2035 1145; baseline 0.001 -17"><span class='ocrx_word' id='word_1_74' title='bbox 438 1074 513 1129; x_wconf 85' lang='lat' dir='ltr'><strong>ris</strong></span> <span class='ocrx_word' id='word_1_75' title='bbox 556 1081 863 1143; x_wconf 74' lang='lat' dir='ltr'><strong>expectent,</strong></span> <span class='ocrx_word' id='word_1_76' title='bbox 895 1086 1016 1129; x_wconf 91' lang='lat' dir='ltr'><strong>cum</strong></span> <span class='ocrx_word' id='word_1_77' title='bbox 1043 1073 1159 1128; x_wconf 86' lang='lat' dir='ltr'><strong>dies</strong></span> <span class='ocrx_word' id='word_1_78' title='bbox 1187 1075 1376 1129; x_wconf 90' lang='lat' dir='ltr'><strong>mortis</strong></span> <span class='ocrx_word' id='word_1_79' title='bbox 1406 1074 1716 1141; x_wconf 83' lang='lat' dir='ltr'><strong>advenerit,</strong></span> <span class='ocrx_word' id='word_1_80' title='bbox 1748 1084 1801 1130; x_wconf 85' lang='lat' dir='ltr'><strong>et</strong></span> <span class='ocrx_word' id='word_1_81' title='bbox 1837 1088 2035 1145; x_wconf 89' lang='lat' dir='ltr'><strong>corpo-</strong></span> 
     </span>
    </p>
   </div>
   <div class='ocr_carea' id='block_1_13' title="bbox 439 1166 1423 1222">
    <p class='ocr_par' dir='ltr' id='par_1_13' title="bbox 439 1166 1423 1222">
     <span class='ocr_line' id='line_1_13' title="bbox 439 1166 1423 1222; baseline -0.001 0"><span class='ocrx_word' id='word_1_82' title='bbox 439 1166 644 1222; x_wconf 82' lang='lat' dir='ltr'><strong>ralibus</strong></span> <span class='ocrx_word' id='word_1_83' title='bbox 677 1166 843 1222; x_wconf 85' lang='lat' dir='ltr'><strong>fueris</strong></span> <span class='ocrx_word' id='word_1_84' title='bbox 868 1166 1097 1221; x_wconf 83' lang='lat' dir='ltr'><strong>vinculis</strong></span> <span class='ocrx_word' id='word_1_85' title='bbox 1128 1168 1423 1222; x_wconf 74' lang='lat' dir='ltr'><strong>exsolutus.</strong></span> 
     </span>
    </p>
   </div>
   <div class='ocr_carea' id='block_1_14' title="bbox 511 1252 2036 1333">
    <p class='ocr_par' dir='ltr' id='par_1_14' title="bbox 511 1252 2036 1333">
     <span class='ocr_line' id='line_1_14' title="bbox 511 1252 2036 1333; baseline -0.001 -17"><span class='ocrx_word' id='word_1_86' title='bbox 511 1260 706 1316; x_wconf 76' lang='lat' dir='ltr'><strong>XXXI.</strong></span> <span class='ocrx_word' id='word_1_87' title='bbox 737 1260 995 1316; x_wconf 79' lang='lat' dir='ltr'><strong>Mcdietas</strong></span> <span class='ocrx_word' id='word_1_88' title='bbox 1023 1277 1155 1331; x_wconf 82' lang='lat' dir='ltr'><strong>ergo</strong></span> <span class='ocrx_word' id='word_1_89' title='bbox 1198 1262 1484 1333; x_wconf 56' lang='lat' dir='ltr'><strong>quaedam.</strong></span> <span class='ocrx_word' id='word_1_90' title='bbox 1513 1252 1568 1317; x_wconf 80' lang='lat' dir='ltr'><strong>et</strong></span> <span class='ocrx_word' id='word_1_91' title='bbox 1610 1262 1908 1317; x_wconf 85' lang='lat' dir='ltr'><strong>animarum</strong></span> <span class='ocrx_word' id='word_1_92' title='bbox 1939 1278 2036 1317; x_wconf 88' lang='lat' dir='ltr'><strong>an-</strong></span> 
     </span>
    </p>
   </div>
   <div class='ocr_carea' id='block_1_15' title="bbox 440 1354 2033 1427">
    <p class='ocr_par' dir='ltr' id='par_1_15' title="bbox 440 1354 2033 1427">
     <span class='ocr_line' id='line_1_15' title="bbox 440 1354 2033 1427; baseline -0.003 -14"><span class='ocrx_word' id='word_1_93' title='bbox 440 1370 570 1427; x_wconf 81' lang='lat' dir='ltr'><strong>ceps</strong></span> <span class='ocrx_word' id='word_1_94' title='bbox 595 1354 950 1426; x_wconf 68' lang='lat' dir='ltr'><strong>ambiguoque</strong></span> <span class='ocrx_word' id='word_1_95' title='bbox 982 1364 1191 1420; x_wconf 80' lang='lat' dir='ltr'><strong>natura,</strong></span> <span class='ocrx_word' id='word_1_96' title='bbox 1219 1356 1395 1412; x_wconf 89' lang='lat' dir='ltr'><strong>locum</strong></span> <span class='ocrx_word' id='word_1_97' title='bbox 1420 1354 1774 1426; x_wconf 66' lang='lat' dir='ltr'><strong>philosophia:</strong></span> <span class='ocrx_word' id='word_1_98' title='bbox 1806 1356 2033 1425; x_wconf 81' lang='lat' dir='ltr'><strong>peperit,</strong></span> 
     </span>
    </p>
   </div>
   <div class='ocr_carea' id='block_1_16' title="bbox 439 1447 2035 1518">
    <p class='ocr_par' dir='ltr' id='par_1_16' title="bbox 439 1447 2035 1518">
     <span class='ocr_line' id='line_1_16' title="bbox 439 1447 2035 1518; baseline -0.002 -13"><span class='ocrx_word' id='word_1_99' title='bbox 439 1458 495 1505; x_wconf 89' lang='lat' dir='ltr'><strong>et</strong></span> <span class='ocrx_word' id='word_1_100' title='bbox 525 1462 744 1505; x_wconf 76' lang='lat' dir='ltr'><strong>causam</strong></span> <span class='ocrx_word' id='word_1_101' title='bbox 772 1463 867 1502; x_wconf 90' lang='lat' dir='ltr'><strong>cur</strong></span> <span class='ocrx_word' id='word_1_102' title='bbox 906 1457 1272 1518; x_wconf 87' lang='lat' dir='ltr'><strong>appeteretur,</strong></span> <span class='ocrx_word' id='word_1_103' title='bbox 1303 1448 1506 1503; x_wconf 86' lang='lat' dir='ltr'><strong>invenit</strong></span> <span class='ocrx_word' id='word_1_104' title='bbox 1532 1466 1546 1501; x_wconf 92' lang='lat'><strong>:</strong></span> <span class='ocrx_word' id='word_1_105' title='bbox 1576 1447 1703 1502; x_wconf 92' lang='lat' dir='ltr'><strong>dum</strong></span> <span class='ocrx_word' id='word_1_106' title='bbox 1741 1447 2035 1518; x_wconf 87' lang='lat' dir='ltr'><strong>perieulum</strong></span> 
     </span>
    </p>
   </div>
   <div class='ocr_carea' id='block_1_17' title="bbox 440 1540 2035 1597">
    <p class='ocr_par' dir='ltr' id='par_1_17' title="bbox 440 1540 2035 1597">
     <span class='ocr_line' id='line_1_17' title="bbox 440 1540 2035 1597; baseline -0.001 0"><span class='ocrx_word' id='word_1_107' title='bbox 440 1541 650 1597; x_wconf 88' lang='lat' dir='ltr'><strong>scilicet</strong></span> <span class='ocrx_word' id='word_1_108' title='bbox 675 1556 743 1596; x_wconf 75' lang='lat' dir='ltr'><strong>ex</strong></span> <span class='ocrx_word' id='word_1_109' title='bbox 767 1540 922 1596; x_wconf 81' lang='lat' dir='ltr'><strong>malis</strong></span> <span class='ocrx_word' id='word_1_110' title='bbox 950 1542 1055 1597; x_wconf 86' lang='lat' dir='ltr'><strong>iste</strong></span> <span class='ocrx_word' id='word_1_111' title='bbox 1078 1540 1334 1595; x_wconf 73' lang='lat' dir='ltr'><strong>formidat</strong></span> <span class='ocrx_word' id='word_1_112' title='bbox 1362 1541 1609 1596; x_wconf 74' lang='lat' dir='ltr'><strong>admissis</strong></span> <span class='ocrx_word' id='word_1_113' title='bbox 1641 1560 1655 1596; x_wconf 87' lang='lat'><strong>:</strong></span> <span class='ocrx_word' id='word_1_114' title='bbox 1684 1542 1822 1595; x_wconf 83' lang='lat' dir='ltr'><strong>alter</strong></span> <span class='ocrx_word' id='word_1_115' title='bbox 1849 1542 2035 1595; x_wconf 81' lang='lat' dir='ltr'><strong>conci-</strong></span> 
     </span>
    </p>
   </div>
   <div class='ocr_carea' id='block_1_18' title="bbox 441 1631 2037 1705">
    <p class='ocr_par' dir='ltr' id='par_1_18' title="bbox 441 1631 2037 1705">
     <span class='ocr_line' id='line_1_18' title="bbox 441 1631 2037 1705; baseline 0.001 -18"><span class='ocrx_word' id='word_1_116' title='bbox 441 1634 523 1705; x_wconf 85' lang='lat' dir='ltr'><strong>pit</strong></span> <span class='ocrx_word' id='word_1_117' title='bbox 552 1647 680 1703; x_wconf 78' lang='lat' dir='ltr'><strong>spes</strong></span> <span class='ocrx_word' id='word_1_118' title='bbox 708 1633 900 1697; x_wconf 83' lang='lat' dir='ltr'><strong>bonas,</strong></span> <span class='ocrx_word' id='word_1_119' title='bbox 927 1635 972 1687; x_wconf 89' lang='lat' dir='ltr'><strong>si</strong></span> <span class='ocrx_word' id='word_1_120' title='bbox 1000 1631 1133 1687; x_wconf 87' lang='lat' dir='ltr'><strong>nihil</strong></span> <span class='ocrx_word' id='word_1_121' title='bbox 1161 1632 1380 1688; x_wconf 79' lang='lat' dir='ltr'><strong>sceleris</strong></span> <span class='ocrx_word' id='word_1_122' title='bbox 1408 1633 1591 1698; x_wconf 76' lang='lat' dir='ltr'><strong>faciat,</strong></span> <span class='ocrx_word' id='word_1_123' title='bbox 1620 1643 1674 1689; x_wconf 88' lang='lat' dir='ltr'><strong>et</strong></span> <span class='ocrx_word' id='word_1_124' title='bbox 1700 1649 1823 1688; x_wconf 91' lang='lat' dir='ltr'><strong>cum</strong></span> <span class='ocrx_word' id='word_1_125' title='bbox 1857 1632 2037 1689; x_wconf 83' lang='lat' dir='ltr'><strong>officio</strong></span> 
     </span>
    </p>
   </div>
   <div class='ocr_carea' id='block_1_19' title="bbox 440 1727 2042 1800">
    <p class='ocr_par' dir='ltr' id='par_1_19' title="bbox 440 1727 2042 1800">
     <span class='ocr_line' id='line_1_19' title="bbox 440 1727 2042 1800; baseline -0.001 -15"><span class='ocrx_word' id='word_1_126' title='bbox 440 1730 607 1785; x_wconf 85' lang='lat' dir='ltr'><strong>vitam</strong></span> <span class='ocrx_word' id='word_1_127' title='bbox 630 1728 947 1799; x_wconf 71' lang='lat' dir='ltr'><strong>iustitiaque</strong></span> <span class='ocrx_word' id='word_1_128' title='bbox 976 1727 1244 1783; x_wconf 79' lang='lat' dir='ltr'><strong>traducat.</strong></span> <span class='ocrx_word' id='word_1_129' title='bbox 1265 1727 1396 1783; x_wconf 91' lang='lat' dir='ltr'><strong>Inde</strong></span> <span class='ocrx_word' id='word_1_130' title='bbox 1424 1736 1505 1783; x_wconf 88' lang='lat' dir='ltr'><strong>est</strong></span> <span class='ocrx_word' id='word_1_131' title='bbox 1528 1729 1672 1800; x_wconf 90' lang='lat' dir='ltr'><strong>quod</strong></span> <span class='ocrx_word' id='word_1_132' title='bbox 1695 1729 1834 1784; x_wconf 86' lang='lat' dir='ltr'><strong>inter</strong></span> <span class='ocrx_word' id='word_1_133' title='bbox 1852 1728 2042 1784; x_wconf 85' lang='lat' dir='ltr'><strong>doctos</strong></span> 
     </span>
    </p>
   </div>
   <div class='ocr_carea' id='block_1_20' title="bbox 430 1821 2044 1903">
    <p class='ocr_par' dir='ltr' id='par_1_20' title="bbox 430 1821 2044 1903">
     <span class='ocr_line' id='line_1_20' title="bbox 430 1821 2044 1903; baseline -0.002 -25"><span class='ocrx_word' id='word_1_134' title='bbox 430 1823 623 1903; x_wconf 25' lang='lat' dir='ltr'><strong>lviros,</strong></span> <span class='ocrx_word' id='word_1_135' title='bbox 655 1828 710 1878; x_wconf 90' lang='lat' dir='ltr'><strong>et</strong></span> <span class='ocrx_word' id='word_1_136' title='bbox 749 1822 1088 1893; x_wconf 77' lang='lat' dir='ltr'><strong>ingeniorum</strong></span> <span class='ocrx_word' id='word_1_137' title='bbox 1134 1823 1452 1878; x_wconf 79' lang='lat' dir='ltr'><strong>excellentia</strong></span> <span class='ocrx_word' id='word_1_138' title='bbox 1496 1823 1781 1893; x_wconf 72' lang='lat' dir='ltr'><strong>pra-ditos,</strong></span> <span class='ocrx_word' id='word_1_139' title='bbox 1819 1822 1887 1876; x_wconf 89' lang='lat' dir='ltr'><strong>de</strong></span> <span class='ocrx_word' id='word_1_140' title='bbox 1925 1821 2044 1875; x_wconf 87' lang='lat' dir='ltr'><strong>ani-</strong></span> 
     </span>
    </p>
   </div>
   <div class='ocr_carea' id='block_1_21' title="bbox 442 1907 2045 1985">
    <p class='ocr_par' dir='ltr' id='par_1_21' title="bbox 442 1907 2045 1985">
     <span class='ocr_line' id='line_1_21' title="bbox 442 1907 2045 1985; baseline 0 -15"><span class='ocrx_word' id='word_1_141' title='bbox 442 1928 653 1970; x_wconf 88' lang='lat' dir='ltr'><strong>marum</strong></span> <span class='ocrx_word' id='word_1_142' title='bbox 702 1907 962 1985; x_wconf 81' lang='lat' dir='ltr'><strong>qualitate</strong></span> <span class='ocrx_word' id='word_1_143' title='bbox 1006 1924 1280 1972; x_wconf 77' lang='lat' dir='ltr'><strong>certamen</strong></span> <span class='ocrx_word' id='word_1_144' title='bbox 1328 1925 1412 1971; x_wconf 86' lang='lat' dir='ltr'><strong>est</strong></span> <span class='ocrx_word' id='word_1_145' title='bbox 1438 1933 1452 1970; x_wconf 93' lang='lat'><strong>:</strong></span> <span class='ocrx_word' id='word_1_146' title='bbox 1481 1924 1537 1971; x_wconf 89' lang='lat' dir='ltr'><strong>et</strong></span> <span class='ocrx_word' id='word_1_147' title='bbox 1586 1929 1679 1971; x_wconf 88' lang='lat' dir='ltr'><strong>eas</strong></span> <span class='ocrx_word' id='word_1_148' title='bbox 1722 1915 1813 1969; x_wconf 83' lang='lat' dir='ltr'><strong>alii</strong></span> <span class='ocrx_word' id='word_1_149' title='bbox 1858 1912 2045 1970; x_wconf 85' lang='lat' dir='ltr'><strong>dicunt</strong></span> 
     </span>
    </p>
   </div>
   <div class='ocr_carea' id='block_1_22' title="bbox 444 2012 2041 2085">
    <p class='ocr_par' dir='ltr' id='par_1_22' title="bbox 444 2012 2041 2085">
     <span class='ocr_line' id='line_1_22' title="bbox 444 2012 2041 2085; baseline -0.003 -16"><span class='ocrx_word' id='word_1_150' title='bbox 444 2012 661 2071; x_wconf 84' lang='lat' dir='ltr'><strong>mortali</strong></span> <span class='ocrx_word' id='word_1_151' title='bbox 687 2026 812 2069; x_wconf 82' lang='lat' dir='ltr'><strong>esse</strong></span> <span class='ocrx_word' id='word_1_152' title='bbox 849 2023 1041 2071; x_wconf 85' lang='lat' dir='ltr'><strong>natura</strong></span> <span class='ocrx_word' id='word_1_153' title='bbox 1063 2056 1077 2083; x_wconf 94' lang='lat'><strong>,</strong></span> <span class='ocrx_word' id='word_1_154' title='bbox 1104 2027 1205 2069; x_wconf 89' lang='lat' dir='ltr'><strong>nec</strong></span> <span class='ocrx_word' id='word_1_155' title='bbox 1233 2013 1467 2070; x_wconf 88' lang='lat' dir='ltr'><strong>divinam</strong></span> <span class='ocrx_word' id='word_1_156' title='bbox 1497 2027 1661 2085; x_wconf 83' lang='lat' dir='ltr'><strong>posse</strong></span> <span class='ocrx_word' id='word_1_157' title='bbox 1685 2012 2041 2068; x_wconf 82' lang='lat' dir='ltr'><strong>substantiam</strong></span> 
     </span>
    </p>
   </div>
   <div class='ocr_carea' id='block_1_23' title="bbox 2135 425 3747 497">
    <p class='ocr_par' dir='ltr' id='par_1_23' title="bbox 2135 425 3747 497">
     <span class='ocr_line' id='line_1_23' title="bbox 2135 425 3747 497; baseline 0.004 -16"><span class='ocrx_word' id='word_1_158' title='bbox 2135 425 2465 497; x_wconf 80' lang='lat' dir='ltr'><strong>degenerare</strong></span> <span class='ocrx_word' id='word_1_159' title='bbox 2513 426 2747 482; x_wconf 76' lang='lat' dir='ltr'><strong>mortali.</strong></span> <span class='ocrx_word' id='word_1_160' title='bbox 2777 427 2931 497; x_wconf 86' lang='lat' dir='ltr'><strong>Quod</strong></span> <span class='ocrx_word' id='word_1_161' title='bbox 2969 427 3109 483; x_wconf 82' lang='lat' dir='ltr'><strong>istud</strong></span> <span class='ocrx_word' id='word_1_162' title='bbox 3139 433 3165 465; x_wconf 72' lang='grc' dir='ltr'><strong>ι</strong></span> <span class='ocrx_word' id='word_1_163' title='bbox 3194 431 3252 484; x_wconf 89' lang='lat' dir='ltr'><strong>ut</strong></span> <span class='ocrx_word' id='word_1_164' title='bbox 3280 428 3399 497; x_wconf 80' lang='lat' dir='ltr'><strong>fiat,</strong></span> <span class='ocrx_word' id='word_1_165' title='bbox 3432 430 3747 488; x_wconf 88' lang='lat' dir='ltr'><strong>medietatis</strong></span> 
     </span>
    </p>
   </div>
   <div class='ocr_carea' id='block_1_24' title="bbox 2139 520 3741 595">
    <p class='ocr_par' dir='ltr' id='par_1_24' title="bbox 2139 520 3741 595">
     <span class='ocr_line' id='line_1_24' title="bbox 2139 520 3741 595; baseline 0.003 -20"><span class='ocrx_word' id='word_1_166' title='bbox 2139 520 2372 575; x_wconf 74' lang='lat' dir='ltr'><strong>efﬁcitur</strong></span> <span class='ocrx_word' id='word_1_167' title='bbox 2403 520 2520 591; x_wconf 88' lang='lat' dir='ltr'><strong>iege</strong></span> <span class='ocrx_word' id='word_1_168' title='bbox 2552 539 2566 576; x_wconf 90' lang='lat'><strong>:</strong></span> <span class='ocrx_word' id='word_1_169' title='bbox 2596 521 2738 591; x_wconf 74' lang='lat' dir='ltr'><strong>Quod</strong></span> <span class='ocrx_word' id='word_1_170' title='bbox 2776 531 2830 578; x_wconf 88' lang='lat' dir='ltr'><strong>et</strong></span> <span class='ocrx_word' id='word_1_171' title='bbox 2862 523 2969 577; x_wconf 83' lang='lat' dir='ltr'><strong>illis</strong></span> <span class='ocrx_word' id='word_1_172' title='bbox 3008 529 3320 592; x_wconf 85' lang='lat' dir='ltr'><strong>argumenta</strong></span> <span class='ocrx_word' id='word_1_173' title='bbox 3351 530 3476 579; x_wconf 84' lang='lat' dir='ltr'><strong>sunt</strong></span> <span class='ocrx_word' id='word_1_174' title='bbox 3505 532 3702 595; x_wconf 70' lang='lat' dir='ltr'><strong>prmsto</strong></span> <span class='ocrx_word' id='word_1_175' title='bbox 3724 568 3741 592; x_wconf 92' lang='lat'><strong>,</strong></span> 
     </span>
    </p>
   </div>
   <div class='ocr_carea' id='block_1_25' title="bbox 2136 611 3743 683">
    <p class='ocr_par' dir='ltr' id='par_1_25' title="bbox 2136 611 3743 683">
     <span class='ocr_line' id='line_1_25' title="bbox 2136 611 3743 683; baseline 0.005 -19"><span class='ocrx_word' id='word_1_176' title='bbox 2136 611 2328 683; x_wconf 84' lang='lat' dir='ltr'><strong>quibus</strong></span> <span class='ocrx_word' id='word_1_177' title='bbox 2355 626 2447 667; x_wconf 88' lang='lat' dir='ltr'><strong>eas</strong></span> <span class='ocrx_word' id='word_1_178' title='bbox 2473 612 2712 683; x_wconf 84' lang='lat' dir='ltr'><strong>passiras</strong></span> <span class='ocrx_word' id='word_1_179' title='bbox 2738 620 2900 683; x_wconf 81' lang='lat' dir='ltr'><strong>atque</strong></span> <span class='ocrx_word' id='word_1_180' title='bbox 2931 614 3224 671; x_wconf 80' lang='lat' dir='ltr'><strong>interibilcs</strong></span> <span class='ocrx_word' id='word_1_181' title='bbox 3248 612 3548 671; x_wconf 84' lang='lat' dir='ltr'><strong>invenitur:</strong></span> <span class='ocrx_word' id='word_1_182' title='bbox 3574 626 3627 672; x_wconf 88' lang='lat' dir='ltr'><strong>et</strong></span> <span class='ocrx_word' id='word_1_183' title='bbox 3651 615 3743 672; x_wconf 87' lang='lat' dir='ltr'><strong>his</strong></span> 
     </span>
    </p>
   </div>
   <div class='ocr_carea' id='block_1_26' title="bbox 2137 704 3745 777">
    <p class='ocr_par' dir='ltr' id='par_1_26' title="bbox 2137 704 3745 777">
     <span class='ocr_line' id='line_1_26' title="bbox 2137 704 3745 777; baseline 0.004 -19"><span class='ocrx_word' id='word_1_184' title='bbox 2137 713 2322 759; x_wconf 85' lang='lat' dir='ltr'><strong>contra</strong></span> <span class='ocrx_word' id='word_1_185' title='bbox 2352 716 2455 758; x_wconf 90' lang='lat' dir='ltr'><strong>non</strong></span> <span class='ocrx_word' id='word_1_186' title='bbox 2485 704 2701 773; x_wconf 83' lang='lat' dir='ltr'><strong>desunt,</strong></span> <span class='ocrx_word' id='word_1_187' title='bbox 2736 707 2932 777; x_wconf 83' lang='lat' dir='ltr'><strong>quibus</strong></span> <span class='ocrx_word' id='word_1_188' title='bbox 2959 718 3083 763; x_wconf 81' lang='lat' dir='ltr'><strong>esse</strong></span> <span class='ocrx_word' id='word_1_189' title='bbox 3125 706 3332 764; x_wconf 85' lang='lat' dir='ltr'><strong>divinas</strong></span> <span class='ocrx_word' id='word_1_190' title='bbox 3370 708 3745 765; x_wconf 55' lang='lat' dir='ltr'><strong>immortales-</strong></span> 
     </span>
    </p>
   </div>
   <div class='ocr_carea' id='block_1_27' title="bbox 2140 805 2617 867">
    <p class='ocr_par' dir='ltr' id='par_1_27' title="bbox 2140 805 2617 867">
     <span class='ocr_line' id='line_1_27' title="bbox 2140 805 2617 867; baseline 0.006 -18"><span class='ocrx_word' id='word_1_191' title='bbox 2140 808 2243 867; x_wconf 85' lang='lat' dir='ltr'><strong>que</strong></span> <span class='ocrx_word' id='word_1_192' title='bbox 2272 805 2617 852; x_wconf 87' lang='lat' dir='ltr'><strong>monstratur.</strong></span> 
     </span>
    </p>
   </div>
   <div class='ocr_carea' id='block_1_28' title="bbox 2214 886 3748 961">
    <p class='ocr_par' dir='ltr' id='par_1_28' title="bbox 2214 886 3748 961">
     <span class='ocr_line' id='line_1_28' title="bbox 2214 886 3748 961; baseline 0.005 -19"><span class='ocrx_word' id='word_1_193' title='bbox 2214 886 2429 943; x_wconf 81' lang='lat' dir='ltr'><strong>XXXII.</strong></span> <span class='ocrx_word' id='word_1_194' title='bbox 2451 888 2709 944; x_wconf 72' lang='lat' dir='ltr'><strong>llzeccum</strong></span> <span class='ocrx_word' id='word_1_195' title='bbox 2733 891 2802 944; x_wconf 89' lang='lat' dir='ltr'><strong>ita</strong></span> <span class='ocrx_word' id='word_1_196' title='bbox 2833 902 2897 945; x_wconf 84' lang='lat' dir='ltr'><strong>se</strong></span> <span class='ocrx_word' id='word_1_197' title='bbox 2920 890 3170 961; x_wconf 86' lang='lat' dir='ltr'><strong>habeant,</strong></span> <span class='ocrx_word' id='word_1_198' title='bbox 3199 900 3253 947; x_wconf 90' lang='lat' dir='ltr'><strong>et</strong></span> <span class='ocrx_word' id='word_1_199' title='bbox 3280 904 3402 948; x_wconf 86' lang='lat' dir='ltr'><strong>cum</strong></span> <span class='ocrx_word' id='word_1_200' title='bbox 3431 893 3499 948; x_wconf 88' lang='lat' dir='ltr'><strong>ab</strong></span> <span class='ocrx_word' id='word_1_201' title='bbox 3522 906 3748 949; x_wconf 84' lang='lat' dir='ltr'><strong>summo</strong></span> 
     </span>
    </p>
   </div>
   <div class='ocr_carea' id='block_1_29' title="bbox 2141 981 3751 1059">
    <p class='ocr_par' dir='ltr' id='par_1_29' title="bbox 2141 981 3751 1059">
     <span class='ocr_line' id='line_1_29' title="bbox 2141 981 3751 1059; baseline 0.004 -22"><span class='ocrx_word' id='word_1_202' title='bbox 2141 981 2393 1037; x_wconf 89' lang='lat' dir='ltr'><strong>traditum</strong></span> <span class='ocrx_word' id='word_1_203' title='bbox 2424 991 2702 1039; x_wconf 81' lang='lat' dir='ltr'><strong>teneamus</strong></span> <span class='ocrx_word' id='word_1_204' title='bbox 2732 995 2974 1047; x_wconf 87' lang='lat' dir='ltr'><strong>auctore.</strong></span> <span class='ocrx_word' id='word_1_205' title='bbox 3010 1000 3114 1041; x_wconf 89' lang='lat' dir='ltr'><strong>non</strong></span> <span class='ocrx_word' id='word_1_206' title='bbox 3162 1000 3285 1043; x_wconf 85' lang='lat' dir='ltr'><strong>esse</strong></span> <span class='ocrx_word' id='word_1_207' title='bbox 3331 988 3539 1043; x_wconf 85' lang='lat' dir='ltr'><strong>animas</strong></span> <span class='ocrx_word' id='word_1_208' title='bbox 3579 989 3751 1059; x_wconf 78' lang='lat' dir='ltr'><strong>longe</strong></span> 
     </span>
    </p>
   </div>
   <div class='ocr_carea' id='block_1_30' title="bbox 2142 1072 3752 1150">
    <p class='ocr_par' dir='ltr' id='par_1_30' title="bbox 2142 1072 3752 1150">
     <span class='ocr_line' id='line_1_30' title="bbox 2142 1072 3752 1150; baseline 0.004 -21"><span class='ocrx_word' id='word_1_209' title='bbox 2142 1076 2210 1131; x_wconf 87' lang='lat' dir='ltr'><strong>ab</strong></span> <span class='ocrx_word' id='word_1_210' title='bbox 2234 1072 2466 1130; x_wconf 81' lang='lat' dir='ltr'><strong>hiatibus</strong></span> <span class='ocrx_word' id='word_1_211' title='bbox 2507 1078 2695 1131; x_wconf 89' lang='lat' dir='ltr'><strong>mortis</strong></span> <span class='ocrx_word' id='word_1_212' title='bbox 2721 1086 2774 1132; x_wconf 91' lang='lat' dir='ltr'><strong>et</strong></span> <span class='ocrx_word' id='word_1_213' title='bbox 2805 1077 3047 1133; x_wconf 78' lang='lat' dir='ltr'><strong>lancibus</strong></span> <span class='ocrx_word' id='word_1_214' title='bbox 3074 1080 3396 1134; x_wconf 88' lang='lat' dir='ltr'><strong>constitutas</strong></span> <span class='ocrx_word' id='word_1_215' title='bbox 3428 1097 3441 1135; x_wconf 91' lang='lat'><strong>:</strong></span> <span class='ocrx_word' id='word_1_216' title='bbox 3470 1095 3627 1150; x_wconf 82' lang='lat' dir='ltr'><strong>posse</strong></span> <span class='ocrx_word' id='word_1_217' title='bbox 3658 1092 3752 1135; x_wconf 87' lang='lat' dir='ltr'><strong>ta-</strong></span> 
     </span>
    </p>
   </div>
   <div class='ocr_carea' id='block_1_31' title="bbox 2144 1170 3752 1242">
    <p class='ocr_par' dir='ltr' id='par_1_31' title="bbox 2144 1170 3752 1242">
     <span class='ocr_line' id='line_1_31' title="bbox 2144 1170 3752 1242; baseline 0.002 -17"><span class='ocrx_word' id='word_1_218' title='bbox 2144 1182 2265 1225; x_wconf 86' lang='lat' dir='ltr'><strong>men</strong></span> <span class='ocrx_word' id='word_1_219' title='bbox 2311 1170 2581 1241; x_wconf 83' lang='lat' dir='ltr'><strong>longaevas</strong></span> <span class='ocrx_word' id='word_1_220' title='bbox 2610 1173 2805 1225; x_wconf 87' lang='lat' dir='ltr'><strong>summi</strong></span> <span class='ocrx_word' id='word_1_221' title='bbox 2850 1173 3108 1242; x_wconf 85' lang='lat' dir='ltr'><strong>principis</strong></span> <span class='ocrx_word' id='word_1_222' title='bbox 3139 1188 3361 1228; x_wconf 85' lang='lat' dir='ltr'><strong>munere</strong></span> <span class='ocrx_word' id='word_1_223' title='bbox 3387 1188 3448 1228; x_wconf 90' lang='lat' dir='ltr'><strong>ac</strong></span> <span class='ocrx_word' id='word_1_224' title='bbox 3480 1173 3752 1230; x_wconf 82' lang='lat' dir='ltr'><strong>beneﬂcio</strong></span> 
     </span>
    </p>
   </div>
   <div class='ocr_carea' id='block_1_32' title="bbox 2147 1258 3750 1337">
    <p class='ocr_par' dir='ltr' id='par_1_32' title="bbox 2147 1258 3750 1337">
     <span class='ocr_line' id='line_1_32' title="bbox 2147 1258 3750 1337; baseline 0.004 -21"><span class='ocrx_word' id='word_1_225' title='bbox 2147 1262 2260 1317; x_wconf 77' lang='lat' dir='ltr'><strong>fieri</strong></span> <span class='ocrx_word' id='word_1_226' title='bbox 2281 1279 2294 1316; x_wconf 89' lang='lat'><strong>:</strong></span> <span class='ocrx_word' id='word_1_227' title='bbox 2312 1263 2356 1316; x_wconf 90' lang='lat' dir='ltr'><strong>si</strong></span> <span class='ocrx_word' id='word_1_228' title='bbox 2385 1262 2547 1317; x_wconf 90' lang='lat' dir='ltr'><strong>modo</strong></span> <span class='ocrx_word' id='word_1_229' title='bbox 2572 1258 2720 1318; x_wconf 88' lang='lat' dir='ltr'><strong>illum</strong></span> <span class='ocrx_word' id='word_1_230' title='bbox 2745 1272 2953 1319; x_wconf 83' lang='lat' dir='ltr'><strong>tentent</strong></span> <span class='ocrx_word' id='word_1_231' title='bbox 2974 1278 3036 1319; x_wconf 87' lang='lat' dir='ltr'><strong>ac</strong></span> <span class='ocrx_word' id='word_1_232' title='bbox 3060 1265 3388 1320; x_wconf 87' lang='lat' dir='ltr'><strong>meditentnr</strong></span> <span class='ocrx_word' id='word_1_233' title='bbox 3414 1280 3750 1337; x_wconf 85' lang='lat' dir='ltr'><strong>agnoscere:</strong></span> 
     </span>
    </p>
   </div>
   <div class='ocr_carea' id='block_1_33' title="bbox 2144 1354 3752 1426">
    <p class='ocr_par' dir='ltr' id='par_1_33' title="bbox 2144 1354 3752 1426">
     <span class='ocr_line' id='line_1_33' title="bbox 2144 1354 3752 1426; baseline 0.004 -19"><span class='ocrx_word' id='word_1_234' title='bbox 2144 1355 2265 1423; x_wconf 85' lang='lat' dir='ltr'><strong>ejus</strong></span> <span class='ocrx_word' id='word_1_235' title='bbox 2292 1354 2437 1409; x_wconf 91' lang='lat' dir='ltr'><strong>enim</strong></span> <span class='ocrx_word' id='word_1_236' title='bbox 2467 1356 2699 1424; x_wconf 80' lang='lat' dir='ltr'><strong>cognitio</strong></span> <span class='ocrx_word' id='word_1_237' title='bbox 2728 1354 3052 1410; x_wconf 86' lang='lat' dir='ltr'><strong>fermentum</strong></span> <span class='ocrx_word' id='word_1_238' title='bbox 3081 1356 3349 1426; x_wconf 84' lang='lat' dir='ltr'><strong>quoddam</strong></span> <span class='ocrx_word' id='word_1_239' title='bbox 3382 1366 3463 1412; x_wconf 89' lang='lat' dir='ltr'><strong>cst</strong></span> <span class='ocrx_word' id='word_1_240' title='bbox 3496 1357 3619 1411; x_wconf 74' lang='lat' dir='ltr'><strong>vitzu</strong></span> <span class='ocrx_word' id='word_1_241' title='bbox 3639 1390 3657 1423; x_wconf 66' lang='grc' dir='ltr'>,ι</span> <span class='ocrx_word' id='word_1_242' title='bbox 3682 1372 3752 1413; x_wconf 90' lang='lat' dir='ltr'><strong>ac</strong></span> 
     </span>
    </p>
   </div>
   <div class='ocr_carea' id='block_1_34' title="bbox 2146 1447 3755 1524">
    <p class='ocr_par' dir='ltr' id='par_1_34' title="bbox 2146 1447 3755 1524">
     <span class='ocr_line' id='line_1_34' title="bbox 2146 1447 3755 1524; baseline 0.006 -24"><span class='ocrx_word' id='word_1_243' title='bbox 2146 1447 2224 1502; x_wconf 78' lang='lat' dir='ltr'><strong>rei</strong></span> <span class='ocrx_word' id='word_1_244' title='bbox 2248 1447 2603 1502; x_wconf 81' lang='lat' dir='ltr'><strong>dissociabilis</strong></span> <span class='ocrx_word' id='word_1_245' title='bbox 2627 1449 2891 1519; x_wconf 88' lang='lat' dir='ltr'><strong>glutinum</strong></span> <span class='ocrx_word' id='word_1_246' title='bbox 2920 1460 2934 1502; x_wconf 85' lang='lat'><strong>:</strong></span> <span class='ocrx_word' id='word_1_247' title='bbox 2966 1460 3074 1503; x_wconf 90' lang='lat' dir='ltr'><strong>tum</strong></span> <span class='ocrx_word' id='word_1_248' title='bbox 3111 1449 3307 1505; x_wconf 86' lang='lat' dir='ltr'><strong>deinde</strong></span> <span class='ocrx_word' id='word_1_249' title='bbox 3346 1448 3561 1507; x_wconf 86' lang='lat' dir='ltr'><strong>feritate</strong></span> <span class='ocrx_word' id='word_1_250' title='bbox 3582 1460 3755 1524; x_wconf 86' lang='lat' dir='ltr'><strong>atque</strong></span> 
     </span>
    </p>
   </div>
   <div class='ocr_carea' id='block_1_35' title="bbox 2144 1534 3750 1616">
    <p class='ocr_par' dir='ltr' id='par_1_35' title="bbox 2144 1534 3750 1616">
     <span class='ocr_line' id='line_1_35' title="bbox 2144 1534 3750 1616; baseline 0.002 -18"><span class='ocrx_word' id='word_1_251' title='bbox 2144 1534 2531 1598; x_wconf 83' lang='lat' dir='ltr'><strong>inhumanitate</strong></span> <span class='ocrx_word' id='word_1_252' title='bbox 2575 1542 2863 1614; x_wconf 78' lang='lat' dir='ltr'><strong>depositis,</strong></span> <span class='ocrx_word' id='word_1_253' title='bbox 2906 1550 3181 1598; x_wconf 79' lang='lat' dir='ltr'><strong>restituant</strong></span> <span class='ocrx_word' id='word_1_254' title='bbox 3231 1544 3442 1616; x_wconf 87' lang='lat' dir='ltr'><strong>ingenia</strong></span> <span class='ocrx_word' id='word_1_255' title='bbox 3490 1544 3750 1601; x_wconf 88' lang='lat' dir='ltr'><strong>mitiora:</strong></span> 
     </span>
    </p>
   </div>
   <div class='ocr_carea' id='block_1_36' title="bbox 2146 1634 3753 1707">
    <p class='ocr_par' dir='ltr' id='par_1_36' title="bbox 2146 1634 3753 1707">
     <span class='ocr_line' id='line_1_36' title="bbox 2146 1634 3753 1707; baseline 0.002 -17"><span class='ocrx_word' id='word_1_256' title='bbox 2146 1645 2203 1692; x_wconf 88' lang='lat' dir='ltr'><strong>ut</strong></span> <span class='ocrx_word' id='word_1_257' title='bbox 2229 1646 2285 1690; x_wconf 88' lang='lat' dir='ltr'><strong>at</strong></span> <span class='ocrx_word' id='word_1_258' title='bbox 2311 1634 2470 1700; x_wconf 88' lang='lat' dir='ltr'><strong>illttd,</strong></span> <span class='ocrx_word' id='word_1_259' title='bbox 2503 1636 2645 1707; x_wconf 90' lang='lat' dir='ltr'><strong>quod</strong></span> <span class='ocrx_word' id='word_1_260' title='bbox 2674 1635 2919 1699; x_wconf 77' lang='lat' dir='ltr'><strong>dabitur,</strong></span> <span class='ocrx_word' id='word_1_261' title='bbox 2942 1645 3067 1691; x_wconf 80' lang='lat' dir='ltr'><strong>esse</strong></span> <span class='ocrx_word' id='word_1_262' title='bbox 3108 1636 3314 1706; x_wconf 87' lang='lat' dir='ltr'><strong>possint</strong></span> <span class='ocrx_word' id='word_1_263' title='bbox 3354 1644 3574 1705; x_wconf 65' lang='lat' dir='ltr'><strong>paratw.</strong></span> <span class='ocrx_word' id='word_1_264' title='bbox 3607 1636 3753 1706; x_wconf 84' lang='lat' dir='ltr'><strong>Quid</strong></span> 
     </span>
    </p>
   </div>
   <div class='ocr_carea' id='block_1_37' title="bbox 2147 1729 3753 1802">
    <p class='ocr_par' dir='ltr' id='par_1_37' title="bbox 2147 1729 3753 1802">
     <span class='ocr_line' id='line_1_37' title="bbox 2147 1729 3753 1802; baseline -0.001 -15"><span class='ocrx_word' id='word_1_265' title='bbox 2147 1738 2230 1787; x_wconf 83' lang='lat' dir='ltr'><strong>est</strong></span> <span class='ocrx_word' id='word_1_266' title='bbox 2253 1729 2399 1801; x_wconf 89' lang='lat' dir='ltr'><strong>quod</strong></span> <span class='ocrx_word' id='word_1_267' title='bbox 2425 1742 2455 1783; x_wconf 89' lang='lat' dir='ltr'><strong>a</strong></span> <span class='ocrx_word' id='word_1_268' title='bbox 2484 1730 2637 1786; x_wconf 81' lang='lat' dir='ltr'><strong>vobis</strong></span> <span class='ocrx_word' id='word_1_269' title='bbox 2665 1738 2936 1802; x_wconf 85' lang='lat' dir='ltr'><strong>tamquam</strong></span> <span class='ocrx_word' id='word_1_270' title='bbox 2963 1729 3105 1786; x_wconf 84' lang='lat' dir='ltr'><strong>bruti</strong></span> <span class='ocrx_word' id='word_1_271' title='bbox 3129 1737 3184 1784; x_wconf 88' lang='lat' dir='ltr'><strong>et</strong></span> <span class='ocrx_word' id='word_1_272' title='bbox 3213 1729 3390 1786; x_wconf 89' lang='lat' dir='ltr'><strong>stolidi</strong></span> <span class='ocrx_word' id='word_1_273' title='bbox 3417 1731 3753 1800; x_wconf 70' lang='lat' dir='ltr'><strong>iudicemur,</strong></span> 
     </span>
    </p>
   </div>
   <div class='ocr_carea' id='block_1_38' title="bbox 2147 1822 3752 1895">
    <p class='ocr_par' dir='ltr' id='par_1_38' title="bbox 2147 1822 3752 1895">
     <span class='ocr_line' id='line_1_38' title="bbox 2147 1822 3752 1895; baseline 0 -16"><span class='ocrx_word' id='word_1_274' title='bbox 2147 1824 2191 1879; x_wconf 87' lang='lat' dir='ltr'><strong>si</strong></span> <span class='ocrx_word' id='word_1_275' title='bbox 2221 1832 2440 1895; x_wconf 84' lang='lat' dir='ltr'><strong>propter</strong></span> <span class='ocrx_word' id='word_1_276' title='bbox 2467 1822 2568 1878; x_wconf 86' lang='lat' dir='ltr'><strong>hos</strong></span> <span class='ocrx_word' id='word_1_277' title='bbox 2613 1830 2786 1878; x_wconf 89' lang='lat' dir='ltr'><strong>metus</strong></span> <span class='ocrx_word' id='word_1_278' title='bbox 2813 1824 3087 1878; x_wconf 81' lang='lat' dir='ltr'><strong>liberatori</strong></span> <span class='ocrx_word' id='word_1_279' title='bbox 3116 1822 3422 1880; x_wconf 85' lang='lat' dir='ltr'><strong>dedidimus</strong></span> <span class='ocrx_word' id='word_1_280' title='bbox 3449 1822 3478 1861; x_wconf 73' lang='grc' dir='ltr'>δ</span> <span class='ocrx_word' id='word_1_281' title='bbox 3506 1833 3560 1880; x_wconf 87' lang='lat' dir='ltr'><strong>et</strong></span> <span class='ocrx_word' id='word_1_282' title='bbox 3590 1840 3752 1879; x_wconf 86' lang='lat' dir='ltr'><strong>man-</strong></span> 
     </span>
    </p>
   </div>
   <div class='ocr_carea' id='block_1_39' title="bbox 2147 1912 3752 1985">
    <p class='ocr_par' dir='ltr' id='par_1_39' title="bbox 2147 1912 3752 1985">
     <span class='ocr_line' id='line_1_39' title="bbox 2147 1912 3752 1985; baseline 0.001 -14"><span class='ocrx_word' id='word_1_283' title='bbox 2147 1917 2444 1985; x_wconf 83' lang='lat' dir='ltr'><strong>cipavimus</strong></span> <span class='ocrx_word' id='word_1_284' title='bbox 2472 1930 2572 1970; x_wconf 88' lang='lat' dir='ltr'><strong>nos</strong></span> <span class='ocrx_word' id='word_1_285' title='bbox 2604 1915 2754 1971; x_wconf 87' lang='lat' dir='ltr'><strong>Deo?</strong></span> <span class='ocrx_word' id='word_1_286' title='bbox 2784 1912 3061 1971; x_wconf 80' lang='lat' dir='ltr'><strong>Adversus</strong></span> <span class='ocrx_word' id='word_1_287' title='bbox 3087 1915 3222 1972; x_wconf 89' lang='lat' dir='ltr'><strong>ictus</strong></span> <span class='ocrx_word' id='word_1_288' title='bbox 3252 1918 3467 1983; x_wconf 77' lang='lat' dir='ltr'><strong>noxios,</strong></span> <span class='ocrx_word' id='word_1_289' title='bbox 3501 1926 3555 1971; x_wconf 90' lang='lat' dir='ltr'><strong>et</strong></span> <span class='ocrx_word' id='word_1_290' title='bbox 3584 1932 3752 1973; x_wconf 52' lang='lat' dir='ltr'><strong>verte-</strong></span> 
     </span>
    </p>
   </div>
   <div class='ocr_carea' id='block_1_40' title="bbox 2148 2004 3753 2080">
    <p class='ocr_par' dir='ltr' id='par_1_40' title="bbox 2148 2004 3753 2080">
     <span class='ocr_line' id='line_1_40' title="bbox 2148 2004 3753 2080; baseline 0.001 -17"><span class='ocrx_word' id='word_1_291' title='bbox 2148 2016 2302 2065; x_wconf 89' lang='lat' dir='ltr'><strong>natos</strong></span> <span class='ocrx_word' id='word_1_292' title='bbox 2328 2008 2672 2064; x_wconf 85' lang='lat' dir='ltr'><strong>colubrarum</strong></span> <span class='ocrx_word' id='word_1_293' title='bbox 2705 2020 2916 2064; x_wconf 82' lang='lat' dir='ltr'><strong>morsus</strong></span> <span class='ocrx_word' id='word_1_294' title='bbox 2939 2049 2955 2076; x_wconf 94' lang='lat'><strong>,</strong></span> <span class='ocrx_word' id='word_1_295' title='bbox 2985 2007 3227 2064; x_wconf 85' lang='lat' dir='ltr'><strong>remedia</strong></span> <span class='ocrx_word' id='word_1_296' title='bbox 3278 2020 3426 2080; x_wconf 66' lang='lat' dir='ltr'><strong>stupe</strong></span> <span class='ocrx_word' id='word_1_297' title='bbox 3470 2004 3753 2080; x_wconf 87' lang='lat' dir='ltr'><strong>conquiri-</strong></span> 
     </span>
    </p>
   </div>
   <div class='ocr_carea' id='block_1_41' title="bbox 1671 2118 2510 2185">
    <p class='ocr_par' dir='ltr' id='par_1_41' title="bbox 1671 2118 2510 2185">
     <span class='ocr_line' id='line_1_41' title="bbox 1671 2118 2510 2185; baseline -0.006 0"><span class='ocrx_word' id='word_1_298' title='bbox 1671 2121 2056 2185; x_wconf 73' lang='lat' dir='ltr'><strong>LEC&#39;I‘IONES</strong></span> <span class='ocrx_word' id='word_1_299' title='bbox 2092 2118 2510 2183; x_wconf 80' lang='lat' dir='ltr'><strong>VARIANTES.</strong></span> 
     </span>
    </p>
   </div>
   <div class='ocr_carea' id='block_1_42' title="bbox 506 2219 995 2315">
    <p class='ocr_par' dir='ltr' id='par_1_42' title="bbox 506 2219 995 2315">
     <span class='ocr_line' id='line_1_42' title="bbox 506 2219 995 2315; baseline 0.016 -19"><span class='ocrx_word' id='word_1_300' title='bbox 506 2244 534 2279; x_wconf 78' lang='grc' dir='ltr'><strong>ι</strong></span> <span class='ocrx_word' id='word_1_301' title='bbox 558 2245 684 2315; x_wconf 88' lang='lat' dir='ltr'><strong>Quid</strong></span> <span class='ocrx_word' id='word_1_302' title='bbox 716 2219 847 2300; x_wconf 85' lang='lat' dir='ltr'><strong>istud</strong></span> <span class='ocrx_word' id='word_1_303' title='bbox 878 2242 995 2305; x_wconf 73' lang='lat' dir='ltr'><strong>sub.</strong></span> 
     </span>
    </p>
   </div>
   <div class='ocr_carea' id='block_1_43' title="bbox 2211 2234 2879 2297">
    <p class='ocr_par' dir='ltr' id='par_1_43' title="bbox 2211 2234 2879 2297">
     <span class='ocr_line' id='line_1_43' title="bbox 2211 2234 2879 2297; baseline 0.004 -9"><span class='ocrx_word' id='word_1_304' title='bbox 2211 2236 2243 2281; x_wconf 70' lang='grc' dir='ltr'>δ</span> <span class='ocrx_word' id='word_1_305' title='bbox 2278 2239 2363 2297; x_wconf 81' lang='lat' dir='ltr'><strong>Ita</strong></span> <span class='ocrx_word' id='word_1_306' title='bbox 2383 2234 2502 2295; x_wconf 87' lang='lat' dir='ltr'><strong>Sab.</strong></span> <span class='ocrx_word' id='word_1_307' title='bbox 2528 2241 2755 2291; x_wconf 85' lang='lat' dir='ltr'><strong>dedimus</strong></span> <span class='ocrx_word' id='word_1_308' title='bbox 2771 2239 2879 2293; x_wconf 82' lang='lat' dir='ltr'><strong>alii.</strong></span> 
     </span>
    </p>
   </div>
   <div class='ocr_carea' id='block_1_44' title="bbox 1824 2418 2380 2489">
    <p class='ocr_par' dir='ltr' id='par_1_44' title="bbox 1824 2418 2380 2489">
     <span class='ocr_line' id='line_1_44' title="bbox 1824 2418 2380 2489; baseline -0.009 0"><span class='ocrx_word' id='word_1_309' title='bbox 1824 2418 2380 2489; x_wconf 78' lang='lat' dir='ltr'><strong>COMMENTARIUS.</strong></span> 
     </span>
    </p>
   </div>
   <div class='ocr_carea' id='block_1_45' title="bbox 443 2546 2034 2618">
    <p class='ocr_par' dir='ltr' id='par_1_45' title="bbox 443 2546 2034 2618">
     <span class='ocr_line' id='line_1_45' title="bbox 443 2546 2034 2618; baseline 0.001 -17"><span class='ocrx_word' id='word_1_310' title='bbox 443 2559 674 2618; x_wconf 79' lang='lat' dir='ltr'><strong>corpore</strong></span> <span class='ocrx_word' id='word_1_311' title='bbox 708 2546 870 2618; x_wconf 84' lang='lat' dir='ltr'><strong>gigni,</strong></span> <span class='ocrx_word' id='word_1_312' title='bbox 912 2561 1179 2612; x_wconf 88' lang='lat' dir='ltr'><strong>crescere,</strong></span> <span class='ocrx_word' id='word_1_313' title='bbox 1219 2561 1505 2618; x_wconf 83' lang='lat' dir='ltr'><strong>senescere</strong></span> <span class='ocrx_word' id='word_1_314' title='bbox 1535 2557 1591 2605; x_wconf 90' lang='lat' dir='ltr'><strong>et</strong></span> <span class='ocrx_word' id='word_1_315' title='bbox 1622 2546 1864 2604; x_wconf 90' lang='lat' dir='ltr'><strong>interire.</strong></span> <span class='ocrx_word' id='word_1_316' title='bbox 1901 2546 2034 2602; x_wconf 83' lang='lat' dir='ltr'><strong>Vide</strong></span> 
     </span>
    </p>
   </div>
   <div class='ocr_carea' id='block_1_46' title="bbox 445 2614 1718 2685">
    <p class='ocr_par' dir='ltr' id='par_1_46' title="bbox 445 2614 1718 2685">
     <span class='ocr_line' id='line_1_46' title="bbox 445 2614 1718 2685; baseline 0.001 -13"><span class='ocrx_word' id='word_1_317' title='bbox 445 2614 685 2685; x_wconf 59' lang='lat' dir='ltr'><strong>Lucret,</strong></span> <span class='ocrx_word' id='word_1_318' title='bbox 712 2614 813 2674; x_wconf 78' lang='lat' dir='ltr'><strong>lib.</strong></span> <span class='ocrx_word' id='word_1_319' title='bbox 847 2635 927 2685; x_wconf 85' lang='grc' dir='ltr'>ιιι,</span> <span class='ocrx_word' id='word_1_320' title='bbox 957 2635 1100 2675; x_wconf 88' lang='lat' dir='ltr'><strong>vers.</strong></span> <span class='ocrx_word' id='word_1_321' title='bbox 1138 2614 1335 2676; x_wconf 79' lang='grc'><strong>418-</strong></span> <span class='ocrx_word' id='word_1_322' title='bbox 1357 2619 1482 2675; x_wconf 71' lang='grc'><strong>840.</strong></span> <span class='ocrx_word' id='word_1_323' title='bbox 1516 2617 1718 2676; x_wconf 73' lang='grc' dir='ltr'>Οειειι.</span> 
     </span>
    </p>
   </div>
   <div class='ocr_carea' id='block_1_47' title="bbox 519 2689 2038 2773">
    <p class='ocr_par' dir='ltr' id='par_1_47' title="bbox 519 2689 2038 2773">
     <span class='ocr_line' id='line_1_47' title="bbox 519 2689 2038 2773; baseline 0.001 -30"><span class='ocrx_word' id='word_1_324' title='bbox 519 2689 745 2773; x_wconf 61' lang='lat' dir='ltr'><strong>Purgari</strong></span> <span class='ocrx_word' id='word_1_325' title='bbox 770 2690 1105 2773; x_wconf 43' lang='lat' dir='ltr'><strong>hac.anima_s.</strong></span> <span class='ocrx_word' id='word_1_326' title='bbox 1136 2694 1212 2748; x_wconf 84' lang='lat' dir='ltr'><strong>Ita</strong></span> <span class='ocrx_word' id='word_1_327' title='bbox 1230 2691 1637 2773; x_wconf 43' lang='lat' dir='ltr'><strong>legendumfex</strong></span> <span class='ocrx_word' id='word_1_328' title='bbox 1659 2689 2038 2773; x_wconf 69' lang='lat' dir='ltr'><strong>emendatione</strong></span> 
     </span>
    </p>
   </div>
   <div class='ocr_carea' id='block_1_48' title="bbox 445 2760 2041 2839">
    <p class='ocr_par' dir='ltr' id='par_1_48' title="bbox 445 2760 2041 2839">
     <span class='ocr_line' id='line_1_48' title="bbox 445 2760 2041 2839; baseline -0.001 -23"><span class='ocrx_word' id='word_1_329' title='bbox 445 2760 709 2839; x_wconf 65' lang='lat' dir='ltr'><strong>Meursii),</strong></span> <span class='ocrx_word' id='word_1_330' title='bbox 737 2761 956 2839; x_wconf 35' lang='lat' dir='ltr'><strong>non‘has</strong></span> <span class='ocrx_word' id='word_1_331' title='bbox 982 2760 1630 2839; x_wconf 36' lang='lat' dir='ltr'><strong>anilitasaPltiloSOphiam</strong></span> <span class='ocrx_word' id='word_1_332' title='bbox 1660 2761 2041 2839; x_wconf 55' lang='lat' dir='ltr'><strong>esistimaliant</strong></span> 
     </span>
    </p>
   </div>
   <div class='ocr_carea' id='block_1_49' title="bbox 445 2829 2041 2910">
    <p class='ocr_par' dir='ltr' id='par_1_49' title="bbox 445 2829 2041 2910">
     <span class='ocr_line' id='line_1_49' title="bbox 445 2829 2041 2910; baseline 0 -23"><span class='ocrx_word' id='word_1_333' title='bbox 445 2829 571 2910; x_wconf 69' lang='lat' dir='ltr'><strong>esse</strong></span> <span class='ocrx_word' id='word_1_334' title='bbox 611 2829 1094 2910; x_wconf 37' lang='grc' dir='ltr'><strong>ζὼς-ἀνθρωπίνης</strong></span> <span class='ocrx_word' id='word_1_335' title='bbox 1142 2838 1383 2910; x_wconf 63' lang='grc' dir='ltr'><strong>κάθαρσιν</strong></span> <span class='ocrx_word' id='word_1_336' title='bbox 1433 2829 1513 2910; x_wconf 45' lang='lat' dir='ltr'><strong>uoti</strong></span> <span class='ocrx_word' id='word_1_337' title='bbox 1556 2835 1873 2910; x_wconf 56' lang='grc' dir='ltr'><strong>τελειότηταέ</strong></span> <span class='ocrx_word' id='word_1_338' title='bbox 1906 2829 2041 2910; x_wconf 70' lang='lat' dir='ltr'><strong>Vide</strong></span> 
     </span>
    </p>
   </div>
   <div class='ocr_carea' id='block_1_50' title="bbox 451 2902 2041 2977">
    <p class='ocr_par' dir='ltr' id='par_1_50' title="bbox 451 2902 2041 2977">
     <span class='ocr_line' id='line_1_50' title="bbox 451 2902 2041 2977; baseline 0.001 -21"><span class='ocrx_word' id='word_1_339' title='bbox 451 2904 727 2959; x_wconf 77' lang='lat' dir='ltr'><strong>Platonem</strong></span> <span class='ocrx_word' id='word_1_340' title='bbox 756 2905 808 2959; x_wconf 92' lang='lat' dir='ltr'><strong>in</strong></span> <span class='ocrx_word' id='word_1_341' title='bbox 838 2902 1127 2967; x_wconf 60' lang='lat' dir='ltr'><strong>P&#39;htndone,</strong></span> <span class='ocrx_word' id='word_1_342' title='bbox 1155 2919 1205 2961; x_wconf 85' lang='lat' dir='ltr'><strong>et</strong></span> <span class='ocrx_word' id='word_1_343' title='bbox 1243 2902 1543 2962; x_wconf 82' lang='lat' dir='ltr'><strong>liierocletn</strong></span> <span class='ocrx_word' id='word_1_344' title='bbox 1573 2906 1625 2960; x_wconf 87' lang='lat' dir='ltr'><strong>in</strong></span> <span class='ocrx_word' id='word_1_345' title='bbox 1649 2918 1811 2959; x_wconf 82' lang='lat' dir='ltr'><strong>aurea</strong></span> <span class='ocrx_word' id='word_1_346' title='bbox 1838 2902 2041 2977; x_wconf 85' lang='lat' dir='ltr'><strong>Pytha—</strong></span> 
     </span>
    </p>
   </div>
   <div class='ocr_carea' id='block_1_51' title="bbox 446 2978 1289 3045">
    <p class='ocr_par' dir='ltr' id='par_1_51' title="bbox 446 2978 1289 3045">
     <span class='ocr_line' id='line_1_51' title="bbox 446 2978 1289 3045; baseline 0.005 -16"><span class='ocrx_word' id='word_1_347' title='bbox 446 2989 732 3045; x_wconf 88' lang='lat' dir='ltr'><strong>goreorum</strong></span> <span class='ocrx_word' id='word_1_348' title='bbox 762 2980 1023 3033; x_wconf 86' lang='lat' dir='ltr'><strong>carmina.</strong></span> <span class='ocrx_word' id='word_1_349' title='bbox 1052 2978 1289 3035; x_wconf 76' lang='grc' dir='ltr'><strong>ΙΙειιΑιυ.</strong></span> 
     </span>
    </p>
   </div>
   <div class='ocr_carea' id='block_1_52' title="bbox 520 3045 2048 3120">
    <p class='ocr_par' dir='ltr' id='par_1_52' title="bbox 520 3045 2048 3120">
     <span class='ocr_line' id='line_1_52' title="bbox 520 3045 2048 3120; baseline 0.003 -22"><span class='ocrx_word' id='word_1_350' title='bbox 520 3045 587 3120; x_wconf 80' lang='lat' dir='ltr'><strong>In</strong></span> <span class='ocrx_word' id='word_1_351' title='bbox 618 3047 742 3120; x_wconf 64' lang='lat' dir='ltr'><strong>ipsis</strong></span> <span class='ocrx_word' id='word_1_352' title='bbox 770 3050 1066 3120; x_wconf 77' lang='lat' dir='ltr'><strong>corporibus</strong></span> <span class='ocrx_word' id='word_1_353' title='bbox 1098 3066 1275 3105; x_wconf 84' lang='lat' dir='ltr'><strong>sensus</strong></span> <span class='ocrx_word' id='word_1_354' title='bbox 1312 3050 1381 3105; x_wconf 86' lang='lat' dir='ltr'><strong>eis</strong></span> <span class='ocrx_word' id='word_1_355' title='bbox 1411 3049 1604 3116; x_wconf 83' lang='lat' dir='ltr'><strong>deperit</strong></span> <span class='ocrx_word' id='word_1_356' title='bbox 1641 3048 2048 3120; x_wconf 77' lang='lat' dir='ltr'><strong>extinguiturque</strong></span> 
     </span>
    </p>
   </div>
   <div class='ocr_carea' id='block_1_53' title="bbox 2138 2541 3752 2623">
    <p class='ocr_par' dir='ltr' id='par_1_53' title="bbox 2138 2541 3752 2623">
     <span class='ocr_line' id='line_1_53' title="bbox 2138 2541 3752 2623; baseline -0.001 -23"><span class='ocrx_word' id='word_1_357' title='bbox 2138 2547 2346 2623; x_wconf 65' lang='grc' dir='ltr'><strong>λοῦτρον</strong></span> <span class='ocrx_word' id='word_1_358' title='bbox 2363 2545 3041 2623; x_wconf 40' lang='grc' dir='ltr'><strong>,ἁζαγηνήσιῳςηζαυαενιιηι</strong></span> <span class='ocrx_word' id='word_1_359' title='bbox 3067 2542 3483 2623; x_wconf 64' lang='lat' dir='ltr'><strong>regenerationis,</strong></span> <span class='ocrx_word' id='word_1_360' title='bbox 3509 2541 3579 2623; x_wconf 74' lang='lat' dir='ltr'><strong>ab</strong></span> 
     </span>
    </p>
   </div>
   <div class='ocr_carea' id='block_1_54' title="bbox 2143 2614 3745 2684">
    <p class='ocr_par' dir='ltr' id='par_1_54' title="bbox 2143 2614 3745 2684">
     <span class='ocr_line' id='line_1_54' title="bbox 2143 2614 3745 2684; baseline -0.001 -13"><span class='ocrx_word' id='word_1_361' title='bbox 2143 2614 2284 2672; x_wconf 83' lang='lat' dir='ltr'><strong>stolo</strong></span> <span class='ocrx_word' id='word_1_362' title='bbox 2312 2616 2377 2670; x_wconf 88' lang='lat' dir='ltr'><strong>ad</strong></span> <span class='ocrx_word' id='word_1_363' title='bbox 2408 2614 2539 2681; x_wconf 70' lang='lat' dir='ltr'><strong>Ti&#39;t.,</strong></span> <span class='ocrx_word' id='word_1_364' title='bbox 2570 2633 2646 2683; x_wconf 85' lang='grc' dir='ltr'>ιιι,</span> <span class='ocrx_word' id='word_1_365' title='bbox 2678 2618 2733 2673; x_wconf 82' lang='lat'><strong>5.</strong></span> <span class='ocrx_word' id='word_1_366' title='bbox 2764 2616 2877 2671; x_wconf 81' lang='lat' dir='ltr'><strong>Hoc</strong></span> <span class='ocrx_word' id='word_1_367' title='bbox 2902 2627 3084 2671; x_wconf 89' lang='lat' dir='ltr'><strong>autem</strong></span> <span class='ocrx_word' id='word_1_368' title='bbox 3112 2615 3232 2670; x_wconf 90' lang='lat' dir='ltr'><strong>loco</strong></span> <span class='ocrx_word' id='word_1_369' title='bbox 3265 2614 3582 2684; x_wconf 88' lang='lat' dir='ltr'><strong>perstringit</strong></span> <span class='ocrx_word' id='word_1_370' title='bbox 3616 2616 3745 2669; x_wconf 82' lang='lat' dir='ltr'><strong>bre-</strong></span> 
     </span>
    </p>
   </div>
   <div class='ocr_carea' id='block_1_55' title="bbox 2145 2685 3751 2757">
    <p class='ocr_par' dir='ltr' id='par_1_55' title="bbox 2145 2685 3751 2757">
     <span class='ocr_line' id='line_1_55' title="bbox 2145 2685 3751 2757; baseline 0.001 -18"><span class='ocrx_word' id='word_1_371' title='bbox 2145 2689 2282 2742; x_wconf 75' lang='lat' dir='ltr'><strong>riter</strong></span> <span class='ocrx_word' id='word_1_372' title='bbox 2329 2695 2382 2743; x_wconf 89' lang='lat' dir='ltr'><strong>et</strong></span> <span class='ocrx_word' id='word_1_373' title='bbox 2430 2689 2660 2742; x_wconf 85' lang='lat' dir='ltr'><strong>obscure</strong></span> <span class='ocrx_word' id='word_1_374' title='bbox 2712 2687 2982 2743; x_wconf 78' lang='lat' dir='ltr'><strong>Arnobius</strong></span> <span class='ocrx_word' id='word_1_375' title='bbox 3034 2703 3097 2742; x_wconf 89' lang='lat' dir='ltr'><strong>ea</strong></span> <span class='ocrx_word' id='word_1_376' title='bbox 3146 2702 3267 2757; x_wconf 76' lang='lat' dir='ltr'><strong>qua:</strong></span> <span class='ocrx_word' id='word_1_377' title='bbox 3315 2685 3751 2757; x_wconf 76' lang='lat' dir='ltr'><strong>observabantur</strong></span> 
     </span>
    </p>
   </div>
   <div class='ocr_carea' id='block_1_56' title="bbox 2144 2755 3750 2835">
    <p class='ocr_par' dir='ltr' id='par_1_56' title="bbox 2144 2755 3750 2835">
     <span class='ocr_line' id='line_1_56' title="bbox 2144 2755 3750 2835; baseline -0.002 -22"><span class='ocrx_word' id='word_1_378' title='bbox 2144 2760 2245 2835; x_wconf 62' lang='grc' dir='ltr'><strong>πρὸ</strong></span> <span class='ocrx_word' id='word_1_379' title='bbox 2271 2766 2357 2813; x_wconf 78' lang='grc' dir='ltr'><strong>τοῦ</strong></span> <span class='ocrx_word' id='word_1_380' title='bbox 2386 2760 2762 2835; x_wconf 42' lang='grc' dir='ltr'><strong>βαπτίσματοςῖ</strong></span> <span class='ocrx_word' id='word_1_381' title='bbox 2791 2759 2924 2813; x_wconf 84' lang='lat' dir='ltr'><strong>Dicit</strong></span> <span class='ocrx_word' id='word_1_382' title='bbox 2949 2759 3000 2813; x_wconf 90' lang='lat' dir='ltr'><strong>in</strong></span> <span class='ocrx_word' id='word_1_383' title='bbox 3025 2755 3483 2835; x_wconf 64' lang='lat' dir='ltr'><strong>prmcedeqtilius:</strong></span> <span class='ocrx_word' id='word_1_384' title='bbox 3512 2755 3572 2835; x_wconf 71' lang='lat' dir='ltr'><strong>Si</strong></span> <span class='ocrx_word' id='word_1_385' title='bbox 3593 2756 3750 2810; x_wconf 84' lang='lat' dir='ltr'><strong>modo</strong></span> 
     </span>
    </p>
   </div>
   <div class='ocr_carea' id='block_1_57' title="bbox 2147 2824 3752 2900">
    <p class='ocr_par' dir='ltr' id='par_1_57' title="bbox 2147 2824 3752 2900">
     <span class='ocr_line' id='line_1_57' title="bbox 2147 2824 3752 2900; baseline -0.001 -17"><span class='ocrx_word' id='word_1_386' title='bbox 2147 2824 2297 2883; x_wconf 72' lang='lat' dir='ltr'><strong>illum</strong></span> <span class='ocrx_word' id='word_1_387' title='bbox 2326 2824 2512 2884; x_wconf 74' lang='lat' dir='ltr'><strong>tentent</strong></span> <span class='ocrx_word' id='word_1_388' title='bbox 2534 2824 2596 2883; x_wconf 72' lang='lat' dir='ltr'><strong>ac&#39;</strong></span> <span class='ocrx_word' id='word_1_389' title='bbox 2623 2829 2924 2883; x_wconf 81' lang='lat' dir='ltr'><strong>meditemur</strong></span> <span class='ocrx_word' id='word_1_390' title='bbox 2951 2824 3246 2900; x_wconf 76' lang='lat' dir='ltr'><strong>agnoscere.</strong></span> <span class='ocrx_word' id='word_1_391' title='bbox 3277 2824 3367 2884; x_wconf 88' lang='lat' dir='ltr'><strong>Sic</strong></span> <span class='ocrx_word' id='word_1_392' title='bbox 3386 2826 3752 2900; x_wconf 84' lang='lat' dir='ltr'><strong>Catechumc-</strong></span> 
     </span>
    </p>
   </div>
   <div class='ocr_carea' id='block_1_58' title="bbox 2151 2896 3752 2966">
    <p class='ocr_par' dir='ltr' id='par_1_58' title="bbox 2151 2896 3752 2966">
     <span class='ocr_line' id='line_1_58' title="bbox 2151 2896 3752 2966; baseline -0.001 -11"><span class='ocrx_word' id='word_1_393' title='bbox 2151 2917 2340 2955; x_wconf 89' lang='lat' dir='ltr'><strong>norum</strong></span> <span class='ocrx_word' id='word_1_394' title='bbox 2364 2902 2610 2957; x_wconf 88' lang='lat' dir='ltr'><strong>ordinem</strong></span> <span class='ocrx_word' id='word_1_395' title='bbox 2631 2900 2954 2956; x_wconf 85' lang='lat' dir='ltr'><strong>subindicat.</strong></span> <span class='ocrx_word' id='word_1_396' title='bbox 2979 2896 3361 2955; x_wconf 77' lang='lat' dir='ltr'><strong>Catechumeni</strong></span> <span class='ocrx_word' id='word_1_397' title='bbox 3380 2896 3544 2965; x_wconf 89' lang='lat' dir='ltr'><strong>enim,</strong></span> <span class='ocrx_word' id='word_1_398' title='bbox 3574 2900 3752 2966; x_wconf 80' lang='lat' dir='ltr'><strong>prius-</strong></span> 
     </span>
    </p>
   </div>
   <div class='ocr_carea' id='block_1_59' title="bbox 2150 2970 3773 3045">
    <p class='ocr_par' dir='ltr' id='par_1_59' title="bbox 2150 2970 3773 3045">
     <span class='ocr_line' id='line_1_59' title="bbox 2150 2970 3773 3045; baseline -0.001 -21"><span class='ocrx_word' id='word_1_399' title='bbox 2150 2988 2309 3043; x_wconf 87' lang='lat' dir='ltr'><strong>quam</strong></span> <span class='ocrx_word' id='word_1_400' title='bbox 2339 2973 2759 3042; x_wconf 89' lang='lat' dir='ltr'><strong>baptizarcntur,</strong></span> <span class='ocrx_word' id='word_1_401' title='bbox 2789 2980 3109 3045; x_wconf 76' lang='grc' dir='ltr'><strong>κατηχοῦντο</strong></span> <span class='ocrx_word' id='word_1_402' title='bbox 3138 2982 3193 3025; x_wconf 89' lang='lat' dir='ltr'><strong>et</strong></span> <span class='ocrx_word' id='word_1_403' title='bbox 3223 2971 3570 3045; x_wconf 9' lang='lat' dir='ltr'><strong>ingdoctrinaa</strong></span> <span class='ocrx_word' id='word_1_404' title='bbox 3600 2970 3773 3025; x_wconf 80' lang='lat' dir='ltr'><strong>chri-‘</strong></span> 
     </span>
    </p>
   </div>
   <div class='ocr_carea' id='block_1_60' title="bbox 2150 3042 3752 3115">
    <p class='ocr_par' dir='ltr' id='par_1_60' title="bbox 2150 3042 3752 3115">
     <span class='ocr_line' id='line_1_60' title="bbox 2150 3042 3752 3115; baseline -0.001 -18"><span class='ocrx_word' id='word_1_405' title='bbox 2150 3042 2339 3097; x_wconf 82' lang='lat' dir='ltr'><strong>stiana:</strong></span> <span class='ocrx_word' id='word_1_406' title='bbox 2369 3045 2647 3115; x_wconf 87' lang='lat' dir='ltr'><strong>principiis</strong></span> <span class='ocrx_word' id='word_1_407' title='bbox 2678 3042 3116 3107; x_wconf 77' lang='lat' dir='ltr'><strong>instituebantur,</strong></span> <span class='ocrx_word' id='word_1_408' title='bbox 3144 3058 3208 3096; x_wconf 90' lang='lat' dir='ltr'><strong>ac</strong></span> <span class='ocrx_word' id='word_1_409' title='bbox 3233 3042 3503 3115; x_wconf 64' lang='lat' dir='ltr'><strong>Cltristtnu</strong></span> <span class='ocrx_word' id='word_1_410' title='bbox 3528 3056 3752 3115; x_wconf 74' lang='lat' dir='ltr'><strong>cogno-</strong></span> 
     </span>
    </p>
   </div>
   <div class='ocr_carea' id='block_1_61' title="bbox 446 3106 3750 3193">
    <p class='ocr_par' dir='ltr' id='par_1_61' title="bbox 446 3106 3750 3193">
     <span class='ocr_line' id='line_1_61' title="bbox 446 3106 3750 3193; baseline -0.002 -23"><span class='ocrx_word' id='word_1_411' title='bbox 446 3106 648 3193; x_wconf 48' lang='lat' dir='ltr'><strong>uitatis:</strong></span> <span class='ocrx_word' id='word_1_412' title='bbox 689 3114 817 3189; x_wconf 80' lang='lat' dir='ltr'><strong>Legi</strong></span> <span class='ocrx_word' id='word_1_413' title='bbox 858 3106 1062 3193; x_wconf 63' lang='lat' dir='ltr'><strong>&#39;volnnt</strong></span> <span class='ocrx_word' id='word_1_414' title='bbox 1096 3136 1109 3172; x_wconf 91' lang='lat'><strong>:</strong></span> <span class='ocrx_word' id='word_1_415' title='bbox 1156 3136 1268 3176; x_wconf 85' lang='lat' dir='ltr'><strong>cum</strong></span> <span class='ocrx_word' id='word_1_416' title='bbox 1317 3121 1443 3193; x_wconf 81' lang='lat' dir='ltr'><strong>ipsis</strong></span> <span class='ocrx_word' id='word_1_417' title='bbox 1477 3106 1806 3189; x_wconf 54' lang='lat' dir='ltr'><strong>corporibus&quot;.</strong></span> <span class='ocrx_word' id='word_1_418' title='bbox 1862 3106 2042 3175; x_wconf 79' lang='lat' dir='ltr'><strong>Falso.</strong></span> <span class='ocrx_word' id='word_1_419' title='bbox 2076 3106 2124 3179; x_wconf 72' lang='grc' dir='ltr'><strong><em>ϐ</em></strong></span> <span class='ocrx_word' id='word_1_420' title='bbox 2152 3126 2306 3169; x_wconf 86' lang='lat' dir='ltr'><strong>scere</strong></span> <span class='ocrx_word' id='word_1_421' title='bbox 2334 3106 2686 3193; x_wconf 71' lang='lat' dir='ltr'><strong>docebantur,</strong></span> <span class='ocrx_word' id='word_1_422' title='bbox 2721 3115 2920 3193; x_wconf 71' lang='lat' dir='ltr'><strong>deinde</strong></span> <span class='ocrx_word' id='word_1_423' title='bbox 2949 3106 3111 3168; x_wconf 71' lang='lat' dir='ltr'><strong>nam</strong></span> <span class='ocrx_word' id='word_1_424' title='bbox 3144 3106 3750 3193; x_wconf 73' lang='lat' dir='ltr'><strong>suamprotitebatitur,</strong></span> 
     </span>
    </p>
   </div>
   <div class='ocr_carea' id='block_1_62' title="bbox 450 3188 2041 3265">
    <p class='ocr_par' dir='ltr' id='par_1_62' title="bbox 450 3188 2041 3265">
     <span class='ocr_line' id='line_1_62' title="bbox 450 3188 2041 3265; baseline 0.001 -22"><span class='ocrx_word' id='word_1_425' title='bbox 450 3188 643 3259; x_wconf 84' lang='lat' dir='ltr'><strong>Tangit</strong></span> <span class='ocrx_word' id='word_1_426' title='bbox 681 3188 823 3265; x_wconf 87' lang='lat' dir='ltr'><strong>enim</strong></span> <span class='ocrx_word' id='word_1_427' title='bbox 864 3192 1132 3265; x_wconf 77' lang='lat' dir='ltr'><strong>Arnobius</strong></span> <span class='ocrx_word' id='word_1_428' title='bbox 1168 3188 1504 3265; x_wconf 81' lang='lat' dir='ltr'><strong>argumenta,</strong></span> <span class='ocrx_word' id='word_1_429' title='bbox 1533 3188 1728 3261; x_wconf 88' lang='lat' dir='ltr'><strong>quibus</strong></span> <span class='ocrx_word' id='word_1_430' title='bbox 1758 3194 2041 3265; x_wconf 85' lang='lat' dir='ltr'><strong>mortalem</strong></span> 
     </span>
    </p>
   </div>
   <div class='ocr_carea' id='block_1_63' title="bbox 449 3262 2042 3334">
    <p class='ocr_par' dir='ltr' id='par_1_63' title="bbox 449 3262 2042 3334">
     <span class='ocr_line' id='line_1_63' title="bbox 449 3262 2042 3334; baseline 0.002 -20"><span class='ocrx_word' id='word_1_431' title='bbox 449 3264 843 3334; x_wconf 11' lang='lat' dir='ltr'><strong>esse‘animam</strong></span> <span class='ocrx_word' id='word_1_432' title='bbox 881 3262 1099 3319; x_wconf 82' lang='lat' dir='ltr'><strong>efﬁcere</strong></span> <span class='ocrx_word' id='word_1_433' title='bbox 1136 3262 1491 3320; x_wconf 76' lang='lat' dir='ltr'><strong>conabantur.</strong></span> <span class='ocrx_word' id='word_1_434' title='bbox 1541 3267 1715 3334; x_wconf 83' lang='lat' dir='ltr'><strong>Atque</strong></span> <span class='ocrx_word' id='word_1_435' title='bbox 1758 3265 1896 3318; x_wconf 87' lang='lat' dir='ltr'><strong>inter</strong></span> <span class='ocrx_word' id='word_1_436' title='bbox 1939 3264 2042 3317; x_wconf 89' lang='lat' dir='ltr'><strong>alia</strong></span> 
     </span>
    </p>
   </div>
   <div class='ocr_carea' id='block_1_64' title="bbox 451 3330 2039 3405">
    <p class='ocr_par' dir='ltr' id='par_1_64' title="bbox 451 3330 2039 3405">
     <span class='ocr_line' id='line_1_64' title="bbox 451 3330 2039 3405; baseline 0.003 -21"><span class='ocrx_word' id='word_1_437' title='bbox 451 3330 793 3405; x_wconf 82' lang='lat' dir='ltr'><strong>inculcabant</strong></span> <span class='ocrx_word' id='word_1_438' title='bbox 829 3336 1118 3404; x_wconf 79' lang='lat' dir='ltr'><strong>praecipue,</strong></span> <span class='ocrx_word' id='word_1_439' title='bbox 1149 3336 1202 3390; x_wconf 92' lang='lat' dir='ltr'><strong>in</strong></span> <span class='ocrx_word' id='word_1_440' title='bbox 1243 3337 1361 3405; x_wconf 83' lang='lat' dir='ltr'><strong>ipso</strong></span> <span class='ocrx_word' id='word_1_441' title='bbox 1403 3330 1643 3402; x_wconf 74' lang='lat' dir='ltr'><strong>corpore</strong></span> <span class='ocrx_word' id='word_1_442' title='bbox 1677 3336 1912 3389; x_wconf 87' lang='lat' dir='ltr'><strong>animam</strong></span> <span class='ocrx_word' id='word_1_443' title='bbox 1945 3334 2039 3388; x_wconf 90' lang='lat' dir='ltr'><strong>mi-</strong></span> 
     </span>
    </p>
   </div>
   <div class='ocr_carea' id='block_1_65' title="bbox 452 3401 2043 3475">
    <p class='ocr_par' dir='ltr' id='par_1_65' title="bbox 452 3401 2043 3475">
     <span class='ocr_line' id='line_1_65' title="bbox 452 3401 2043 3475; baseline 0.003 -20"><span class='ocrx_word' id='word_1_444' title='bbox 452 3401 565 3475; x_wconf 87' lang='lat' dir='ltr'><strong>nui,</strong></span> <span class='ocrx_word' id='word_1_445' title='bbox 604 3401 898 3475; x_wconf 78' lang='lat' dir='ltr'><strong>corrumpi,</strong></span> <span class='ocrx_word' id='word_1_446' title='bbox 944 3401 1009 3461; x_wconf 48' lang='lat' dir='ltr'><strong>et&#39;</strong></span> <span class='ocrx_word' id='word_1_447' title='bbox 1042 3401 1419 3462; x_wconf 52' lang='lat' dir='ltr'><strong>tandem&#39;cum</strong></span> <span class='ocrx_word' id='word_1_448' title='bbox 1467 3401 1533 3460; x_wconf 89' lang='lat' dir='ltr'><strong>eo</strong></span> <span class='ocrx_word' id='word_1_449' title='bbox 1577 3407 1865 3475; x_wconf 75' lang='lat' dir='ltr'><strong>exstingui.</strong></span> <span class='ocrx_word' id='word_1_450' title='bbox 1915 3406 2043 3460; x_wconf 87' lang='lat' dir='ltr'><strong>Eam</strong></span> 
     </span>
    </p>
   </div>
   <div class='ocr_carea' id='block_1_66' title="bbox 450 3474 2046 3546">
    <p class='ocr_par' dir='ltr' id='par_1_66' title="bbox 450 3474 2046 3546">
     <span class='ocr_line' id='line_1_66' title="bbox 450 3474 2046 3546; baseline 0.001 -17"><span class='ocrx_word' id='word_1_451' title='bbox 450 3474 594 3529; x_wconf 89' lang='lat' dir='ltr'><strong>enim</strong></span> <span class='ocrx_word' id='word_1_452' title='bbox 638 3474 691 3528; x_wconf 90' lang='lat' dir='ltr'><strong>in</strong></span> <span class='ocrx_word' id='word_1_453' title='bbox 739 3477 897 3544; x_wconf 66' lang='lat' dir='ltr'><strong>aegris</strong></span> <span class='ocrx_word' id='word_1_454' title='bbox 942 3492 1172 3546; x_wconf 67' lang='lat' dir='ltr'><strong>aegram;</strong></span> <span class='ocrx_word' id='word_1_455' title='bbox 1212 3480 1264 3532; x_wconf 88' lang='lat' dir='ltr'><strong>in</strong></span> <span class='ocrx_word' id='word_1_456' title='bbox 1310 3487 1470 3532; x_wconf 64' lang='lat' dir='ltr'><strong>aatate</strong></span> <span class='ocrx_word' id='word_1_457' title='bbox 1515 3475 1674 3531; x_wconf 80' lang='lat' dir='ltr'><strong>fessis</strong></span> <span class='ocrx_word' id='word_1_458' title='bbox 1714 3477 1940 3543; x_wconf 78' lang='lat' dir='ltr'><strong>fessam;</strong></span> <span class='ocrx_word' id='word_1_459' title='bbox 1982 3492 2046 3531; x_wconf 91' lang='lat' dir='ltr'><strong>ac</strong></span> 
     </span>
    </p>
   </div>
   <div class='ocr_carea' id='block_1_67' title="bbox 450 3545 2046 3618">
    <p class='ocr_par' dir='ltr' id='par_1_67' title="bbox 450 3545 2046 3618">
     <span class='ocr_line' id='line_1_67' title="bbox 450 3545 2046 3618; baseline 0.003 -19"><span class='ocrx_word' id='word_1_460' title='bbox 450 3560 574 3618; x_wconf 88' lang='lat' dir='ltr'><strong>cum</strong></span> <span class='ocrx_word' id='word_1_461' title='bbox 628 3545 813 3601; x_wconf 88' lang='lat' dir='ltr'><strong>interit</strong></span> <span class='ocrx_word' id='word_1_462' title='bbox 857 3545 1075 3616; x_wconf 82' lang='lat' dir='ltr'><strong>corpus,</strong></span> <span class='ocrx_word' id='word_1_463' title='bbox 1106 3550 1265 3604; x_wconf 82' lang='lat' dir='ltr'><strong>sunul</strong></span> <span class='ocrx_word' id='word_1_464' title='bbox 1302 3564 1423 3603; x_wconf 88' lang='lat' dir='ltr'><strong>cum</strong></span> <span class='ocrx_word' id='word_1_465' title='bbox 1468 3547 1599 3617; x_wconf 85' lang='lat' dir='ltr'><strong>ipsis</strong></span> <span class='ocrx_word' id='word_1_466' title='bbox 1634 3548 1891 3617; x_wconf 88' lang='lat' dir='ltr'><strong>partibus,</strong></span> <span class='ocrx_word' id='word_1_467' title='bbox 1927 3562 2046 3618; x_wconf 73' lang='lat' dir='ltr'><strong>qum</strong></span> 
     </span>
    </p>
   </div>
   <div class='ocr_carea' id='block_1_68' title="bbox 451 3617 2050 3691">
    <p class='ocr_par' dir='ltr' id='par_1_68' title="bbox 451 3617 2050 3691">
     <span class='ocr_line' id='line_1_68' title="bbox 451 3617 2050 3691; baseline 0.002 -22"><span class='ocrx_word' id='word_1_468' title='bbox 451 3617 627 3686; x_wconf 86' lang='lat' dir='ltr'><strong>primo</strong></span> <span class='ocrx_word' id='word_1_469' title='bbox 657 3620 1065 3691; x_wconf 73' lang='lat' dir='ltr'><strong>consppiuntur,</strong></span> <span class='ocrx_word' id='word_1_470' title='bbox 1094 3622 1523 3691; x_wconf 13' lang='lat' dir='ltr'><strong>esstingui.retc.</strong></span> <span class='ocrx_word' id='word_1_471' title='bbox 1564 3635 1685 3688; x_wconf 77' lang='lat' dir='ltr'><strong>qua:</strong></span> <span class='ocrx_word' id='word_1_472' title='bbox 1724 3621 1905 3691; x_wconf 77' lang='lat' dir='ltr'><strong>omnia</strong></span> <span class='ocrx_word' id='word_1_473' title='bbox 1944 3617 2050 3674; x_wconf 81' lang='lat' dir='ltr'><strong>tra-</strong></span> 
     </span>
    </p>
   </div>
   <div class='ocr_carea' id='block_1_69' title="bbox 451 3688 2049 3757">
    <p class='ocr_par' dir='ltr' id='par_1_69' title="bbox 451 3688 2049 3757">
     <span class='ocr_line' id='line_1_69' title="bbox 451 3688 2049 3757; baseline 0.003 -16"><span class='ocrx_word' id='word_1_474' title='bbox 451 3696 667 3742; x_wconf 89' lang='lat' dir='ltr'><strong>ctantur</strong></span> <span class='ocrx_word' id='word_1_475' title='bbox 704 3704 734 3743; x_wconf 89' lang='lat' dir='ltr'><strong>a</strong></span> <span class='ocrx_word' id='word_1_476' title='bbox 781 3688 1033 3745; x_wconf 90' lang='lat' dir='ltr'><strong>Lucretio</strong></span> <span class='ocrx_word' id='word_1_477' title='bbox 1064 3691 1138 3745; x_wconf 89' lang='lat' dir='ltr'><strong>lib</strong></span> <span class='ocrx_word' id='word_1_478' title='bbox 1178 3707 1254 3757; x_wconf 86' lang='lat' dir='ltr'><strong>III,</strong></span> <span class='ocrx_word' id='word_1_479' title='bbox 1285 3688 1343 3747; x_wconf 77' lang='lat' dir='ltr'><strong>et</strong></span> <span class='ocrx_word' id='word_1_480' title='bbox 1380 3690 1657 3745; x_wconf 87' lang='lat' dir='ltr'><strong>diluuntur</strong></span> <span class='ocrx_word' id='word_1_481' title='bbox 1696 3706 1723 3744; x_wconf 90' lang='lat' dir='ltr'><strong>a</strong></span> <span class='ocrx_word' id='word_1_482' title='bbox 1768 3689 2049 3746; x_wconf 73' lang='lat' dir='ltr'><strong>Lactantio</strong></span> 
     </span>
    </p>
   </div>
   <div class='ocr_carea' id='block_1_70' title="bbox 452 3758 1225 3829">
    <p class='ocr_par' dir='ltr' id='par_1_70' title="bbox 452 3758 1225 3829">
     <span class='ocr_line' id='line_1_70' title="bbox 452 3758 1225 3829; baseline 0.005 -17"><span class='ocrx_word' id='word_1_483' title='bbox 452 3758 545 3813; x_wconf 90' lang='lat' dir='ltr'><strong>lib.</strong></span> <span class='ocrx_word' id='word_1_484' title='bbox 580 3774 672 3824; x_wconf 88' lang='lat' dir='ltr'><strong>vn,</strong></span> <span class='ocrx_word' id='word_1_485' title='bbox 704 3774 824 3829; x_wconf 87' lang='lat' dir='ltr'><strong>cap.</strong></span> <span class='ocrx_word' id='word_1_486' title='bbox 861 3761 948 3816; x_wconf 71' lang='lat'><strong>12.</strong></span> <span class='ocrx_word' id='word_1_487' title='bbox 982 3763 1225 3819; x_wconf 70' lang='lat' dir='ltr'><strong>lienam.</strong></span> 
     </span>
    </p>
   </div>
   <div class='ocr_carea' id='block_1_71' title="bbox 523 3851 2049 3929">
    <p class='ocr_par' dir='ltr' id='par_1_71' title="bbox 523 3851 2049 3929">
     <span class='ocr_line' id='line_1_71' title="bbox 523 3851 2049 3929; baseline 0.002 -22"><span class='ocrx_word' id='word_1_488' title='bbox 523 3851 720 3908; x_wconf 75' lang='lat' dir='ltr'><strong>XXXI.</strong></span> <span class='ocrx_word' id='word_1_489' title='bbox 774 3878 849 3929; x_wconf 54' lang='grc' dir='ltr'><strong>ντ-</strong></span> <span class='ocrx_word' id='word_1_490' title='bbox 910 3854 1155 3912; x_wconf 78' lang='lat' dir='ltr'><strong>Medietas</strong></span> <span class='ocrx_word' id='word_1_491' title='bbox 1212 3872 1329 3929; x_wconf 74' lang='lat' dir='ltr'><strong>ergo</strong></span> <span class='ocrx_word' id='word_1_492' title='bbox 1379 3856 1612 3929; x_wconf 66' lang='lat' dir='ltr'><strong>quoniam</strong></span> <span class='ocrx_word' id='word_1_493' title='bbox 1664 3864 1710 3910; x_wconf 86' lang='lat' dir='ltr'><strong>et</strong></span> <span class='ocrx_word' id='word_1_494' title='bbox 1760 3856 2049 3911; x_wconf 86' lang='lat' dir='ltr'><strong>animarum</strong></span> 
     </span>
    </p>
   </div>
   <div class='ocr_carea' id='block_1_72' title="bbox 450 3924 2042 3998">
    <p class='ocr_par' dir='ltr' id='par_1_72' title="bbox 450 3924 2042 3998">
     <span class='ocr_line' id='line_1_72' title="bbox 450 3924 2042 3998; baseline 0.003 -20"><span class='ocrx_word' id='word_1_495' title='bbox 450 3940 639 3998; x_wconf 75' lang='lat' dir='ltr'><strong>anceps</strong></span> <span class='ocrx_word' id='word_1_496' title='bbox 668 3924 1005 3998; x_wconf 75' lang='lat' dir='ltr'><strong>ambiguoque</strong></span> <span class='ocrx_word' id='word_1_497' title='bbox 1046 3937 1229 3983; x_wconf 87' lang='lat' dir='ltr'><strong>natura</strong></span> <span class='ocrx_word' id='word_1_498' title='bbox 1259 3924 1426 3983; x_wconf 73' lang='lat' dir='ltr'><strong>locum</strong></span> <span class='ocrx_word' id='word_1_499' title='bbox 1460 3928 1799 3998; x_wconf 70' lang='lat' dir='ltr'><strong>philosophia:</strong></span> <span class='ocrx_word' id='word_1_500' title='bbox 1830 3931 2042 3998; x_wconf 81' lang='lat' dir='ltr'><strong>peperit.</strong></span> 
     </span>
    </p>
   </div>
   <div class='ocr_carea' id='block_1_73' title="bbox 454 3996 2045 4070">
    <p class='ocr_par' dir='ltr' id='par_1_73' title="bbox 454 3996 2045 4070">
     <span class='ocr_line' id='line_1_73' title="bbox 454 3996 2045 4070; baseline 0.003 -20"><span class='ocrx_word' id='word_1_501' title='bbox 454 3996 579 4050; x_wconf 68' lang='lat' dir='ltr'><strong>Hrcc</strong></span> <span class='ocrx_word' id='word_1_502' title='bbox 618 3997 763 4051; x_wconf 88' lang='lat' dir='ltr'><strong>enim</strong></span> <span class='ocrx_word' id='word_1_503' title='bbox 807 3996 904 4053; x_wconf 86' lang='lat' dir='ltr'><strong>fuit</strong></span> <span class='ocrx_word' id='word_1_504' title='bbox 944 3999 1247 4055; x_wconf 82' lang='lat' dir='ltr'><strong>Stoicorum</strong></span> <span class='ocrx_word' id='word_1_505' title='bbox 1284 3996 1525 4056; x_wconf 84' lang='lat' dir='ltr'><strong>doctrina</strong></span> <span class='ocrx_word' id='word_1_506' title='bbox 1553 4017 1567 4054; x_wconf 94' lang='lat'><strong>:</strong></span> <span class='ocrx_word' id='word_1_507' title='bbox 1595 3996 1760 4070; x_wconf 82' lang='lat' dir='ltr'><strong>quare</strong></span> <span class='ocrx_word' id='word_1_508' title='bbox 1799 3996 1918 4068; x_wconf 69' lang='lat' dir='ltr'><strong>qua:</strong></span> <span class='ocrx_word' id='word_1_509' title='bbox 1958 3999 2045 4055; x_wconf 90' lang='lat' dir='ltr'><strong>hic</strong></span> 
     </span>
    </p>
   </div>
   <div class='ocr_carea' id='block_1_74' title="bbox 451 4070 2047 4141">
    <p class='ocr_par' dir='ltr' id='par_1_74' title="bbox 451 4070 2047 4141">
     <span class='ocr_line' id='line_1_74' title="bbox 451 4070 2047 4141; baseline 0.001 -18"><span class='ocrx_word' id='word_1_510' title='bbox 451 4070 668 4141; x_wconf 81' lang='lat' dir='ltr'><strong>scripsit</strong></span> <span class='ocrx_word' id='word_1_511' title='bbox 695 4071 967 4126; x_wconf 74' lang='lat' dir='ltr'><strong>Arnobius</strong></span> <span class='ocrx_word' id='word_1_512' title='bbox 998 4072 1065 4127; x_wconf 92' lang='lat' dir='ltr'><strong>de</strong></span> <span class='ocrx_word' id='word_1_513' title='bbox 1091 4072 1378 4127; x_wconf 86' lang='lat' dir='ltr'><strong>medietate</strong></span> <span class='ocrx_word' id='word_1_514' title='bbox 1405 4074 1727 4134; x_wconf 87' lang='lat' dir='ltr'><strong>animarum,</strong></span> <span class='ocrx_word' id='word_1_515' title='bbox 1760 4087 1819 4126; x_wconf 91' lang='lat' dir='ltr'><strong>ea</strong></span> <span class='ocrx_word' id='word_1_516' title='bbox 1853 4072 2047 4141; x_wconf 87' lang='lat' dir='ltr'><strong>partim</strong></span> 
     </span>
    </p>
   </div>
   <div class='ocr_carea' id='block_1_75' title="bbox 450 4139 2045 4214">
    <p class='ocr_par' dir='ltr' id='par_1_75' title="bbox 450 4139 2045 4214">
     <span class='ocr_line' id='line_1_75' title="bbox 450 4139 2045 4214; baseline -0.001 -17"><span class='ocrx_word' id='word_1_517' title='bbox 450 4155 481 4197; x_wconf 90' lang='lat' dir='ltr'><strong>e</strong></span> <span class='ocrx_word' id='word_1_518' title='bbox 503 4139 807 4214; x_wconf 80' lang='lat' dir='ltr'><strong>Stoicorum</strong></span> <span class='ocrx_word' id='word_1_519' title='bbox 835 4143 1041 4209; x_wconf 83' lang='lat' dir='ltr'><strong>schola,</strong></span> <span class='ocrx_word' id='word_1_520' title='bbox 1077 4145 1266 4211; x_wconf 76' lang='lat' dir='ltr'><strong>partim</strong></span> <span class='ocrx_word' id='word_1_521' title='bbox 1296 4159 1327 4199; x_wconf 90' lang='lat' dir='ltr'><strong>e</strong></span> <span class='ocrx_word' id='word_1_522' title='bbox 1356 4143 1621 4214; x_wconf 73' lang='lat' dir='ltr'><strong>set-iptttra</strong></span> <span class='ocrx_word' id='word_1_523' title='bbox 1653 4139 1935 4213; x_wconf 81' lang='lat' dir='ltr'><strong>perperam</strong></span> <span class='ocrx_word' id='word_1_524' title='bbox 1967 4144 2045 4195; x_wconf 85' lang='lat' dir='ltr'><strong>iu-</strong></span> 
     </span>
    </p>
   </div>
   <div class='ocr_carea' id='block_1_76' title="bbox 453 4212 2045 4341">
    <p class='ocr_par' dir='ltr' id='par_1_76' title="bbox 453 4212 2045 4341">
     <span class='ocr_line' id='line_1_76' title="bbox 453 4212 2045 4341; baseline 0.003 -74"><span class='ocrx_word' id='word_1_525' title='bbox 453 4213 664 4268; x_wconf 79' lang='lat' dir='ltr'><strong>telleCIa</strong></span> <span class='ocrx_word' id='word_1_526' title='bbox 707 4212 978 4270; x_wconf 87' lang='lat' dir='ltr'><strong>hauserat.</strong></span> <span class='ocrx_word' id='word_1_527' title='bbox 1027 4215 1181 4271; x_wconf 81' lang='lat' dir='ltr'><strong>Coni.</strong></span> <span class='ocrx_word' id='word_1_528' title='bbox 1215 4212 1628 4341; x_wconf 63' lang='lat' dir='ltr'><strong>Lactant.&#39;,&quot;lib.</strong></span> <span class='ocrx_word' id='word_1_529' title='bbox 1671 4226 1765 4282; x_wconf 85' lang='lat' dir='ltr'><strong>vn,</strong></span> <span class='ocrx_word' id='word_1_530' title='bbox 1801 4231 1919 4286; x_wconf 91' lang='lat' dir='ltr'><strong>cap.</strong></span> <span class='ocrx_word' id='word_1_531' title='bbox 1953 4214 2045 4271; x_wconf 80' lang='lat'><strong>20.</strong></span> 
     </span>
     <span class='ocr_line' id='line_1_77' title="bbox 1546 4301 1736 4341; baseline -0.005 0"><span class='ocrx_word' id='word_1_532' title='bbox 1546 4301 1736 4341; x_wconf 54' lang='lat' dir='ltr'><strong>cunno.</strong></span> 
     </span>
    </p>
   </div>
   <div class='ocr_carea' id='block_1_77' title="bbox 1546 4301 1736 4341">
    <p class='ocr_par' dir='ltr' id='par_1_77' title="bbox 1546 4301 1736 4341">
     <span class='ocr_line' id='line_1_78' title="bbox 1546 4301 1736 4341; baseline -0.005 0"><span class='ocrx_word' id='word_1_533' title='bbox 1546 4301 1736 4341; x_wconf 76' lang='lat' dir='ltr'><strong>BRALD.</strong></span> 
     </span>
    </p>
   </div>
   <div class='ocr_carea' id='block_1_78' title="bbox 528 4373 2053 4452">
    <p class='ocr_par' dir='ltr' id='par_1_78' title="bbox 528 4373 2053 4452">
     <span class='ocr_line' id='line_1_79' title="bbox 528 4373 2053 4452; baseline 0.004 -24"><span class='ocrx_word' id='word_1_534' title='bbox 528 4373 638 4452; x_wconf 80' lang='lat' dir='ltr'><strong>Nec</strong></span> <span class='ocrx_word' id='word_1_535' title='bbox 672 4382 742 4452; x_wconf 82' lang='lat' dir='ltr'><strong>_t&#39;n</strong></span> <span class='ocrx_word' id='word_1_536' title='bbox 795 4385 982 4452; x_wconf 81' lang='lat' dir='ltr'><strong>natura</strong></span> <span class='ocrx_word' id='word_1_537' title='bbox 1025 4393 1184 4446; x_wconf 76' lang='lat' dir='ltr'><strong>posse</strong></span> <span class='ocrx_word' id='word_1_538' title='bbox 1234 4377 1808 4452; x_wconf 15' lang='lat' dir='ltr'><strong>degenerarermortali.</strong></span> <span class='ocrx_word' id='word_1_539' title='bbox 1862 4376 2053 4452; x_wconf 82' lang='lat' dir='ltr'><strong>Edilor</strong></span> 
     </span>
    </p>
   </div>
   <div class='ocr_carea' id='block_1_79' title="bbox 2152 3184 3753 3257">
    <p class='ocr_par' dir='ltr' id='par_1_79' title="bbox 2152 3184 3753 3257">
     <span class='ocr_line' id='line_1_80' title="bbox 2152 3184 3753 3257; baseline -0.001 -18"><span class='ocrx_word' id='word_1_540' title='bbox 2152 3195 2338 3257; x_wconf 85' lang='lat' dir='ltr'><strong>postea</strong></span> <span class='ocrx_word' id='word_1_541' title='bbox 2374 3187 2620 3255; x_wconf 85' lang='lat' dir='ltr'><strong>precibus</strong></span> <span class='ocrx_word' id='word_1_542' title='bbox 2649 3198 2710 3241; x_wconf 88' lang='lat' dir='ltr'><strong>ac</strong></span> <span class='ocrx_word' id='word_1_543' title='bbox 2734 3184 2956 3257; x_wconf 85' lang='lat' dir='ltr'><strong>jejttniis</strong></span> <span class='ocrx_word' id='word_1_544' title='bbox 2990 3198 3206 3255; x_wconf 86' lang='lat' dir='ltr'><strong>operam</strong></span> <span class='ocrx_word' id='word_1_545' title='bbox 3244 3185 3444 3257; x_wconf 80' lang='lat' dir='ltr'><strong>dabant</strong></span> <span class='ocrx_word' id='word_1_546' title='bbox 3480 3199 3544 3238; x_wconf 87' lang='lat' dir='ltr'><strong>ac</strong></span> <span class='ocrx_word' id='word_1_547' title='bbox 3562 3185 3753 3257; x_wconf 68' lang='lat' dir='ltr'><strong>parui-</strong></span> 
     </span>
    </p>
   </div>
   <div class='ocr_carea' id='block_1_80' title="bbox 2152 3254 3749 3327">
    <p class='ocr_par' dir='ltr' id='par_1_80' title="bbox 2152 3254 3749 3327">
     <span class='ocr_line' id='line_1_81' title="bbox 2152 3254 3749 3327; baseline -0.001 -17"><span class='ocrx_word' id='word_1_548' title='bbox 2152 3254 2381 3312; x_wconf 73' lang='lat' dir='ltr'><strong>ientiam</strong></span> <span class='ocrx_word' id='word_1_549' title='bbox 2430 3260 2692 3327; x_wconf 82' lang='lat' dir='ltr'><strong>agebant,</strong></span> <span class='ocrx_word' id='word_1_550' title='bbox 2738 3254 3035 3312; x_wconf 79' lang='lat' dir='ltr'><strong>feritatem</strong></span> <span class='ocrx_word' id='word_1_551' title='bbox 3078 3268 3239 3323; x_wconf 84' lang='lat' dir='ltr'><strong>atque</strong></span> <span class='ocrx_word' id='word_1_552' title='bbox 3297 3254 3749 3310; x_wconf 69' lang='lat' dir='ltr'><strong>inhumanitatem</strong></span> 
     </span>
    </p>
   </div>
   <div class='ocr_carea' id='block_1_81' title="bbox 2153 3328 3750 3398">
    <p class='ocr_par' dir='ltr' id='par_1_81' title="bbox 2153 3328 3750 3398">
     <span class='ocr_line' id='line_1_82' title="bbox 2153 3328 3750 3398; baseline -0.002 -18"><span class='ocrx_word' id='word_1_553' title='bbox 2153 3329 2503 3398; x_wconf 87' lang='lat' dir='ltr'><strong>tleponentes,</strong></span> <span class='ocrx_word' id='word_1_554' title='bbox 2534 3338 2587 3382; x_wconf 85' lang='lat' dir='ltr'><strong>ut</strong></span> <span class='ocrx_word' id='word_1_555' title='bbox 2615 3329 2683 3382; x_wconf 81' lang='lat' dir='ltr'><strong>ad</strong></span> <span class='ocrx_word' id='word_1_556' title='bbox 2719 3328 2855 3382; x_wconf 73' lang='lat' dir='ltr'><strong>illud</strong></span> <span class='ocrx_word' id='word_1_557' title='bbox 2882 3328 3019 3398; x_wconf 84' lang='lat' dir='ltr'><strong>quod</strong></span> <span class='ocrx_word' id='word_1_558' title='bbox 3059 3328 3263 3380; x_wconf 76' lang='lat' dir='ltr'><strong>dabitur</strong></span> <span class='ocrx_word' id='word_1_559' title='bbox 3290 3338 3396 3381; x_wconf 82' lang='lat' dir='ltr'><strong>esse</strong></span> <span class='ocrx_word' id='word_1_560' title='bbox 3423 3328 3618 3394; x_wconf 83' lang='lat' dir='ltr'><strong>possint</strong></span> <span class='ocrx_word' id='word_1_561' title='bbox 3648 3342 3750 3393; x_wconf 83' lang='lat' dir='ltr'><strong>pa-</strong></span> 
     </span>
    </p>
   </div>
   <div class='ocr_carea' id='block_1_82' title="bbox 2151 3396 3752 3469">
    <p class='ocr_par' dir='ltr' id='par_1_82' title="bbox 2151 3396 3752 3469">
     <span class='ocr_line' id='line_1_83' title="bbox 2151 3396 3752 3469; baseline 0.001 -17"><span class='ocrx_word' id='word_1_562' title='bbox 2151 3396 2296 3463; x_wconf 75' lang='lat' dir='ltr'><strong>ratte,</strong></span> <span class='ocrx_word' id='word_1_563' title='bbox 2330 3396 2380 3454; x_wconf 90' lang='lat' dir='ltr'><strong>id</strong></span> <span class='ocrx_word' id='word_1_564' title='bbox 2411 3409 2493 3454; x_wconf 82' lang='lat' dir='ltr'><strong>est</strong></span> <span class='ocrx_word' id='word_1_565' title='bbox 2529 3399 2594 3454; x_wconf 83' lang='lat' dir='ltr'><strong>ad</strong></span> <span class='ocrx_word' id='word_1_566' title='bbox 2631 3396 3066 3469; x_wconf 59' lang='lat' dir='ltr'><strong>communit-nom</strong></span> <span class='ocrx_word' id='word_1_567' title='bbox 3096 3400 3338 3469; x_wconf 86' lang='lat' dir='ltr'><strong>corporis</strong></span> <span class='ocrx_word' id='word_1_568' title='bbox 3368 3398 3591 3458; x_wconf 80' lang='lat' dir='ltr'><strong>Christi,</strong></span> <span class='ocrx_word' id='word_1_569' title='bbox 3625 3399 3752 3466; x_wconf 85' lang='lat' dir='ltr'><strong>quia</strong></span> 
     </span>
    </p>
   </div>
   <div class='ocr_carea' id='block_1_83' title="bbox 2152 3468 3753 3541">
    <p class='ocr_par' dir='ltr' id='par_1_83' title="bbox 2152 3468 3753 3541">
     <span class='ocr_line' id='line_1_84' title="bbox 2152 3468 3753 3541; baseline -0.001 -16"><span class='ocrx_word' id='word_1_570' title='bbox 2152 3473 2356 3535; x_wconf 81' lang='lat' dir='ltr'><strong>statim,</strong></span> <span class='ocrx_word' id='word_1_571' title='bbox 2407 3486 2529 3527; x_wconf 90' lang='lat' dir='ltr'><strong>cum</strong></span> <span class='ocrx_word' id='word_1_572' title='bbox 2572 3479 2754 3526; x_wconf 77' lang='lat' dir='ltr'><strong>essent</strong></span> <span class='ocrx_word' id='word_1_573' title='bbox 2780 3468 3056 3541; x_wconf 79' lang='lat' dir='ltr'><strong>baptizati,</strong></span> <span class='ocrx_word' id='word_1_574' title='bbox 3084 3472 3134 3524; x_wconf 92' lang='lat' dir='ltr'><strong>in</strong></span> <span class='ocrx_word' id='word_1_575' title='bbox 3162 3468 3484 3541; x_wconf 76' lang='lat' dir='ltr'><strong>conventum</strong></span> <span class='ocrx_word' id='word_1_576' title='bbox 3509 3469 3753 3524; x_wconf 87' lang='lat' dir='ltr'><strong>deduce-</strong></span> 
     </span>
    </p>
   </div>
   <div class='ocr_carea' id='block_1_84' title="bbox 2153 3539 3751 3613">
    <p class='ocr_par' dir='ltr' id='par_1_84' title="bbox 2153 3539 3751 3613">
     <span class='ocr_line' id='line_1_85' title="bbox 2153 3539 3751 3613; baseline -0.001 -17"><span class='ocrx_word' id='word_1_577' title='bbox 2153 3541 2367 3606; x_wconf 84' lang='lat' dir='ltr'><strong>bantur,</strong></span> <span class='ocrx_word' id='word_1_578' title='bbox 2409 3551 2570 3613; x_wconf 82' lang='lat' dir='ltr'><strong>atque</strong></span> <span class='ocrx_word' id='word_1_579' title='bbox 2604 3543 2676 3598; x_wconf 90' lang='lat' dir='ltr'><strong>lbi</strong></span> <span class='ocrx_word' id='word_1_580' title='bbox 2708 3539 3096 3597; x_wconf 75' lang='lat' dir='ltr'><strong>Eucltaristiam</strong></span> <span class='ocrx_word' id='word_1_581' title='bbox 3124 3539 3544 3613; x_wconf 73' lang='lat' dir='ltr'><strong>participabant.</strong></span> <span class='ocrx_word' id='word_1_582' title='bbox 3575 3542 3751 3595; x_wconf 79' lang='lat' dir='ltr'><strong>Antea</strong></span> 
     </span>
    </p>
   </div>
   <div class='ocr_carea' id='block_1_85' title="bbox 2153 3612 3752 3680">
    <p class='ocr_par' dir='ltr' id='par_1_85' title="bbox 2153 3612 3752 3680">
     <span class='ocr_line' id='line_1_86' title="bbox 2153 3612 3752 3680; baseline -0.001 -13"><span class='ocrx_word' id='word_1_583' title='bbox 2153 3615 2330 3680; x_wconf 90' lang='lat' dir='ltr'><strong>cnim,</strong></span> <span class='ocrx_word' id='word_1_584' title='bbox 2369 3628 2489 3668; x_wconf 90' lang='lat' dir='ltr'><strong>cum</strong></span> <span class='ocrx_word' id='word_1_585' title='bbox 2555 3626 2950 3668; x_wconf 88' lang='lat' dir='ltr'><strong>sacramentum</strong></span> <span class='ocrx_word' id='word_1_586' title='bbox 2995 3612 3134 3667; x_wconf 85' lang='lat' dir='ltr'><strong>iSlttd</strong></span> <span class='ocrx_word' id='word_1_587' title='bbox 3176 3613 3565 3677; x_wconf 84' lang='lat' dir='ltr'><strong>celebraretur,</strong></span> <span class='ocrx_word' id='word_1_588' title='bbox 3600 3623 3752 3666; x_wconf 90' lang='lat' dir='ltr'><strong>cate-</strong></span> 
     </span>
    </p>
   </div>
   <div class='ocr_carea' id='block_1_86' title="bbox 2152 3682 3751 3755">
    <p class='ocr_par' dir='ltr' id='par_1_86' title="bbox 2152 3682 3751 3755">
     <span class='ocr_line' id='line_1_87' title="bbox 2152 3682 3751 3755; baseline -0.001 -18"><span class='ocrx_word' id='word_1_589' title='bbox 2152 3682 2404 3739; x_wconf 87' lang='lat' dir='ltr'><strong>chumeni</strong></span> <span class='ocrx_word' id='word_1_590' title='bbox 2448 3699 2515 3739; x_wconf 88' lang='lat' dir='ltr'><strong>ne</strong></span> <span class='ocrx_word' id='word_1_591' title='bbox 2555 3685 2774 3740; x_wconf 85' lang='lat' dir='ltr'><strong>aderant</strong></span> <span class='ocrx_word' id='word_1_592' title='bbox 2817 3685 3057 3755; x_wconf 86' lang='lat' dir='ltr'><strong>quidem,</strong></span> <span class='ocrx_word' id='word_1_593' title='bbox 3101 3684 3242 3754; x_wconf 88' lang='lat' dir='ltr'><strong>quod</strong></span> <span class='ocrx_word' id='word_1_594' title='bbox 3287 3683 3540 3755; x_wconf 82' lang='lat' dir='ltr'><strong>usitatum</strong></span> <span class='ocrx_word' id='word_1_595' title='bbox 3587 3683 3751 3755; x_wconf 87' lang='lat' dir='ltr'><strong>etiam</strong></span> 
     </span>
    </p>
   </div>
   <div class='ocr_carea' id='block_1_87' title="bbox 2154 3754 3751 3830">
    <p class='ocr_par' dir='ltr' id='par_1_87' title="bbox 2154 3754 3751 3830">
     <span class='ocr_line' id='line_1_88' title="bbox 2154 3754 3751 3830; baseline -0.001 -21"><span class='ocrx_word' id='word_1_596' title='bbox 2154 3755 2223 3830; x_wconf 14' lang='lat' dir='ltr'><strong>in;</strong></span> <span class='ocrx_word' id='word_1_597' title='bbox 2258 3756 2503 3830; x_wconf 81' lang='lat' dir='ltr'><strong>profanis</strong></span> <span class='ocrx_word' id='word_1_598' title='bbox 2562 3754 2864 3826; x_wconf 86' lang='lat' dir='ltr'><strong>mysteriis,</strong></span> <span class='ocrx_word' id='word_1_599' title='bbox 2919 3771 2948 3811; x_wconf 88' lang='lat' dir='ltr'><strong>a</strong></span> <span class='ocrx_word' id='word_1_600' title='bbox 3003 3756 3207 3830; x_wconf 67' lang='lat' dir='ltr'><strong>quibus</strong></span> <span class='ocrx_word' id='word_1_601' title='bbox 3248 3754 3618 3830; x_wconf 54' lang='lat' dir='ltr'><strong>arcebantur,</strong></span> <span class='ocrx_word' id='word_1_602' title='bbox 3660 3754 3751 3830; x_wconf 83' lang='lat' dir='ltr'><strong>qui</strong></span> 
     </span>
    </p>
   </div>
   <div class='ocr_carea' id='block_1_88' title="bbox 2153 3825 3751 3888">
    <p class='ocr_par' dir='ltr' id='par_1_88' title="bbox 2153 3825 3751 3888">
     <span class='ocr_line' id='line_1_89' title="bbox 2153 3825 3751 3888; baseline -0.001 -8"><span class='ocrx_word' id='word_1_603' title='bbox 2153 3826 2344 3882; x_wconf 88' lang='lat' dir='ltr'><strong>initiati</strong></span> <span class='ocrx_word' id='word_1_604' title='bbox 2380 3836 2434 3881; x_wconf 89' lang='lat' dir='ltr'><strong>et</strong></span> <span class='ocrx_word' id='word_1_605' title='bbox 2467 3825 2663 3881; x_wconf 78' lang='lat' dir='ltr'><strong>sacrati</strong></span> <span class='ocrx_word' id='word_1_606' title='bbox 2712 3840 2817 3881; x_wconf 89' lang='lat' dir='ltr'><strong>non</strong></span> <span class='ocrx_word' id='word_1_607' title='bbox 2868 3825 3046 3883; x_wconf 81' lang='lat' dir='ltr'><strong>erant.</strong></span> <span class='ocrx_word' id='word_1_608' title='bbox 3095 3825 3245 3883; x_wconf 89' lang='lat' dir='ltr'><strong>Unde</strong></span> <span class='ocrx_word' id='word_1_609' title='bbox 3289 3825 3534 3881; x_wconf 69' lang='lat' dir='ltr'><strong>formulae</strong></span> <span class='ocrx_word' id='word_1_610' title='bbox 3564 3842 3579 3879; x_wconf 89' lang='lat'><strong>:</strong></span> <span class='ocrx_word' id='word_1_611' title='bbox 3606 3825 3751 3888; x_wconf 76' lang='grc' dir='ltr'><strong>Ἐκὰς</strong></span> 
     </span>
    </p>
   </div>
   <div class='ocr_carea' id='block_1_89' title="bbox 2153 3896 3751 3971">
    <p class='ocr_par' dir='ltr' id='par_1_89' title="bbox 2153 3896 3751 3971">
     <span class='ocr_line' id='line_1_90' title="bbox 2153 3896 3751 3971; baseline -0.002 -18"><span class='ocrx_word' id='word_1_612' title='bbox 2153 3899 2267 3960; x_wconf 72' lang='grc' dir='ltr'><strong>ἑκὰς</strong></span> <span class='ocrx_word' id='word_1_613' title='bbox 2312 3898 2431 3955; x_wconf 77' lang='grc' dir='ltr'><strong>ἔστε</strong></span> <span class='ocrx_word' id='word_1_614' title='bbox 2461 3900 2686 3971; x_wconf 72' lang='grc' dir='ltr'><strong>ηβέϐλοι.</strong></span> <span class='ocrx_word' id='word_1_615' title='bbox 2716 3897 2931 3971; x_wconf 84' lang='lat' dir='ltr'><strong>Procul,</strong></span> <span class='ocrx_word' id='word_1_616' title='bbox 2965 3898 3144 3971; x_wconf 82' lang='lat' dir='ltr'><strong>procul</strong></span> <span class='ocrx_word' id='word_1_617' title='bbox 3178 3908 3280 3952; x_wconf 84' lang='lat' dir='ltr'><strong>este</strong></span> <span class='ocrx_word' id='word_1_618' title='bbox 3308 3896 3536 3971; x_wconf 78' lang='lat' dir='ltr'><strong>profani.</strong></span> <span class='ocrx_word' id='word_1_619' title='bbox 3574 3896 3751 3950; x_wconf 87' lang='lat' dir='ltr'><strong>Etiam</strong></span> 
     </span>
    </p>
   </div>
   <div class='ocr_carea' id='block_1_90' title="bbox 2155 3968 3751 4040">
    <p class='ocr_par' dir='ltr' id='par_1_90' title="bbox 2155 3968 3751 4040">
     <span class='ocr_line' id='line_1_91' title="bbox 2155 3968 3751 4040; baseline -0.001 -17"><span class='ocrx_word' id='word_1_620' title='bbox 2155 3972 2317 4024; x_wconf 85' lang='lat' dir='ltr'><strong>verba</strong></span> <span class='ocrx_word' id='word_1_621' title='bbox 2361 3968 2507 4024; x_wconf 55' lang='lat' dir='ltr'><strong>illud&quot;</strong></span> <span class='ocrx_word' id='word_1_622' title='bbox 2534 3971 2671 4040; x_wconf 85' lang='lat' dir='ltr'><strong>quod</strong></span> <span class='ocrx_word' id='word_1_623' title='bbox 2714 3970 2940 4034; x_wconf 84' lang='lat' dir='ltr'><strong>dabitur,</strong></span> <span class='ocrx_word' id='word_1_624' title='bbox 2966 3968 3090 4025; x_wconf 55' lang='lat' dir='ltr'><strong>&#39;etc.</strong></span> <span class='ocrx_word' id='word_1_625' title='bbox 3139 3970 3396 4024; x_wconf 86' lang='lat' dir='ltr'><strong>translata</strong></span> <span class='ocrx_word' id='word_1_626' title='bbox 3440 3968 3692 4040; x_wconf 82' lang='lat' dir='ltr'><strong>videntur</strong></span> <span class='ocrx_word' id='word_1_627' title='bbox 3720 3982 3751 4022; x_wconf 85' lang='lat' dir='ltr'><strong>a</strong></span> 
     </span>
    </p>
   </div>
   <div class='ocr_carea' id='block_1_91' title="bbox 2154 4039 3753 4114">
    <p class='ocr_par' dir='ltr' id='par_1_91' title="bbox 2154 4039 3753 4114">
     <span class='ocr_line' id='line_1_92' title="bbox 2154 4039 3753 4114; baseline -0.003 -18"><span class='ocrx_word' id='word_1_628' title='bbox 2154 4040 2402 4114; x_wconf 81' lang='lat' dir='ltr'><strong>Gentium</strong></span> <span class='ocrx_word' id='word_1_629' title='bbox 2434 4039 2724 4114; x_wconf 86' lang='lat' dir='ltr'><strong>mysteriis,</strong></span> <span class='ocrx_word' id='word_1_630' title='bbox 2754 4042 3024 4114; x_wconf 85' lang='lat' dir='ltr'><strong>inquibus</strong></span> <span class='ocrx_word' id='word_1_631' title='bbox 3049 4041 3312 4114; x_wconf 83' lang='lat' dir='ltr'><strong>dabantur</strong></span> <span class='ocrx_word' id='word_1_632' title='bbox 3332 4039 3580 4114; x_wconf 65' lang='lat' dir='ltr'><strong>quaedam</strong></span> <span class='ocrx_word' id='word_1_633' title='bbox 3607 4052 3753 4111; x_wconf 81' lang='lat' dir='ltr'><strong>sym-</strong></span> 
     </span>
    </p>
   </div>
   <div class='ocr_carea' id='block_1_92' title="bbox 2156 4111 3748 4183">
    <p class='ocr_par' dir='ltr' id='par_1_92' title="bbox 2156 4111 3748 4183">
     <span class='ocr_line' id='line_1_93' title="bbox 2156 4111 3748 4183; baseline -0.002 -16"><span class='ocrx_word' id='word_1_634' title='bbox 2156 4113 2275 4167; x_wconf 83' lang='lat' dir='ltr'><strong>bola</strong></span> <span class='ocrx_word' id='word_1_635' title='bbox 2306 4124 2358 4169; x_wconf 90' lang='lat' dir='ltr'><strong>et</strong></span> <span class='ocrx_word' id='word_1_636' title='bbox 2390 4111 2774 4168; x_wconf 82' lang='lat' dir='ltr'><strong>memoracula.</strong></span> <span class='ocrx_word' id='word_1_637' title='bbox 2808 4111 3080 4168; x_wconf 85' lang='lat' dir='ltr'><strong>Arnobius</strong></span> <span class='ocrx_word' id='word_1_638' title='bbox 3106 4113 3286 4183; x_wconf 84' lang='lat' dir='ltr'><strong>igitur,</strong></span> <span class='ocrx_word' id='word_1_639' title='bbox 3317 4112 3444 4182; x_wconf 86' lang='lat' dir='ltr'><strong>quia</strong></span> <span class='ocrx_word' id='word_1_640' title='bbox 3480 4111 3748 4177; x_wconf 86' lang='lat' dir='ltr'><strong>audierat,</strong></span> 
     </span>
    </p>
   </div>
   <div class='ocr_carea' id='block_1_93' title="bbox 2156 4182 3752 4256">
    <p class='ocr_par' dir='ltr' id='par_1_93' title="bbox 2156 4182 3752 4256">
     <span class='ocr_line' id='line_1_94' title="bbox 2156 4182 3752 4256; baseline -0.002 -18"><span class='ocrx_word' id='word_1_641' title='bbox 2156 4184 2271 4238; x_wconf 84' lang='lat' dir='ltr'><strong>dari</strong></span> <span class='ocrx_word' id='word_1_642' title='bbox 2314 4184 2565 4241; x_wconf 83' lang='lat' dir='ltr'><strong>fidelibus</strong></span> <span class='ocrx_word' id='word_1_643' title='bbox 2605 4200 2797 4256; x_wconf 82' lang='lat' dir='ltr'><strong>panem</strong></span> <span class='ocrx_word' id='word_1_644' title='bbox 2827 4193 2881 4239; x_wconf 92' lang='lat' dir='ltr'><strong>et</strong></span> <span class='ocrx_word' id='word_1_645' title='bbox 2913 4182 3139 4256; x_wconf 79' lang='lat' dir='ltr'><strong>vinum,</strong></span> <span class='ocrx_word' id='word_1_646' title='bbox 3164 4197 3267 4256; x_wconf 88' lang='lat' dir='ltr'><strong>nec</strong></span> <span class='ocrx_word' id='word_1_647' title='bbox 3296 4182 3551 4256; x_wconf 76' lang='lat' dir='ltr'><strong>mysterii</strong></span> <span class='ocrx_word' id='word_1_648' title='bbox 3592 4183 3752 4256; x_wconf 77' lang='lat' dir='ltr'><strong>hujus</strong></span> 
     </span>
    </p>
   </div>
   <div class='ocr_carea' id='block_1_94' title="bbox 2159 4252 3751 4326">
    <p class='ocr_par' dir='ltr' id='par_1_94' title="bbox 2159 4252 3751 4326">
     <span class='ocr_line' id='line_1_95' title="bbox 2159 4252 3751 4326; baseline -0.001 -16"><span class='ocrx_word' id='word_1_649' title='bbox 2159 4257 2423 4312; x_wconf 88' lang='lat' dir='ltr'><strong>rationem</strong></span> <span class='ocrx_word' id='word_1_650' title='bbox 2456 4257 2587 4311; x_wconf 87' lang='lat' dir='ltr'><strong>satis</strong></span> <span class='ocrx_word' id='word_1_651' title='bbox 2606 4252 2883 4326; x_wconf 72' lang='lat' dir='ltr'><strong>cognitam</strong></span> <span class='ocrx_word' id='word_1_652' title='bbox 2922 4255 3173 4319; x_wconf 86' lang='lat' dir='ltr'><strong>habebat,</strong></span> <span class='ocrx_word' id='word_1_653' title='bbox 3206 4252 3406 4308; x_wconf 82' lang='lat' dir='ltr'><strong>idcirco</strong></span> <span class='ocrx_word' id='word_1_654' title='bbox 3444 4252 3545 4307; x_wconf 85' lang='lat' dir='ltr'><strong>hac</strong></span> <span class='ocrx_word' id='word_1_655' title='bbox 3584 4252 3751 4326; x_wconf 85' lang='lat' dir='ltr'><strong>dere</strong></span> 
     </span>
    </p>
   </div>
   <div class='ocr_carea' id='block_1_95' title="bbox 2161 4325 3750 4398">
    <p class='ocr_par' dir='ltr' id='par_1_95' title="bbox 2161 4325 3750 4398">
     <span class='ocr_line' id='line_1_96' title="bbox 2161 4325 3750 4398; baseline -0.001 -19"><span class='ocrx_word' id='word_1_656' title='bbox 2161 4327 2400 4398; x_wconf 85' lang='lat' dir='ltr'><strong>loquitur</strong></span> <span class='ocrx_word' id='word_1_657' title='bbox 2427 4328 2588 4395; x_wconf 85' lang='lat' dir='ltr'><strong>paulo</strong></span> <span class='ocrx_word' id='word_1_658' title='bbox 2616 4325 2898 4382; x_wconf 87' lang='lat' dir='ltr'><strong>obscurius</strong></span> <span class='ocrx_word' id='word_1_659' title='bbox 2921 4337 2975 4381; x_wconf 90' lang='lat' dir='ltr'><strong>et</strong></span> <span class='ocrx_word' id='word_1_660' title='bbox 2994 4326 3173 4381; x_wconf 88' lang='lat' dir='ltr'><strong>verbis</strong></span> <span class='ocrx_word' id='word_1_661' title='bbox 3201 4341 3304 4398; x_wconf 83' lang='lat' dir='ltr'><strong>non</strong></span> <span class='ocrx_word' id='word_1_662' title='bbox 3335 4325 3465 4398; x_wconf 85' lang='lat' dir='ltr'><strong>satis</strong></span> <span class='ocrx_word' id='word_1_663' title='bbox 3494 4325 3750 4393; x_wconf 88' lang='lat' dir='ltr'><strong>propriis,</strong></span> 
     </span>
    </p>
   </div>
   <div class='ocr_carea' id='block_1_96' title="bbox 2161 4396 3750 4467">
    <p class='ocr_par' dir='ltr' id='par_1_96' title="bbox 2161 4396 3750 4467">
     <span class='ocr_line' id='line_1_97' title="bbox 2161 4396 3750 4467; baseline -0.001 -16"><span class='ocrx_word' id='word_1_664' title='bbox 2161 4396 2321 4452; x_wconf 57' lang='lat' dir='ltr'><strong>ita&#39;nt</strong></span> <span class='ocrx_word' id='word_1_665' title='bbox 2350 4400 2573 4455; x_wconf 79' lang='lat' dir='ltr'><strong>confuse</strong></span> <span class='ocrx_word' id='word_1_666' title='bbox 2612 4409 2817 4453; x_wconf 88' lang='lat' dir='ltr'><strong>tantum</strong></span> <span class='ocrx_word' id='word_1_667' title='bbox 2859 4398 3056 4452; x_wconf 85' lang='lat' dir='ltr'><strong>vidisse</strong></span> <span class='ocrx_word' id='word_1_668' title='bbox 3086 4410 3208 4453; x_wconf 87' lang='lat' dir='ltr'><strong>eum</strong></span> <span class='ocrx_word' id='word_1_669' title='bbox 3241 4396 3439 4467; x_wconf 90' lang='lat' dir='ltr'><strong>aliquid</strong></span> <span class='ocrx_word' id='word_1_670' title='bbox 3465 4405 3750 4464; x_wconf 84' lang='lat' dir='ltr'><strong>appareat,</strong></span> 
     </span>
    </p>
   </div>
   <div class='ocr_carea' id='block_1_97' title="bbox 455 4442 3757 4526">
    <p class='ocr_par' dir='ltr' id='par_1_97' title="bbox 455 4442 3757 4526">
     <span class='ocr_line' id='line_1_98' title="bbox 455 4442 3757 4526; baseline -0.001 0"><span class='ocrx_word' id='word_1_671' title='bbox 455 4446 786 4526; x_wconf 50' lang='lat' dir='ltr'><strong>busd-“But-</strong></span> <span class='ocrx_word' id='word_1_672' title='bbox 818 4449 897 4526; x_wconf 59' lang='grc' dir='ltr'>ἱιι,</span> <span class='ocrx_word' id='word_1_673' title='bbox 930 4442 1649 4526; x_wconf 54' lang='lat' dir='ltr'><strong>“imm-.---;§--&quot;’°t€t‘(€m</strong></span> <span class='ocrx_word' id='word_1_674' title='bbox 1684 4465 1749 4526; x_wconf 64' lang='lat' dir='ltr'><strong>9X</strong></span> <span class='ocrx_word' id='word_1_675' title='bbox 1793 4450 2048 4526; x_wconf 54' lang='lat' dir='ltr'><strong>e&quot;milia:</strong></span> <span class='ocrx_word' id='word_1_676' title='bbox 2076 4442 2817 4526; x_wconf 40' lang='lat' dir='ltr'><strong>Daii.t&#39;i&#39;aiiiiiiévdiéiiiieie:</strong></span> <span class='ocrx_word' id='word_1_677' title='bbox 2863 4442 3757 4524; x_wconf 58' lang='grc' dir='ltr'><strong>ἱίἕὲἑῖὶυῖῖῖιῖὲἐῶἷὰῖιιῖἷῖἒιιῖὶἇὶ</strong></span> 
     </span>
    </p>
   </div>
   <div class='ocr_carea' id='block_1_98' title="bbox 456 4516 2048 4588">
    <p class='ocr_par' dir='ltr' id='par_1_98' title="bbox 456 4516 2048 4588">
     <span class='ocr_line' id='line_1_99' title="bbox 456 4516 2048 4588; baseline 0.002 -16"><span class='ocrx_word' id='word_1_678' title='bbox 456 4519 602 4574; x_wconf 77' lang='grc' dir='ltr'>ιιοιιθ</span> <span class='ocrx_word' id='word_1_679' title='bbox 632 4518 850 4573; x_wconf 82' lang='lat' dir='ltr'><strong>Meursii</strong></span> <span class='ocrx_word' id='word_1_680' title='bbox 885 4520 936 4573; x_wconf 88' lang='lat' dir='ltr'><strong>in</strong></span> <span class='ocrx_word' id='word_1_681' title='bbox 976 4520 1224 4588; x_wconf 82' lang='lat' dir='ltr'><strong>Append.</strong></span> <span class='ocrx_word' id='word_1_682' title='bbox 1270 4518 1428 4576; x_wconf 82' lang='lat' dir='ltr'><strong>Male.</strong></span> <span class='ocrx_word' id='word_1_683' title='bbox 1476 4520 1611 4576; x_wconf 83' lang='lat' dir='ltr'><strong>Vide</strong></span> <span class='ocrx_word' id='word_1_684' title='bbox 1654 4521 1937 4575; x_wconf 80' lang='lat' dir='ltr'><strong>observata</strong></span> <span class='ocrx_word' id='word_1_685' title='bbox 1982 4516 2048 4576; x_wconf 86' lang='lat' dir='ltr'><strong>ad</strong></span> 
     </span>
    </p>
   </div>
   <div class='ocr_carea' id='block_1_99' title="bbox 452 4590 2051 4663">
    <p class='ocr_par' dir='ltr' id='par_1_99' title="bbox 452 4590 2051 4663">
     <span class='ocr_line' id='line_1_100' title="bbox 452 4590 2051 4663; baseline 0.002 -19"><span class='ocrx_word' id='word_1_686' title='bbox 452 4590 547 4663; x_wconf 85' lang='lat' dir='ltr'><strong>lib.</strong></span> <span class='ocrx_word' id='word_1_687' title='bbox 590 4606 626 4656; x_wconf 84' lang='grc' dir='ltr'>ι,</span> <span class='ocrx_word' id='word_1_688' title='bbox 664 4606 793 4663; x_wconf 87' lang='lat' dir='ltr'><strong>cap.</strong></span> <span class='ocrx_word' id='word_1_689' title='bbox 841 4591 935 4657; x_wconf 69' lang='lat'><strong>42,</strong></span> <span class='ocrx_word' id='word_1_690' title='bbox 977 4601 1032 4646; x_wconf 90' lang='lat' dir='ltr'><strong>et</strong></span> <span class='ocrx_word' id='word_1_691' title='bbox 1072 4593 1166 4648; x_wconf 84' lang='lat' dir='ltr'><strong>lib.</strong></span> <span class='ocrx_word' id='word_1_692' title='bbox 1209 4610 1266 4655; x_wconf 86' lang='grc' dir='ltr'>ιι,</span> <span class='ocrx_word' id='word_1_693' title='bbox 1308 4608 1428 4663; x_wconf 88' lang='lat' dir='ltr'><strong>cap.</strong></span> <span class='ocrx_word' id='word_1_694' title='bbox 1461 4592 1514 4657; x_wconf 68' lang='lat'><strong>2,</strong></span> <span class='ocrx_word' id='word_1_695' title='bbox 1548 4591 1748 4647; x_wconf 79' lang='lat' dir='ltr'><strong>verba:</strong></span> <span class='ocrx_word' id='word_1_696' title='bbox 1791 4590 1969 4645; x_wconf 81' lang='lat' dir='ltr'><strong>Veram</strong></span> <span class='ocrx_word' id='word_1_697' title='bbox 1996 4593 2051 4647; x_wconf 81' lang='lat' dir='ltr'><strong>in</strong></span> 
     </span>
    </p>
   </div>
   <div class='ocr_carea' id='block_1_100' title="bbox 453 4662 1364 4733">
    <p class='ocr_par' dir='ltr' id='par_1_100' title="bbox 453 4662 1364 4733">
     <span class='ocr_line' id='line_1_101' title="bbox 453 4662 1364 4733; baseline 0.003 -18"><span class='ocrx_word' id='word_1_698' title='bbox 453 4662 574 4716; x_wconf 81' lang='lat' dir='ltr'><strong>orbe</strong></span> <span class='ocrx_word' id='word_1_699' title='bbox 595 4662 888 4733; x_wconf 82' lang='lat' dir='ltr'><strong>religionem</strong></span> <span class='ocrx_word' id='word_1_700' title='bbox 912 4664 1134 4718; x_wconf 73' lang='lat' dir='ltr'><strong>induxit.</strong></span> <span class='ocrx_word' id='word_1_701' title='bbox 1163 4665 1364 4721; x_wconf 74' lang='grc' dir='ltr'>Οιιιιιι..</span> 
     </span>
    </p>
   </div>
   <div class='ocr_carea' id='block_1_101' title="bbox 526 4752 2053 4829">
    <p class='ocr_par' dir='ltr' id='par_1_101' title="bbox 526 4752 2053 4829">
     <span class='ocr_line' id='line_1_102' title="bbox 526 4752 2053 4829; baseline -0.001 -19"><span class='ocrx_word' id='word_1_702' title='bbox 526 4752 745 4810; x_wconf 79' lang='lat' dir='ltr'><strong>XXXII.</strong></span> <span class='ocrx_word' id='word_1_703' title='bbox 784 4786 853 4800; x_wconf 75' lang='lat'><strong>-</strong></span> <span class='ocrx_word' id='word_1_704' title='bbox 886 4755 1020 4827; x_wconf 84' lang='lat' dir='ltr'><strong>Ejus</strong></span> <span class='ocrx_word' id='word_1_705' title='bbox 1078 4756 1211 4811; x_wconf 83' lang='lat' dir='ltr'><strong>enim</strong></span> <span class='ocrx_word' id='word_1_706' title='bbox 1268 4758 1490 4829; x_wconf 83' lang='lat' dir='ltr'><strong>cognitio</strong></span> <span class='ocrx_word' id='word_1_707' title='bbox 1544 4759 1850 4829; x_wconf 72' lang='lat' dir='ltr'><strong>[erittantum</strong></span> <span class='ocrx_word' id='word_1_708' title='bbox 1889 4754 2053 4829; x_wconf 54' lang='lat' dir='ltr'><strong>quodg</strong></span> 
     </span>
    </p>
   </div>
   <div class='ocr_carea' id='block_1_102' title="bbox 454 4825 2050 4898">
    <p class='ocr_par' dir='ltr' id='par_1_102' title="bbox 454 4825 2050 4898">
     <span class='ocr_line' id='line_1_103' title="bbox 454 4825 2050 4898; baseline -0.001 -17"><span class='ocrx_word' id='word_1_709' title='bbox 454 4827 585 4882; x_wconf 24' lang='lat' dir='ltr'><strong>dum.</strong></span> <span class='ocrx_word' id='word_1_710' title='bbox 626 4836 698 4883; x_wconf 85' lang='lat' dir='ltr'><strong>est</strong></span> <span class='ocrx_word' id='word_1_711' title='bbox 728 4880 731 4885; x_wconf 82' lang='lat'><strong>.</strong></span> <span class='ocrx_word' id='word_1_712' title='bbox 757 4831 889 4884; x_wconf 71' lang='lat' dir='ltr'><strong>vitta.</strong></span> <span class='ocrx_word' id='word_1_713' title='bbox 930 4825 1205 4898; x_wconf 68' lang='lat' dir='ltr'><strong>ReSpicit</strong></span> <span class='ocrx_word' id='word_1_714' title='bbox 1265 4825 1555 4885; x_wconf 70' lang='lat' dir='ltr'><strong>Arnobius</strong></span> <span class='ocrx_word' id='word_1_715' title='bbox 1587 4828 1653 4882; x_wconf 87' lang='lat' dir='ltr'><strong>ad</strong></span> <span class='ocrx_word' id='word_1_716' title='bbox 1710 4827 1871 4881; x_wconf 77' lang='lat' dir='ltr'><strong>vet-ha</strong></span> <span class='ocrx_word' id='word_1_717' title='bbox 1934 4825 2050 4881; x_wconf 87' lang='lat' dir='ltr'><strong>Divi</strong></span> 
     </span>
    </p>
   </div>
   <div class='ocr_carea' id='block_1_103' title="bbox 456 4896 2051 4967">
    <p class='ocr_par' dir='ltr' id='par_1_103' title="bbox 456 4896 2051 4967">
     <span class='ocr_line' id='line_1_104' title="bbox 456 4896 2051 4967; baseline -0.001 -12"><span class='ocrx_word' id='word_1_718' title='bbox 456 4899 664 4955; x_wconf 86' lang='lat' dir='ltr'><strong>Soteris</strong></span> <span class='ocrx_word' id='word_1_719' title='bbox 693 4896 888 4955; x_wconf 78' lang='lat' dir='ltr'><strong>Joann.</strong></span> <span class='ocrx_word' id='word_1_720' title='bbox 928 4916 1058 4967; x_wconf 82' lang='lat' dir='ltr'><strong>xvu,</strong></span> <span class='ocrx_word' id='word_1_721' title='bbox 1081 4896 1232 4956; x_wconf 82' lang='lat' dir='ltr'><strong>vers.</strong></span> <span class='ocrx_word' id='word_1_722' title='bbox 1263 4900 1314 4956; x_wconf 79' lang='grc'><strong>5.</strong></span> <span class='ocrx_word' id='word_1_723' title='bbox 1362 4904 1498 4961; x_wconf 76' lang='grc' dir='ltr'><strong>Αὐτὴ</strong></span> <span class='ocrx_word' id='word_1_724' title='bbox 1534 4900 1587 4965; x_wconf 60' lang='grc' dir='ltr'><strong><em>δέ</em></strong></span> <span class='ocrx_word' id='word_1_725' title='bbox 1629 4901 1765 4957; x_wconf 81' lang='grc' dir='ltr'><strong>ἐστιν</strong></span> <span class='ocrx_word' id='word_1_726' title='bbox 1800 4901 1830 4958; x_wconf 80' lang='grc' dir='ltr'>ἡ</span> <span class='ocrx_word' id='word_1_727' title='bbox 1858 4901 2051 4960; x_wconf 79' lang='grc' dir='ltr'><strong>αἰώνιος</strong></span> 
     </span>
    </p>
   </div>
   <div class='ocr_carea' id='block_1_104' title="bbox 455 4969 2055 5047">
    <p class='ocr_par' dir='ltr' id='par_1_104' title="bbox 455 4969 2055 5047">
     <span class='ocr_line' id='line_1_105' title="bbox 455 4969 2055 5047; baseline 0.002 -23"><span class='ocrx_word' id='word_1_728' title='bbox 455 4974 579 5047; x_wconf 70' lang='grc' dir='ltr'><strong>ζωή,</strong></span> <span class='ocrx_word' id='word_1_729' title='bbox 613 4973 693 5047; x_wconf 59' lang='lat' dir='ltr'><strong>ira:</strong></span> <span class='ocrx_word' id='word_1_730' title='bbox 730 4975 1017 5047; x_wconf 70' lang='grc' dir='ltr'><strong>’γινώσκωσί</strong></span> <span class='ocrx_word' id='word_1_731' title='bbox 1060 4994 1118 5028; x_wconf 81' lang='grc' dir='ltr'><strong>σε</strong></span> <span class='ocrx_word' id='word_1_732' title='bbox 1160 4977 1245 5047; x_wconf 73' lang='grc' dir='ltr'><strong>τὸν</strong></span> <span class='ocrx_word' id='word_1_733' title='bbox 1273 4974 1412 5047; x_wconf 73' lang='grc' dir='ltr'><strong>μόνον</strong></span> <span class='ocrx_word' id='word_1_734' title='bbox 1446 4972 1666 5032; x_wconf 75' lang='grc' dir='ltr'><strong>ἀληθινὸν</strong></span> <span class='ocrx_word' id='word_1_735' title='bbox 1704 4973 1845 5036; x_wconf 76' lang='grc' dir='ltr'><strong>Θεὸν,</strong></span> <span class='ocrx_word' id='word_1_736' title='bbox 1888 4976 1968 5026; x_wconf 83' lang='grc' dir='ltr'><strong>καὶ</strong></span> <span class='ocrx_word' id='word_1_737' title='bbox 2002 4969 2055 5027; x_wconf 81' lang='grc' dir='ltr'><strong>ὃν</strong></span> 
     </span>
    </p>
   </div>
   <div class='ocr_carea' id='block_1_105' title="bbox 455 5044 1493 5121">
    <p class='ocr_par' dir='ltr' id='par_1_105' title="bbox 455 5044 1493 5121">
     <span class='ocr_line' id='line_1_106' title="bbox 455 5044 1493 5121; baseline -0.001 -22"><span class='ocrx_word' id='word_1_738' title='bbox 455 5044 783 5121; x_wconf 52' lang='grc' dir='ltr'><strong>διτταί-στηλοιρἱ</strong></span> <span class='ocrx_word' id='word_1_739' title='bbox 808 5045 997 5121; x_wconf 58' lang='grc' dir='ltr'><strong>Ἰῃσοῇν</strong></span> <span class='ocrx_word' id='word_1_740' title='bbox 1014 5046 1256 5121; x_wconf 59' lang='grc' dir='ltr'><strong>Χριστὸν.</strong></span> <span class='ocrx_word' id='word_1_741' title='bbox 1274 5044 1493 5121; x_wconf 52' lang='grc' dir='ltr'>Ὀιιιίιτιι.</span> 
     </span>
    </p>
   </div>
   <div class='ocr_carea' id='block_1_106' title="bbox 532 5113 2047 5188">
    <p class='ocr_par' dir='ltr' id='par_1_106' title="bbox 532 5113 2047 5188">
     <span class='ocr_line' id='line_1_107' title="bbox 532 5113 2047 5188; baseline -0.001 -20"><span class='ocrx_word' id='word_1_742' title='bbox 532 5113 662 5168; x_wconf 82' lang='lat' dir='ltr'><strong>Tum</strong></span> <span class='ocrx_word' id='word_1_743' title='bbox 702 5116 884 5188; x_wconf 82' lang='lat' dir='ltr'><strong>deinde</strong></span> <span class='ocrx_word' id='word_1_744' title='bbox 928 5113 1128 5185; x_wconf 79' lang='lat' dir='ltr'><strong>feritate</strong></span> <span class='ocrx_word' id='word_1_745' title='bbox 1172 5128 1321 5188; x_wconf 85' lang='lat' dir='ltr'><strong>atque</strong></span> <span class='ocrx_word' id='word_1_746' title='bbox 1364 5114 1751 5188; x_wconf 76' lang='lat' dir='ltr'><strong>inhumanitate</strong></span> <span class='ocrx_word' id='word_1_747' title='bbox 1781 5113 2047 5188; x_wconf 74' lang='lat' dir='ltr'><strong>depositis,</strong></span> 
     </span>
    </p>
   </div>
   <div class='ocr_carea' id='block_1_107' title="bbox 455 5185 2053 5257">
    <p class='ocr_par' dir='ltr' id='par_1_107' title="bbox 455 5185 2053 5257">
     <span class='ocr_line' id='line_1_108' title="bbox 455 5185 2053 5257; baseline -0.001 -17"><span class='ocrx_word' id='word_1_748' title='bbox 455 5194 713 5243; x_wconf 87' lang='lat' dir='ltr'><strong>resumant</strong></span> <span class='ocrx_word' id='word_1_749' title='bbox 742 5187 946 5257; x_wconf 86' lang='lat' dir='ltr'><strong>ingenia</strong></span> <span class='ocrx_word' id='word_1_750' title='bbox 975 5188 1197 5253; x_wconf 82' lang='lat' dir='ltr'><strong>mitiora,</strong></span> <span class='ocrx_word' id='word_1_751' title='bbox 1228 5185 1280 5242; x_wconf 84' lang='lat' dir='ltr'><strong>ut</strong></span> <span class='ocrx_word' id='word_1_752' title='bbox 1306 5189 1373 5241; x_wconf 80' lang='lat' dir='ltr'><strong>ad</strong></span> <span class='ocrx_word' id='word_1_753' title='bbox 1400 5185 1529 5241; x_wconf 87' lang='lat' dir='ltr'><strong>illud</strong></span> <span class='ocrx_word' id='word_1_754' title='bbox 1558 5186 1692 5254; x_wconf 86' lang='lat' dir='ltr'><strong>quod</strong></span> <span class='ocrx_word' id='word_1_755' title='bbox 1719 5186 1920 5239; x_wconf 85' lang='lat' dir='ltr'><strong>dabitur</strong></span> <span class='ocrx_word' id='word_1_756' title='bbox 1945 5198 2053 5239; x_wconf 81' lang='lat' dir='ltr'><strong>esse</strong></span> 
     </span>
    </p>
   </div>
   <div class='ocr_carea' id='block_1_108' title="bbox 459 5258 2050 5329">
    <p class='ocr_par' dir='ltr' id='par_1_108' title="bbox 459 5258 2050 5329">
     <span class='ocr_line' id='line_1_109' title="bbox 459 5258 2050 5329; baseline -0.001 -16"><span class='ocrx_word' id='word_1_757' title='bbox 459 5261 651 5327; x_wconf 85' lang='lat' dir='ltr'><strong>possint</strong></span> <span class='ocrx_word' id='word_1_758' title='bbox 693 5270 903 5323; x_wconf 76' lang='lat' dir='ltr'><strong>paruae.</strong></span> <span class='ocrx_word' id='word_1_759' title='bbox 956 5259 1047 5329; x_wconf 85' lang='lat' dir='ltr'><strong>His</strong></span> <span class='ocrx_word' id='word_1_760' title='bbox 1089 5258 1268 5314; x_wconf 85' lang='lat' dir='ltr'><strong>verbis</strong></span> <span class='ocrx_word' id='word_1_761' title='bbox 1296 5272 1416 5313; x_wconf 88' lang='lat' dir='ltr'><strong>cum</strong></span> <span class='ocrx_word' id='word_1_762' title='bbox 1459 5258 1919 5329; x_wconf 71' lang='lat' dir='ltr'><strong>regenerationem</strong></span> <span class='ocrx_word' id='word_1_763' title='bbox 1944 5270 2050 5329; x_wconf 82' lang='lat' dir='ltr'><strong>per</strong></span> 
     </span>
    </p>
   </div>
   <div class='ocr_carea' id='block_1_109' title="bbox 460 5327 2045 5401">
    <p class='ocr_par' dir='ltr' id='par_1_109' title="bbox 460 5327 2045 5401">
     <span class='ocr_line' id='line_1_110' title="bbox 460 5327 2045 5401; baseline -0.001 -17"><span class='ocrx_word' id='word_1_764' title='bbox 460 5330 804 5401; x_wconf 84' lang='lat' dir='ltr'><strong>baptismum,</strong></span> <span class='ocrx_word' id='word_1_765' title='bbox 850 5340 962 5383; x_wconf 90' lang='lat' dir='ltr'><strong>tum</strong></span> <span class='ocrx_word' id='word_1_766' title='bbox 1009 5328 1400 5386; x_wconf 79' lang='lat' dir='ltr'><strong>Ettcitarlstiam</strong></span> <span class='ocrx_word' id='word_1_767' title='bbox 1446 5327 1711 5401; x_wconf 74' lang='lat' dir='ltr'><strong>significat</strong></span> <span class='ocrx_word' id='word_1_768' title='bbox 1753 5327 2045 5395; x_wconf 78' lang='lat' dir='ltr'><strong>Arnobius,</strong></span> 
     </span>
    </p>
   </div>
   <div class='ocr_carea' id='block_1_110' title="bbox 348 5400 2048 5465">
    <p class='ocr_par' dir='ltr' id='par_1_110' title="bbox 348 5400 2048 5465">
     <span class='ocr_line' id='line_1_111' title="bbox 348 5400 2048 5465; baseline 0.001 -12"><span class='ocrx_word' id='word_1_769' title='bbox 348 5454 359 5461; x_wconf 32' lang='grc' dir='ltr'><strong>κ</strong></span> <span class='ocrx_word' id='word_1_770' title='bbox 459 5400 555 5456; x_wconf 88' lang='lat' dir='ltr'><strong>sed</strong></span> <span class='ocrx_word' id='word_1_771' title='bbox 587 5402 679 5465; x_wconf 87' lang='lat' dir='ltr'><strong>ita,</strong></span> <span class='ocrx_word' id='word_1_772' title='bbox 723 5408 779 5453; x_wconf 90' lang='lat' dir='ltr'><strong>ut</strong></span> <span class='ocrx_word' id='word_1_773' title='bbox 808 5401 967 5456; x_wconf 84' lang='lat' dir='ltr'><strong>verba</strong></span> <span class='ocrx_word' id='word_1_774' title='bbox 1010 5402 1301 5457; x_wconf 83' lang='lat' dir='ltr'><strong>Gentilium</strong></span> <span class='ocrx_word' id='word_1_775' title='bbox 1338 5401 1403 5455; x_wconf 86' lang='lat' dir='ltr'><strong>ad</strong></span> <span class='ocrx_word' id='word_1_776' title='bbox 1437 5401 1866 5454; x_wconf 73' lang='lat' dir='ltr'><strong>Chrisdauorutn</strong></span> <span class='ocrx_word' id='word_1_777' title='bbox 1896 5414 2048 5455; x_wconf 88' lang='lat' dir='ltr'><strong>sacra</strong></span> 
     </span>
    </p>
   </div>
   <div class='ocr_carea' id='block_1_111' title="bbox 459 5470 2049 5541">
    <p class='ocr_par' dir='ltr' id='par_1_111' title="bbox 459 5470 2049 5541">
     <span class='ocr_line' id='line_1_112' title="bbox 459 5470 2049 5541; baseline -0.002 -14"><span class='ocrx_word' id='word_1_778' title='bbox 459 5470 852 5527; x_wconf 87' lang='lat' dir='ltr'><strong>accommodet.</strong></span> <span class='ocrx_word' id='word_1_779' title='bbox 897 5472 1292 5528; x_wconf 78' lang='lat' dir='ltr'><strong>Existimabam</strong></span> <span class='ocrx_word' id='word_1_780' title='bbox 1327 5473 1469 5528; x_wconf 90' lang='lat' dir='ltr'><strong>enim</strong></span> <span class='ocrx_word' id='word_1_781' title='bbox 1501 5472 1763 5535; x_wconf 87' lang='lat' dir='ltr'><strong>Gentiles,</strong></span> <span class='ocrx_word' id='word_1_782' title='bbox 1794 5473 2049 5541; x_wconf 78' lang='lat' dir='ltr'><strong>mysteria</strong></span> 
     </span>
    </p>
   </div>
   <div class='ocr_carea' id='block_1_112' title="bbox 460 5542 2050 5616">
    <p class='ocr_par' dir='ltr' id='par_1_112' title="bbox 460 5542 2050 5616">
     <span class='ocr_line' id='line_1_113' title="bbox 460 5542 2050 5616; baseline -0.001 -19"><span class='ocrx_word' id='word_1_783' title='bbox 460 5542 623 5616; x_wconf 83' lang='lat' dir='ltr'><strong>fuisse</strong></span> <span class='ocrx_word' id='word_1_784' title='bbox 650 5545 885 5616; x_wconf 86' lang='lat' dir='ltr'><strong>inventa,</strong></span> <span class='ocrx_word' id='word_1_785' title='bbox 915 5554 969 5596; x_wconf 93' lang='lat' dir='ltr'><strong>ut</strong></span> <span class='ocrx_word' id='word_1_786' title='bbox 1000 5544 1243 5600; x_wconf 85' lang='lat' dir='ltr'><strong>homines</strong></span> <span class='ocrx_word' id='word_1_787' title='bbox 1264 5561 1329 5599; x_wconf 80' lang='lat' dir='ltr'><strong>ex</strong></span> <span class='ocrx_word' id='word_1_788' title='bbox 1354 5546 1550 5616; x_wconf 83' lang='lat' dir='ltr'><strong>agresti</strong></span> <span class='ocrx_word' id='word_1_789' title='bbox 1583 5543 1909 5611; x_wconf 78' lang='lat' dir='ltr'><strong>humanique</strong></span> <span class='ocrx_word' id='word_1_790' title='bbox 1939 5545 2050 5616; x_wconf 80' lang='lat' dir='ltr'><strong>vita</strong></span> 
     </span>
    </p>
   </div>
   <div class='ocr_carea' id='block_1_113' title="bbox 458 5615 2051 5671">
    <p class='ocr_par' dir='ltr' id='par_1_113' title="bbox 458 5615 2051 5671">
     <span class='ocr_line' id='line_1_114' title="bbox 458 5615 2051 5671; baseline 0 -2"><span class='ocrx_word' id='word_1_791' title='bbox 458 5621 524 5669; x_wconf 88' lang='lat' dir='ltr'><strong>ad</strong></span> <span class='ocrx_word' id='word_1_792' title='bbox 558 5615 940 5669; x_wconf 87' lang='lat' dir='ltr'><strong>humanitatem</strong></span> <span class='ocrx_word' id='word_1_793' title='bbox 969 5616 1343 5671; x_wconf 84' lang='lat' dir='ltr'><strong>excolerentur</strong></span> <span class='ocrx_word' id='word_1_794' title='bbox 1363 5615 1416 5670; x_wconf 86' lang='lat' dir='ltr'><strong>et</strong></span> <span class='ocrx_word' id='word_1_795' title='bbox 1437 5616 1880 5670; x_wconf 88' lang='lat' dir='ltr'><strong>traducerentur:</strong></span> <span class='ocrx_word' id='word_1_796' title='bbox 1909 5615 2051 5669; x_wconf 86' lang='lat' dir='ltr'><strong>unde</strong></span> 
     </span>
    </p>
   </div>
   <div class='ocr_carea' id='block_1_114' title="bbox 460 5683 2051 5758">
    <p class='ocr_par' dir='ltr' id='par_1_114' title="bbox 460 5683 2051 5758">
     <span class='ocr_line' id='line_1_115' title="bbox 460 5683 2051 5758; baseline 0 -17"><span class='ocrx_word' id='word_1_797' title='bbox 460 5686 607 5741; x_wconf 79' lang='lat' dir='ltr'><strong>initia</strong></span> <span class='ocrx_word' id='word_1_798' title='bbox 640 5686 925 5756; x_wconf 63' lang='lat' dir='ltr'><strong>appellata.</strong></span> <span class='ocrx_word' id='word_1_799' title='bbox 967 5683 1088 5738; x_wconf 79' lang='lat' dir='ltr'><strong>Vid.</strong></span> <span class='ocrx_word' id='word_1_800' title='bbox 1120 5686 1232 5740; x_wconf 82' lang='lat' dir='ltr'><strong>Cic.</strong></span> <span class='ocrx_word' id='word_1_801' title='bbox 1267 5687 1334 5758; x_wconf 87' lang='lat' dir='ltr'><strong>de</strong></span> <span class='ocrx_word' id='word_1_802' title='bbox 1364 5686 1526 5758; x_wconf 82' lang='lat' dir='ltr'><strong>Legg.</strong></span> <span class='ocrx_word' id='word_1_803' title='bbox 1561 5700 1619 5747; x_wconf 86' lang='lat' dir='ltr'><strong>ll,</strong></span> <span class='ocrx_word' id='word_1_804' title='bbox 1651 5698 1770 5757; x_wconf 85' lang='lat' dir='ltr'><strong>cap.</strong></span> <span class='ocrx_word' id='word_1_805' title='bbox 1805 5684 1895 5758; x_wconf 71' lang='lat' dir='ltr'><strong>ll.</strong></span> <span class='ocrx_word' id='word_1_806' title='bbox 1925 5686 2051 5741; x_wconf 69' lang='lat' dir='ltr'><strong>Haec</strong></span> 
     </span>
    </p>
   </div>
   <div class='ocr_carea' id='block_1_115' title="bbox 460 5755 2053 5829">
    <p class='ocr_par' dir='ltr' id='par_1_115' title="bbox 460 5755 2053 5829">
     <span class='ocr_line' id='line_1_116' title="bbox 460 5755 2053 5829; baseline 0 -16"><span class='ocrx_word' id='word_1_807' title='bbox 460 5762 544 5813; x_wconf 89' lang='lat' dir='ltr'><strong>est</strong></span> <span class='ocrx_word' id='word_1_808' title='bbox 583 5755 869 5816; x_wconf 75' lang='lat' dir='ltr'><strong>NatiOnmu</strong></span> <span class='ocrx_word' id='word_1_809' title='bbox 910 5758 1245 5829; x_wconf 75' lang='grc' dir='ltr'><strong>παλιγενεσια.</strong></span> <span class='ocrx_word' id='word_1_810' title='bbox 1280 5755 1348 5812; x_wconf 85' lang='grc' dir='ltr'>Αι</span> <span class='ocrx_word' id='word_1_811' title='bbox 1392 5755 1688 5827; x_wconf 74' lang='lat' dir='ltr'><strong>baptismus</strong></span> <span class='ocrx_word' id='word_1_812' title='bbox 1722 5755 2053 5829; x_wconf 82' lang='lat' dir='ltr'><strong>appellatur,</strong></span> 
     </span>
    </p>
   </div>
   <div class='ocr_carea' id='block_1_116' title="bbox 2157 4534 3753 4612">
    <p class='ocr_par' dir='ltr' id='par_1_116' title="bbox 2157 4534 3753 4612">
     <span class='ocr_line' id='line_1_117' title="bbox 2157 4534 3753 4612; baseline -0.002 -16"><span class='ocrx_word' id='word_1_813' title='bbox 2157 4540 2418 4597; x_wconf 87' lang='lat' dir='ltr'><strong>Nonrrius</strong></span> <span class='ocrx_word' id='word_1_814' title='bbox 2450 4551 2660 4612; x_wconf 83' lang='lat' dir='ltr'><strong>putans,</strong></span> <span class='ocrx_word' id='word_1_815' title='bbox 2687 4541 2981 4597; x_wconf 85' lang='lat' dir='ltr'><strong>Arnobium</strong></span> <span class='ocrx_word' id='word_1_816' title='bbox 3004 4540 3330 4611; x_wconf 87' lang='lat' dir='ltr'><strong>generaliter</strong></span> <span class='ocrx_word' id='word_1_817' title='bbox 3354 4538 3406 4592; x_wconf 92' lang='lat' dir='ltr'><strong>h.</strong></span> <span class='ocrx_word' id='word_1_818' title='bbox 3436 4537 3473 4591; x_wconf 86' lang='grc' dir='ltr'><strong>Ι.</strong></span> <span class='ocrx_word' id='word_1_819' title='bbox 3503 4535 3573 4590; x_wconf 92' lang='lat' dir='ltr'><strong>de</strong></span> <span class='ocrx_word' id='word_1_820' title='bbox 3598 4534 3753 4612; x_wconf 82' lang='lat' dir='ltr'><strong>felici</strong></span> 
     </span>
    </p>
   </div>
   <div class='ocr_carea' id='block_1_117' title="bbox 2158 4610 3753 4680">
    <p class='ocr_par' dir='ltr' id='par_1_117' title="bbox 2158 4610 3753 4680">
     <span class='ocr_line' id='line_1_118' title="bbox 2158 4610 3753 4680; baseline -0.002 -13"><span class='ocrx_word' id='word_1_821' title='bbox 2158 4613 2352 4668; x_wconf 67' lang='lat' dir='ltr'><strong>animae</strong></span> <span class='ocrx_word' id='word_1_822' title='bbox 2397 4610 2595 4669; x_wconf 77' lang='lat' dir='ltr'><strong>nostra:</strong></span> <span class='ocrx_word' id='word_1_823' title='bbox 2648 4613 3050 4667; x_wconf 88' lang='lat' dir='ltr'><strong>immortalitate</strong></span> <span class='ocrx_word' id='word_1_824' title='bbox 3093 4612 3396 4680; x_wconf 87' lang='lat' dir='ltr'><strong>disputare;</strong></span> <span class='ocrx_word' id='word_1_825' title='bbox 3430 4622 3613 4680; x_wconf 83' lang='lat' dir='ltr'><strong>quam,</strong></span> <span class='ocrx_word' id='word_1_826' title='bbox 3646 4610 3753 4664; x_wconf 88' lang='lat' dir='ltr'><strong>nisi</strong></span> 
     </span>
    </p>
   </div>
   <div class='ocr_carea' id='block_1_118' title="bbox 2157 4679 3749 4753">
    <p class='ocr_par' dir='ltr' id='par_1_118' title="bbox 2157 4679 3749 4753">
     <span class='ocr_line' id='line_1_119' title="bbox 2157 4679 3749 4753; baseline -0.003 -15"><span class='ocrx_word' id='word_1_827' title='bbox 2157 4685 2340 4753; x_wconf 84' lang='lat' dir='ltr'><strong>agnito</strong></span> <span class='ocrx_word' id='word_1_828' title='bbox 2392 4702 2523 4740; x_wconf 91' lang='lat' dir='ltr'><strong>vero</strong></span> <span class='ocrx_word' id='word_1_829' title='bbox 2578 4687 2689 4741; x_wconf 88' lang='lat' dir='ltr'><strong>Deo</strong></span> <span class='ocrx_word' id='word_1_830' title='bbox 2717 4694 2767 4741; x_wconf 88' lang='lat' dir='ltr'><strong>et</strong></span> <span class='ocrx_word' id='word_1_831' title='bbox 2800 4696 3006 4738; x_wconf 90' lang='lat' dir='ltr'><strong>morum</strong></span> <span class='ocrx_word' id='word_1_832' title='bbox 3036 4679 3429 4737; x_wconf 88' lang='lat' dir='ltr'><strong>inhumanitate</strong></span> <span class='ocrx_word' id='word_1_833' title='bbox 3477 4679 3749 4753; x_wconf 74' lang='lat' dir='ltr'><strong>deposita,</strong></span> 
     </span>
    </p>
   </div>
   <div class='ocr_carea' id='block_1_119' title="bbox 2158 4750 3755 4827">
    <p class='ocr_par' dir='ltr' id='par_1_119' title="bbox 2158 4750 3755 4827">
     <span class='ocr_line' id='line_1_120' title="bbox 2158 4750 3755 4827; baseline -0.004 -16"><span class='ocrx_word' id='word_1_834' title='bbox 2158 4750 2414 4826; x_wconf 77' lang='lat' dir='ltr'><strong>consequi</strong></span> <span class='ocrx_word' id='word_1_835' title='bbox 2442 4773 2547 4811; x_wconf 88' lang='lat' dir='ltr'><strong>non</strong></span> <span class='ocrx_word' id='word_1_836' title='bbox 2578 4757 2862 4827; x_wconf 83' lang='lat' dir='ltr'><strong>possimus.</strong></span> <span class='ocrx_word' id='word_1_837' title='bbox 2894 4754 3002 4810; x_wconf 88' lang='lat' dir='ltr'><strong>Sed</strong></span> <span class='ocrx_word' id='word_1_838' title='bbox 3034 4757 3193 4809; x_wconf 88' lang='lat' dir='ltr'><strong>verba</strong></span> <span class='ocrx_word' id='word_1_839' title='bbox 3222 4754 3354 4827; x_wconf 81' lang='lat' dir='ltr'><strong>illud</strong></span> <span class='ocrx_word' id='word_1_840' title='bbox 3379 4751 3517 4827; x_wconf 71' lang='lat' dir='ltr'><strong>quod</strong></span> <span class='ocrx_word' id='word_1_841' title='bbox 3545 4750 3755 4827; x_wconf 73' lang='lat' dir='ltr'><strong>dabitur</strong></span> 
     </span>
    </p>
   </div>
   <div class='ocr_carea' id='block_1_120' title="bbox 2160 4824 3753 4904">
    <p class='ocr_par' dir='ltr' id='par_1_120' title="bbox 2160 4824 3753 4904">
     <span class='ocr_line' id='line_1_121' title="bbox 2160 4824 3753 4904; baseline -0.003 -23"><span class='ocrx_word' id='word_1_842' title='bbox 2160 4827 2289 4904; x_wconf 82' lang='lat' dir='ltr'><strong>mihi</strong></span> <span class='ocrx_word' id='word_1_843' title='bbox 2328 4824 2596 4904; x_wconf 76' lang='lat' dir='ltr'><strong>singulare</strong></span> <span class='ocrx_word' id='word_1_844' title='bbox 2630 4827 2898 4895; x_wconf 83' lang='lat' dir='ltr'><strong>quoddam</strong></span> <span class='ocrx_word' id='word_1_845' title='bbox 2927 4824 3367 4904; x_wconf 56' lang='lat' dir='ltr'><strong>etpoernpubdr;</strong></span> <span class='ocrx_word' id='word_1_846' title='bbox 3397 4824 3645 4904; x_wconf 84' lang='lat' dir='ltr'><strong>Intl_i_care_</strong></span> <span class='ocrx_word' id='word_1_847' title='bbox 3666 4825 3753 4904; x_wconf 67' lang='lat' dir='ltr'><strong>yi-</strong></span> 
     </span>
    </p>
   </div>
   <div class='ocr_carea' id='block_1_121' title="bbox 2160 4894 3753 4972">
    <p class='ocr_par' dir='ltr' id='par_1_121' title="bbox 2160 4894 3753 4972">
     <span class='ocr_line' id='line_1_122' title="bbox 2160 4894 3753 4972; baseline -0.002 -20"><span class='ocrx_word' id='word_1_848' title='bbox 2160 4898 2375 4964; x_wconf 89' lang='lat' dir='ltr'><strong>dentur,</strong></span> <span class='ocrx_word' id='word_1_849' title='bbox 2407 4894 2552 4972; x_wconf 80' lang='lat' dir='ltr'><strong>quod</strong></span> <span class='ocrx_word' id='word_1_850' title='bbox 2580 4894 2756 4972; x_wconf 86' lang='lat' dir='ltr'><strong>autem</strong></span> <span class='ocrx_word' id='word_1_851' title='bbox 2786 4914 2891 4953; x_wconf 90' lang='lat' dir='ltr'><strong>non</strong></span> <span class='ocrx_word' id='word_1_852' title='bbox 2932 4894 3361 4972; x_wconf 30' lang='lat' dir='ltr'><strong>reiiignor&#39;antia,</strong></span> <span class='ocrx_word' id='word_1_853' title='bbox 3396 4906 3453 4972; x_wconf 83' lang='lat' dir='ltr'><strong>ut</strong></span> <span class='ocrx_word' id='word_1_854' title='bbox 3488 4894 3753 4972; x_wconf 76' lang='lat' dir='ltr'><strong>lleraldus</strong></span> 
     </span>
    </p>
   </div>
   <div class='ocr_carea' id='block_1_122' title="bbox 2159 4966 3755 5042">
    <p class='ocr_par' dir='ltr' id='par_1_122' title="bbox 2159 4966 3755 5042">
     <span class='ocr_line' id='line_1_123' title="bbox 2159 4966 3755 5042; baseline -0.003 -18"><span class='ocrx_word' id='word_1_855' title='bbox 2159 4980 2329 5040; x_wconf 87' lang='lat' dir='ltr'><strong>putat,</strong></span> <span class='ocrx_word' id='word_1_856' title='bbox 2378 4966 2472 5027; x_wconf 81' lang='lat' dir='ltr'><strong>sed</strong></span> <span class='ocrx_word' id='word_1_857' title='bbox 2513 4971 2761 5026; x_wconf 71' lang='lat' dir='ltr'><strong>consulto</strong></span> <span class='ocrx_word' id='word_1_858' title='bbox 2801 4980 2857 5025; x_wconf 91' lang='lat' dir='ltr'><strong>et</strong></span> <span class='ocrx_word' id='word_1_859' title='bbox 2892 4966 3185 5042; x_wconf 77' lang='lat' dir='ltr'><strong>prudenter</strong></span> <span class='ocrx_word' id='word_1_860' title='bbox 3226 4967 3508 5042; x_wconf 74' lang='lat' dir='ltr'><strong>reticuisse</strong></span> <span class='ocrx_word' id='word_1_861' title='bbox 3539 4966 3755 5042; x_wconf 77' lang='lat' dir='ltr'><strong>videtur</strong></span> 
     </span>
    </p>
   </div>
   <div class='ocr_carea' id='block_1_123' title="bbox 2158 5037 3750 5108">
    <p class='ocr_par' dir='ltr' id='par_1_123' title="bbox 2158 5037 3750 5108">
     <span class='ocr_line' id='line_1_124' title="bbox 2158 5037 3750 5108; baseline -0.004 -12"><span class='ocrx_word' id='word_1_862' title='bbox 2158 5037 2449 5108; x_wconf 63' lang='lat' dir='ltr'><strong>Arnobius,</strong></span> <span class='ocrx_word' id='word_1_863' title='bbox 2485 5060 2552 5099; x_wconf 91' lang='lat' dir='ltr'><strong>ne</strong></span> <span class='ocrx_word' id='word_1_864' title='bbox 2582 5044 2699 5097; x_wconf 82' lang='lat' dir='ltr'><strong>scil.</strong></span> <span class='ocrx_word' id='word_1_865' title='bbox 2732 5037 2982 5098; x_wconf 79' lang='lat' dir='ltr'><strong>Gentium</strong></span> <span class='ocrx_word' id='word_1_866' title='bbox 3030 5043 3150 5094; x_wconf 89' lang='lat' dir='ltr'><strong>talia</strong></span> <span class='ocrx_word' id='word_1_867' title='bbox 3183 5056 3288 5095; x_wconf 88' lang='lat' dir='ltr'><strong>non</strong></span> <span class='ocrx_word' id='word_1_868' title='bbox 3332 5037 3750 5108; x_wconf 86' lang='lat' dir='ltr'><strong>intelligentiutn</strong></span> 
     </span>
    </p>
   </div>
   <div class='ocr_carea' id='block_1_124' title="bbox 2153 5109 3753 5182">
    <p class='ocr_par' dir='ltr' id='par_1_124' title="bbox 2153 5109 3753 5182">
     <span class='ocr_line' id='line_1_125' title="bbox 2153 5109 3753 5182; baseline -0.003 -15"><span class='ocrx_word' id='word_1_869' title='bbox 2153 5114 2364 5171; x_wconf 90' lang='lat' dir='ltr'><strong>animos</strong></span> <span class='ocrx_word' id='word_1_870' title='bbox 2393 5113 2711 5171; x_wconf 75' lang='lat' dir='ltr'><strong>offenderet.</strong></span> <span class='ocrx_word' id='word_1_871' title='bbox 2741 5115 2941 5182; x_wconf 85' lang='lat' dir='ltr'><strong>Quare,</strong></span> <span class='ocrx_word' id='word_1_872' title='bbox 2973 5112 3074 5167; x_wconf 87' lang='lat' dir='ltr'><strong>hoc</strong></span> <span class='ocrx_word' id='word_1_873' title='bbox 3102 5126 3209 5167; x_wconf 91' lang='lat' dir='ltr'><strong>uno</strong></span> <span class='ocrx_word' id='word_1_874' title='bbox 3232 5120 3482 5181; x_wconf 82' lang='lat' dir='ltr'><strong>excepto,</strong></span> <span class='ocrx_word' id='word_1_875' title='bbox 3517 5109 3753 5163; x_wconf 84' lang='lat' dir='ltr'><strong>ileraldo</strong></span> 
     </span>
    </p>
   </div>
   <div class='ocr_carea' id='block_1_125' title="bbox 2151 5187 2436 5242">
    <p class='ocr_par' dir='ltr' id='par_1_125' title="bbox 2151 5187 2436 5242">
     <span class='ocr_line' id='line_1_126' title="bbox 2151 5187 2436 5242; baseline 0.007 -2"><span class='ocrx_word' id='word_1_876' title='bbox 2151 5187 2436 5242; x_wconf 85' lang='lat' dir='ltr'><strong>assentior.</strong></span> 
     </span>
    </p>
   </div>
   <div class='ocr_carea' id='block_1_126' title="bbox 2228 5252 3752 5315">
    <p class='ocr_par' dir='ltr' id='par_1_126' title="bbox 2228 5252 3752 5315">
     <span class='ocr_line' id='line_1_127' title="bbox 2228 5252 3752 5315; baseline -0.003 -4"><span class='ocrx_word' id='word_1_877' title='bbox 2228 5262 2296 5313; x_wconf 86' lang='lat' dir='ltr'><strong>At</strong></span> <span class='ocrx_word' id='word_1_878' title='bbox 2320 5274 2451 5315; x_wconf 89' lang='lat' dir='ltr'><strong>vero</strong></span> <span class='ocrx_word' id='word_1_879' title='bbox 2480 5260 2672 5314; x_wconf 88' lang='lat' dir='ltr'><strong>iterata</strong></span> <span class='ocrx_word' id='word_1_880' title='bbox 2717 5258 2909 5313; x_wconf 90' lang='lat' dir='ltr'><strong>borum</strong></span> <span class='ocrx_word' id='word_1_881' title='bbox 2941 5256 3230 5311; x_wconf 90' lang='lat' dir='ltr'><strong>verborum</strong></span> <span class='ocrx_word' id='word_1_882' title='bbox 3260 5253 3494 5310; x_wconf 88' lang='lat' dir='ltr'><strong>lectione</strong></span> <span class='ocrx_word' id='word_1_883' title='bbox 3523 5252 3752 5307; x_wconf 86' lang='lat' dir='ltr'><strong>meliora</strong></span> 
     </span>
    </p>
   </div>
   <div class='ocr_carea' id='block_1_127' title="bbox 2151 5322 3752 5400">
    <p class='ocr_par' dir='ltr' id='par_1_127' title="bbox 2151 5322 3752 5400">
     <span class='ocr_line' id='line_1_128' title="bbox 2151 5322 3752 5400; baseline -0.004 -17"><span class='ocrx_word' id='word_1_884' title='bbox 2151 5328 2398 5397; x_wconf 81' lang='lat' dir='ltr'><strong>edoctus,</strong></span> <span class='ocrx_word' id='word_1_885' title='bbox 2433 5342 2575 5385; x_wconf 88' lang='lat' dir='ltr'><strong>totus</strong></span> <span class='ocrx_word' id='word_1_886' title='bbox 2597 5331 2706 5400; x_wconf 86' lang='lat' dir='ltr'><strong>jam</strong></span> <span class='ocrx_word' id='word_1_887' title='bbox 2730 5327 2933 5385; x_wconf 84' lang='lat' dir='ltr'><strong>accedo</strong></span> <span class='ocrx_word' id='word_1_888' title='bbox 2961 5327 3026 5381; x_wconf 91' lang='lat' dir='ltr'><strong>ad</strong></span> <span class='ocrx_word' id='word_1_889' title='bbox 3051 5326 3353 5383; x_wconf 85' lang='lat' dir='ltr'><strong>doctissimi</strong></span> <span class='ocrx_word' id='word_1_890' title='bbox 3381 5322 3601 5400; x_wconf 77' lang='lat' dir='ltr'><strong>Nourrii</strong></span> <span class='ocrx_word' id='word_1_891' title='bbox 3624 5340 3752 5377; x_wconf 87' lang='lat' dir='ltr'><strong>sen-</strong></span> 
     </span>
    </p>
   </div>
   <div class='ocr_carea' id='block_1_128' title="bbox 2154 5396 3752 5473">
    <p class='ocr_par' dir='ltr' id='par_1_128' title="bbox 2154 5396 3752 5473">
     <span class='ocr_line' id='line_1_129' title="bbox 2154 5396 3752 5473; baseline -0.003 -19"><span class='ocrx_word' id='word_1_892' title='bbox 2154 5396 2397 5457; x_wconf 83' lang='lat' dir='ltr'><strong>tentiam.</strong></span> <span class='ocrx_word' id='word_1_893' title='bbox 2432 5401 2577 5456; x_wconf 84' lang='lat' dir='ltr'><strong>Illud</strong></span> <span class='ocrx_word' id='word_1_894' title='bbox 2598 5396 2743 5473; x_wconf 61' lang='lat' dir='ltr'><strong>&#39;quod</strong></span> <span class='ocrx_word' id='word_1_895' title='bbox 2772 5400 2976 5455; x_wconf 83' lang='lat' dir='ltr'><strong>dabitur</strong></span> <span class='ocrx_word' id='word_1_896' title='bbox 3000 5406 3083 5473; x_wconf 84' lang='lat' dir='ltr'><strong>est</strong></span> <span class='ocrx_word' id='word_1_897' title='bbox 3111 5401 3217 5453; x_wconf 88' lang='lat' dir='ltr'><strong>vita</strong></span> <span class='ocrx_word' id='word_1_898' title='bbox 3243 5404 3465 5457; x_wconf 84' lang='lat' dir='ltr'><strong>a-terna,</strong></span> <span class='ocrx_word' id='word_1_899' title='bbox 3495 5396 3561 5449; x_wconf 87' lang='lat' dir='ltr'><strong>ad</strong></span> <span class='ocrx_word' id='word_1_900' title='bbox 3591 5410 3752 5473; x_wconf 72' lang='lat' dir='ltr'><strong>quam</strong></span> 
     </span>
    </p>
   </div>
   <div class='ocr_carea' id='block_1_129' title="bbox 2154 5465 3753 5543">
    <p class='ocr_par' dir='ltr' id='par_1_129' title="bbox 2154 5465 3753 5543">
     <span class='ocr_line' id='line_1_130' title="bbox 2154 5465 3753 5543; baseline -0.001 -20"><span class='ocrx_word' id='word_1_901' title='bbox 2154 5472 2350 5526; x_wconf 70' lang='lat' dir='ltr'><strong>anima:</strong></span> <span class='ocrx_word' id='word_1_902' title='bbox 2380 5488 2502 5528; x_wconf 89' lang='lat' dir='ltr'><strong>esse</strong></span> <span class='ocrx_word' id='word_1_903' title='bbox 2528 5465 2729 5527; x_wconf 81' lang='lat' dir='ltr'><strong>debent</strong></span> <span class='ocrx_word' id='word_1_904' title='bbox 2756 5481 2982 5543; x_wconf 78' lang='lat' dir='ltr'><strong>pnratte,</strong></span> <span class='ocrx_word' id='word_1_905' title='bbox 3015 5471 3065 5525; x_wconf 89' lang='lat' dir='ltr'><strong>id</strong></span> <span class='ocrx_word' id='word_1_906' title='bbox 3091 5480 3173 5543; x_wconf 86' lang='lat' dir='ltr'><strong>est</strong></span> <span class='ocrx_word' id='word_1_907' title='bbox 3201 5465 3753 5543; x_wconf 62' lang='lat' dir='ltr'><strong>prmparqtm,_dign:e</strong></span> 
     </span>
    </p>
   </div>
   <div class='ocr_carea' id='block_1_130' title="bbox 2154 5538 3754 5614">
    <p class='ocr_par' dir='ltr' id='par_1_130' title="bbox 2154 5538 3754 5614">
     <span class='ocr_line' id='line_1_131' title="bbox 2154 5538 3754 5614; baseline -0.001 -18"><span class='ocrx_word' id='word_1_908' title='bbox 2154 5544 2379 5614; x_wconf 74' lang='lat' dir='ltr'><strong>redditm</strong></span> <span class='ocrx_word' id='word_1_909' title='bbox 2406 5560 2528 5614; x_wconf 66' lang='lat' dir='ltr'><strong>qua:</strong></span> <span class='ocrx_word' id='word_1_910' title='bbox 2578 5538 2846 5613; x_wconf 75' lang='lat' dir='ltr'><strong>accipiant</strong></span> <span class='ocrx_word' id='word_1_911' title='bbox 2874 5545 3070 5597; x_wconf 84' lang='lat' dir='ltr'><strong>virtute</strong></span> <span class='ocrx_word' id='word_1_912' title='bbox 3102 5538 3391 5598; x_wconf 29' lang='lat' dir='ltr'><strong>scilicet‘et</strong></span> <span class='ocrx_word' id='word_1_913' title='bbox 3436 5538 3594 5593; x_wconf 89' lang='lat' dir='ltr'><strong>bonis</strong></span> <span class='ocrx_word' id='word_1_914' title='bbox 3624 5554 3754 5611; x_wconf 69' lang='lat' dir='ltr'><strong>ope~</strong></span> 
     </span>
    </p>
   </div>
   <div class='ocr_carea' id='block_1_131' title="bbox 2153 5612 2550 5671">
    <p class='ocr_par' dir='ltr' id='par_1_131' title="bbox 2153 5612 2550 5671">
     <span class='ocr_line' id='line_1_132' title="bbox 2153 5612 2550 5671; baseline 0.008 -3"><span class='ocrx_word' id='word_1_915' title='bbox 2153 5612 2321 5668; x_wconf 78' lang='lat' dir='ltr'><strong>rillus.</strong></span> <span class='ocrx_word' id='word_1_916' title='bbox 2347 5612 2550 5671; x_wconf 71' lang='lat' dir='ltr'><strong>Olli-21.1..</strong></span> 
     </span>
    </p>
   </div>
   <div class='ocr_carea' id='block_1_132' title="bbox 2231 5681 3752 5758">
    <p class='ocr_par' dir='ltr' id='par_1_132' title="bbox 2231 5681 3752 5758">
     <span class='ocr_line' id='line_1_133' title="bbox 2231 5681 3752 5758; baseline 0 -20"><span class='ocrx_word' id='word_1_917' title='bbox 2231 5684 2532 5742; x_wconf 73' lang='lat' dir='ltr'><strong>Dedidimus</strong></span> <span class='ocrx_word' id='word_1_918' title='bbox 2576 5695 2625 5742; x_wconf 87' lang='lat' dir='ltr'><strong>et</strong></span> <span class='ocrx_word' id='word_1_919' title='bbox 2679 5686 3100 5758; x_wconf 79' lang='lat' dir='ltr'><strong>mancipavimtts.</strong></span> <span class='ocrx_word' id='word_1_920' title='bbox 3145 5684 3305 5741; x_wconf 82' lang='lat' dir='ltr'><strong>Fulv.</strong></span> <span class='ocrx_word' id='word_1_921' title='bbox 3340 5683 3525 5742; x_wconf 83' lang='lat' dir='ltr'><strong>Ursin-</strong></span> <span class='ocrx_word' id='word_1_922' title='bbox 3558 5681 3752 5738; x_wconf 77' lang='lat' dir='ltr'><strong>manci-</strong></span> 
     </span>
    </p>
   </div>
   <div class='ocr_carea' id='block_1_133' title="bbox 2154 5758 2784 5832">
    <p class='ocr_par' dir='ltr' id='par_1_133' title="bbox 2154 5758 2784 5832">
     <span class='ocr_line' id='line_1_134' title="bbox 2154 5758 2784 5832; baseline -0.003 -18"><span class='ocrx_word' id='word_1_923' title='bbox 2154 5774 2359 5832; x_wconf 75' lang='lat' dir='ltr'><strong>pamur,</strong></span> <span class='ocrx_word' id='word_1_924' title='bbox 2392 5758 2549 5816; x_wconf 86' lang='lat' dir='ltr'><strong>male.</strong></span> <span class='ocrx_word' id='word_1_925' title='bbox 2581 5758 2784 5817; x_wconf 77' lang='grc' dir='ltr'>Οιιειι..</span> 
     </span>
    </p>
   </div>
  </div>
