3974 6068
151 95 305 160 865
341 129 344 133 ι

1543 109 1750 169 LIBER
1789 109 2167 170 SECUNDUS.

3394 127 3500 186 866

163 215 396 271 donum
431 216 524 274 Dei
567 225 617 284 ³,
663 226 812 275 certe
856 220 1102 291 prolatis,
1154 233 1209 280 et
1234 227 1442 282 animas
1489 226 1591 284 hoc
1632 238 1789 299 pacto
1815 228 1868 290 A
1896 228 2232 283 inocciduam
2261 226 2421 283 vitam
2449 227 2729 301 principali
2759 229 3138 292 benevolentia
3180 243 3490 312 surrogari?

153 307 498 379 dignabitur
527 311 934 370 immortalitate
959 315 1183 382 donare,
1229 320 1474 388 quamvis
1516 336 1610 375 eas
1639 337 1789 376 mors

155 416 333 458 smva
369 419 527 474 posse
571 405 820 462 videatur
858 410 1197 480 extinguere,
1255 421 1309 468 et
1337 412 1403 467 ad
1433 414 1658 468 nihilum
1701 430 1789 470 re-

159 495 380 553 dactas
409 498 741 555 irremeabili
790 501 1087 559 abolitione
1129 504 1334 560 delere.
1371 505 1525 561 Plato
1565 507 1656 562 ille
1699 508 1784 562 di-

151 587 344 644 vinus
373 591 536 646 multa
578 590 646 646 de
674 592 798 648 Deo.
827 592 986 664 digna
1012 637 1026 662 ,
1078 612 1179 652 nec
1209 597 1516 652 communia
1547 599 1809 662 sentiens

148 685 540 750 nlultitudini,
574 686 625 740 in
655 701 722 742 eo
753 703 1008 744 sermone
1049 705 1114 745 ac
1143 691 1308 757 libro,
1347 691 1433 746 cui
1462 707 1659 746 nomen
1692 691 1785 746 Ti-

165 794 365 834 maeus
391 779 727 847 inscribitur,
767 781 906 837 Deos
939 782 1072 837 dicit
1113 795 1166 839 et
1213 785 1476 839 mundum
1523 785 1792 854 corrupti-

172 868 341 924 bilib
371 885 492 926 esse
522 881 734 938 natura,
782 888 956 944 neque
998 890 1120 930 esse
1165 875 1386 930 omnino
1417 876 1790 931 dissolutionis

163 971 442 1032 expertes
474 981 488 1018 :
517 963 611 1018 sed
643 965 919 1021 voluntate
953 966 1044 1022 Dei
1075 967 1217 1039 regis
1246 983 1310 1023 ac
1337 968 1598 1040 principis
1638 969 1788 1023 vinc-

156 1054 332 1112 tione
381 1057 434 1112 in
487 1068 745 1129 perpetua
792 1061 1079 1117 contineri.
1130 1063 1285 1129 Quod
1330 1065 1473 1118 enim
1525 1075 1673 1120 recte
1716 1065 1789 1120 sit

159 1149 448 1218 vinctum,
478 1161 534 1207 et
555 1151 712 1207 nodis
743 1153 1154 1222 perl‘ectissimis
1181 1157 1516 1227 colligatum,
1562 1158 1657 1212 Dei
1687 1157 1785 1212 bo-

159 1242 354 1298 nitate
394 1247 598 1300 servari
637 1263 650 1299 :
686 1263 860 1318 neque
906 1248 1015 1302 ullo
1059 1248 1128 1304 ab
1151 1249 1280 1317 alio,
1325 1249 1426 1303 nisi
1470 1248 1538 1302 ab
1584 1264 1650 1303 eo
1692 1249 1784 1319 qui

159 1335 354 1390 vinxit
379 1346 434 1392 et
458 1337 704 1406 dissolvi,
735 1340 782 1394 si
812 1356 900 1396 res
931 1352 1138 1411 poscat,
1174 1350 1230 1396 et
1259 1342 1478 1396 salutari
1508 1342 1784 1398 vinctione

154 1427 396 1485 donari.
429 1430 572 1502 Ergo
607 1431 653 1486 si
701 1448 788 1488 res
838 1442 922 1488 est
965 1434 1058 1499 ita,
1093 1450 1193 1490 nec
1239 1435 1384 1489 aliud
1415 1437 1668 1490 convenit
1698 1435 1782 1490 vel

157 1520 501 1579 existimare
530 1524 614 1578 vel
641 1525 886 1593 credere,
916 1527 1042 1596 quid
1072 1529 1283 1583 animas
1301 1528 1642 1582 admiramini
1667 1544 1779 1582 me-

1898 323 1952 378 Si
1985 324 2126 377 enim
2162 321 2300 377 forte
2346 323 2600 387 nescitis,
2653 335 2707 380 et
2750 335 2908 395 antea
2956 331 3109 385 vobis
3157 333 3488 402 incognitum

1897 421 2115 481 propter
2153 411 2229 467 rei
2259 414 2556 469 novitatem
2585 412 2703 483 fuit,
2753 418 2984 488 accipite
3021 435 3171 484 sero,
3214 435 3270 479 et
3302 425 3500 484 discite

1892 505 1962 560 ab
1985 520 2069 570 eo,
2101 507 2190 576 qui
2222 509 2390 570 novit,
2419 519 2472 563 et
2503 509 2726 578 protulit
2749 510 2805 565 in
2840 511 3075 569 medium
3103 513 3323 572 Christo
3345 561 3362 587 ,
3389 536 3498 578 non

1893 611 2012 652 esse
2038 597 2242 653 animas
2271 599 2413 670 regis
2444 601 2660 655 maximi
2686 601 2845 668 ﬁlias,
2878 620 2981 660 nee
3005 607 3075 660 ab
3101 623 3189 676 eo,
3221 614 3488 680 queiuad-

1899 691 2118 744 modum
2146 690 2363 760 dicitur,
2391 702 2673 762 generatas
2703 697 2934 764 cmpisse
2953 712 3013 754 se
3039 714 3222 766 nosse,
3245 711 3408 773 atque
3437 705 3494 761 in

1898 784 1978 836 sui
2012 783 2243 838 nominis
2273 787 2506 841 essentia
2541 787 2853 856 praedicari,
2901 791 2997 846 sed
3027 792 3256 849 alterum
3305 814 3498 867 quent-

1900 873 2038 942 piam
2070 875 2369 944 genitorem
2394 876 2477 930 his
2509 892 2630 932 esse
2652 919 2668 943 ,
2701 877 2973 949 dignitatis
2999 893 3054 938 et
3079 887 3336 955 potentiae
3373 905 3500 960 gra-

1895 964 2052 1020 dibus
2080 967 2212 1020 satis
2244 967 2489 1036 plurimis
2519 969 2587 1023 ab
2629 968 2960 1040 lmperatore
2988 975 3352 1046 disjunctum:
3380 972 3502 1054 ejus

1897 1066 2073 1113 tamen
2117 1075 2184 1114 ex
2228 1061 2349 1115 aula
2389 1072 2445 1117 et
2489 1062 2844 1132 eminentium
2877 1067 3119 1124 nobilem
3167 1073 3500 1132 sublimitate

1892 1154 2170 1208 natalium.
2880 1209 2887 1218 ,

1962 1247 2225 1303 XXXVII.
2258 1249 2412 1316 Quod
2444 1251 2490 1306 si
2516 1261 2720 1318 essent.
2755 1263 2812 1308 ut
2861 1253 3003 1310 fama
3049 1266 3155 1323 est,
3199 1258 3487 1318 dominica:

1890 1344 2078 1410 prolis,
2110 1352 2166 1398 et
2204 1345 2484 1412 potestatis
2513 1345 2707 1400 auimte
2733 1349 3016 1418 generatio
3049 1352 3380 1420 principalis,
3411 1355 3495 1410 ni-

1890 1436 1962 1490 hil
1995 1437 2074 1492 eis
2117 1437 2186 1491 ad
2237 1437 2620 1507 perfectionem
2648 1439 2913 1497 defuisset
2960 1443 3158 1500 virtute
3209 1445 3490 1516 perfectis-

1887 1528 2025 1583 sima
2077 1531 2412 1596 procreatis:
2445 1547 2606 1586 unum
2652 1547 2844 1588 omnes
2893 1533 3226 1592 intellectum
3275 1538 3495 1596 habuis-

154 1612 286 1668 (ιιω
313 1615 420 1669 dici
453 1616 724 1685 qualitatis
751 1634 779 1670 a
814 1616 971 1673 nobis
998 1637 1009 1672 :
1041 1635 1164 1674 cum
1195 1621 1507 1676 numinibus
1538 1621 1666 1690 ipsis
1693 1621 1779 1676 di-
1811 1599 1859 1659 B
1885 1629 2030 1687 sent,
2081 1635 2358 1692 unumque
2402 1637 2749 1690 consensum,
2794 1625 2972 1680 aulam
3015 1644 3230 1699 semper
3280 1631 3483 1690 incole-

155 1714 267 1762 cat
314 1707 471 1764 Plato
514 1709 722 1766 medias
766 1726 889 1768 esse
931 1724 1175 1781 naturas,
1226 1715 1321 1771 sed
1366 1716 1680 1772 c0utinuatn
1722 1723 1779 1770 et

1881 1723 2003 1770 rent
2029 1716 2255 1786 regiam,
2288 1731 2388 1772 nec
2434 1715 2814 1786 praetermissis
2854 1719 3206 1780 beatitudinis
3234 1725 3477 1796 sedibus,

1412 1851 1800 1909 LECTIONES
1835 1849 2256 1909 VARIANTES.

237 1964 268 1996 ⁸
301 1965 424 2017 Deis
445 1965 588 2016 Fulv.

1939 1963 1970 2002 ιι
2006 1967 2138 2015 Bene
2163 1965 2508 2031 corruptibiles
2529 1981 2619 2020 ms.

1558 2071 2120 2130 COMMENTARIUS.

153 2213 533 2269 immortalitas
586 2212 844 2283 largitoris
876 2223 950 2268 est
997 2213 1188 2266 donum
1241 2211 1332 2266 Dei
1381 2213 1516 2267 circa
1547 2213 1775 2284 prolatos

159 2296 220 2339 et
251 2287 598 2350 animus,etc.
625 2287 693 2340 ad
725 2301 942 2340 sensum
970 2286 1185 2355 quidem
1217 2287 1440 2354 optime,
1471 2289 1566 2340 sed
1605 2285 1773 2339 auda-

163 2357 318 2412 cius.
348 2357 550 2412 UnsLL.

246 2428 519 2482 Plato.....
549 2429 603 2482 in
633 2445 692 2482 eo
736 2444 965 2482 sermone
1004 2445 1065 2481 ac
1118 2426 1267 2491 libro,
1305 2427 1392 2494 qui
1429 2425 1655 2481 Tinueus
1685 2429 1769 2481 in-

155 2501 431 2562 scribitur,
465 2510 568 2554 etc.
599 2500 776 2554 Locus
799 2509 973 2553 exsmt
1003 2501 1053 2553 in
1079 2499 1283 2553 'I'imteo
1309 2499 1568 2560 Platonis.
1593 2515 1644 2568 p.
1673 2501 1765 2562 41,

153 2572 261 2627 ed.
293 2573 354 2625 Il.
387 2573 599 2639 Steplt.,
628 2573 734 2626 \ol.
769 2588 824 2625 ιιι
854 2572 960 2638 (ed.
999 2571 1239 2637 Bipont.,
1265 2571 1373 2624 vol.
1414 2587 1488 2634 lx,
1527 2588 1577 2638 [ο.
1613 2572 1765 2640 525),

156 2659 336 2709 quem
361 2642 554 2697 Cicero
581 2645 647 2697 de
680 2643 945 2698 Universo
974 2646 1050 2697 sic
1080 2643 1504 2712 interpretatur:
1545 2639 1677 2694 Tum
1705 2642 1773 2695 ad

163 2716 300 2768 deos
349 2717 392 2768 is
425 2713 578 2777 Deus,
618 2715 705 2784 qui
744 2715 916 2767 omnia
961 2715 1156 2784 genuit,
1189 2719 1369 2783 fatur:
1398 2715 1503 2766 [nec
1556 2730 1662 2775 vos,
1685 2715 1774 2784 qui

156 2786 384 2839 deorum
411 2797 526 2839 satu
557 2790 653 2839 orti
705 2787 844 2850 estis,
878 2785 1124 2838 attendite
1145 2802 1163 2839 :
1193 2801 1407 2854 quorum
1439 2801 1648 2855 aperum
1681 2803 1772 2856 ego

159 2874 384 2927 parens,
417 2856 722 2928 effectorque
750 2874 884 2917 sum,
915 2875 1017 2909 non
1047 2867 1164 2910 sunt
1208 2855 1457 2910 dissoluta
1488 2873 1566 2928 nte
1594 2855 1768 2924 invito,

157 2946 484 2998 quamquam
538 2926 687 2984 omne
744 2928 1042 2998 colligatum
1090 2928 1216 2981 solvi
1246 2938 1426 2992 potest.
1475 2926 1582 2981 Sed
1605 2929 1772 2981 haud-

155 3018 430 3071 quaquant
459 3000 573 3054 boni
605 3011 697 3066 est,
729 3002 926 3054 ratione
950 3001 1169 3052 vinctum
1194 3001 1320 3053 velle
1344 3000 1651 3054 dissolvere:
1681 3001 1771 3053 sed

1883 2207 2162 2262 Faciamus
2187 2209 2441 2264 hominem
2467 2209 2536 2263 ad
2560 2209 2837 2281 imaginem
2874 2223 2922 2266 et
2953 2213 3342 2274 similitudinem
3372 2238 3492 2277 nos-

1882 2291 2013 2360 tram
2045 2283 2172 2360 :nqui
2190 2297 2307 2360 cum
2331 2283 2498 2352 factus
2515 2292 2640 2360 esset
2661 2295 2706 2334 et
2729 2299 2830 2336 non
2851 2288 3098 2360 potuisset
3119 2290 3249 2360 erigi
3267 2292 3488 2360 plasma,

1880 2370 1970 2426 per
1997 2351 2396 2426 imbecillitatem
2420 2352 2740 2423 angelorum,
2769 2351 2862 2407 sed
2882 2359 3030 2426 quasi
3057 2351 3362 2416 vermiculus
3380 2351 3493 2418 sca;

1877 2424 2064 2476 rizaret
2092 2424 2168 2493 (id
2197 2434 2281 2502 est
2313 2435 2595 2502 reptalretg),
2623 2424 2949 2502 miserantem
2971 2430 3082 2497 ejus
3110 2430 3175 2484 de
3208 2449 3362 2502 super
3393 2437 3495 2489 vir-

1878 2504 2052 2572 tutem,
2079 2496 2318 2572 quoniam
2347 2496 2400 2572 in
2423 2496 2810 2572 similitudinem
2831 2499 2953 2572 Aejas
2988 2496 3116 2554 esset
3154 2496 3342 2572 factus,
3368 2509 3493 2561 emi-

1877 2567 2006 2645 sisse
2031 2564 2308 2645 scintillam
2329 2568 2470 2645 vitae,
2501 2583 2616 2645 qua:
2635 2569 2797 2645 erexit
2819 2564 3074 2645 liontinem
3102 2564 3491 2645 et'articulavit,

1881 2648 1928 2719 et
1961 2637 2123 2690 vivere
2152 2639 2286 2704 fecit.
2319 2637 2470 2719 Hanc
2500 2641 2654 2709 igitur
2680 2641 2958 2719 scintillam
2985 2643 3100 2719 vita:
3131 2658 3244 2713 post
3277 2637 3494 2719 defunc;

1881 2709 2066 2785 tionem
2088 2725 2345 2763 recurrere
2371 2710 2439 2785 ad
2461 2727 2539 2772 ea,
2568 2727 2681 2781 quia
2708 2723 2824 2766 sunt
2851 2713 3075 2782 ejusdem
3102 2709 3317 2785 generis.
3342 2709 3488 2776 dicit.

1881 2779 1948 2832 Et
1973 2782 2189 2858 reliqua,
2219 2797 2292 2858 ea:
2299 2782 2480 2852 quibus
2506 2779 2644 2852 facta
2667 2795 2783 2858 sunt
2808 2779 2922 2847 illa,
2947 2779 3151 2846 resolvi.
3177 2799 3283 2842 etc.
3315 2791 3486 2858 Idetn,

1879 2865 1999 2919 cap.
2034 2852 2223 2930 24.}le
2253 2850 2582 2930 Cairpocrate
2610 2869 2625 2908 :
2659 2855 2996 2930 Carpocrates
3035 2871 3208 2912 autem
3239 2872 3285 2914 et
3311 2864 3398 2930 qui
3423 2850 3488 2919 ali

1880 2939 1959 2987 eo,
1979 2923 2242 3004 _ntund_unt
2274 2925 2479 3004 quidem
2505 2934 2550 2978 et
2581 2942 2662 3004 ea,
2700 2941 2815 2994 quae
2855 2927 2908 2980 in
2923 2943 2992 3004 _eo
3021 2943 3171 2994 sunt,
3200 2931 3264 2986 ab
3291 2923 3487 3004 angelis

1880 2996 2041 3066 multo
2084 2995 2408 3064 inferioribus
2455 2996 2680 3064 ingenito
2726 3012 2871 3065 patre
2909 2999 3103 3066 factum
3148 3019 3256 3057 esse
3284 2995 3484 3062 dicunt.

158 3049 571 3145 διδῶ-ἀθρῶ
588 3049 740 3132 sit;
760 3049 1209 3124 i‘.;.;.'..;.;.;z‘.;."t..'
1228 3049 1661 3145 '.;'..'.-d..'.;'..'.je'a
1683 3049 1774 3124 '.-;.:
1799 3049 1844 3112 c
1878 3063 1958 3145 cr.
1990 3049 2333 3145 τεηιιῑιιίειη..
2371 3049 2438 3120 σε
2465 3049 3265 3145 rusci-jp'uoun'us';‘éiipi'iis
3284 3049 3484 3145 ἱεΐίἕξ

157 3143 496 3196 dissolubiles
548 3160 648 3196 non
699 3144 945 3212 potestis;
975 3144 1265 3207 neutiquam
1309 3152 1474 3195 tamen
1529 3143 1771 3197 dissolve-

157 3215 319 3278 mini,
353 3230 538 3268 necvos
553 3216 660 3268 ulla
691 3215 866 3268 mortis
888 3215 997 3282 fata
1025 3215 1291 3282 periment,
1322 3231 1411 3266 nec
1429 3218 1573 3283 fraus
1601 3216 1771 3270 valen-

158 3294 295 3348 tior,
323 3302 475 3354 quant
507 3286 774 3340 consilium
806 3302 990 3349 meum,
1025 3286 1161 3355 quod
1207 3286 1372 3348 maius
1412 3295 1485 3337 est
1511 3287 1771 3341 vinculum

156 3358 236 3410 ad
272 3359 660 3425 perpetuitatem
696 3369 932 3418 vestram,
964 3374 1119 3425 quant
1164 3357 1277 3423 illa,
1301 3358 1482 3425 quibus
1499 3360 1614 3410 estis
1637 3370 1766 3429 tum,

157 3429 663 3499 cumgignebmnini,
680 3429 923 3498 colligati.
944 3429 1186 3482 ΕωιεΝΗ.

243 3497 428 3568 Neque
454 3501 561 3554 ullo
583 3500 645 3554 ab
670 3501 772 3553 alio
794 3497 888 3554 nisi
918 3502 980 3552 ab
1006 3519 1063 3553 eo
1084 3503 1166 3570 qui
1191 3499 1349 3553 vinxit
1373 3511 1418 3552 et
1441 3499 1664 3554 dissolvi.
1693 3501 1768 3557 Ita

156 3570 326 3628 Fulv.
365 3573 615 3636 Ursinus,
645 3573 905 3639 probante
936 3571 1188 3635 Meursio,
1218 3583 1270 3625 et
1301 3571 1388 3625 ed.
1418 3570 1590 3638 Lugd.
1624 3573 1765 3640 Bat.,

157 3642 294 3697 cod.
330 3657 432 3696 ms.
460 3653 515 3696 et
543 3644 707 3697 editio
741 3643 987 3710 princeps
1015 3659 1150 3697 rom.
1180 3659 1338 3712 neque
1375 3644 1438 3694 ab
1471 3643 1578 3696 ullo
1605 3643 1768 3698 aboli-

156 3717 324 3768 tionis
349 3714 411 3767 ab
442 3731 499 3767 eo
529 3717 612 3780 qui
638 3715 818 3780 vinxit,
845 3715 990 3768 nullo
1015 3728 1197 3778 sensu,
1237 3715 1377 3768 unde
1403 3712 1658 3769 Gelenius
1689 3716 1767 3770 fe-

155 3797 316 3841 cerat
353 3803 367 3840 :
401 3802 655 3854 nexusque
688 3786 963 3839 abolitione
997 3785 1058 3837 ab
1103 3802 1160 3838 eo
1197 3791 1281 3854 qui
1332 3786 1512 3840 vinxit.
1557 3789 1764 3841 Slewe-

155 3856 324 3910 chius
353 3874 366 3910 :
400 3873 560 3926 neque
585 3856 647 3909 ab
671 3857 794 3914 ullo.
828 3858 924 3910 nisi
949 3857 1010 3909 alr
1036 3873 1091 3910 eo
1121 3859 1208 3925 qui
1230 3857 1408 3910 vinxit.
1446 3859 1533 3921 At,
1563 3869 1618 3911 ut
1650 3861 1762 3925 ipse

154 3928 366 3982 fatetur
385 3928 743 3990 Str-wechins,
763 3928 933 3982 Fulvii
975 3928 1283 3999 emendatio
1313 3930 1532 3999 propius
1556 3931 1764 3986 accedit

155 4002 228 4054 ad
261 4000 548 4053 lectionem
577 4000 778 4054 eodicis
803 4001 947 4053 iusti.
979 3998 1183 4055 Οιιειι..

235 4069 535 4124 Etsalutari
556 4072 803 4126 vinctione
826 4071 1030 4124 donari.
1059 4073 1149 4125 Sic
1171 4070 1312 4125 edidi
1336 4087 1457 4125 cum
1479 4073 1565 4125 ed.
1586 4071 1756 4142 Lugd.

156 4143 281 4197 Bat.
314 4142 510 4196 (Steti-ri
542 4160 556 4197 :
591 4143 845 4196 missione.
875 4143 979 4197 Sed
1010 4142 1112 4196 hoc
1140 4145 1258 4196 loro
1305 4159 1408 4196 non
1456 4143 1522 4196 de
1570 4144 1762 4199 tinnis—

155 4216 318 4268 sione
347 4215 647 4268 animarum
677 4231 707 4268 e
735 4215 1012 4282 corporeis
1041 4215 1297 4275 vinculis,
1332 4230 1452 4266 nam
1489 4215 1588 4265 hoc
1617 4225 1765 4271 esset

155 4286 359 4343 missio.
395 4301 576 4341 sermo
601 4296 702 4349 est,
728 4285 822 4338 sed
847 4285 910 4338 de
930 4284 1131 4338 vinculo
1155 4285 1245 4338 illo
1266 4288 1334 4336 ad
1358 4286 1761 4353 perpetuitatem,

156 4365 219 4411 ut
251 4360 324 4410 ait
351 4356 543 4412 CiCero
573 4356 625 4410 iu
667 4359 785 4410 loco
815 4372 974 4426 Supra
1004 4357 1165 4409 allato
1194 4373 1224 4410 e
1257 4355 1494 4409 Platonis
1523 4355 1724 4410 Timam
1745 4401 1760 4424 ,

156 4430 277 4483 sive
315 4428 383 4482 de
431 4431 730 4494 vinctione,
761 4444 862 4496 qua
903 4428 1097 4482 anima:
1142 4438 1329 4480 natura
1372 4443 1463 4480 sua
1508 4429 1762 4484 mortales

155 4501 507 4554 eontiiieutur
536 4516 566 4553 a
613 4501 756 4559 lleo.
791 4514 858 4554 oe
897 4500 1280 4554 disscnlvantur.
1327 4499 1425 4552 Ed.
1459 4498 1758 4566 Bonujus-

153 4571 338 4636 sione,
365 4571 504 4640 quod
540 4572 728 4640 probat
769 4570 870 4625 Th.
903 4571 1166 4624 Canterus
1200 4587 1209 4619 :
1238 4570 1473 4639 jussione
1516 4573 1631 4624 scil.
1655 4614 1669 4636 ,
1704 4583 1760 4627 ut

153 4643 333 4697 Salvae
361 4652 682 4712 aeternaeque
711 4652 982 4696 maneant.
1025 4642 1226 4696 ORELL.

234 4712 360 4765 Non
403 4729 508 4766 esse
534 4711 734 4767 annuas
779 4714 931 4783 Regis
972 4718 1177 4766 maximi
1219 4711 1386 4780 ﬁlias,
1425 4720 1531 4766 etc.
1567 4711 1754 4768 Hausit

152 4784 259 4839 ista
291 4784 560 4837 Arnobius
587 4800 617 4840 e
645 4784 1154 4853 NeoplatOniCorum
1178 4827 1190 4845 ,
1226 4787 1339 4838 sive
1370 4785 1543 4848 potius
1573 4784 1754 4838 Gnos-

152 4859 395 4910 ticorutn
419 4895 434 4920 ,
480 4856 748 4922 Simonis,
792 4856 1040 4910 Basrlidis
1061 4898 1073 4917 .
1106 4853 1378 4911 Saturnini
1403 4894 1416 4914 ,
1447 4854 1753 4923 Cat-poem-

153 4929 259 4988 tis.
293 4939 398 4982 etc.
421 4970 438 4995 ,
477 4929 755 4987 doctrina,
787 4931 874 4996 qui
907 4927 1248 4989 statuebant,
1282 4925 1538 4980 mundum
1586 4943 1688 4980 non
1722 4943 1753 4982 a

153 4998 288 5063 Deo,
318 5000 412 5055 sed
442 5000 511 5051 ab
536 5001 739 5068 angelis
767 5014 888 5052 esse
911 4999 1212 5064 cooditum,
1243 4999 1514 5051 hominem
1539 5013 1754 5066 qunque

150 5071 223 5123 ab
251 5071 436 5126 iisdem
470 5071 778 5124 formatum.
815 5069 1069 5136 liena-us,
1102 5069 1196 5124 lib.
1231 5087 1276 5132 I,
1307 5085 1428 5138 cap.
1453 5068 1542 5130 ﬁl,
1584 5086 1632 5136 p.
1661 5069 1750 5130 32,

150 5141 242 5196 ed.
277 5143 485 5196 Erasini
519 5143 689 5196 Paris.
718 5159 730 5194 :
761 5141 1074 5197 Saturninus
1103 5140 1335 5194 similiter
1373 5149 1425 5192 ut
1474 5140 1755 5193 Menander

150 5230 310 5284 unum
339 5225 534 5283 patrem
566 5215 878 5284 incognitum
909 5213 1050 5266 nobis
1080 5212 1316 5275 ostendit,
1340 5213 1423 5281 qui
1451 5212 1569 5278 fecit
1600 5229 1754 5280 ange-

153 5283 232 5338 los
253 5327 264 5342 .
293 5285 656 5354 archangelos,
687 5283 920 5351 virtutes,
966 5293 1255 5354 potestates.
1281 5284 1322 5336 Α
1348 5293 1537 5351 septem
1579 5294 1749 5335 autent

149 5357 450 5427 quibusdam
471 5357 667 5426 angelis
690 5357 932 5408 mundum
957 5361 1172 5427 factum,
1197 5365 1240 5407 et
1268 5358 1437 5408 omnia
1453 5371 1568 5427 qua:
1593 5356 1643 5406 in
1666 5371 1744 5408 eo.

154 5424 427 5481 Hominem
457 5424 626 5480 autem
653 5424 1084 5498 angelorumesse
1113 5427 1394 5492 facturam,
1426 5426 1689 5480 desursum
1717 5443 1749 5480 a

150 5514 353 5552 summa
381 5509 625 5568 potestate
665 5499 834 5551 lucida
876 5498 1097 5568 imagine
1125 5508 1422 5568 apparente,
1453 5515 1607 5568 quam
1634 5515 1747 5552 cunt

153 5578 410 5624 continere
436 5587 536 5624 non
563 5572 862 5641 potuissent.
897 5570 1092 5640 inquit,
1119 5584 1178 5622 eo
1203 5580 1336 5623 statu
1361 5586 1446 5640 qui
1474 5571 1645 5625 statim
1668 5585 1748 5625 re-

153 5642 366 5698 currerit
394 5658 616 5711 sursum,
656 5643 915 5698 adhortati
955 5649 1072 5696 sunt
1098 5642 1421 5713 semetipsos,
1481 5643 1746 5698 dicentes:

1880 3137 2047 3214 idem,
2075 3136 2143 3191 de
2168 3143 2526 3214 Am_itta,_cap.
2548 3138 2640 3214 25.
2668 3139 3024 3214 Epiphanius,
3051 3136 3174 3198 adv.
3213 3136 3484 3214 lla'rescs,

1878 3206 1983 3286 libL
1999 3223 2039 3286 ι.
2077 3209 2300 3286 Musa
2331 3228 2343 3263 :
2379 3206 2728 3286 Philastrius,
2760 3206 2831 3286 de
2859 3212 3062 3268 Haeres.
3089 3254 3105 3280 ,
3137 3230 3237 3286 Cap
3268 3219 3358 3282 29,
3388 3206 3480 3284 51,

1879 3289 1934 3333 ct
1956 3277 2046 3340 36.
2077 3277 2164 3333 58:
2192 3279 2460 3334 Caeterum
2486 3285 2551 3334 tle
2581 3282 2645 3333 iis
2668 3283 2918 3336 onmihus
2938 3277 3482 3344 tecte'taniununodo

1879 3362 1931 3431 et
1958 3354 2189 3431 obscure
2221 3351 2456 3422 loquitur
2482 3351 2778 3431 Arnobius,
2808 3358 3077 3431 consulto,
3105 3369 3167 3431 ut
3195 3360 3327 3431 inihi
3361 3362 3480 3431 qui-

1879 3420 2002 3476 dem
2047 3424 2258 3476 Vldt'llll‘
2278 3420 2307 3490 ,Ὗ
2325 3434 2378 3478 et
2414 3425 2725 3491 prudenter,
2759 3441 2825 3478 ne
2855 3427 2976 3479 scil.
3007 3428 3050 3480 si
3083 3420 3391 3485 diSIinctius
3416 3432 3487 3490 de

1880 3492 1946 3547 iis
1972 3493 2323 3548 disseruisset
2348 3495 2789 3565 nominassetque
2816 3498 2998 3551 mundi
3030 3514 3304 3557 creatures
3333 3503 3480 3559 Gno-

1874 3577 2159 3645 sttcorum,
2209 3565 2576 3637 Dentiurgum,
2609 3565 2815 3645 Logon,
2851 3568 3179 3645 l’tlrttttesitt,
3214 3577 3479 3645 sophian,

1878 3635 2140 3715 [lynauirn
2166 3635 2536 3715 caLterostiue,
2566 3653 2702 3715 ipsos
2731 3637 3026 3715 dicebant,
3059 3635 3242 3698 mones
3263 3635 3428 3715 ,'ipse
3452 3635 3484 3704 it

1883 3705 2188 3762 Gentilibus
2230 3705 2622 3780 Polynicis-mi,
2651 3725 2811 3778 quem
2845 3713 3084 3769 rel‘utare
3120 3725 3174 3769 et
3203 3705 3486 3775 aésriuere

1883 3781 2154 3846 cupiebat,
2187 3779 2526 3849 argueretur.
2555 3779 2758 3835 OnELL.

1941 3849 2104 3920 Atque
2136 3853 2193 3922 in
2236 3853 2315 3903 sui
2355 3852 2575 3905 nominis
2623 3853 2839 3906 essentia
2883 3855 3174 3922 prwdicari.
3206 3857 3474 3916 Meursius

1869 3919 2086 3976 CodiCis
2131 3921 2416 3976 lectionem
2461 3925 2514 3976 in
2552 3923 2634 3976 sui
2685 3919 2905 3978 nominis
2946 3929 3196 3981 sententia
3236 3931 3483 3987 del'endit

1866 3992 1985 4047 IUCO
2015 3995 2232 4072 gemino
2262 3994 2480 4072 prnobii
2502 4034 2517 4058 ,
2551 3993 2694 4072 Itbrt
2727 4011 2740 4047 :
2778 3996 3024 4050 Dedimus
3047 4013 3151 4072 nos
3167 3998 3297 4064 Deo,
3326 4003 3479 4072 cujus

1868 4075 1993 4117 nutu
2021 4074 2068 4118 et
2097 4064 2308 4118 arbitrio
2340 4081 2490 4118 omne
2519 4065 2655 4133 quod
2685 4074 2756 4119 est
2785 4078 3018 4133 constat,
3048 4078 3094 4120 et
3133 4070 3185 4122 in
3216 4064 3482 4127 sententia:

1867 4151 1973 4210 sua:
2000 4137 2328 4210 perpetuitate
2373 4136 2601 4210 deﬁxum
2639 4146 2744 4202 est,
2774 4147 2827 4190 et
2860 4138 3050 4191 eodem
3087 4139 3224 4195 libro
3256 4157 3272 4193 :
3303 4143 3475 4210 priore

1868 4207 2094 4282 detracto
2144 4209 2193 4260 in
2231 4207 2453 4282 aliorum
2482 4208 2711 4282 (lubitum
2735 4209 3149 4282 sententiamque
3185 4207 3472 4282 traducere,

1870 4289 1926 4352 ut
1957 4279 2026 4332 sit
2047 4281 2296 4352 sententia
2324 4279 2378 4330 h.
2412 4279 2448 4331 l.
2481 4280 2515 4330 i.
2546 4294 2598 4352 q.
2629 4277 2892 4345 αἴσθησις,
2921 4277 3137 4336 sensus.
3165 4284 3284 4352 Quo
3311 4277 3473 4343 sensu

1869 4350 1913 4403 si
1945 4351 2192 4404 absolute
2223 4349 2404 4404 dicere
2436 4349 2608 4420 potuit
2640 4355 2944 4411 Arnobius.
2981 4349 3393 4412 novum'tamen
3423 4368 3476 4416 et

1871 4421 1987 4475 sine
2018 4422 2269 4489 exemplo
2297 4422 2516 4475 nominis
2541 4423 2811 4475 sententia.
2843 4421 3046 4478 ORELL.

1925 4492 2084 4567 .Satis
2124 4494 2375 4559 plurimis.
2418 4493 2524 4547 Pro
2549 4495 2694 4567 satis
2725 4493 2919 4567 multis.
2951 4497 3323 4567 Superlativus
3355 4501 3474 4557 loco

1867 4565 2117 4640 positivi,
2143 4576 2200 4640 ut
2225 4567 2424 4634 saepius
2451 4567 2503 4619 in
2533 4565 2792 4640 Arnobio.
2827 4564 2960 4622 Vide
2986 4564 3171 4636 supra,
3205 4573 3271 4625 ad
3310 4573 3399 4626 lib.
3431 4589 3470 4640 ι,

1865 4651 1914 4688 c.
1943 4634 2034 4690 2‘2.
2053 4637 2220 4707 (Satis
2241 4643 2432 4691 multus
2457 4647 2636 4689 autem
2668 4635 2869 4690 dictum
2899 4649 2984 4693 est
3012 4634 3109 4707 pro
3139 4634 3306 4696 nimio
3334 4634 3473 4697 tnui;

1867 4707 2148 4785 tusﬁ.ﬂ\lnl_e
2193 4708 2406 4785 Barth.,
2438 4710 2756 4785 Adversar.,
2789 4708 2881 4762 ιιι).
2917 4725 3095 4785 ἰι-χιχ.
3129 4726 3178 4765 c.
3214 4714 3304 4785 l5,
3336 4730 3472 4785 page

1867 4775 2054 4851 1580.)
2097 4779 2172 4851 lta
2209 4779 2747 4851 satisipulclterrimus
2787 4779 2928 4848 apud
2967 4775 3361 4851 Potnponiunt',
3406 4775 3475 4840 de

1860 4849 2075 4924 Origine
2103 4849 2248 4904 .Iuris
2284 4867 2305 4924 εΔ
2329 4850 2507 4924 Exstat
2528 4852 2640 4919 ejus
2660 4849 2988 4924 (Ciceronis)
3015 4853 3178 4905 oratio
3204 4857 3329 4908 satis
3348 4849 3472 4924 pul-

1860 4922 2270 4990 cherrima,qu
2289 4921 2584 4976 inscribitur
2611 4939 2705 4991 pro
2739 4923 2804 4988 ρ.
2832 4921 3065 4993 Ligario.
3101 4921 3392 4981 S'rnwscn.
3423 4937 3471 4982 et

1862 4994 2072 5047 URELL.
2183 5047 2188 5051 ,

1936 5063 2204 5119 XXXVII.
2259 5095 2332 5105 —
2393 5062 2725 5119 Habuissent.
2794 5065 2950 5121 Fulv.
3019 5064 3203 5122 Ursin.
3270 5068 3471 5126 hausis-

1861 5147 1990 5189 sent.
2031 5137 2236 5213 QnsLL.
2268 5147 2317 5213 et
2356 5139 2551 5213 saccati
2597 5139 3003 5213 obscaenissintas
3046 5139 3226 5194 serias.
3274 5139 3470 5213 Sump-

1865 5215 1976 5262 tum
2006 5225 2036 5263 e
2065 5209 2322 5276 Lucretii,
2352 5209 2446 5264 lib.
2479 5224 2558 5277 tv,
2592 5223 2734 5264 vers.
2771 5209 2912 5264 1020
2940 5227 2953 5264 :

1963 5320 2077 5384 Pusi
2098 5334 2233 5384 saepe
2258 5321 2416 5371 lacum
2444 5328 2664 5384 promer.
2689 5335 2766 5382 se,
2793 5334 2850 5371 ac
2873 5321 2998 5374 dolia
3022 5330 3162 5376 curta

1953 5383 2133 5432 Somno
2152 5383 2370 5434 devincti
2390 5383 2599 5433 credunt
2621 5385 2870 5434 extollere
2899 5394 3089 5436 vestem

1953 5445 2124 5496 Totius
2147 5447 2408 5497 humorem
2431 5453 2676 5497 saccatum
2703 5456 2756 5498 ut
2780 5451 2997 5512 corpori,
3022 5448 3247 5501 fundant.

3141 5534 3364 5586 Hnno.

1855 5640 2012 5710 Quod
2041 5655 2202 5699 sacco
2244 5641 2428 5699 vinum
2458 5640 2773 5714 eliquabant
2806 5651 3052 5715 veteres,
3081 5644 3225 5718 quod
3257 5656 3311 5704 et
3337 5659 3462 5703 sac-
