3974 6068
222 250 324 306 875

1539 235 1746 295 LIBER
1785 236 2164 296 SECUNDUS.

3408 244 3517 301 874

217 377 400 422 mores
426 359 668 416 veritatis
685 357 914 419 effecta).
934 355 1256 425 etquidnam
1277 363 1422 410 esset
1443 354 1586 409 Deus
1606 355 1805 420 oblitm,
1837 356 1891 418 Α
1917 355 2204 411 sudoribus
2231 355 2423 411 domos
2479 355 2580 432 sibi
2635 363 3016 412 construerent
3043 367 3089 424 θ,
3149 358 3512 415 membrorum

219 455 524 514 simulacris
555 452 821 508 inertibus
862 450 1249 520 supplicarent,
1281 448 1446 516 lipna,
1480 463 1611 515 tera,
1641 457 1695 504 et
1739 449 1815 503 la-

220 551 398 621 pides.
428 547 607 604 divina
638 546 1044 617 alloquerentur
1082 551 1140 597 ut
1179 542 1420 606 numina,
1462 541 1657 595 auxilia
1689 555 1813 611 pos-

219 650 411 698 cerent
441 649 467 678 ⁸
506 653 772 696 caesorum
819 634 1172 692 animantium
1214 648 1437 696 cruore,
1491 632 1690 686 nullam
1735 632 1817 686 sui

220 734 464 790 facerent
491 732 818 787 mentionem
851 749 864 784 :
904 728 1204 799 quinimmo
1251 742 1317 781 ex
1349 724 1432 779 his
1459 724 1576 779 aliae
1616 733 1674 778 ut
1716 723 1816 778 du-

220 829 457 886 bitarent
487 843 548 884 se
575 843 720 893 esse,
739 835 844 896 aut
871 825 1038 881 ullum
1075 839 1196 880 esse
1220 823 1433 894 penitus
1452 820 1815 892 abnegarent?

215 924 425 983 Idcirco
472 924 682 979 animas
731 921 898 989 misit,
948 931 1005 976 ut
1053 933 1174 991 quae
1227 919 1280 973 in
1328 917 1548 973 sedibus
1586 917 1817 988 propriis

217 1028 403 1076 mente
450 1017 667 1074 fuerant
709 1030 838 1081 una,
887 1013 1170 1069 intellectu
1211 1020 1266 1067 et
1304 1011 1531 1066 scientia
1568 1010 1812 1080 paribus,

220 1119 501 1183 postquam
533 1109 734 1164 formas
766 1106 992 1163 induere
1035 1105 1314 1172 mortales,
1349 1103 1663 1174 Opinionum
1704 1101 1814 1157 dis-

217 1204 534 1263 criminibus
555 1201 876 1259 dissiderent
899 1241 915 1268 ,
946 1199 1091 1254 aliud
1112 1197 1233 1253 aliis
1257 1197 1484 1267 justum,
1515 1195 1659 1250 aliud
1684 1195 1813 1249 utile

217 1297 533 1363 videretur,
577 1303 633 1351 et
659 1304 866 1350 rectum
899 1309 912 1347 :
941 1291 1010 1347 de
1040 1288 1360 1362 appetendis
1389 1288 1570 1355 rebus,
1603 1286 1809 1358 fugien-

217 1388 408 1458 disque
451 1393 747 1453 certarent,
802 1383 1071 1439 malorum
1113 1395 1178 1436 ac
1221 1381 1486 1437 bonorum
1529 1379 1662 1434 alios
1691 1378 1810 1432 alite

215 1481 614 1538 constituerent
648 1479 784 1535 lines
810 1498 823 1534 :
852 1477 1134 1534 veritatem
1163 1475 1505 1547 cupientibus
1535 1487 1762 1529 noscere
1784 1471 1810 1510 ι)

216 1590 401 1632 rerum
447 1582 814 1646 opponeretur
857 1571 1195 1636 obscuritas,
1242 1579 1298 1625 et
1336 1567 1485 1624 velut
1530 1567 1808 1622 oculorum

217 1667 513 1724 luminibus
543 1665 738 1732 vidum,
773 1663 910 1720 nihil
934 1677 1142 1720 certum
1175 1661 1441 1725 viderent,
1489 1670 1544 1714 et
1573 1674 1670 1730 per
1716 1674 1813 1713 an-
1843 1685 1891 1745 B

216 1759 412 1832 cipites
435 1759 658 1815 semitas
687 1758 1055 1828 suspicionum
1083 1754 1468 1811 inducerentur
1493 1749 1714 1808 errore?

285 1850 399 1906 XL.
430 1851 636 1908 Idcirco
661 1853 868 1906 animas
910 1850 1091 1916 misit,
1121 1857 1178 1903 ut
1207 1862 1328 1903 cum
1368 1845 1660 1901 animantia
1699 1859 1803 1900 cae-

212 1952 326 2002 tera
341 1951 534 2017 sponte
548 1942 686 1999 natis
702 1955 723 1982 ο
744 1943 1042 2008 alerentur,
1061 1952 1115 1997 et
1131 1941 1277 1995 nulla
1295 1939 1503 1995 satione
1516 1936 1739 2008 prolatis
1755 1932 1805 2001 ἀ,

209 2053 391 2109 neque
415 2037 723 2102 domorum,
751 2043 843 2092 aut
863 2036 1089 2090 vestium
1117 2033 1376 2089 tutamina
1404 2030 1525 2093 sibi,
1553 2040 1644 2084 ant
1665 2028 1808 2082 vela-

208 2141 396 2188 menta
443 2130 857 2202 conquirerent,
898 2127 1220 2184 miserabilis
1246 2125 1364 2181 istis
1385 2127 1680 2181 necessitas
1710 2119 1807 2175 ad-

207 2223 432 2283 deretur
461 2241 475 2280 :
505 2232 564 2280 ut
599 2239 722 2280 cum
757 2222 1042 2294 impendiis
1084 2219 1335 2277 maximis
1360 2259 1374 2288 ,
1430 2215 1811 2289 perpetuisque

1923 449 2252 505 conficerent
2291 450 2564 519 tegmina,
2625 449 3009 519 supellectilem
3047 453 3251 506 variam
3293 451 3516 508 diurno-

1927 558 2043 598 rum
2076 542 2457 598 contraherent
2486 543 2731 613 egestati,
2768 542 3147 597 imbecillitatis
3172 545 3366 599 auxilia
3398 544 3519 600 ani-

1925 635 2157 691 malibus
2183 645 2556 691 mutuarentur
2579 651 2610 691 a
2631 636 2825 706 mutis,
2853 637 2961 692 vim
2990 637 3226 692 facerent
3257 640 3433 705 terris,
3462 651 3521 695 ut

1927 743 2036 782 non
2060 742 2155 782 sua
2187 727 2502 783 sufficerent
2527 728 2798 798 gramina,
2831 729 2925 784 sed
2961 730 3251 799 imperatas
3285 731 3516 787 extolle-

1928 828 2050 874 rent
2081 819 2289 889 fruges,
2340 830 2535 876 etcum
2568 820 2881 890 sanguinem
2915 830 3085 877 totum
3132 824 3183 877 in
3221 824 3517 895 subigenda

1924 910 2118 966 tellure
2147 910 2430 978 fudissent,
2462 912 2726 983 robigine,
2755 913 3032 983 grandine,
3071 915 3333 983 siccitate,
3367 932 3518 987 spem

1923 1001 2123 1057 laboris
2163 1003 2516 1058 amitterent:
2547 1013 2601 1059 et
2625 1003 2694 1059 ad
2727 1004 2970 1059 ultimum
2994 1007 3044 1060 vi
3087 1007 3244 1061 famis
3269 1006 3519 1065 humanis

1922 1095 2273 1151 cadaveribus
2300 1097 2634 1163 incubarent,
2674 1106 2729 1152 et
2759 1098 2825 1151 ab
2851 1098 3127 1153 hominum
3162 1098 3351 1154 formis
3375 1101 3517 1158 tabi-

1921 1185 2021 1242 lica
2063 1188 2233 1243 macie
2261 1187 2685 1244 dissociarentur
2709 1188 3020 1259 abjunctze?
3062 1188 3266 1244 idcirco
3312 1191 3519 1248 animas

1921 1278 2085 1347 misit,
2117 1289 2176 1334 ut
2203 1295 2323 1351 quae.
2361 1295 2544 1336 secum
2576 1291 2977 1336 commorantes
3022 1283 3383 1351 possessionis
3421 1283 3521 1338 ali-

1920 1372 2074 1442 cujus
2118 1373 2322 1427 nullum
2356 1388 2610 1443 umquam
2645 1371 2963 1430 habuissent
2992 1390 3235 1430 amorem
3269 1394 3280 1430 :
3311 1378 3517 1432 avaris-

1918 1466 2071 1522 sima:
2097 1466 2187 1521 hic
2230 1466 2455 1530 fierent,
2495 1477 2550 1522 et
2589 1468 2641 1522 in
2673 1467 2902 1524 habendi
2945 1468 3180 1524 studium
3211 1469 3520 1526 inexatura-

1918 1559 2012 1616 bili
2055 1559 2289 1628 pectoris
2330 1557 2679 1614 ardescerent
2719 1559 3004 1630 appetitu:
3039 1560 3338 1617 effoderent
3379 1561 3519 1616 altos

1918 1660 2130 1707 montes
2153 1694 2169 1719 ,
2199 1661 2254 1708 et
2284 1652 2490 1707 viscera
2522 1652 2700 1722 ignota
2733 1660 3000 1706 terrarum
3032 1654 3084 1707 in
3114 1653 3369 1707 materias
3395 1669 3517 1708 ver—

1920 1754 2097 1802 terent
2124 1746 2283 1801 alieni
2312 1745 2580 1809 nominis,
2620 1754 2781 1815 atque
2824 1760 2990 1810 usus;
3042 1755 3386 1816 penetrarent
3419 1747 3518 1802 ab.

1918 1837 2057 1894 ditas
2103 1838 2416 1892 discrimine
2444 1852 2562 1892 cum
2589 1837 2780 1907 capitis
2825 1839 3070 1893 nationes
3095 1878 3110 1902 ,
3158 1847 3213 1893 et
3249 1837 3522 1894 translatis

1919 1931 2190 1986 mercibus
2216 1929 2532 1985 charitatem
2565 1945 2796 1999 semper,
2832 1930 3199 2001 vilitatemque
3220 1942 3520 2001 captarent,

1919 2031 2236 2080 exercerent
2280 2022 2496 2078 avidum
2548 2031 2708 2092 atque
2760 2021 3172 2093 injustissimum
3221 2023 3422 2088 faenus,
3469 2032 3526 2078 et

1917 2115 2237 2172 miserorum
2270 2131 2300 2170 e
2329 2115 2588 2187 sanguine
2619 2114 2940 2185 supputandi
2976 2131 3035 2170 se
3065 2125 3326 2187 angerent
3367 2117 3521 2171 inso-

1917 2210 2106 2275 mnia;
2158 2209 2397 2265 millibus
2446 2208 2846 2280 possessionum
2895 2224 3109 2279 semper
3161 2208 3526 2280 producerent

1456 2329 1838 2406 LECTIQNES
1876 2325 2293 2384 VARIANTES.

272 2435 300 2464 ³
335 2435 667 2484 Poseerentur
683 2432 802 2486 Sab.

275 2493 305 2533 δ
340 2497 495 2533 Nm“:
522 2493 640 2533 Fnbt

278 2493 305 2533 δ
340 2497 495 2546 Nosse
516 2493 658 2546 Fulv.

278 2563 302 2592 ε
339 2558 469 2610 Muta
500 2556 603 2609 alii.

1982 2417 2011 2458 ἀ
2053 2418 2248 2468 Prolata
2272 2407 2375 2467 alii.

1987 2483 2012 2511 θ
2055 2480 2425 2534 Constituerent
2446 2478 2513 2531 ali

1572 2651 2138 2716 COMMENTARIUS.

298 2784 537 2840 Veritatis
566 2773 787 2857 effectis.
811 2784 867 2839 id
882 2781 1258 2857 estperfectaf,
1276 2773 1821 2857 consummatissima:

212 2847 844 2927 veritatis,qmi-'nullam
873 2847 1103 2927 amplius
1131 2847 1819 2927 dubitationemadmittat.

209 2929 398 2988 Nostri
440 2917 770 2983 aii-verbum
810 2944 826 2984 :
870 2917 1240 2994 Ausgemachte
1291 2919 1584 2978 Wahrheit.
1612 2917 1821 2994 oniten.

293 3001 500 3055 Auxilia
529 3009 790 3069 poscerent
816 3015 921 3054 eos.
955 2987 1177 3052 Poscere
1209 2994 1511 3069 swpisﬂme
1537 2988 1680 3059 apud
1701 2987 1823 3069 _Lag-

209 3074 360 3128 tinos
386 3087 507 3126 cum
529 3062 747 3124 'dunbus
776 3069 1119 3131 accnsativis,
1148 3082 1296 3120 more
1318 3065 1636 3120 GI‘LDCOl'lllﬂ
1660 3062 1823 3116 αἰτεῖν

212 3146 331 3202 τινὰ
352 3165 424 3200 τι.
460 3141 537 3196 Ita
570 3141 786 3212 Virgil.,
816 3139 968 3205 IEn.,
999 3154 1077 3205 tv,
1111 3153 1252 3193 vers.
1280 3137 1349 3192 50
1375 3153 1386 3190 :

469 3232 546 3284 Tu
567 3233 711 3284 modo
735 3245 881 3296 posce
896 3231 1033 3282 Deos
1050 3232 1260 3281 veniam.

215 3319 383 3376 Plura
429 3318 672 3386 exempla
702 3317 825 3372 vide
860 3316 915 3372 in
960 3315 1186 3373 Gesneri
1227 3314 1496 3370 Thesaur.
1527 3329 1612 3368 eos
1655 3311 1821 3367 omit-

218 3399 343 3449 tum
374 3387 486 3443 alii.
515 3390 721 3444 υκειι..

296 3461 401 3514 Aut
443 3460 610 3514 ullum
636 3476 742 3514 esse
773 3460 971 3529 penitus
1010 3459 1359 3531 abnegarent._
1383 3457 1562 3513 Ullum
1595 3473 1737 3524 esse,
1769 3455 1820 3510 id

221 3542 332 3598 est,
362 3547 575 3587 omnem
602 3547 779 3586 rerum
808 3529 1175 3588 existentiani.
1205 3529 1410 3585 Allndit
1435 3539 1617 3586 autem
1650 3534 1825 3584 Arno—

228 3605 356 3674 hius
383 3602 449 3656 ad
480 3601 770 3672 Aphasiam
801 3603 1249 3674 Pyrrhoniorttm.
1279 3601 1487 3674 Onus.

298 3673 366 3727 Et
405 3671 544 3729 velut
584 3671 859 3728 oculorum
894 3673 1168 3730 luminibus
1207 3673 1390 3728 vidna'.
1424 3671 1688 3728 Meursius
1723 3687 1737 3726 :
1766 3679 1822 3724 ut

227 3746 386 3807 velut,
413 3755 522 3802 etc.
539 3743 746 3800 Οιιειι..

298 3816 411 3872 XL.
440 3845 504 3860 σν·
542 3815 765 3872 Vestiam
809 3819 1058 3870 tutamina
1097 3815 1192 3871 sibi
1239 3825 1326 3870 aut
1371 3816 1656 3871 velamenta
1700 3828 1826 3866 con-

223 3890 501 3961 quirerent.
543 3887 884 3944 Stewechius
926 3889 1150 3961 mavult_
1174 3889 1459 3961 velamina,
1516 3901 1667 3961 more
1725 3887 1827 3961 Ar-

225 3955 378 4018 nobii
440 3961 728 4030 antiquos,
799 3960 1068 4029 imprimis
1128 3959 1480 4022 Lucretium,
1541 3955 1825 4012 imitantis.

1390 4031 1594 4084 ORBLL.

303 4103 342 4158 S
351 4102 728 4173 uppellectilem
744 4102 938 4156 variam
956 4100 1260 4173 diurnorum
1273 4104 1577 4169 conﬁcerent
1594 4099 1825 4172 egestati.

226 4172 394 4230 idem
425 4174 766 4230 Stewechins
814 4172 1101 4242 legendum
1152 4173 1372 4242 cnnjicit
1424 4173 1612 4226 diurna
1658 4186 1830 4223 rerum

225 4246 542 4313 con/icerant
603 4254 844 4310 egestate.
903 4243 961 4298 id
1017 4254 1101 4298 est
1155 4260 1336 4299 rerum
1397 4243 1827 4313 necessariarum

230 4312 416 4386 inopia
445 4315 780 4385 quotidiana.
815 4315 922 4370 Sed
973 4315 1106 4370 nihil
1149 4314 1484 4370 mutandum.
1529 4313 1730 4386 Diurna
1775 4312 1828 4386 in

226 4383 433 4460 plurali
466 4383 605 4441 dixit
645 4388 920 4460 Arnobius
961 4401 1146 4460 sensu”
1171 4387 1377 4441 rariore
1420 4400 1516 4456 pro
1558 4385 1719 4440 rebus
1764 4383 1829 4438 ad

229 4457 606 4532 quotidianum
637 4457 834 4512 victum
859 4457 1181 4514 necessariis
1207 4476 1220 4512 :

360 4551 513 4612 Queis
534 4551 743 4600 humana
761 4551 851 4600 sibi
879 4550 1044 4601 doleat
1066 4558 1236 4600 natura
1256 4551 1466 4612 negatis.

235 4635 322 4689 die
348 4635 603 4706 taglichen
629 4633 984 4705 Bedurfnisse.
1018 4631 1186 4706 Hujus
1213 4642 1391 4687 tamen
1422 4631 1836 4706 significationis

234 4707 377 4778 apud
399 4703 532 4761 alios
553 4703 848 4778 scriptores
865 4705 1114 4778 exempla
1139 4705 1334 4759 frustra
1357 4703 1604 4778 quaesivi.
1629 4703 1834 4759 ORELL.

313 4777 587 4848 Rubigine.
625 4775 812 4848 Virgil.
860 4775 1084 4846 Georg.,
1131 4793 1167 4841 I,
1214 4790 1361 4831 vers.
1410 4775 1554 4830 450:

841 4859 906 4910 Ut
923 4859 1051 4909 mala
1069 4860 1258 4912 culmos

429 4921 575 4973 Esset
592 4925 787 4985 robigo.

241 4999 346 5058 Ubi
400 4997 658 5055 Servius:
691 4997 891 5069 Rubigo
938 5006 1014 5053 est
1058 5015 1214 5069 genus
1248 4998 1377 5060 vitii,
1408 5013 1506 5065 quo
1533 4996 1698 5069 _c_ulmi
1719 5013 1838 5068 per-

239 5080 385 5136 eunt,
421 5071 557 5138 quod
585 5087 617 5123 a
652 5067 926 5124 rusticanis
967 5067 1232 5124 calamitas
1274 5069 1478 5123 dicitur.
1521 5067 1633 5121 Hoc
1676 5067 1842 5121 autem

241 5159 404 5215 genus
425 5141 535 5195 uitii
559 5158 623 5196 ea:
641 5141 823 5195 nebula
849 5142 991 5215 nasci
1017 5145 1164 5215 solet,
1195 5157 1308 5215 cum
1338 5142 1627 5215 nigrescunt
1656 5150 1702 5194 et
1721 5155 1844 5192 con-

240 5211 518 5269 sumuntur
559 5217 838 5283 frumenta,
875 5213 994 5266 inde
1029 5222 1074 5265 et
1127 5211 1352 5282 Rubigus
1401 5211 1566 5276 Deus,
1615 5219 1666 5283 et
1695 5225 1843 5264 sacra

243 5285 356 5344 eius
372 5280 567 5338 decimo
582 5281 705 5339 Kal.
735 5283 899 5355 Maias
914 5283 1244 5355 Rubiginnlia
1260 5280 1605 5355 appellantur.
1630 5280 1844 5355 ELll-SN-

243 5370 438 5411 nons'r.
493 5355 728 5410 Docente
767 5354 962 5409 VOssio
1005 5352 1069 5410 νζ
1117 5353 1197 5409 Cl.
1246 5352 1562 5421 ad'Virgilii
1593 5353 1626 5406 I.
1662 5353 1698 5406 Ι.
1735 5352 1842 5405 duo

244 5427 459 5482 diversa
499 5426 806 5493 plantarum
840 5428 963 5480 vitia
993 5443 1058 5481 eo
1088 5431 1306 5482 nomine
1337 5434 1544 5479 veteres
1576 5423 1845 5493 significa-

246 5497 400 5562 bnnt,
432 5491 661 5552 alterum
693 5499 886 5560 album,
917 5498 1057 5568 quod
1089 5491 1649 5568 Gerntaniappellant
1670 5491 1846 5568 Metti.

250 5569 408 5640 thau,
436 5568 672 5640 alterunt
693 5572 896 5640 rufum,
927 5565 1024 5621 den
1059 5568 1182 5622 Rost
1221 5570 1290 5640 im
1319 5565 1568 5640 Getreide.
1596 5565 1845 5640 Alias_di-

249 5639 393 5720 citur
417 5653 612 5720 arrugo,
635 5634 903 5720 Qypriano
922 5650 1223 5720 quaestura,
1249 5638 1454 5720 Gnatis
1469 5634 1853 5720 Bpég_iS._th_e

255 5709 469 5781 Davis,
527 5707 595 5764 ad
650 5707 894 5766 Lactant.
950 5709 1116 5780 Epit.,
1171 5725 1293 5781 cap.
1349 5709 1440 5777 65,
1470 5707 1527 5779 p'.
1572 5709 1735 5774 1555,
1762 5707 1852 5765 ed.

255 5780 591 5845 Bunetnann.
627 5781 832 5837 Onam.

575 5875 853 5942 Panos.
895 5873 969 5934 V.

1995 2766 2065 2822 Et
2085 2767 2138 2820 in
2167 2764 2386 2819 habendi
2414 2764 2642 2836 studium
2661 2764 3024 2820 inexaturabili
3053 2768 3268 2836 pectoris
3289 2770 3528 2826 ardesce-

1921 2848 2038 2894 rent
2059 2839 2314 2912 appetitu.
2347 2836 2423 2912 ita
2449 2835 2631 2912 habere
2653 2836 2901 2912 absolute
2930 2835 3071 2908 apttd
3099 2839 3334 2910 optimos
3360 2842 3531 2912 scrip-

1927 2920 2095 2966 tores.
2133 2909 2412 2964 Juvenalis
2438 2923 2502 2962 ex
2540 2908 2754 2967 Ennio:

2053 3024 2195 3074 Unde
2214 3023 2423 3083 habeas,
2448 3035 2594 3072 nemo
2612 3022 2819 3085 quaerit,
2844 3023 2932 3072 sed
2954 3029 3151 3086 Oportet
3173 3027 3380 3077 habere.

1927 3127 1996 3182 Et
2038 3126 2300 3193 habentia,
2342 3126 2580 3186 πλοῦτος.
2625 3125 3015 3196 Quadrigarius
3061 3131 3202 3197 apud
3254 3131 3527 3189 Nonium;

1850 3189 1895 3252 C
1931 3198 2142 3271 Animos
2173 3189 2346 3271 eorum
2373 3197 2610 3271 habentia
2636 3189 2866 3271 ἷιιρηναξξ
2891 3199 2981 3271 Sic
3003 3189 3146 3271 ἕχείν
3174 3201 3399 3259 (ἱππικῆς,
3433 3205 3535 3259 So-

1935 3269 2165 3348 phocles
2190 3271 2242 3322 in
2275 3267 2440 3348 Ajace
2465 3284 2478 3320 ε
2506 3269 2752 3348 πρὸς-,γὰρ
2780 3271 2882 3348 τὸν.
2904 3267 3082 3348 ξχούθ
3108 3272 3133 3327 ὁ
3163 3274 3330 3348 pastio;
3361 3276 3526 3348 ἕρπει.

1934 3338 2024 3398 Sic
2055 3341 2107 3395 in
2129 3340 2423 3403 Evangelii)
2461 3357 2475 3392 :
2502 3338 2581 3410 rip
2627 3338 2806 3410 é’zo'un
2855 3338 3145 3401 δοθήσεται.
3169 3338 3438 3402 Ἠειιλιὺ.
3462 3377 3533 3387 -

1934 3411 2088 3468 Adde
2127 3410 2418 3482 Ruhnken.
2447 3409 2513 3482 ad
2540 3409 2706 3482 ltutil’.
2740 3409 2871 3477 Lup.
2917 3430 2966 3482 p.
3003 3412 3090 3468 78.
3123 3413 3390 3471 Ocusa'ea.

2007 3480 2569 3554 Penetrarentabditas
2597 3481 2891 3536 discrimine
2918 3480 3043 3536 cum
3070 3488 3254 3554 capitis
3281 3489 3530 3545 nationes.

1933 3555 2068 3609 Mira
2091 3566 2208 3609 erat
2238 3553 2476 3608 fidelium
2505 3561 2634 3606 tunc
2667 3557 2928 3620 temporis
2959 3553 3310 3612 abstinentia.
3345 3561 3536 3615 Avari-

1932 3627 2063 3680 tiam
2094 3634 2148 3680 et
2180 3625 2400 3679 nimiam
2436 3622 2668 3677 habendi
2696 3624 3047 3695 cupiditatem
3081 3626 3153 3681 ita
3180 3631 3535 3695 daninabant,

1936 3706 1996 3751 ut
2023 3697 2355 3766 periculosas
2386 3706 2720 3750 mercaturas
2750 3694 2854 3749 hoc
2879 3697 3041 3751 etiam
3070 3699 3291 3754 nomine
3311 3694 3540 3756 damna-

1936 3776 2078 3840 rent.
2113 3767 2245 3840 Vide
2269 3766 2540 3840 Lactanl_.,
2572 3766 2672 3840 lib.
2706 3780 2760 3826 v,
2797 3781 2915 3836 cap.
2949 3769 3036 3823 18.
3073 3768 3425 3840 Tertullian.,
3464 3773 3535 3830 de

1935 3838 2265 3904 idololatria,
2293 3852 2412 3905 cap.
2447 3837 2532 3891 M.
2570 3836 2812 3891 Hamus.

2010 3909 2078 3963 Et
2104 3910 2365 3981 translatis
2385 3909 2631 3981 mercibus
2649 3909 2953 3981 charitatem
2979 3926 3177 3981 semper
3193 3913 3538 3981 vilitatemque

1937 3990 2217 4050 captarent.
2252 3979 2402 4034 Zeno
2432 3976 2758 4050 Veronensis
2782 3978 3048 4035 Sermone
3077 3976 3095 4035 ἰ
3113 4023 3127 4045 ,
3156 3983 3224 4038 de
3256 3976 3493 4038 Avaritia
3519 4002 3533 4038 :

1937 4049 2084 4105 Alius
2113 4050 2439 4123 indeprerum
2480 4049 2705 4123 omnium
2735 4061 2910 4123 captat
2933 4067 3214 4117 annonam,
3248 4064 3538 4123 aucupatur

1937 4122 2259 4176 distraltendi
2293 4130 2527 4191 tempus;
2559 4120 2725 4171 minor
2754 4121 2807 4171 in
2834 4136 3094 4185 mensura,
3124 4125 3292 4191 major
3321 4120 3394 4176 in'
3417 4143 3535 4191 pre-

1938 4195 2047 4266 tio:
2076 4202 2224 4264 negat
2253 4208 2305 4244 se
2331 4190 2534 4266 habere,
2555 4191 2699 4266 quod
2733 4190 3071 4266 distrahatut
3098 4190 3324 4266 rogetur,
3359 4190 3422 4248 ut
3441 4200 3536 4266 jn-

1938 4265 2112 4335 gulel;
2141 4261 2293 4332 atque
2325 4263 2524 4315 utinam
2537 4261 2846 4335 incorrupta
2869 4263 3061 4335 species
3088 4261 3408 4321 venderetur.
3441 4261 3538 4321 ln-

1937 4332 2165 4408 'gemiscit
2194 4332 2546 4408 prwterea,__s_i
2585 4348 2755 4408 annus
2789 4339 2861 4386 est
2903 4334 3125 4408 sterilis;
3157 4341 3318 4408 multo
3347 4339 3534 4408 magis,

1939 4402 1985 4462 3i
2008 4402 2204 4478 fertilis
2225 4405 2380 4478 fuerit
2404 4419 2424 4478 ς
2455 4402 2584 4478 illic,
2608 4403 2730 4473 quia
2758 4419 2944 4478 parum
2982 4405 3223 4461 distrahit
3248 4424 3266 4462 :
3287 4409 3388 4467 hic,
3420 4402 3541 4478 auia

1940 4474 2042 4532 non
2071 4474 2233 4531 solas.
2274 4474 2437 4530 Vultis
2463 4475 2613 4533 scire,
2637 4476 2844 4542 quantis
2866 4477 2961 4529 scit
2989 4480 3208 4532 tenebris
3238 4474 3541 4535 obvolutus?

1861 4519 1915 4578 Β
1941 4519 2441 4611 '05:}?
2463 4519 2583 4599 'no'n
2599 4519 2934 4617 'sZSipE'ﬁ'Ji
3183 4519 3542 4605 Ἶᾶἷῖεἰ

1942 4637 2044 4676 ves.
2079 4622 2317 4674 “anno.
2355 4617 2488 4672 Male
2532 4616 2722 4686 itaque
2747 4616 3012 4691 Meursius
3042 4620 3325 4690 legendum
3362 4623 3538 4691 conji-

1945 4693 2018 4749 cit
2041 4710 2054 4746 :
2085 4693 2453 4760 utilitatemque
2481 4697 2763 4757 captarent.
2791 4688 2996 4743 OnELL.

2020 4780 2329 4836 Exercerent
2365 4777 2572 4831 avidum
2611 4787 2764 4848 atque
2803 4779 3197 4848 injustissintum
3236 4781 3421 4847 frenas.
3465 4782 3541 4836 Ita

1951 4853 2095 4909 enim
2120 4851 2506 4906 existimabant
2531 4862 2651 4920 aavo
2675 4847 2768 4901 illo
2794 4848 3084 4904 Christiani
3108 4893 3122 4915 ,
3149 4867 3374 4920 quorum
3413 4853 3543 4908 cha-

1953 4925 2085 4979 ritas
2116 4926 2588 4995 ferventiorAerat,
2629 4918 2808 4995 [tenus
2838 4935 3001 4995 illiille
3041 4918 3451 4995 esseabiptrou,
3486 4934 3543 4979 et

1953 4996 2023 5050 ab
2063 4995 2176 5063 ipsa
2214 4990 2551 5065 humanitate
2585 4991 2849 5065 alienum.
2899 4990 3034 5045 llinc
3063 4990 3357 5065 Miltiades.
3397 4995 3540 5065 apud

1953 5061 2176 5130 Euseb,
2211 5065 2305 5119 lib.
2343 5078 2373 5114 v
2410 5061 2550 5116 Hist.
2583 5062 2814 5121 Ecclcs..
2846 5077 2964 5129 mp.
2999 5065 3089 5123 i9.
3123 5063 3209 5116 ubi
3248 5061 3544 5120 innntaiiis-

1953 5146 2126 5192 tarum
2161 5137 2447 5205 prophetas
2472 5133 2737 5208 exagitat:
2773 5138 3054 5208 Προφήτηςὲ
3077 5135 3185 5188 εἰπέ
3211 5156 3325 5206 μοι,
3350 5137 3544 5207 βάπτε-

1950 5225 2062 5277 ται;
2086 5212 2347 5283 πρρφήτης
2370 5205 2683 5283 στιϐίςεταις
2706 5205 2971 5283 προφήτης
2992 5205 3283 5283 φᾳλοκοςμεῖ
3293 5225 3314 5283 _;
3348 5205 3543 5283 ἐτροφὴ-

1948 5303 2039 5340 της
2079 5277 2284 5338 τᾶϐἷαις
2317 5282 2400 5332 καὶ
2432 5277 2606 5336 κύϐοις
2644 5277 2843 5348 παίζεις
2873 5281 3134 5348 προφήτης
3169 5277 3404 5342 δάνείζειξ
3439 5277 3544 5335 HB-

1951 5367 2109 5406 RALD.
2128 5380 2194 5392 —
2212 5350 2290 5405 Ita
2303 5359 2357 5402 et
2370 5348 2591 5412 ethnici,
2623 5347 2770 5417 verbi
2803 5347 2960 5400 CilIlSil
2988 5347 3142 5411 Cato,
3168 5348 3257 5417 qui
3289 5353 3541 5407 uenerari

1951 5423 2092 5478 idem
2125 5437 2247 5476 esse
2273 5419 2508 5480 dicebat,
2527 5420 2667 5488 quod
2702 5415 2974 5470 hominem
3003 5415 3270 5473 occidere.
3295 5421 3540 5476 hLusnn.

2030 5492 2094 5546 Et
2147 5493 2444 5561 miserarum
2494 5505 2520 5541 e
2561 5489 2806 5561 sanguine
2847 5489 3182 5561 supputandi
3209 5506 3264 5543 se
3301 5505 3543 5561 angerent

1957 5562 2232 5619 insomnia.
2282 5559 2512 5614 Millibus
2565 5559 2960 5628 possessionum,
3011 5571 3116 5614 etc.
3167 5560 3240 5614 lla
3289 5559 3429 5616 edidi
3475 5579 3542 5617 ex

1958 5633 2339 5692 emendatione
2386 5627 2801 5700 HeraldhCod.
2855 5628 3018 5684 habet
3066 5633 3404 5700 sttpputandis
3444 5651 3541 5685 an-

1963 5715 2134 5779 gerent
2159 5703 2435 5779 insomnia,
2458 5701 2600 5774 unde
2626 5699 2877 5779 Gelenius
2897 5711 2953 5779 et
2982 5699 3314 5779 castericum
3341 5704 3544 5756 secuti:

1965 5773 2278 5848 supputandi
2304 5791 2358 5831 se
2393 5781 2637 5847 angerent
2662 5773 2883 5828 insania.
2921 5773 3262 5828 Stewechius
3293 5789 3306 5825 :
3344 5788 3539 5841 suppu-

3070 5861 3152 5928 28
