3974 6068
398 209 502 266 887

1505 207 1780 265 ARNOBII
1824 204 2184 266 ADVERSUS
2221 208 2493 266 GEN'I‘ES

3584 211 3714 268 888.

395 324 710 382 scriminum
739 339 898 381 causa
921 367 936 391 ,
965 333 1056 380 aut
1086 325 1232 395 ipsos
1258 331 1408 379 actus
1427 324 1621 393 quibus
1644 325 1751 380 vita
1789 326 1987 380 transi-
2018 337 2069 396 Α
2096 329 2403 385 necessario
2429 328 2671 401 sequitur
2690 370 2706 398 ,
2737 344 2844 386 non
2892 329 3036 386 enim
3084 330 3128 385 si
3159 343 3417 402 negemus
3443 343 3658 386 muscas
3679 368 3700 396 ,

395 421 539 490 gitur
559 428 613 474 et
635 420 938 475 celebratur
953 418 1206 485 humana,
1222 416 1576 485 ordinaverit,
1592 418 1835 489 jusserit.
1852 428 1949 475 eta
1968 429 1993 457 ⁸

397 527 491 567 sua
523 511 688 566 fluere
718 513 1101 566 constitutione
1148 511 1478 580 praeceperit.
1516 510 1717 565 Minora
1750 510 1868 566 lucc
1898 510 1994 566 illo

390 612 548 666 sunt,
592 614 643 658 ct
671 603 1053 673 magnitudinis
1083 603 1199 672 ejus
1241 601 1570 656 destrucntia
1612 612 1932 672 pmeslatem
1980 621 1994 658 :

391 703 706 764 tantumque
755 706 835 748 est
888 695 1043 763 longe
1072 703 1128 746 nt
1157 694 1380 748 istarum
1421 704 1610 748 auctor
1640 709 1818 749 rerum
1874 708 1996 749 esse

399 784 674 849 credatur,
705 795 763 839 ut
796 784 848 838 in
878 784 1155 854 sacrilegre
1183 784 1388 838 crimen
1437 784 1728 853 impietatis
1756 785 1997 839 incurrat

397 880 642 950 quisquis
673 879 740 932 ab
765 894 830 932 eo
861 878 1170 939 conceperit
1198 876 1468 930 hominem
1501 892 1621 931 esse
1649 886 1992 946 prognatum,

391 989 507 1028 rem
543 971 811 1027 infelicem
845 981 896 1026 et
928 974 1198 1035 miseram,
1250 971 1340 1040 qui
1389 985 1510 1024 esse
1550 985 1609 1024 se
1651 970 1832 1025 doleat
1861 987 1874 1024 :
1903 971 1995 1041 qui

392 1065 756 1120 conditionem
786 1080 938 1119 suam
961 1063 1259 1118 detestetur
1281 1073 1335 1116 et
1357 1063 1534 1131 lugeat
1562 1080 1574 1115 :
1606 1063 1693 1132 qui
1725 1061 1867 1116 nulla
1893 1062 1994 1116 alia

391 1157 460 1213 de
488 1171 651 1212 causa
683 1172 801 1212 sese
833 1156 1094 1226 intelligat
1120 1164 1482 1224 procreatum,
1518 1169 1676 1222 quam
1709 1169 1778 1208 ne
1810 1162 1996 1209 mate-

394 1251 530 1304 riam
560 1264 663 1303 non
694 1248 954 1303 haberent
980 1263 1075 1318 per
1101 1262 1261 1317 quam
1285 1245 1648 1300 difl‘underent
1675 1259 1733 1298 se
1757 1244 1916 1308 mala,
1942 1253 1998 1300 et

393 1352 578 1399 essent
601 1345 783 1398 miseri
813 1337 1047 1412 semper,
1073 1358 1300 1412 quorum
1327 1342 1655 1396 cruciatibus
1681 1347 1994 1409 pasceretttr

393 1437 577 1490 nescio
606 1451 726 1506 qua:
759 1437 839 1489 vis
869 1435 1042 1490 latens
1083 1443 1137 1488 et
1178 1433 1496 1487 humanitati
1527 1433 1750 1487 adversa
1797 1431 1992 1485 crude-

396 1527 538 1582 litas.

464 1621 668 1676 XLVII.
718 1620 826 1675 Sed
872 1620 916 1674 si
945 1634 1160 1689 parens,
1195 1616 1396 1672 etiamh
1425 1618 1638 1686 genitor
1666 1617 1990 1679 animarum,

2097 421 2383 478 scarabeos
2407 463 2421 488 ,
2454 433 2510 477 et
2537 422 2757 477 cimices
2776 463 2790 488 ,
2819 422 3114 490 nitedulas,
3145 423 3512 485 curculiones.
3538 431 3593 478 et
3619 422 3700 477 ti—

2096 529 2228 569 neas
2276 515 2660 585 omnipotentis
2693 530 2819 572 esse
2846 531 2982 586 opus
3009 515 3152 586 regis
3195 533 3208 570 :
3240 515 3542 586 sequaciter
3592 529 3700 584 ι)οο

2097 607 2405 662 stulandum
2436 622 2466 661 a
2500 609 2656 663 nobis
2682 617 2765 663 est
2795 618 2852 663 ut
2879 609 2999 679 quis
3027 623 3092 662 ea
3123 607 3329 668 fecerit.
3369 606 3668 662 instituerit

2096 717 2201 772 que
2222 702 2484 768 dicamus,
2511 703 2779 770 possimus
2795 703 2938 758 enim
2955 703 3098 758 nulla
3127 717 3248 757 cum
3271 700 3702 768 reprehensione

2095 797 2323 856 nescire.
2345 798 2467 867 quis
2497 808 2552 852 et
2572 797 2676 851 illis
2699 798 2960 868 originem
2985 797 3214 862 dederit,
3239 805 3294 851 et
3314 796 3564 851 obtinere
3587 811 3700 850 non

2095 903 2217 943 esse
2244 903 2274 942 a
2320 888 2428 943 Deo
2479 889 2758 958 superiore
2794 888 2996 959 prolata
3049 897 3154 942 tarn
3201 901 3551 958 supervacua,
3586 896 3701 942 tam

2094 994 2230 1033 vana
2255 1021 2270 1044 ,
2305 987 2411 1034 tam
2441 979 2507 1034 ad
2541 980 2716 1034 nullas
2745 981 3068 1050 pertinentia
3095 980 3357 1045 rationes,
3391 979 3703 1048 quinimmo

2096 1071 2382 1142 aliquando
2427 1082 2482 1126 et
2513 1073 2703 1140 noxia,
2733 1081 2790 1128 et
2838 1073 3174 1129 necessarias
3223 1073 3570 1144 importantia
3603 1073 3705 1130 lae—

2097 1176 2299 1218 SIOIICS.

2167 1339 2398 1395 XLVIII.
2440 1339 2807 1396 Consimiliter
2837 1340 2924 1396 hic
2952 1356 3170 1412 quoque
3207 1355 3331 1397 cum
3364 1341 3574 1397 animas
3608 1356 3701 1397 re-

2098 1449 2328 1488 nnamus
2357 1433 2456 1488 Dei
2486 1447 2610 1489 esse
2643 1434 2903 1504 principis
2935 1433 3164 1504 prolem,
3195 1450 3300 1488 non
3323 1435 3582 1490 continuo
3608 1449 3705 1490 se-

2095 1528 2310 1596 quitur,
2343 1535 2398 1580 ut
2423 1527 2692 1597 explicare
2723 1527 3015 1582 debeamus
3051 1542 3288 1598 quonam
3331 1537 3554 1597 parente
3593 1527 3708 1582 sint

2095 1617 2272 1682 editae,
2305 1628 2359 1673 et
2384 1620 2562 1674 causis
2586 1619 2885 1688 cuiusmodi
2917 1629 3233 1689 procreatae.
3261 1621 3392 1689 Quis
3418 1621 3565 1675 enim
3598 1636 3704 1677 nos

393 1715 634 1786 inquitis,
671 1715 808 1768 Deus
855 1730 961 1768 non
1002 1723 1109 1778 est,
1165 1727 1272 1780 quo
1320 1723 1542 1766 auctore
1591 1711 1905 1781 progenitas,
1938 1723 1990 1766 et
2024 1738 2068 1798 Β
2098 1711 2368 1781 prohibet,
2394 1722 2486 1766 aut
2516 1712 2660 1767 unde
2685 1721 2859 1768 enata:
2881 1713 3008 1778 sint,
3035 1713 3446 1783 prodierintque
3469 1715 3705 1782 nescire,

391 1821 496 1876 qua
544 1814 668 1859 sunt
711 1805 919 1860 ratione
946 1805 1208 1875 prolatae?
1235 1803 1290 1859 Si
1322 1801 1553 1856 infucata
1590 1802 1749 1856 vultis
1780 1801 1988 1869 audire,

392 1913 493 1952 nec
517 1897 584 1951 ab
612 1897 788 1966 aliqua
808 1896 952 1950 vocis
981 1896 1346 1951 ostentatione
1368 1893 1596 1948 deducta
1622 1913 1634 1948 :
1657 1895 1785 1948 item
1816 1895 1989 1947 conli-

393 1998 570 2043 temur
594 2003 694 2043 nos
725 1988 863 2041 istud
897 1989 1166 2056 ignorare,
1193 1988 1424 2050 nescire,
1459 1985 1848 2055 scientiamque
1877 1995 1993 2040 tan-

393 2089 461 2135 ta:
505 2082 581 2135 rei
637 2096 740 2135 non
787 2091 992 2134 tantum
1041 2093 1279 2135 nostram
1331 2079 1576 2134 ducimus
1624 2078 1991 2135 inﬁrmitatem

393 2171 841 2243 fragilitatemque
893 2173 1145 2238 transire,
1193 2188 1377 2228 verum
1423 2174 1584 2227 etiam
1643 2180 1991 2242 potestatum,

391 2279 512 2334 qua:
558 2264 610 2318 in
665 2263 865 2318 mundo
911 2275 1056 2330 sunt,
1104 2263 1342 2317 omnium
1377 2281 1391 2318 :
1425 2273 1479 2318 et
1524 2278 1643 2333 qua:
1687 2263 1904 2318 numina
1934 2279 1995 2318 se

391 2373 512 2412 esse
541 2357 884 2428 Opinionibus
907 2371 1234 2426 usurpavere
1267 2356 1596 2411 mortalium.
1622 2355 1726 2410 Sed
1745 2371 1877 2424 quas
1901 2356 1996 2412 Dei

396 2463 681 2519 negamus,
714 2449 868 2518 cujus
895 2449 1020 2516 sint,
1053 2447 1311 2504 debemus
1336 2446 1661 2504 ostendere?
1680 2445 1820 2501 Nihil
1854 2447 1996 2504 istud

2098 1810 2192 1858 aut
2221 1818 2315 1858 eas
2341 1817 2447 1858 non
2479 1819 2602 1859 csse
2631 1803 2723 1858 Dei
2749 1805 3080 1875 progeniem,
3113 1804 3289 1860 scire?
3319 1804 3588 1873 Quanam,
3621 1806 3709 1860 in-

2098 1894 2283 1964 quitis,
2311 1896 2538 1957 ratione.
2573 1910 2676 1964 qua
2705 1895 2825 1948 via?
2853 1895 2989 1961 Quia
3021 1897 3168 1950 omni
3203 1910 3332 1950 vero
3362 1896 3706 1951 verissimum

2099 1997 2202 2053 est,
2251 1999 2510 2059 certoque
2553 1989 2916 2043 certissimum
2940 2030 2956 2054 ,
3004 1989 3137 2042 nihil
3167 2005 3345 2043 rerum
3375 2005 3403 2041 a
3434 1989 3707 2060 principe,

2098 2080 2239 2135 sicut
2262 2081 2462 2150 sai-pius
2485 2080 2687 2134 dictum
2730 2090 2833 2145 est,
2881 2080 2998 2150 agi,
3035 2078 3171 2146 fieri,
3205 2079 3394 2146 Statui,
3423 2082 3527 2134 nisi
3556 2081 3708 2150 quod

2098 2180 2366 2240 Oporteat,
2398 2182 2452 2226 et
2475 2171 2762 2227 conveniat
2790 2173 2903 2226 fieri
2935 2189 2950 2227 :
2983 2173 3083 2226 nisi
3106 2172 3249 2242 quod
3277 2174 3347 2227 sit
3379 2173 3618 2241 plenum,
3650 2183 3712 2229 et

2097 2262 2386 2341 integrum,
2415 2271 2469 2317 et
2503 2265 2557 2317 in
2585 2279 2697 2317 sua:
2729 2264 3052 2333 integritatis
3077 2263 3410 2334 perfectione
3458 2264 3705 2319 finitum.

2096 2353 2266 2408 Porro
2294 2363 2472 2410 autem
2521 2355 2885 2424 conspicimus
2940 2355 3216 2422 homines,
3266 2353 3319 2410 id
3367 2365 3452 2411 est
3494 2357 3709 2410 animas

2100 2446 2243 2517 ipsas
2267 2457 2314 2514 ε,
2331 2445 2460 2516 qttid
2475 2446 2618 2500 enim
2633 2456 2758 2502 sunt
2782 2446 3030 2502 homines
3048 2447 3151 2504 nisi
3173 2447 3368 2502 animae
3387 2448 3710 2518 corporibus

1618 2603 1998 2663 LECTIONES
2039 2604 2455 2663 VARIANTES.

459 2723 482 2751 ⁸
521 2721 700 2772 Abms.

2149 2721 2179 2760 ι)
2211 2721 2399 2784 Etms.,
2419 2721 2610 2774 melius.
2639 2722 2824 2774 Meurs.
2849 2726 2948 2788 jam
2971 2723 3113 2776 Fulr.

1788 2850 2348 2911 COMMENTARIUS.

391 2993 399 3003 '
466 2989 593 3045 Rem
634 2991 887 3062 infelicent
916 3001 961 3046 et
996 2991 1250 3045 miseram.
1280 2989 1408 3046 Hmc
1448 2990 1587 3044 inter
1615 3003 1801 3044 eorum
1829 3004 1995 3062 argu-

395 3075 598 3126 menta,
631 3050 720 3132 qui
748 3063 1020 3117 hominem
1048 3078 1075 3115 a
1103 3061 1212 3116 Deo
1241 3062 1518 3116 conditum
1546 3062 1832 3130 negabant.
1863 3050 1995 3117 Vide
2024 3050 2069 3112 C

395 3132 737 3188 Lactantinm
763 3134 901 3188 libro
928 3134 996 3188 de
1021 3134 1247 3203 Opilicio
1283 3133 1398 3188 Dei.
1433 3133 1676 3187 HEBALD.

435 3206 699 3270 -Quorum
727 3206 1039 3258 cruciatibus
1069 3215 1365 3276 posceretur
1392 3205 1557 3276 nescio
1589 3219 1702 3276 qua:
1730 3203 1802 3256 vis
1820 3203 1996 3276 latens

393 3287 439 3328 et
487 3277 793 3330 humanitati
843 3275 1076 3331 adversa,
1105 3277 1404 3329 crudelitas.
1457 3275 1531 3328 Ita
1579 3275 1780 3342 optime
1818 3275 1995 3328 locum

392 3348 626 3400 restituit
660 3347 748 3400 Fr.
775 3346 1004 3409 Modius,
1054 3350 1316 3410 probante
1355 3347 1664 3400 Stewechio
1693 3356 1746 3397 et
1787 3345 1998 3400 Salma-

392 3417 492 3472 sin.
529 3432 629 3470 ms.
679 3417 876 3472 habet:
913 3418 1098 3472 Nescio
1136 3417 1364 3487 quamvis
1406 3418 1588 3469 latens.
1631 3416 1856 3487 Viliose.
1903 3416 1996 3470 His

395 3499 577 3542 autem
609 3488 786 3541 verbis
821 3490 1088 3543 Arnobius
1119 3486 1304 3559 procul
1334 3487 1500 3540 dnhio
1528 3487 1784 3559 tlescribit
1814 3486 1998 3540 diabo-

397 3559 531 3623 lum,
566 3574 725 3616 quem
755 3560 1029 3613 crudeliter
1058 3558 1243 3612 sre’vunt
1271 3559 1482 3612 dixerat
1511 3573 1694 3626 supra.
1723 3558 1927 3612 ORELL.

472 3629 680 3684 XLVII.
702 3629 921 3683 —-ltcm
951 3632 1254 3695 confitemur
1291 3646 1381 3682 nos
1409 3629 1544 3682 istud
1565 3631 1824 3698 ignorare.
1860 3630 1995 3684 I’uto

398 3701 683 3770 legendum
711 3719 725 3755 ι
750 3703 930 3754 iterum
954 3709 1274 3766 confitemur.
1306 3699 1511 3754 ORELL.

473 3770 538 3824 Et
567 3788 680 3836 qum
706 3773 916 3825 numina
944 3790 997 3827 se
1019 3789 1144 3836 esse,
1168 3771 1492 3840 apiniom'bus
1519 3786 1830 3836 usurpavere
1855 3787 1994 3824 mor-

397 3843 596 3895 talium.
635 3841 898 3908 Usurpare
945 3845 1045 3898 hoc
1077 3845 1195 3898 loco
1236 3853 1423 3898 contra
1462 3841 1549 3910 jus
1583 3841 1790 3907 fasque,
1843 3843 1995 3897 nullo

395 3913 592 3967 merito
639 3914 761 3987 sibi_
786 3915 1314 3987 vitulicart',_Gr:tft‘e
1361 3915 1765 3987 σφεῖερίζεςθαι,
1818 3923 1992 3968 nostr.

395 3987 714 4051 usurpieren.
741 3984 815 4039 Ila
838 3986 1058 4040 Sueton.
1083 3985 1297 4050 Clautl.,
1317 3983 1436 4048 cap.
1467 3983 1537 4038 ‘23
1576 4002 1586 4034 :
1617 3983 1880 4039 Civitatem
1911 4001 1995 4037 ro-

398 4072 605 4128 manam
636 4067 937 4126 usurpantes
981 4059 1146 4112 securi
1194 4057 1460 4128 percussit.
1507 4055 1608 4112 Ubi
1651 4056 1758 4110 vid.
1789 4055 1992 4110 Casau-

395 4125 521 4183 bon.
556 4126 758 4182 OBELL.

473 4198 579 4252 Sed
598 4217 724 4267 quas
749 4198 843 4251 Dei
859 4215 1122 4269 negamus.
1150 4199 1221 4253 Ita
1247 4197 1516 4254 Stewech.
1542 4206 1596 4252 et
1617 4195 1792 4269 editor
1818 4197 1989 4268 Lugd.

400 4266 526 4340 Bai.
549 4266 616 4324 ex
645 4286 745 4324 tus.
770 4266 963 4324 Ca‘teri
993 4288 1004 4323 :
1036 4270 1142 4324 Sed
1169 4271 1288 4340 quia
1331 4271 1422 4323 Dei
1454 4286 1716 4340 negamus.
1751 4266 1914 4324 Idem.

477 4339 596 4393 Non
620 4342 753 4394 enim
782 4342 825 4393 si
858 4358 1101 4411 negamus
1132 4339 1362 4401 muscas.
1410 4339 1715 4406 scaraba‘os,
1763 4342 1986 4404 cimices,

400 4419 505 4504 fle;
535 4411 709 4504 l[gemit
757 4428 860 4493 non
877 4426 1140 4504 "creasse
1162 4412 1674 4504 tttittulas|lbttslinlas
1695 4411 1985 4504 ,ldeliritltn
2014 4445 2068 4504 Β

402 4482 504 4534 fuit
533 4481 837 4547 Marcionis,
877 4481 1140 4536 Valentini
1173 4492 1228 4538 et
1270 4485 1492 4551 Apellis,
1526 4495 1581 4535 ut
1623 4498 1685 4534 ex
1721 4481 1986 4551 llierony-

401 4567 511 4617 mo,
538 4563 666 4606 tom.
699 4569 770 4616 tv,
803 4569 920 4622 pag.
949 4553 1077 4614 2-H,
1123 4556 1172 4608 in
1207 4555 1468 4623 prooemio
1495 4553 1560 4606 ad
1609 4552 1984 4623 Philemonem

400 4624 666 4695 novimus.
700 4624 809 4679 Hos
834 4623 1078 4679 confutat
1107 4622 1453 4695 Augustinus,
1502 4624 1571 4678 de
1609 4622 1837 4679 Civitate
1868 4625 1980 4692 Dei,

400 4693 498 4765 llb.
530 4711 602 4756 xi.
630 4710 748 4763 cap.
782 4695 882 4756 15:
916 4695 1005 4748 lib.
1044 4713 1132 4761 xu,
1159 4693 1277 4765 cap.
1306 4697 1394 4751 25.
1432 4695 1680 4750 ELIIENH.

474 4764 769 4820 Nitedulas.
797 4767 1016 4822 Servius
1043 4769 1107 4821 ad
1130 4764 1325 4832 Gecrg.
1357 4766 1399 4828 I,
1440 4781 1581 4820 vers.
1618 4767 1740 4821 181.
1769 4766 1989 4822 Nitedu-

399 4838 503 4890 lam
547 4837 659 4890 sive
696 4840 916 4908 nitelam
950 4838 1332 4907 interpretatur
1371 4855 1563 4892 murem
1602 4849 1852 4908 agrestem
1893 4857 1985 4892 ru-

399 4908 564 4962 beum.
599 4909 788 4978 Papias
821 4929 832 4963 :
869 4907 1116 4963 Nitedula
1156 4910 1350 4963 animal
1375 4909 1576 4980 fulgens
1619 4907 1782 4980 instar
1822 4911 1984 4980 ignis,

399 4980 612 5048 exiguus
641 4997 772 5038 mus.
801 4981 937 5039 auod
970 4979 1144 5035 (ἔναιρε
1170 4978 1415 5040 lamparis
1437 4981 1643 5034 dicitur.
1671 4978 1862 5035 Cicero
1890 4998 1987 5050 pro

397 5050 604 5108 Sexti".
638 5065 756 5119 Cap.
783 5054 872 5108 55.
906 5062 958 5103 ιιι
985 5051 1076 5106 illa
1101 5069 1163 5106 ea:
1191 5053 1467 5118 vepreculis
1499 5061 1722 5105 extracta
1755 5053 1988 5107 uitedula

397 5119 762 5189 rempublicam
792 5135 1062 5177 conaretur
1101 5124 1361 5176 arrodere.
1396 5123 1644 5176 ELNENII.
1667 5151 1737 5162 ——
1763 5122 1846 5176 Cf.
1875 5123 1987 5177 Pli-

401 5191 559 5250 nius.
615 5191 749 5245 HiSt.
802 5193 945 5256 Nat.,
997 5209 1120 5257 vui,
1181 5209 1300 5262 eap.
1335 5195 1436 5257 :37,
1489 5193 1670 5261 ibique
1726 5194 1984 5250 Ilartluin.

397 5263 717 5335 R._Bent_|cy
744 5263 808 5317 ad
838 5265 1022 5318 IIorat.
1055 5282 1090 5328 t,
1129 5265 1296 5335 Epid.
1331 5280 1426 5328 vn,
1460 5280 1598 5335 vers.
1630 5264 1717 5318 29.
1755 5265 1854 5320 Ubi
1889 5281 1987 5334 pro

396 5333 664 5404 vulprcttla
683 5337 905 5389 restituit
933 5333 1185 5390 nitedula.
1201 5335 1456 5399 Salmas.,
1479 5335 1542 5387 ad
1563 5334 1757 5401 Solin.,
1781 5353 1830 5404 p.
1854 5333 1984 5402 225,

399 5419 541 5471 seq,
564 5403 662 5474 ubi
685 5404 750 5456 de
771 5404 871 5460 hoc
895 5407 1219 5462 animalculo
1247 5407 1445 5461 multus
1467 5414 1578 5468 est;
1606 5422 1636 5459 e
1657 5403 1832 5474 glossa
1865 5408 1990 5462 Phi-

396 5473 598 5548 loxeui,
647 5475 770 5544 quia
812 5477 965 5531 nitela
1008 5480 1294 5546 esponitur
1339 5473 1696 5548 δενδροϐἀτηξ.
1748 5479 1984 5548 eunjicit,

400 5546 872 5618 idemesseicutu
913 5549 1092 5602 sciurn
1122 5556 1138 5618 (
1169 5551 1262 5604 das
1303 5546 1561 5603 Eiclt/toru
1585 5549 1625 5618 ).
1673 5549 1777 5604 Sed
1827 5546 1987 5606 verba

401 5615 579 5671 Servii
622 5626 676 5670 ct
718 5617 892 5686 Papia:
927 5623 1114 5674 melius
1131 5615 1434 5676 convenire
1481 5615 1728 5674 videntur
1753 5622 1980 5675 animal-

397 5691 540 5752 cnlo,
573 5687 714 5758 quod
747 5687 883 5744 Galli
918 5691 1080 5743 mulot
1121 5693 1410 5760 appellant,
1439 5693 1523 5745 die
1554 5689 1855 5757 Feldmaus,
1901 5693 1987 5749 vel

402 5761 576 5827 potius
600 5760 736 5815 muri
765 5761 1127 5820 avellauarum
1157 5762 1370 5831 majori,
1402 5762 1517 5819 sive
1543 5763 1679 5818 muri
1702 5763 1984 5833 quercino,

2101 2991 2262 3066 dorso
2293 2993 2460 3066 rubeo
2482 3035 2496 3058 ,
2533 2993 2775 3066 arbores
2817 2994 3116 3064 saepissime
3165 2995 3475 3052 ascendenti
3511 3006 3566 3052 et
3610 3012 3706 3066 per

2103 3064 2681 3138 liiememidormienti,
2717 3067 2799 3119 die
2842 3083 3016 3138 grosse
3048 3067 3372 3123 Haselmaus.
3414 3064 3703 3136 Nourrius,

2103 3151 2234 3210 pag.
2257 3136 2386 3210 560,
2423 3146 2591 3210 putat.
2623 3136 3162 3210 niurt-m‘silvestrem
3191 3140 3505 3208 significari,
3536 3157 3697 3210 quem

2099 3206 2237 3261 Galli
2261 3207 2308 3260 le
2337 3207 2493 3260 mulot
2525 3218 2742 3262 vocant.
2769 3208 2853 3263 Cl‘.
2883 3218 2935 3264 et
2963 3208 3204 3276 Ernesd,
3235 3206 3384 3265 Clav.
3427 3206 3570 3277 Οἱς..
3600 3211 3706 3266 hoc

2101 3279 2284 3332 verbo.
2315 3277 2517 3333 ORELL.

2177 3371 2242 3425 Et
2272 3373 2496 3427 obtinere
2521 3390 2622 3428 non
2653 3390 2761 3428 esse
2785 3391 2817 3428 a
2857 3373 2966 3429 Deo
2995 3376 3256 3446 superiore
3277 3378 3502 3447 prolatu.
3528 3377 3704 3445 Quem

2100 3443 2188 3517 hic
2209 3449 2556 3517 superiorem,
2579 3460 2738 3512 supra
2767 3447 3004 3517 appellat
3036 3443 3197 3500 Deum
3225 3443 3445 3517 primum
3471 3463 3487 3501 :
3517 3443 3568 3502 is
3589 3466 3707 3503 tneo

2099 3513 2203 3587 lior
2235 3515 2376 3568 D-eus
2402 3525 2486 3587 est
2515 3516 2769 3570 Marcioni
2811 3513 2865 3571 et
2891 3516 3092 3570 Christi
3124 3513 3292 3587 pater.
3334 3518 3463 3572 Vide
3486 3519 3706 3574 Tertul-

2098 3586 2319 3658 lianurtn,
2346 3587 2414 3640 de
2436 3586 2768 3656 Prmscript..
2793 3589 2915 3642 adv.
2941 3586 3164 3646 Ila-ret"
3189 3605 3308 3658 cap.
3330 3590 3382 3643 7.
3416 3589 3702 3658 lretucntn,

2100 3657 2481 3726 Epiphanium,
2513 3660 2669 3713 alios.
2705 3661 2947 3714 limans.
2983 3669 3037 3713 et
3069 3659 3308 3715 lienam.

2171 3749 2402 3804 XLVIII.
2433 3779 2504 3823 -_——
2543 3750 2670 3823 L‘um
2707 3752 2905 3805 animas
2944 3768 3217 3806 renuamus
3248 3751 3344 3805 Dei
3374 3770 3478 3806 esse
3511 3755 3701 3823 princi-

2100 3821 2179 3946 pils
2197 3823 2414 3890 prolem.
2434 3821 2696 3948 Sittiiiliiier
2716 3835 2953 3876 renutare
2977 3839 3071 3892 pro
3093 3840 3281 3894 negare
3297 3825 3434 3894 apud
3457 3821 3649 3880 Lucret
3663 3868 3701 3892 .,

2125 3909 2195 3946 ι).
2230 3909 2323 3948 ιιι.
2350 3907 2492 3947 vers.
2532 3909 2564 3947 ο
2665 3912 2678 3948 :

2183 3933 2195 3945 ο
2230 3933 2287 3948 III
2309 3935 2323 3958 ν
2358 3933 2492 3947 Ἰνιυο
2532 3933 2629 3948 νυ.
2665 3935 2678 3948 ο

2223 4005 2360 4064 Quod
2382 4010 2634 4070 superest,
2659 4007 2702 4054 si
2724 4007 2834 4068 quis
2855 4019 3033 4070 corpus
3054 4009 3242 4057 sentire
3268 4013 3486 4064 renutat,
3513 4013 3606 4058 etc.

2967 4117 2973 4124 -
3015 4091 3235 4147 lienam
3265 4104 3318 4148 et
3347 4091 3554 4147 Οιιιειιι..

2181 4202 2306 4257 Vero
2335 4204 2649 4258 verissimum
2672 4215 2741 4259 est
2771 4216 3003 4276 certoque
3029 4207 3386 4262 certissimum.
3421 4207 3696 4262 lIellenis-

2097 4289 2217 4328 mus
2243 4283 2343 4330 est.
2379 4277 2608 4342 Seneca,
2645 4277 2762 4330 Nat.
2794 4279 3021 4342 Qtt:ust.,
3058 4278 3149 4332 lib.
3184 4295 3240 4338 II.
3271 4294 3391 4345 cap.
3421 4278 3527 4332 ὅδε
3571 4278 3698 4332 Vero

2097 4347 2263 4401 verius
2289 4347 2420 4401 nihil
2459 4357 2552 4402 est.
2588 4347 2839 4413 lilartial.,
2875 4348 3056 4419 Epigr.
3091 4365 3173 4415 vi,
3203 4349 3292 4416 30,
3342 4349 3409 4404 ad
3448 4350 3693 4406 Pastum;

2340 4482 2426 4531 Vis
2447 4483 2605 4531 dicam
2628 4484 2715 4533 tibi
2741 4485 2935 4533 veriora
2960 4485 3126 4533 veris?

2333 4545 2433 4594 Sex
2461 4548 2720 4609 sestercia,
2739 4547 2897 4609 Paete,
2924 4547 3196 4610 perdidisti.

2089 4669 2334 4745 Etusuu.
2390 4669 2592 4745 Etiam_
2635 4674 2890 4745 superlat.
2964 4689 3063 4745 pro
3116 4673 3486 4740 comparativo
3542 4687 3698 4731 more

2087 4740 2416 4797 Graecorum.
2450 4743 2522 4798 Ita
2555 4742 2796 4814 Euripid.
2833 4740 3248 4817 (Audi-omneli.)
3276 4760 3420 4823 vers.
3454 4749 3489 4802 6
3531 4766 3544 4802 :

2338 4893 2410 4952 ῐξΐιν
2435 4887 2470 4928 δ’
2493 4888 2591 4934 οὔτις
2615 4888 2708 4940 ἄλλη
2727 4888 3004 4944 δυστυχιστάτη
3028 4896 3115 4944 τυνή

2341 4957 2438 5002 Εμοῦ
2461 4956 2625 5004 sig-Juv,
2648 4954 2670 5003 ἦ
2695 4957 2884 5005 τινήσιται
2907 4969 3017 4995 ποτα.

2089 5043 2308 5102 Homer.
2329 5087 2346 5114 ,
2375 5045 2571 5120 Odyss.
2605 5064 2691 5117 ιι,
2722 5064 2867 5105 vers.
2898 5050 3025 5106 481.

2927 5201 3000 5217 ...ο
3025 5183 3103 5218 cdo
3125 5175 3176 5226 δ’,
3198 5169 3366 5229 Ᾰχιλλιῦ,

2276 5234 2384 5283 οὔτις
2406 5237 2494 5288 ἀνὴρ
2516 5239 2736 5291 προπάροιὴ
2753 5241 3003 5292 μωιάρτατος,
3026 5239 3103 5280 οὔτ’
3126 5238 3184 5294 ἄρ’
3207 5244 3362 5281 deriuari».

2091 5334 2190 5411 Ubi
2235 5337 2347 5411 vid.
2380 5336 2574 5395 Clarke
2601 5341 2974 5400 etHcrmann.
3022 5341 3086 5396 V.
3112 5343 3192 5397 Cl.
3226 5343 3293 5398 ad
3342 5341 3528 5411 Viger.
3555 5385 3569 5409 ,
3625 5345 3694 5400 de

2093 5408 2353 5483 Idiotism.
2404 5425 2565 5483 graec.
2591 5454 2605 5476 ,
2639 5429 2757 5483 pag.
2805 5415 2931 5468 7l5.
2980 5413 3137 5468 Conf.
3180 5426 3234 5470 et
3278 5408 3578 5480 Gata‘lterg
3621 5416 3692 5469 de

2089 5479 2231 5560 style
2263 5480 2394 5534 Nov.
2427 5479 2786 5560 Test.,_'c:'ip.
2839 5484 2928 5540 25.
2962 5484 3227 5560 Czctertun
3262 5485 3400 5540 hanc
3433 5487 3688 5553 loquendi

2092 5556 2359 5625 rationem
2411 5556 2701 5609 usuvenire
2745 5556 3116 5610 tantuuunodo
3161 5557 3213 5613 in
3261 5560 3685 5625 comparationi-

2091 5621 2191 5702 Iuis
2211 5662 2226 5686 ,
2283 5623 2537 5702 absolute
2564 5642 2851 5702 numquam
2874 5669 2890 5692 ,
2941 5629 3250 5684 rectissime
3278 5621 3688 5702 observatiBre-

2092 5693 2232 5767 rnius
2283 5692 2345 5747 V.
2414 5697 2473 5749 D.
2526 5697 2577 5752 in
2625 5692 3013 5767 Supplemento
3062 5712 3249 5757 nostro
3291 5700 3358 5755 ad
3407 5699 3688 5756 Nicolaum

2093 5764 2478 5835 Damascenunt
2500 5811 2513 5834 ,
2548 5784 2601 5838 p.
2631 5764 2719 5837 51,
2740 5764 2853 5841 Seq.
2882 5767 3085 5826 Οιιειι..
