3974 6068
1557 238 1758 297 LIBER
1797 237 2184 301 SECUNDUS.

3398 238 3510 297 890

205 357 462 428 illigata?
506 356 783 413 scaevitate
808 366 835 395 ι
886 355 1265 413 innumerabili
1295 357 1544 414 vitiorum
1578 358 1722 428 ipsos
1749 372 1809 414 se
1835 366 1883 428 Α
1913 359 2114 413 minum
2142 356 2370 413 forsitan
2396 356 2970 429 comprehensionibus
2998 355 3286 414 terminati.
3319 355 3390 413 At
3415 370 3510 428 ge-

205 451 447 507 indicare
486 464 590 506 nou
618 464 741 505 esse
765 450 975 520 patricii
1000 450 1244 519 generis,
1277 450 1373 506 sed
1418 466 1484 505 es
1519 449 1804 505 mediocri-

204 545 304 602 bus
335 543 550 599 familiis
600 552 932 613 procreatos.
975 542 1216 613 Namque
1264 543 1399 597 alios
1427 543 1671 598 videmus
1700 543 1805 597 im-

202 639 387 703 mites,
421 638 772 703 facinorosos,
810 636 1062 699 audaces,
1099 636 1436 701 temerarios,
1467 635 1800 708 praecipites,

205 744 401 796 carens,
445 730 618 795 iit-tos,
672 729 1119 791 dissimulatores,
1151 732 1462 790 mendaces.
1513 729 1802 799 superbos,

202 831 541 893 arrogantes,
560 836 769 882 avaros.
792 820 1037 892 cupidos,
1053 820 1392 886 libidinosus,
1414 820 1800 886 inconstantes,

204 917 497 977 invalidos.
530 925 585 972 et
610 931 705 971 sua
738 917 886 985 ipsos
912 915 1132 971 decreta
1164 929 1489 971 conservare
1531 928 1809 984 nequeun-

205 1018 291 1066 tes
320 1027 334 1064 :
363 1009 506 1079 quod
539 1010 722 1080 utique
748 1026 855 1064 non
881 1019 1086 1076 essent,
1117 1009 1159 1063 si
1186 1009 1521 1080 generositas
1546 1022 1641 1062 eos
1660 1020 1810 1061 asse-

204 1108 353 1158 reret
384 1100 717 1171 principalis,
749 1111 800 1156 et
830 1101 899 1155 ab
925 1115 1103 1156 rerum
1146 1100 1321 1171 capite
1363 1097 1805 1155 descendentium

203 1190 466 1247 ducerent
488 1191 894 1247 honestamenta
925 1192 1209 1247 natalium.

276 1283 467 1339 XLIX.
496 1284 603 1341 Sed
626 1295 682 1341 et
711 1285 859 1349 boni,
889 1285 1104 1349 dicetis.
1131 1292 1257 1341 sunt
1285 1286 1338 1341 in
1361 1284 1525 1341 rebus
1553 1283 1803 1339 humanis

201 1377 326 1443 viri,
352 1378 647 1448 sapientes.
669 1376 819 1448 justi,
849 1376 1137 1447 inculpatis
1161 1388 1322 1448 atque
1348 1376 1804 1432 emendatissimis

202 1470 465 1525 moribus.
498 1468 711 1525 Nullam
757 1472 1040 1526 referimus
1065 1472 1444 1542 quaestionem,
1475 1485 1541 1525 an
1573 1469 1664 1524 ulli
1704 1469 1803 1524 ali—

202 1560 422 1631 quando
444 1559 639 1617 fuerint
662 1562 817 1627 tales,
838 1562 1103 1633 inquibus
1129 1563 1352 1617 omnino
1378 1562 1510 1617 nihil
1541 1562 1640 1617 ista
1665 1562 1799 1631 ipsa,

203 1668 332 1725 qua:
360 1654 575 1719 dicitur,
609 1654 942 1711 desideraret
967 1656 1267 1727 integritas.
1296 1651 1567 1711 Sint'licet
1605 1653 1799 1725 perho-

206 1747 370 1813 nesti,
398 1744 702 1817 fuerintque
728 1746 1044 1815 laudabiles,
1076 1748 1345 1802 tenuerint
1370 1747 1577 1818 apicem
1596 1746 1803 1818 perlec-

202 1838 366 1893 tionis
392 1853 684 1905 summum,
710 1854 809 1895 nec
837 1839 888 1894 in
917 1839 1095 1910 aliquo
1118 1838 1273 1910 lapsu
1301 1855 1489 1895 eorum
1516 1840 1802 1912 aliquando

199 1930 580 1986 claudicaverit
623 1931 733 1986 vita
768 1949 781 1986 :
808 1930 904 1988 sed
931 1932 1117 1988 audire
1150 1933 1490 2002 deposcimus
1516 1943 1644 2003 quot
1670 1933 1800 1997 sint,

201 2033 295 2079 aut
331 2024 530 2080 fuerint
558 2040 805 2090 numero,
845 2035 903 2079 ut
947 2040 1013 2080 ex
1048 2024 1407 2080 multitudinis
1438 2024 1805 2095 magnitudine

201 2118 513 2184 metiamur,
543 2132 610 2172 an
638 2117 907 2188 oppositio
928 2117 1071 2187 justa
1099 2119 1169 2173 sit
1196 2118 1356 2185 facta,
1380 2133 1447 2172 an
1471 2114 1497 2155 ι)
1529 2119 1804 2188 aequalita-

202 2211 276 2294 tis
304 2212 988 2281 compensationelibrata.
1023 2211 1191 2278 Unus,
1223 2212 1353 2279 duo,
1389 2223 1519 2278 tres,
1549 2221 1800 2289 quatuor,

200 2302 416 2371 decem,
440 2302 663 2375 vigenti,
692 2312 931 2371 centum,
956 2314 1107 2361 certe
1133 2318 1361 2360 numero
1384 2303 1612 2370 deﬁniti,
1631 2313 1686 2360 et
1706 2320 1802 2361 uo-

1913 466 2015 505 nus
2046 451 2335 506 humanum
2366 466 2471 506 non
2503 466 2570 507 ex
2598 452 2755 506 bonis
2780 450 3043 522 pauculis,
3071 450 3164 505 sed
3190 465 3254 504 ex
3296 448 3509 505 caeteris

1913 542 2161 598 omnibus
2213 543 2468 598 aestimari
2518 543 2797 609 convenit,
2826 551 2881 597 et
2929 541 3235 612 ponderari.
3284 538 3343 595 lu
3394 548 3511 595 toto

1914 635 2058 689 enim
2093 651 2215 703 pars
2256 644 2358 697 est,
2390 650 2495 689 non
2543 644 2709 690 totum
2741 635 2795 690 in
2846 643 2996 704 parte
3030 650 3043 684 :
3086 643 3141 689 et
3182 632 3509 687 universitas

1912 725 2074 782 debet
2116 726 2391 781 attrahere
2421 727 2716 798 portiones,
2752 742 2857 782 non
2909 725 3245 796 portionibus
3293 724 3510 779 univer-

1914 820 2045 876 sitas
2071 819 2347 890 applicari.
2378 818 2515 887 Quid
2548 822 2689 875 enitn
2720 821 2763 874 si
2794 819 3065 874 hominem
3112 816 3261 872 dicas
3291 824 3506 886 captum

1916 912 2173 966 membris
2202 912 2474 979 omnibus,
2505 921 2559 967 et
2583 911 2876 982 eiulantem
2903 927 2968 966 ex
2997 908 3323 965 cruciatibus
3351 922 3509 977 aspe—

1915 1008 2009 1068 ris,
2042 1006 2244 1061 idcirco
2268 1021 2389 1063 esse
2415 1022 2632 1072 sanum,
2659 1004 2798 1078 quod
2827 1006 2982 1061 unius
3009 1001 3280 1073 nnguiculi
3302 1001 3508 1057 nullum

1914 1099 2252 1170 perpetiatur
2284 1100 2568 1155 dolorem?
2595 1110 2689 1156 aut
2712 1114 2833 1155 esse
2859 1114 3077 1154 auream
3118 1106 3337 1163 terram,
3363 1094 3509 1168 quod

1913 1194 1968 1249 in
2020 1193 2305 1249 verrucula
2344 1193 2501 1249 collis
2554 1193 2712 1248 unius
2773 1192 2942 1248 insint
2996 1190 3210 1262 exiguae
3271 1189 3504 1255 miculas,

1907 1287 2106 1359 quibus
2148 1288 2390 1343 nascitur
2431 1287 2824 1358 colliquel‘actis
2860 1302 3085 1353 aurum,
3117 1294 3173 1341 et
3215 1283 3509 1339 admiratio

1908 1385 2327 1452 congregatione
2353 1381 2721 1453 conquiritur?
2748 1380 3072 1449 Qualitalem
3088 1376 3328 1433 materia:
3345 1386 3368 1416 ο
3390 1375 3510 1431 uui-

1910 1474 2140 1530 versitas
2187 1474 2439 1529 clementi
2487 1473 2697 1543 probat,
2750 1487 2856 1528 non
2909 1470 3192 1542 pulvisculi
3240 1466 3505 1524 stabiles:

1908 1572 2009 1621 nec
2037 1580 2183 1620 mare
2210 1565 2468 1620 continuo
2498 1565 2655 1619 dulce
2680 1573 2784 1626 est,
2814 1565 2858 1618 si
2892 1563 3120 1618 mitioris
3151 1576 3304 1633 aqua:
3331 1566 3507 1630 guttas

1907 1659 2137 1729 alicujus
2176 1658 2445 1729 adieceris
2491 1670 2653 1728 atque
2696 1657 2986 1711 immiseris
3040 1654 3274 1718 numeri,
3312 1667 3507 1709 consu-

1913 1750 2078 1805 mitur
2103 1750 2244 1804 enim
2273 1749 2527 1804 minuties
2555 1750 2655 1805 ista
2686 1750 2950 1803 immenso
2974 1744 3000 1783 ἀ
3036 1765 3048 1802 :
3081 1762 3180 1802 nec
3209 1745 3371 1801 modo
3401 1758 3508 1801 non

1912 1841 2080 1912 parvi,
2116 1841 2211 1895 sed
2258 1854 2378 1896 esse
2409 1840 2609 1894 nullius
2658 1840 3076 1895 existimandum
3122 1847 3207 1894 est
3244 1836 3506 1903 nominis,

1909 1932 2050 2004 quod
2079 1947 2175 2004 per
2199 1932 2380 1986 onmia
2413 1916 2662 1987 diffusum
2689 1933 2850 2003 perit,
2880 1944 2935 1988 et
2975 1932 3028 1987 in
3056 1931 3232 2002 magni
3260 1932 3510 2001 corporis

1906 2024 2250 2094 iutercipitur
2278 2025 2545 2079 vasﬁtate.

1981 2118 2043 2174 L.
2079 2118 2184 2173 Vos
2211 2118 2447 2172 humano
2479 2117 2533 2171 in
2560 2131 2759 2188 genere
2787 2116 2957 2171 bonos
2987 2132 3107 2173 esse
3132 2116 3308 2193 dicitis
3337 2114 3506 2185 viros,

1911 2213 2003 2284 qui
2040 2225 2098 2268 ut
2136 2227 2257 2268 esse
2290 2210 2608 2277 credantur,
2651 2210 2987 2281 comparatio
3027 2210 3250 2266 forsitan
3299 2206 3507 2264 efﬁciat

1906 2308 2291 2379 pessimorum.
2322 2306 2552 2374 Quinam
2602 2304 2688 2360 isti
2722 2305 2887 2361 sunt?
2925 2303 3110 2362 dicite.
3164 2300 3505 2375 Philosotthi,

1414 2444 1795 2527 LECTIONES
1830 2468 2246 2529 VARIANTES.

269 2602 301 2706 ἒ
333 2600 415 2715 IEu:
427 2599 855 2714 £t%.sef\tllule
892 2611 985 2651 ms.
1010 2598 1231 2652 Savitate
1255 2598 1382 2653 male
1403 2600 1509 2653 alii.

1983 2608 2008 2637 ο
2049 2606 2222 2656 Terrae
2245 2605 2387 2656 Fille.

1982 2667 2011 2708 ἀ
2048 2668 2106 2719 In
2128 2670 2366 2719 immenso
2389 2668 2525 2720 Fulv.

1606 2772 2167 2833 COMMENTARIUS.

281 2909 553 2965 Sctevitate
592 2909 951 2965 innumerabili
998 2910 1258 2965 vitiorum.
1298 2910 1375 2966 lta
1407 2910 1559 2967 Fulv.
1614 2913 1813 2971 Ursin-

201 2982 531 3055 rectissime.
562 2980 770 3055 Glosste
802 3000 813 3036 :
847 2981 1188 3055 scaenas...)
1230 2983 1495 3055 iniquitas.
1544 2986 1753 3055 Apulei.
1779 3028 1794 3053 ,

200 3052 335 3125 Met.
370 3068 424 3107 ιι
448 3095 462 3120 ,
499 3067 619 3123 pag.
664 3052 764 3108 ﬁt
788 3097 803 3121 ,
837 3053 926 3108 ed.
950 3053 1194 3125 AEImeuh
1224 3072 1237 3107 :
1271 3052 1386 3117 En,
1414 3052 1647 3125 inquiunt
1668 3098 1682 3120 ,
1721 3052 1804 3112 in-

201 3123 417 3194 dignam
459 3124 532 3177 rei
581 3128 905 3199 serenitatem.
948 3123 1078 3179 lude
1127 3142 1326 3199 serena,
1386 3123 1629 3199 sinistra,
1676 3146 1801 3199 per-

199 3210 350 3248 versa
373 3236 389 3259 ,
430 3196 707 3249 contraria.
746 3194 865 3249 Vid.
908 3211 1068 3265 supra
1100 3196 1167 3251 ad
1199 3198 1291 3251 lib.
1319 3213 1353 3250 l.
1387 3198 1592 3253 URELL.

280 3286 562 3363 Invalidos.
592 3288 669 3363 Ita
698 3290 910 3344 videtur
934 3290 1206 3363 hrnobius
1235 3290 1507 3361 appellare
1528 3305 1645 3359 eos,
1667 3306 1805 3363 quos

200 3362 451 3438 ἀκρατεῖς
475 3357 648 3415 Graeci
679 3370 893 3416 vocant.
932 3361 1170 3416 "suam.

283 3455 686 3512 Honestamenta
717 3458 987 3512 natalium.
1022 3458 1148 3513 Plus
1174 3466 1256 3513 est
1286 3473 1445 3527 quam
1476 3456 1673 3512 honesti
1703 3474 1825 3512 nar

205 3529 339 3583 tales
364 3569 381 3593 ,
431 3528 525 3599 qui
569 3530 788 3597 proprie
813 3540 935 3583 sunt
964 3530 1179 3597 ingenui
1207 3539 1259 3583 et
1291 3530 1542 3584 liberales
1562 3569 1577 3593 ,
1609 3544 1802 3599 quem-

198 3599 499 3656 admodum
530 3601 741 3654 honeste
766 3601 927 3670 geniti
946 3642 961 3663 ,
994 3600 1210 3669 ingenui
1233 3617 1296 3656 ac
1327 3601 1588 3655 libertina:
1617 3600 1803 3655 condi-

199 3671 391 3727 tionis.
426 3672 500 3726 lta
528 3672 633 3726 Tit.
669 3672 808 3735 Liv.,
841 3674 933 3726 lib.
970 3670 1220 3727 xxvrCn.
1253 3670 1496 3725 Fulvium
1522 3671 1801 3737 Qniritium

194 3743 502 3809 exercitum,
532 3743 738 3797 honeste
756 3744 977 3813 genitos,
1010 3742 1286 3798 liberaliter
1311 3746 1570 3802 educatos.
1599 3742 1800 3798 servili-

194 3814 297 3868 bus
352 3813 489 3867 viiiis
543 3813 801 3869 inibi-ise.
870 3814 967 3869 llic
1031 3825 1212 3869 autem
1281 3815 1610 3883 signiﬁcatur
1658 3823 1801 3869 tanta

192 3895 402 3955 quanta
434 3886 724 3954 signiﬁcari
754 3894 931 3954 potest
956 3888 1322 3955 generositas,
1349 3888 1572 3955 εὐγένεια
1592 3889 1621 3946 ἡ
1642 3888 1797 3949 πάνυ,

194 3908 402 3955 quanta
434 3908 724 3954 Slglllllcarl
754 3908 931 3954 νυιίεδι
956 3908 1322 3955 ςειιυιυδιιῖιδ,
1349 3908 1405 3941 ευ
1443 3908 1572 3941 ενεια
1592 3909 1621 3946 η
1642 3908 1797 3949 πανυ,

194 3956 456 4012 stabilitas
479 3958 777 4011 animarum
807 3957 1018 4021 divina,
1048 3956 1164 4028 i.7q.
1197 3958 1358 4012 modo
1397 3908 1605 4011 tlixcrat
1648 3973 1800 4028 gene-

193 4028 390 4083 rositas
430 4029 730 4098 principalis
752 4070 764 4086 .
790 4028 841 4083 id
880 4038 962 4083 est
989 4027 1227 4095 profecta
1253 4044 1284 4083 a
1312 4030 1419 4085 Deo
1439 4069 1454 4095 ,
1479 4027 1659 4084 rerum
1682 4044 1797 4082 om-

195 4101 352 4156 nium
382 4099 529 4156 fonte
560 4115 622 4155 ac
650 4100 914 4171 principe.
949 4099 1190 4154 "suam.

272 4236 464 4293 XLIX.
495 4268 564 4277 —
594 4235 1043 4292 Ememlatissimis
1090 4236 1332 4291 moribus.
1391 4236 1446 4291 ltl
1494 4246 1576 4289 est
1622 4236 1797 4307 perfe-

196 4309 496 4372 ctissimis,
542 4308 944 4377 integerrimis,
1004 4308 1155 4362 nullo
1193 4309 1399 4363 serlere
1433 4309 1671 4376 pollutis.
1713 4309 1799 4362 Di-

197 4381 437 4435 etioncm
483 4380 724 4448 pluribus
773 4382 1042 4435 illustrant
1092 4379 1309 4434 Juretus
1346 4379 1410 4433 ad
1459 4379 1793 4445 Sinnuacb.,

197 4451 294 4523 lib.
329 4469 377 4517 ι,
400 4452 558 4523 epist.
587 4452 659 4506 26
679 4494 695 4517 ,
730 4469 778 4522 p.
803 4454 875 4507 40
895 4494 910 4516 ,
936 4453 1021 4506 ed.
1049 4451 1215 4523 Lectii
1235 4495 1249 4518 ,
1282 4451 1367 4505 Jo.
1401 4450 1641 4508 Wuwer.
1667 4493 1683 4513 ,
1727 4452 1794 4505 ad

199 4522 420 4614 ﬁetu"-
442 4540 540 4614 ..v;
564 4524 683 4614 ,Ψ
703 4523 1116 4614 ard-Peticus
1157 4522 1345 4614 Ur:
1376 4522 1792 4614 ἓνοιιρξνςπμεα
1824 4554 1878 4614 Ι)

200 4593 398 4649 Senec.
422 4635 437 4661 ,
468 4593 536 4649 de
564 4594 645 4650 lra
668 4638 681 4659 ,
719 4597 809 4651 lib.
848 4612 895 4660 ι,
926 4611 1048 4664 cap.
1080 4596 1112 4649 5
1133 4635 1148 4659 ,
1178 4604 1232 4649 ct
1275 4593 1439 4650 Conte
1460 4637 1476 4661 ,
1518 4596 1583 4650 ad
1615 4595 1754 4649 l’lin.
1778 4637 1793 4663 ,

200 4664 299 4719 lib.
328 4680 418 4732 tu,
445 4666 604 4737 epist.
635 4682 692 4722 nt
712 4708 728 4733 ,
764 4684 815 4738 p.
851 4668 975 4723 187.
1006 4665 1210 4721 Οιιειιη

278 4760 611 4817 Boui.....in
657 4763 805 4817 rebus
831 4763 1068 4817 humanis
1109 4762 1237 4823 viri,
1269 4761 1544 4831 sapientes.
1580 4760 1676 4815 Alii
1706 4760 1801 4815 de-

200 4831 321 4889 lent
348 4846 556 4888 comma
580 4844 701 4904 post
728 4834 821 4888 viri
843 4877 858 4897 ,
890 4841 948 4887 ttt
973 4847 1164 4888 sensus
1200 4833 1269 4888 sit
1295 4851 1309 4886 :
1338 4833 1601 4904 sapientes
1630 4834 1681 4885 in
1713 4849 1799 4886 re-

200 4906 300 4960 bus
325 4903 591 4959 humanis.
618 4907 723 4962 Sed
754 4905 927 4970 male,
955 4906 1009 4958 in
1028 4906 1179 4959 rebus
1209 4904 1446 4958 Immanis
1472 4914 1555 4957 est
1594 4903 1645 4956 in
1675 4905 1797 4958 uni-

200 4990 365 5032 verso
391 4978 666 5032 hominum
693 4992 894 5047 genere
917 5019 932 5041 ,
961 4978 1014 5031 in
1042 4977 1133 5030 der
1158 4974 1498 5055 .ﬂenschheit.
1529 4974 1735 5030 OBELL.

274 5068 341 5124 In
367 5069 547 5139 quibus
591 5070 723 5125 nihil
761 5071 861 5123 ista
886 5070 1465 5141 ipsa.....desideraret
1509 5069 1792 5138 integritas.

197 5140 276 5197 Ita
305 5158 336 5198 e
362 5144 485 5197 cod.
521 5158 623 5196 ms.
669 5140 1021 5197 restituitcd.
1066 5142 1237 5208 Lugd.
1272 5142 1389 5196 Dat.
1414 5182 1428 5205 ,
1474 5142 1711 5211 optime,
1743 5147 1801 5193 ttt

198 5229 394 5269 sensus
416 5215 605 5285 sitzin
652 5213 847 5285 quibus
893 5215 1005 5283 ipsa
1041 5212 1567 5285 integritas_g(v_irtus
1610 5225 1798 5285 perso-

196 5284 442 5354 nilicata)
473 5286 602 5339 nihil
627 5281 958 5340 desideraret
978 5328 991 5346 ,
1024 5302 1089 5337 an
1113 5281 1273 5338 denen
1302 5281 1387 5337 die
1402 5281 1619 5353 Tugend
1644 5282 1797 5337 selbst

194 5357 365 5411 nichts
397 5366 725 5413 auszusetzen
751 5357 908 5410 hatte.
939 5355 1057 5411 Cet.
1102 5357 1265 5421 nihil,
1297 5356 1332 5410 i.
1364 5370 1415 5410 e.
1458 5356 1602 5409 nulla
1630 5355 1683 5408 itt
1713 5370 1793 5421 re,

197 5427 577 5483 desideraretur
602 5429 885 5498 integritas.
914 5429 1117 5483 (lusu.

276 5521 509 5576 Numero
557 5522 774 5589 deﬁuiti.
827 5523 1084 5594 Appos-itc
1128 5521 1194 5576 ad
1224 5530 1467 5576 nostrum
1504 5502 1755 5578 .luveual.
1780 5561 1796 5588 ,

199 5603 307 5651 sat.
340 5609 435 5649 xm
461 5634 477 5660 ,
508 5608 651 5649 vers.
680 5594 771 5657 28,
798 5609 913 5664 seq.
947 5611 960 5647 :

358 5727 482 5795 ligari
496 5730 680 5793 quippe
701 5731 838 5788 boni,
863 5729 1198 5795 numerusvix
1223 5728 1527 5795 esttandem
1551 5770 1563 5791 ,
1586 5736 1707 5795 quot

361 5790 645 5842 Thebarum
671 5803 843 5857 portae,
880 5792 957 5845 vel
980 5792 1147 5845 divitis
1169 5793 1292 5843 ostia
1304 5790 1421 5843 Nili.

1982 2917 2233 2974 ELIENH.
2253 2948 2325 2959 —
2344 2917 2440 2973 Ms.
2466 2918 2702 2989 dif/initi.
2732 2916 2937 2974 ORELL.

1984 3033 2294 3088 Ponderari.
2330 3034 2403 3088 Ita
2453 3050 2554 3089 ms.
2602 3032 2757 3089 Fulv.
2809 3032 2994 3089 Ursin.
3036 3028 3279 3102 ponderi,
3326 3027 3510 3085 nescio

1909 3120 2014 3176 qua
2041 3121 2222 3160 cauSa.
2259 3107 2465 3160 Onus.

1981 3223 2049 3277 In
2086 3224 2357 3277 verrucula
2396 3223 2542 3278 collis
2582 3223 2755 3278 unius.
2803 3220 3063 3276 Geminus
3110 3218 3262 3273 loeus
3287 3216 3383 3271 lib.
3431 3230 3458 3266 ν
3491 3231 3505 3269 :

1914 3293 2153 3348 Etiamne
2192 3296 2471 3359 credemus,
2512 3295 2661 3348 deum
2707 3293 2930 3347 numinis
2976 3292 3106 3345 tanti
3149 3299 3365 3342 tractum
3402 3302 3510 3341 esse

1910 3367 1980 3420 ad
2023 3376 2216 3429 terras,
2251 3376 2297 3419 et
2342 3367 2394 3419 in
2435 3365 2703 3419 verrucula
2745 3364 2893 3418 collis
2939 3363 3090 3416 unius
3128 3377 3244 3414 cum
3283 3361 3505 3429 homun-

1910 3438 2027 3491 culo
2065 3426 2284 3491 stantem
2315 3436 2661 3491 altercabilem
2686 3434 3003 3489 conseruisse
3032 3429 3366 3486 sermonem?
3392 3426 3504 3483 Ex-

1912 3509 2102 3576 pre-sit
2135 3520 2313 3563 autem
2356 3508 2423 3561 de
2468 3509 2571 3562 isto
2615 3507 2839 3562 Catonis
2880 3507 2933 3558 in
2980 3504 3130 3559 libris
3175 3503 3452 3576 Uriginum
3488 3517 3504 3554 :

1908 3572 2121 3647 Censeo,
2152 3582 2195 3633 si
2223 3597 2329 3633 rem
2348 3595 2549 3633 servare
2569 3580 2642 3633 vis
2661 3621 2675 3643 ,
2702 3576 2995 3646 faciendum
3012 3617 3025 3637 ,
3055 3587 3111 3647 ut
3135 3572 3507 3644 quadragintos

1909 3646 2111 3721 aliquos
2146 3652 2330 3705 milites
2357 3651 2426 3703 ad
2455 3666 2737 3721 verrucam
2759 3650 2905 3721 illam
2933 3648 3010 3701 ire
3030 3646 3215 3721 jubeas
3234 3686 3250 3709 ,
3292 3658 3505 3721 eumque

1907 3723 1981 3776 uti
1996 3712 2250 3792 'occupent
2275 3723 2511 3792 imperes.
2546 3721 2683 3777 Vide
2713 3719 2976 3792 Agg-llium
2999 3712 3136 3792 ,lil‘t.
3166 3731 3255 3792 Ill,
3297 3729 3419 3784 cap.
3437 3712 3503 3792 _7,

1908 3804 1964 3847 et
1991 3784 2220 3848 Nonium
2269 3784 2445 3866 verbo
2480 3809 2713 3847 verruca.
2758 3784 2973 3866 hilarius.
2995 3818 3065 3829 --
3085 3787 3285 3866 Eadem
3307 3784 3506 3866 “verba

1907 3875 2199 3937 occurrunt
2227 3864 2363 3937 infra
2395 3864 2487 3917 lib.
2517 3880 2572 3928 v,
2607 3878 2726 3937 cap.
2756 3863 2810 3917 5.
2841 3862 2998 3937 Cato,
3033 3868 3170 3937 teste
3202 3863 3267 3911 A.
3301 3854 3499 3937 Gellio,

1905 3934 2057 3991 Noct.
2090 3935 2199 3991 Att.
2227 3977 2242 4002 ,
2274 3935 2366 3988 lib.
2396 3950 2452 3989 lll
2476 3976 2489 3995 .
2515 3949 2635 4001 cap.
2662 3928 2715 3997 7,
2744 3932 3069 3987 verruculam
3098 3930 3274 4002 locum
3298 3928 3501 4002 editum

1909 4016 1964 4060 ct
1992 3997 2242 4074 asperum
2274 4006 2525 4074 appellat.
2561 3997 2666 4059 Sed
2691 4011 2889 4074 auctor
2909 4013 3095 4057 noster
3115 3997 3501 4053 diminutivum

1907 4072 2102 4132 nomen
2138 4092 2233 4145 pro
2260 4072 2410 4131 more
2443 4091 2542 4129 suo
2567 4074 2809 4129 adhibet.
2844 4072 3141 4127 Nuunntus.

1986 4169 2201 4295 Exige:
2224 4168 2445 4222 miculaz.
2471 4166 2691 4221 Mieulas
2712 4164 2838 4219 dicit
2856 4163 3154 4219 imitatione
3176 4156 3435 4228 Lucretii,
3459 4174 3499 4228 ι,

1986 4256 2050 4295 rs.
2076 4244 2140 4295 δί,
2209 4255 2325 4295 seu.

1906 4256 2050 4297 vers.
2076 4255 2181 4295 usu
2209 4255 2325 4309 seq.

2029 4399 2101 4464 Ex
2128 4399 2335 4462 aurique
2358 4400 2497 4464 patet
2515 4396 2654 4464 micis
2671 4393 2946 4445 consistere
2969 4403 3116 4455 posse
3279 4454 3290 4464 θ

2028 4462 2237 4522 Aurum,
2254 4460 2307 4511 et
2339 4460 2403 4511 de
2428 4460 2578 4511 terris
2601 4466 2785 4510 terram
2804 4466 3133 4572 concresctﬁre
3154 4460 3340 4518 parvis.

3095 4532 3288 4571 unane.

2003 4647 2290 4718 Admiratlo
2349 4640 3123 4718 congregatione,_eonqu_i_ritnr.
3171 4638 3293 4693 Ητηο
3336 4635 3500 4718 verba

1906 4719 2141 4775 diversis
2172 4717 2346 4772 modis
2364 4709 2709 4786 interpolant.
2734 4709 2910 4777 (Fulv.
2941 4712 3120 4767 Ursin.
3145 4709 3497 4786 annotatione,

1908 4792 2318 4862 congregatione.
2350 4778 2624 4862 Stevveclt.
2657 4786 3047 4862 annumeratio,
3081 4782 3216 4862 etc.)
3247 4778 3355 4862 _Sed
3385 4778 3500 4862 vul:

1907 4852 2030 4932 gata
2059 4852 2220 4916 lectio
2252 4860 2462 4928 probari
2509 4865 2707 4929 potest.
2741 4854 3146 4932 Admirationem
3192 4852 3353 4932 igitur
3381 4852 3498 4931 auri

1909 4924 2075 4998 dicit,
2117 4924 2827 5003 quiapraestinguitueulns
2866 4924 2985 5003 auri
3018 4924 3192 5003 fulgor
3228 4931 3293 5003 e_t_
3331 4924 3382 4974 in
3414 4924 3497 4974 sui

1908 4991 2418 5075 contemplationem
2450 4991 2610 5075 atque
2632 4997 3040 5075 admirationum
3069 4991 3223 5075 rapit.
3251 4991 3494 5075 lien/itm.

1908 5062 2178 5130 Verteriin
2227 5075 2387 5142 igitur
2420 5091 2433 5125 :
2469 5062 2585 5125 Erst
2629 5070 2791 5124 durclt
2821 5066 3367 5142 Zusamntenhaufung
3407 5062 3502 5142 der

1904 5146 2103 5201 Isleinen
2143 5134 2556 5199 Golilstaubclten
2608 5143 2734 5197 wird
2782 5158 2834 5196 es
2871 5155 2988 5192 zum
3036 5134 3219 5204 mctal,
3269 5134 3366 5189 das
3416 5134 3499 5188 die

1909 5217 2045 5272 Welt
2076 5217 2382 5272 bewundert.
2412 5217 2614 5270 URBLL.

1973 5329 2303 5387 Consumitur
2353 5330 2488 5384 enim
2534 5328 2772 5381 minuties
2816 5326 2914 5380 ista
2960 5326 3224 5377 immenso.
3277 5318 3332 5375 Id
3364 5328 3495 5374 est:

1907 5404 2157 5473 exiguum
2190 5403 2315 5457 illud
2363 5416 2515 5470 aqum
2541 5395 3033 5473 ﬂuviatilisstatim
3064 5394 3116 5447 in
3168 5391 3497 5473 salsuginem

1910 5469 2075 5528 maris
2107 5475 2298 5527 transit
2320 5516 2334 5537 ,
2370 5487 2542 5536 neque
2567 5484 2663 5537 pro
2698 5469 2964 5537 parvitate
3005 5480 3098 5537 sua
3132 5478 3284 5537 mare
3325 5470 3502 5531 potest

1910 5555 2265 5601 commutare.
2303 5545 2488 5599 l’utou.
2522 5536 2677 5595 Fulv.
2702 5536 2891 5596 Ursin.
2927 5536 3053 5608 legit
3082 5538 3132 5590 in
3163 5536 3426 5661 imbuenso.

3271 5621 3426 5660 nsLL.

3271 5621 3426 5660 RELL.

1989 5709 2201 5765 Nullius
2227 5707 2619 5764 existimandum
2651 5704 2996 5761 estmominis.
3030 5701 3107 5757 ita
3133 5708 3188 5756 et
3208 5699 3299 5755 hic
3330 5698 3508 5767 legen-

1907 5783 2035 5839 dum
2065 5796 2160 5853 pro
2183 5782 2420 5837 nominis.
2455 5779 2695 5835 l‘lEltALD.
2738 5819 2746 5848 ς
