3974 6068
377 204 405 222 ς

134 230 243 288 915

1463 223 1667 282 LIBER
1704 222 2087 282 SECUNDUS.

3327 226 3437 283 9η

203 343 389 402 LXVI.
432 343 583 400 Licet
627 358 757 415 ergo
807 352 863 399 ιιι
906 358 1093 414 purus,
1139 352 1196 399 et
1245 343 1313 398 ab
1362 342 1507 397 omni
1564 341 1731 397 fueris
1759 349 1890 409 Aet
1943 342 2262 398 lautioribus
2315 344 2655 400 successibus
2706 342 2981 410 inStitutis,
3032 358 3137 398 non
3188 343 3438 413 antiquas

134 440 383 495 vitiorum
415 438 872 495 contaminatione
901 449 1176 508 purgatus,
1210 418 1586 491 conciliateris
1614 435 1732 489 illas

135 542 297 603 atque
345 532 615 587 inllexeris
656 540 966 601 potestates.
1013 530 1080 585 ad
1130 532 1324 587 caelum
1371 531 1615 586 redeunti
1669 546 1736 586 ne

134 625 252 680 vias
277 625 497 680 cludant
521 634 681 693 atque
707 624 991 697 obsepiant
1017 625 1321 687 transitum,
1360 624 1423 678 ad
1458 625 1736 678 immorta-

136 714 305 772 Iitatis
351 716 612 772 accedere
660 716 822 771 nullis
868 717 1070 785 poteris
1114 715 1552 771 contentionibus
1601 730 1738 785 prte-

136 811 324 876 mium,
353 809 473 877 nisi,
498 807 642 879 quod
673 808 841 877 ipsam
872 808 1327 862 immortalitatem
1351 807 1496 873 facit,
1518 805 1736 861 Christo

134 903 464 961 attribui-nte
502 899 832 972 perceperis,
860 910 915 955 et
945 916 1126 956 veram
1168 899 1336 955 l‘ucris
1364 900 1629 954 admissus
1670 899 1768 977 ad.

135 999 323 1054 vitam.
356 995 492 1051 Nam
524 994 665 1063 quod
695 994 853 1049 nobis
880 994 1154 1065 objectare
1180 994 1507 1060 consuestis,
1550 991 1739 1047 novel-

135 1093 242 1149 lam
286 1107 407 1148 esse
451 1091 769 1162 religionem
813 1101 1078 1158 nostram,
1127 1099 1181 1147 et
1224 1099 1351 1145 ante
1394 1089 1513 1145 dies
1560 1096 1739 1143 natam

136 1182 527 1255 prOpemodum
577 1195 800 1252 paucos,
833 1196 1008 1253 neque
1047 1198 1143 1238 vos
1185 1181 1427 1251 potuisse
1466 1180 1740 1244 antiquam

135 1286 189 1333 et
222 1276 451 1348 patriam
494 1276 764 1345 linquere,
811 1282 867 1328 et
910 1274 963 1327 in
1006 1272 1268 1329 barbaros
1316 1272 1452 1327 ritus
1498 1271 1741 1341 peregri-

135 1383 342 1438 nosque
382 1366 613 1434 traduci,
658 1365 870 1422 t'atioue
901 1365 1043 1420 istud
1073 1365 1369 1419 intenditur
1398 1364 1561 1418 nulla.
1603 1361 1744 1429 Quid

135 1463 280 1518 enim
306 1462 352 1516 si
382 1460 484 1516 hoc
511 1460 673 1515 modo
697 1460 910 1529 culpam
940 1459 1170 1515 velimus
1198 1457 1443 1529 infligere
1471 1456 1742 1527 prioribus

136 1555 245 1609 illis
273 1564 436 1623 atque
462 1551 853 1622 antiquissimis
891 1551 1129 1618 saeculis,
1176 1550 1318 1621 quod
1361 1548 1592 1603 inventis
1631 1547 1743 1602 fru-

136 1648 297 1720 gibus
323 1646 544 1717 glandes
583 1646 891 1716 spreverint
930 1655 985 1700 et
1026 1643 1426 1714 repudiaverim
1468 1641 1652 1696 arbuta
1678 1639 1740 1694 αἳ

140 1740 288 1811 quod
331 1737 622 1795 corticibus
672 1739 882 1809 contegi
924 1749 980 1793 et
1027 1738 1235 1793 amiciri
1281 1735 1542 1792 desierint
1592 1732 1747 1805 pelli-

138 1834 268 1896 bus,
304 1841 588 1903 postquam
633 1833 798 1886 vestis
836 1831 1134 1902 excogitata
1175 1841 1257 1885 est
1299 1830 1517 1895 textilis,
1553 1844 1649 1883 usu
1692 1836 1749 1885 et

1846 434 2210 489 adamaverint
2256 436 2483 503 casulas,
2536 451 2634 492 nec
2679 437 2780 491 sub
2826 436 3048 508 rupibus
3092 446 3147 491 et
3195 436 3446 492 cavernis

1848 528 2259 598 praeoptaverint
2306 538 2362 583 ut
2405 528 2600 584 bellum
2636 529 2994 599 permanere?
3030 526 3329 583 Commune
3359 536 3444 585 est

1845 622 2114 687 omnibus,
2139 630 2193 675 ct
2213 622 2279 677 ab
2301 623 2429 691 ipsis
2457 638 2592 689 pene
2617 622 2958 678 incunabulis
2989 623 3266 687 traditum,
3291 622 3436 676 bona

1846 715 2002 769 malis
2031 715 2320 781 anteferre,
2349 716 2627 771 inutilibus
2654 715 2801 769 utilia
2843 730 3175 785 praeponere,
3209 726 3259 770 et
3300 714 3444 784 quod

1845 822 1967 863 esse
2010 808 2314 863 constiterit
2356 810 2662 878 pretiosius,
2710 808 2907 872 laetius,
2947 808 3000 862 id
3038 809 3341 864 consectari
3387 816 3445 863 ct

1844 914 2030 972 petere
2055 919 2066 953 :
2094 901 2145 956 in
2172 916 2341 973 eoque
2362 901 2596 972 defigere
2617 915 2766 971 spem
2792 901 3003 967 salutis,
3029 909 3087 957 et
3114 900 3434 956 salutarium

1846 996 2274 1051 commodorum.

1919 1089 2130 1144 LXVII.
2171 1089 2357 1159 Itaque
2403 1104 2526 1145 cum
2578 1090 2732 1145 nobis
2784 1088 3062 1144 iutenditis
3107 1087 3451 1144 aversionem

1850 1197 1915 1238 ex
1943 1181 2204 1251 religione
2232 1183 2491 1252 priorum,
2515 1197 2733 1237 causam
2764 1182 3017 1237 convenit
3045 1191 3102 1235 ιιι
3131 1180 3453 1252 inspiciatis.

1859 1289 1967 1330 non
2014 1277 2249 1329 factum:
2285 1290 2383 1330 nec
2421 1275 2547 1346 quid
2590 1276 2989 1346 reliquerimus,
3034 1290 3325 1343 Opponere,
3355 1271 3452 1328 sed

1857 1368 2024 1422 secuti
2055 1366 2180 1436 quid
2210 1366 2402 1432 simus,
2430 1367 2762 1435 potissimum
2795 1368 3059 1421 contueri.
3094 1366 3225 1421 Nam
3252 1366 3299 1420 si
3328 1381 3449 1421 mu-

1856 1467 1970 1513 tare
2000 1457 2318 1513 sententiam
2350 1457 2505 1526 culpa
2532 1468 2615 1513 est
2646 1458 2771 1524 ulla,
2801 1459 2883 1513 vel
2911 1458 3140 1522 crimen,
3172 1466 3227 1512 et
3247 1472 3277 1511 a
3306 1466 3457 1511 vetc-

1855 1551 2006 1606 ribus
2039 1550 2296 1605 institutis
2326 1551 2376 1603 in
2414 1551 2548 1604 alias
2585 1565 2674 1605 res
2710 1564 2875 1604 novas
2904 1550 3321 1618 voluntatesque
3350 1549 3455 1602 mi-

1856 1657 2047 1713 grare;
2076 1643 2379 1696 criminatio
2402 1643 2499 1696 ista
2526 1652 2580 1697 et
2608 1656 2706 1696 vos
2730 1650 2956 1711 spectat,
2984 1642 3073 1710 qui
3099 1641 3259 1696 toties
3286 1641 3453 1695 vitam

1855 1734 2411 1803 consuetudinemque
2449 1735 2700 1789 mutastis
2730 1752 2743 1787 :
2775 1733 2866 1801 qui
2895 1748 2946 1787 in
2980 1746 3158 1787 mores
3185 1732 3344 1797 alios,
3376 1740 3457 1784 at-

1855 1841 1963 1896 que
2011 1826 2147 1880 alios
2198 1826 2335 1881 ritus
2386 1827 2623 1896 priorum
2668 1826 3117 1881 condemnatioue
3166 1823 3458 1879 transistis.

142 1925 529 1983 commoditate
560 1924 925 1981 succinctior?
947 1891 1040 1980 aut
1069 1924 1211 1996 quod
1233 1923 1451 1979 structis
1478 1921 1747 1988 domibus,
1778 1891 1827 1952 Β
1855 1891 2126 1990 Numquid
2168 1921 2312 1975 enim
2367 1891 2603 1990 quinque
2643 1920 2697 1975 in
2729 1918 2933 1976 classes
2965 1917 3175 1974 habetis
3199 1916 3456 1988 populum

1382 2036 1768 2098 LECTIONES
1805 2036 1893 2093 VA
1906 2034 2225 2093 RIANTES.

196 2170 228 2201 ⁸
263 2168 481 2222 Arbusta
502 2180 597 2220 ms.
618 2164 761 2218 male.

1571 2258 2143 2319 COMMENTARIUS.

211 2370 401 2429 LXVI.
458 2401 530 2414 --
576 2371 658 2427 Ad
708 2369 892 2425 calum
948 2384 1014 2422 ne
1065 2364 1299 2420 redeunti
1350 2363 1458 2417 vias
1510 2358 1741 2415 cludant.

137 2442 248 2507 Ne,
277 2443 418 2514 quod
448 2444 603 2500 deest
632 2445 685 2498 in
727 2440 848 2497 cod.
870 2453 985 2514 _ms_.
1018 2434 1423 2514 eteditiopibus
1453 2431 1741 2514 prioribus,

136 2503 308 2572 senin
333 2514 608 2587 ﬂagitante
634 2512 907 2587 revocavit
936 2508 1222 2587 ﬂet-aldus.
1256 2505 1483 2562 Cludant
1517 2503 1741 2587 verbum

135 2577 433 2657 antiquuni
448 2603 546 2656 pro
574 2586 879 2657 claudant,_
897 2582 1037 2657 quod
1080 2580 1377 2657 legebatur,
1400 2595 1443 2657 _e
1472 2577 1595 2657 cod.
1630 2593 1732 2657 ms.

135 2650 374 2714 restiiuit
402 2650 507 2712 Tit.
528 2654 918 2713 Cauterus.Sic
948 2651 1108 2715 infra,
1143 2652 1236 2705 lib.
1262 2667 1354 2705 vn.
1390 2650 1509 2703 Non
1530 2651 1575 2703 si
1596 2650 1737 2703 mille

137 2738 192 2784 tu
246 2730 474 2799 pondera
526 2728 743 2784 masculi
789 2726 953 2779 thuris
996 2724 1259 2799 incendiis,
1309 2723 1590 2799 civiumque
1641 2720 1737 2773 hoc

138 2792 301 2856 totum
333 2800 727 2863 redundantiam
758 2813 1002 2867 vaporum
1029 2794 1360 2849 nebalosilate
1379 2792 1655 2867 cludatur;
1683 2802 1737 2846 et

138 2871 510 2926 Tertullianus
544 2890 556 2923 :
587 2866 871 2937 Apologet.
904 2882 1004 2934 cap
1053 2867 1141 2929 II,
1179 2866 1488 2933 properavit,
1527 2866 1733 2937 opinor,

136 2954 185 2998 et
209 2944 395 2997 caelum
419 2943 573 2996 semel
594 2944 745 2997 clusit
766 2934 789 2994 Ξ
810 2940 895 2992 tibi
929 2939 1013 2991 ed.
1041 2938 1418 3009 llavercanip.,
1456 2953 1574 3009 pag.
1607 2934 1733 2993 122.

137 3013 303 3069 Plura
331 3014 575 3079 exempla
607 3014 824 3081 collegit
845 3010 1125 3074 Meursius,
1152 3007 1355 3063 ORELL.

1854 2352 2077 2418 debant,
2108 2354 2352 2424 proxima
2383 2370 2414 2409 e
2444 2354 2676 2424 pellibus
2708 2370 2722 2409 :
2753 2353 2838 2408 his
2867 2329 3196 2408 successisse
3246 2358 3455 2407 vestem

1854 2425 2121 2480 textilem.
2153 2426 2439 2481 Lucretius
2463 2442 2521 2492 ν,
2549 2426 2679 2489 951,
2713 2440 2865 2494 seqq.
2902 2443 2914 2477 :

1975 2516 2197 2567 Necdum
2220 2530 2306 2567 res
2328 2519 2427 2580 igni
2453 2519 2638 2567 scibant
2667 2524 3015 2580 tractareLuec
3039 2517 3111 2566 uti

1976 2580 2200 2630 Pellibus
2217 2590 2269 2629 et
2290 2578 2463 2641 spoliis
2485 2593 2663 2642 corpus
2682 2579 2869 2629 vestire
2894 2578 3110 2642 ferarum
3130 2590 3143 2625 :

1969 2643 2070 2693 Sed
2095 2636 2329 2696 nemora;
2345 2651 2498 2704 atque
2517 2636 2661 2690 cavos
2678 2648 2891 2692 montes.
2918 2639 3170 2750 silvasqlpe
3188 2636 3437 2698 colebant,

1969 2707 2031 2750 Et
2052 2707 2403 2750 t'rutieesinter
2426 2705 2704 2750 condebant
2721 2701 2939 2750 squalida
2961 2714 3090 2749 metu
3129 2712 3199 2750 ra.

1968 2707 2031 2757 Et
2052 2707 2403 2755 l'rulieesinter
2416 2701 2704 2754 condebant
2721 2701 2939 2761 squalida
2961 2701 3199 2761 membra,

1971 2768 2196 2819 Verbera
2219 2772 2475 2816 ventorum
2494 2768 2669 2827 vitare,
2694 2763 2977 2826 imbresque
3009 2763 3182 2827 coacti.

3107 2826 3348 2880 "anno.

1917 2924 2267 2981 Successibus.
2300 2921 2354 2976 Id
2378 2920 2752 2983 estdotnibus,
2786 2917 3097 2972 domiciliis.
3131 2916 3266 2971 Vide
3293 2930 3456 2985 supra

1843 2996 1910 3052 ad
1946 2996 2039 3051 lib.
2076 3011 2112 3059 ι,
2136 3010 2255 3064 cap.
2286 2993 2377 3055 50,
2403 3001 2459 3047 et
2489 2991 2713 3064 Meurs,
2748 2990 2801 3045 in
2831 2988 2961 3043 (lrit.
2990 3004 3108 3064 pag.
3140 2988 3231 3045 80.
3252 2987 3458 3064 (inept.

215 3050 303 3069 ...α
331 3050 484 3069 μιν...
513 3050 575 3067 ...ι
607 3050 730 3068 ιν...
785 3050 824 3066 ..
845 3050 1104 3065 ..............,
1156 3050 1355 3063 νην...

215 3083 302 3139 Ne
322 3088 430 3139 vias
452 3050 680 3139 ciudant.
712 3050 786 3137 lt?)
821 3050 1191 3149 legendum’ex
1220 3094 1441 3132 romana
1477 3078 1734 3141 editione,

1887 3050 2033 3120 iiNec
2062 3050 2153 3120 sub
2189 3050 2414 3149 {apibus
2426 3076 2471 3116 et
2501 3050 2740 3149 cavernis
2768 3050 3167 3129 prteOptaveriut
3202 3068 3253 3112 ut
3282 3058 3466 3112 belluas

138 3173 251 3212 non
300 3156 567 3214 claudant.
613 3155 754 3223 quod
795 3152 1054 3223 Gelenius
1095 3150 1461 3223 interpolavit
1519 3151 1736 3223 Antiqui

137 3230 287 3283 enim
320 3243 415 3296 pro
446 3221 687 3281 claudere
722 3226 969 3296 dicebant
1007 3222 1231 3296 cludere.
1263 3221 1395 3296 Vide
1424 3222 1642 3296 Meurs.,
1672 3221 1738 3275 ad

138 3299 290 3356 hunc
321 3293 495 3353 locum
524 3299 786 3364 imprimis
810 3296 895 3351 .Io.
925 3294 1212 3353 I’iltodium,
1239 3293 1741 3364 quinubemexem-

138 3371 359 3442 piorum
403 3371 537 3442 citat
561 3363 612 3422 in
662 3369 861 3442 Lexico
892 3365 1268 3442 scribouiano.
1300 3364 1531 3442 Sicipse
1560 3363 1739 3442 Arno:

138 3434 270 3498 Ilius
304 3441 461 3505 infra,
489 3441 580 3494 lib.
617 3456 724 3494 vlt:
762 3439 881 3492 Non
911 3438 954 3491 si
990 3436 1130 3489 nulle
1170 3445 1222 3487 tu
1262 3435 1485 3503 pondera
1530 3434 1743 3488 masculi

139 3512 315 3567 thuris
343 3512 586 3564 incendas
622 3511 902 3579 cretamque
929 3509 1209 3579 Iwc‘lotum
1236 3506 1631 3559 redundantiam
1650 3522 1741 3559 va-

140 3600 332 3655 porum
359 3582 689 3637 nebulositate
714 3577 983 3655 condatur.
1010 3577 1214 3655 Οιιιῑιλ.τ

222 3653 403 3723 Neque
431 3671 516 3707 vos
548 3669 693 3720 posse
720 3653 982 3722 antiquam
1020 3659 1064 3702 et
1088 3648 1306 3723 patriam
1346 3647 1745 3723 linquerehet‘in

140 3718 393 3782 barbaros
421 3718 555 3778 ritus
578 3718 971 3795 peregrinosque
988 3720 1204 3795 traduci
1252 3718 1507 3795 Nationes
1532 3718 1746 3789 religio-

141 3812 277 3863 nem
307 3796 405 3851 sibi
456 3791 764 3849 Iraditauia
812 3792 1105 3863 majoribus
1153 3791 1581 3863 pertinacissime
1627 3801 1746 3843 tue-

141 3862 347 3925 bantur
374 3877 426 3921 et
453 3867 844 3929 defendebant;
889 3862 987 3927 nec
1016 3862 1137 3915 ullis
1177 3862 1472 3915 rationibus
1503 3868 1749 3926 poterant

142 3956 216 3996 eo
241 3937 461 4003 deduci,
493 3950 551 3991 ut
586 3938 936 3991 inveteratam
972 3934 1307 4003 patriamque
1341 3933 1669 4003 linquerent.
1695 3940 1749 3985 et

145 4024 325 4066 novos
352 4002 1029 4078 cultusamplecterentur.
1061 4003 1240 4078 Cotta,
1274 4018 1361 4072 ap.
1392 4003 1506 4056 Cic.
1532 4003 1599 4078 de
1628 4002 1776 4078 Nat”

147 4083 332 4143 deor.,
369 4097 402 4135 tt
440 4098 453 4133 :
490 4077 611 4133 Non
640 4072 719 4133 ine
750 4095 814 4132 ex
843 4094 902 4130 ea
946 4075 1206 4141 Opinione,
1236 4091 1386 4141 quam
1418 4090 1448 4124 a
1474 4072 1755 4139 majoribus

149 4154 331 4222 accepi
367 4152 430 4204 de
469 4152 609 4204 cultu
651 4152 872 4222 deorum
908 4146 1750 4222 immortalium,ulliusnuiuquam

149 4214 320 4279 oratio
332 4233 418 4275 aut
433 4223 665 4275 dactiaut
684 4221 874 4274 indocti
890 4218 1120 4271 movebit.
1141 4216 1202 4270 D.
1219 4216 1469 4270 Clemens
1488 4214 1748 4281 Recogn.,

150 4296 249 4351 lib.
276 4310 308 4348 v
336 4313 347 4347 :
376 4292 601 4360 lmpium
626 4301 698 4345 est
749 4292 794 4345 si
833 4307 931 4344 non
966 4290 1216 4355 colamus,
1245 4303 1360 4355 quae
1389 4285 1534 4360 nobis
1564 4286 1753 4338 tradita

152 4378 274 4421 sunt
303 4382 333 4416 ιι
362 4358 591 4433 patribus
621 4363 806 4433 nostris
825 4404 838 4421 .
877 4371 920 4414 et
962 4360 1267 4433 religionem
1298 4358 1695 4433 prwvaricontur
1723 4374 1755 4409 a

152 4427 439 4506 utajoribus
466 4434 661 4487 datum.
676 4432 797 4506 Vid.
821 4427 1085 4506 Porpltyr.
1107 4434 1229 4506 περὶ
1248 4432 1456 4501 ἀποχῆς
1475 4427 1748 4506 ξμψύῇχωνς

154 4499 254 4563 Ιὶὺῖ
289 4523 344 4574 tt;
374 4506 639 4570 Lactant.,
674 4504 766 4559 lib.
802 4520 858 4569 tt,
889 4499 1093 4574 capiti;
1127 4499 1217 4553 lib.
1244 4516 1294 4560 v,
1326 4499 1446 4574 cap.
1478 4499 1576 4574 l9;

156 4569 393 4639 tullium.
424 4578 729 4645 Apoluget.,
764 4590 884 4645 cap.
927 4569 990 4637 6;
1018 4573 1264 4645 Isocrat.,
1313 4573 1464 4625 Orat.
1506 4571 1572 4623 ad
1597 4569 1756 4645 Nico—

154 4651 326 4724 clem,
380 4643 519 4724 περὶΔ
539 4643 799 4719 βάσιλεὶας
820 4643 846 4708 ς*
895 4643 1464 4724 Ettseb.__Pra-.p:irat.-‘
1487 4643 1754 4707 evniigel.,

156 4722 259 4778 lib.
291 4735 330 4782 ι,
355 4713 472 4785 Cap'.
508 4713 555 4783 l';
587 4730 796 4773 nostras
820 4726 971 4770 notas
1001 4715 1066 4769 ad
1095 4713 1393 4785 Minatium.
1432 4714 1672 4785 linteae.

241 4791 393 4855 Quod
423 4782 633 4843 inventis
660 4789 892 4859 frugibus
909 4786 1122 4859 glandes
1138 4784 1487 4859 spreverintet
1517 4782 1755 4859 repudia.

159 4853 331 4918 vet'int
376 4863 571 4914 arbuta.
622 4853 791 4915 liabet
839 4853 954 4912 Ita-'c
1000 4874 1030 4910 a
1072 4853 1341 4910 Lucretio.
1387 4853 1478 4907 Sic
1502 4858 1644 4906 enim
1673 4853 1766 4907 ille

160 4937 263 4992 lib.
295 4949 347 4999 v,
377 4949 517 4989 vers.
555 4932 657 4987 937
686 4947 805 5001 sqq.
856 4929 945 4985 ubi
994 4930 1286 4998 primorum
1338 4924 1613 4981 hominum
1643 4923 1765 4978 vita:

161 5007 434 5065 rationem
460 5002 716 5059 describit
750 5020 763 5057 :

295 5098 604 5150 Glandil‘eras
622 5098 756 5146 inter
779 5095 1017 5145 curabant
1035 5104 1242 5155 corpora
1266 5102 1486 5154 quercus
1538 5084 1549 5095 ’

295 5162 621 5222 Plerumque,
647 5168 701 5209 et
718 5170 830 5222 qua
850 5169 981 5207 nunc
1004 5150 1213 5222 hiberno
1236 5150 1463 5215 tempore
1481 5150 1649 5200 cernis

296 5226 489 5274 Arbuta
513 5216 749 5283 [(Btiiceo'
763 5219 869 5269 ﬁeri
890 5226 1079 5283 matura
1103 5216 1269 5283 Colore
1296 5230 1307 5283 ς

298 5278 522 5336 Plurima
538 5293 639 5335 tum
657 5282 807 5334 tellus
823 5282 970 5332 etiam
987 5279 1168 5342 majora
1190 5278 1402 5341 ferebat.
1423 5339 1463 5393 ﬂ

1472 5354 1664 5394 ειιΑω.

250 5441 491 5497 Inventis
541 5440 780 5508 frugibus
820 5435 1232 5508 glande_vcsci,
1283 5432 1625 5508 proverbium
1654 5416 1792 5485 esse.

175 5514 398 5571 videtur
425 5513 563 5579 apud
597 5504 913 5566 Ciceronem
946 5509 996 5561 in
1024 5506 1250 5579 Oratore
1279 5521 1328 5579 c.
1360 5505 1414 5579 9.
1446 5504 1718 5579 Consul-2n.

258 5584 409 5652 Quod
431 5573 703 5636 corticibus
732 5582 955 5650 contegi,
985 5588 1029 5630 et
1051 5577 1248 5652 amiciri
1280 5576 1516 5652 desierint
1534 5573 1769 5652 pellibus,

178 5644 453 5728 positivum
476 5656 624 5728 vestis
654 5644 946 5723 excoyitaia
969 5659 1040 5703 est
1062 5645 1643 5728 textilis.Pritnancniitt
1670 5644 1778 5713 pri-

177 5715 398 5785 inoritm
429 5725 704 5779 hominum
736 5715 1041 5790 tc’gumeuta
1085 5733 1115 5772 c
1158 5718 1444 5774 corticibus
1474 5715 1641 5771 fuisse
1670 5726 1778 5770 tra-

1849 3154 2166 3210 permanere.
2195 3134 2440 3199 Juvenal,
2472 3143 2575 3187 sat.
2604 3149 2677 3199 Vl,
2708 3134 2743 3184 εἰ
2772 3146 2925 3200 seqq.

2040 3266 2051 3276 .
2091 3263 2104 3277 .
2145 3265 2156 3275 .
2196 3261 2207 3273 .
2249 3264 2261 3277 .
2302 3261 2313 3273 .
2357 3263 2368 3274 .
2411 3263 2423 3275 .
2462 3259 2475 3272 .
2533 3223 2692 3282 Quum
2717 3221 2897 3278 frigida
2925 3234 3103 3283 parvas

2035 3290 2298 3338 Pmberet
2319 3286 2552 3349 Spelunca
2569 3286 2760 3344 domos,
2782 3282 3077 3349 ignemque,
3106 3282 3365 3349 laremque

2035 3352 2099 3402 Et
2121 3364 2294 3414 pecus,
2317 3345 2370 3400 et
2386 3349 2614 3399 dominos
2631 3345 2875 3397 communi
2900 3346 3072 3396 claude
3065 3358 3157 3414 _l_'et
3175 3345 3365 3394 umbra.

3062 3408 3314 3462 ELIBNB.

1926 3506 2238 3561 Constiterit.
2260 3505 2332 3559 Ita
2360 3504 2514 3557 Fulv.
2539 3502 2720 3557 Ursin.
2748 3501 2848 3556 Alii
2868 3498 3456 3555 constituerintﬂacst.

1923 3577 2136 3632 LXVII.
2179 3607 2247 3617 -—
2294 3576 2393 3642 Qui
2437 3576 2492 3628 in
2543 3590 2709 3627 mores
2764 3574 2896 3626 alios
2951 3581 3104 3642 atque
3153 3570 3283 3625 alios
3329 3572 3461 3624 ritus

1856 3652 2083 3714 priorum
2128 3641 2549 3703 condemnatione
2593 3645 2867 3698 transistis.
2908 3641 3235 3697 Prudentius
3266 3652 3460 3696 contra

1855 3720 2194 3792 Symmacln,
2225 3719 2318 3772 lib.
2351 3734 2409 3779 ll,
2440 3732 2579 3771 vers.
2613 3715 2741 3777 505,
2772 3730 2889 3781 seq.

1982 3809 2134 3859 Roma
2156 3809 2351 3871 antiqua
2375 3808 2469 3856 sibi
2497 3820 2590 3855 non
2613 3810 2805 3871 constat.
2826 3816 2969 3853 versa
3002 3816 3094 3871 per
3117 3816 3277 3854 aevum

1983 3871 2044 3921 Et
2072 3878 2254 3919 mutata
2275 3867 2444 3926 sacris,
2464 3875 2656 3929 ornatu,
2685 3867 2900 3929 legibus,
2929 3867 3080 3929 armis
3108 3879 3120 3913 :

1985 3930 2137 3982 Multa
2160 3931 2292 3985 colit.
2311 3945 2422 3993 quae
2443 3943 2536 3979 non
2550 3928 2706 3993 coluit
2729 3926 2823 3977 sub
2846 3940 2971 3993 rege
2991 3926 3219 3993 Quirino.

1986 3993 2203 4042 Instituit
2227 3989 2447 4054 quaedam
2467 3989 2660 4048 tnelius,
2690 3989 2923 4054 nonnulla
2943 3990 3154 4054 refugit.

1985 4056 2049 4105 Et
2069 4051 2258 4102 tutorem
2284 4054 2470 4102 variare
2498 4065 2641 4100 suum
2666 4064 2761 4099 non
2785 4051 2997 4107 destitit,
3027 4057 3079 4098 et
3104 4062 3216 4110 quae

1987 4118 2185 4167 Pridcm
2207 4115 2493 4165 condiderat
2503 4115 2631 4176 jura,
2660 4112 2964 4176 incontraria
2989 4110 3155 4159 vertit.

1990 4180 2114 4238 Quid
2134 4179 2249 4228 milii
2274 4185 2325 4225 tu
2346 4176 2470 4226 ritus
2487 4172 2676 4230 solitos,
2712 4172 2928 4221 Romane
2954 4178 3170 4238 senator,

1987 4233 2258 4302 ijectas?
2290 4253 2441 4302 quum
2465 4238 2584 4285 scita
2612 4243 2820 4302 patrum,
2847 4234 3113 4302 pOpuliqu‘e
3135 4233 3435 4297 frequentes

1989 4296 2242 4352 Instabilis
2259 4296 2419 4364 placiti
2444 4296 2693 4364 senteiitia
2716 4296 3057 4364 tlexapbvarit
3070 4296 3093 4335 9

1987 4364 2130 4413 Nuuc
2151 4359 2297 4411 etiam
2322 4364 2519 4424 quoties
2536 4361 2695 4424 solitis
2710 4359 2961 4424 decedere
2988 4359 3187 4421 prodest

1985 4422 2376 4487 Praeteritosque
2401 4424 2600 4475 habitus
2620 4422 2753 4474 cultu
2779 4422 3011 4471 damnare
3039 4422 3253 4487 recenti.

3063 4484 3346 4539 llsausua.

1938 4579 2206 4647 Numquid
2250 4580 2381 4633 enim
2426 4580 2648 4649 quinque
2690 4578 2742 4630 in
2784 4577 2973 4629 classes
3002 4574 3196 4649 (iubetis
3223 4572 3472 4643 populum

1867 4646 2208 4706 distributum.
2244 4646 2694 4718 Qmire‘qutnquc
2726 4656 2931 4700 tantum
2979 4646 3181 4718 classes
3223 4653 3474 4718 numeret

1869 4723 2161 4786 Arnobius,
2191 4715 2311 4776 cum
2350 4734 2442 4774 ses
2471 4715 2637 4773 fuisse
2664 4728 2877 4772 conSIet
2921 4732 2984 4771 ex
3019 4716 3187 4777 Livio,
3223 4715 3314 4768 lib.
3349 4729 3383 4778 ι,
3418 4722 3475 4786 et

1872 4798 1940 4849 A.
1984 4784 2176 4850 Gellio.
2215 4794 2306 4845 lib.
2346 4807 2400 4855 χ,
2435 4806 2554 4856 cap.
2588 4789 2681 4853 28,
2710 4802 2869 4841 causa
2908 4798 2991 4840 est
3038 4786 3179 4853 quod
3209 4794 3356 4838 sexta
3387 4784 3473 4856 vel

1873 4864 2058 4919 intima
2098 4864 2321 4924 cla~sis,
2353 4854 2404 4914 iu
2435 4854 2591 4929 quam
2621 4861 2766 4913 cives
2802 4858 3161 4929 patiperrinii_,
3196 4854 3474 4929 proletarii

1876 4944 1930 4991 et
1973 4935 2148 5003 capite
2187 4934 2332 4987 censi
2362 4925 2808 4993 detrudebantur,
2841 4925 2937 4997 pro
2964 4926 3104 4980 nulla
3120 4925 3470 5003 _b_abebat_ur;

1876 4996 2293 5076 quare'quinque
2321 5010 2523 5076 tantum
2557 5003 2758 5055 classes
2787 4996 3085 5076 memorant
3120 4996 3334 5076 Livius,
3432 5011 3472 5063 ι,

1877 5065 1930 5130 et
1959 5065 2255 5140 Charisius,
2290 5072 2430 5143 quod
2472 5073 2607 5125 bene
2636 5079 2821 5143 monet
2846 5069 3110 5143 Meursius
3152 5067 3206 5143 in
3246 5065 3471 5143 Critico,

1881 5147 1976 5202 lib.
2007 5164 2064 5213 ll,
2096 5161 2216 5214 cap.
2244 5136 2339 5209 'lti',
2372 5159 2425 5211 p.
2458 5143 2548 5205 8t,
2579 5151 2767 5196 contra
2798 5141 3005 5195 Jusmni
3034 5136 3272 5214 Lipsium
3302 5140 3475 5214 corri-

1879 5234 2007 5289 gere
2050 5210 2319 5272 vole'ntem
2361 5210 2412 5289 in
2440 5229 2546 5289 sea:
2572 5214 2776 5289 classes.
2803 5214 3077 5289 Caeterum
3114 5210 3299 5289 locum
3333 5210 3478 5289 l_t_unc

1881 5278 2092 5359 Egregie
2119 5287 2409 5359 illustravit
2440 5286 2617 5359 Ilenr._
2637 5282 2905 5359 Valesius,
3032 5278 3303 5359 Ainmiani
3335 5278 3477 5359 hlar-

1882 5348 2060 5414 célliiii
2084 5361 2241 5421 Ilist.,
2267 5358 2358 5411 lib.
2390 5370 2495 5421 xw,
2520 5370 2573 5424 p.
2597 5354 2684 5417 II,
2709 5353 2906 5406 verba:
2936 5348 3004 5424 Et
3025 5352 3145 5405 olim
3168 5350 3281 5403 licet
3300 5349 3479 5424 otiosa:

1883 5432 1983 5483 sint
2023 5430 2180 5482 tribus
2210 5420 2821 5497 pacatmque'centuriw;
2862 5421 3017 5497 cujus
3064 5420 3479 5497 itttegrauvcrba

1886 5501 1973 5555 bic
1998 5488 2304 5554 exscribere
2348 5488 2526 5549 liccat.
2561 5494 2763 5547 Otiosas
2805 5488 3062 5546 centurias
3088 5488 3211 5545 dicit
3256 5488 3485 5544 Marcel.

1885 5573 2039 5633 linus,
2070 5574 2197 5640 qum
2218 5569 2407 5621 scilicet
2441 5578 2545 5640 tam
2577 5566 2733 5640 nulla:
2760 5574 2901 5640 erant
2935 5565 3093 5640 tribas
3114 5605 3127 5629 ,
3167 5563 3332 5640 nulla;
3365 5577 3482 5614 reu—

1887 5644 2049 5696 luriw.
2083 5633 2225 5693 Nam
2264 5639 2505 5692 centuria:
2535 5637 2736 5706 quidem
2766 5634 2854 5687 diu
2884 5645 3001 5706 aute
3040 5633 3488 5706 .llarcelliniteta-

1888 5724 1985 5768 tem
2040 5712 2318 5777 desierunt,
2370 5720 2425 5763 ut
2473 5698 2614 5763 testis
2658 5715 2730 5760 est
2777 5705 3030 5761 Arnobius
3083 5704 3282 5775 (nostra
3331 5698 3492 5771 low),
