3974 6068
186 373 199 381 ι
280 334 333 392 in
363 333 600 391 essentia
626 332 937 388 constituta.
965 328 1136 387 Habet
1156 345 1286 402 ergo
1326 328 1675 401 primigenios
1693 334 1843 381 ortus
1862 365 1875 389 ,

281 125 386 187 925
1602 115 1806 185 LIBER
1846 110 2225 179 SECUNDUS.
2572 138 2579 147 ι
3479 98 3589 157 926

280 256 386 317 quo
412 236 591 310 capite
615 236 764 294 Jovis
788 244 946 293 enata
972 246 1077 303 est,
1100 246 1285 293 etesse
1312 250 1400 304 res
1420 233 1584 306 cmpit
1613 228 1872 287 nonnulla
1901 230 1956 301 Α
1980 227 2075 284 bus
2106 225 2296 301 quibus
2339 222 2520 295 coepit,
2555 236 2692 279 nova
2725 220 2823 279 fuit
2851 234 2914 275 ac
2940 219 3243 317 repentina.
3281 216 3583 317 Religionis

1984 327 2163 373 autem
2214 316 2505 379 auctoritas
2532 329 2639 369 non
2681 321 2763 371 est
2811 323 3053 384 tempore
3102 310 3458 376 aestimanda,
3491 307 3587 365 sed

1986 412 2206 467 numine
2234 428 2247 462 :
2282 425 2380 465 nec
2408 410 2589 464 colere
2609 423 2712 478 qua
2742 406 2851 473 die,
2878 405 2971 460 sed
2999 403 3125 481 quid
3158 403 3392 479 coeperis
3417 444 3433 471 ,
3457 417 3587 465 con-

1988 505 2245 567 convenit
2288 502 2505 564 intueri.
2538 502 2677 556 Ante
2703 498 3126 571 quadringentos
3168 511 3343 551 annos
3364 494 3551 565 religio
3574 534 3591 565 ,

1990 597 2251 667 inquitis,
2305 603 2483 650 vestra
2513 608 2620 647 non
2669 589 2786 646 fuit.
2811 590 2878 644 Et
2905 588 2979 643 dii
3008 587 3172 643 vestri
3220 600 3327 640 non
3379 583 3595 639 fuerunt

1993 702 2118 746 ante
2165 688 2332 744 millia
2385 702 2650 741 annorum
2695 685 2823 739 duo.
2854 681 3060 750 Quibus
3102 679 3242 735 istud
3292 677 3593 733 rationibus

1994 782 2198 854 colligi,
2231 791 2322 836 aut
2342 780 2536 863 quibus
2564 776 3030 849 supputationibus
3058 774 3275 851 potest?
3303 771 3420 828 Non
3449 769 3594 826 difl‘t—

1994 878 2203 941 cilibus,
2236 893 2342 931 non
2370 875 2612 930 obscuris
2635 916 2649 938 ,
2690 871 2785 927 sed
2817 885 2949 942 quas
2984 867 3150 939 possit
3174 866 3360 921 videre
3386 864 3475 935 qui
3504 878 3596 916 vo-

1994 972 2090 1039 let,
2114 982 2167 1027 et
2191 978 2559 1035 contrectare,
2593 963 3044 1038 quemadmodum
3070 961 3264 1017 dicitur
3283 1001 3299 1025 ,
3328 958 3598 1013 manibus.

1995 1066 2124 1131 Quis
2154 1062 2341 1119 Jovem
2372 1078 2493 1117 cuin
2541 1059 2795 1121 fratribus
2834 1056 3056 1131 genuit?
3094 1048 3423 1127 genitalibus
3467 1050 3598 1121 Opis

1994 1158 2278 1228 adjunctus
2308 1162 2335 1191 ⁸
2363 1154 2646 1215 Saturnus,
2693 1159 2749 1204 ut
2779 1166 2873 1204 vos
2916 1148 3066 1202 fertis
3086 1188 3099 1209 ,
3129 1146 3280 1201 Cozlo
3300 1152 3461 1213 atque
3493 1142 3600 1197 lle-

1995 1258 2112 1306 cata
2153 1256 2488 1319 procreatus.
2533 1246 2663 1312 Quis
2710 1244 2892 1319 Picum
2943 1240 3110 1295 Fauni
3150 1248 3391 1308 patrem,
3438 1246 3601 1305 atque

281 436 337 484 et
364 443 396 483 a
423 435 574 481 certo
597 432 772 495 empta
805 434 890 480 est
914 434 1155 494 tempore
1195 425 1292 479 dea
1321 422 1448 487 dici,
1482 421 1651 475 sacris
1677 419 1728 472 in
1751 416 1880 472 mdi-

283 518 390 576 bus
411 518 592 585 statui,
631 525 686 573 et
725 516 1019 572 inviolabili
1048 517 1307 588 religione
1334 515 1552 570 sanciri.
1577 511 1731 582 Quod
1758 525 1880 567 cum

286 612 361 667 ita
392 626 450 667 se
476 609 690 674 habeat,
722 624 843 665 cum
877 609 945 664 de
975 609 1212 664 novitate
1245 606 1524 678 loquimini
1564 605 1881 675 religionum

285 715 617 769 nostrarum,
647 713 841 756 vestra:
862 701 1085 756 vobisin
1117 711 1351 756 mentem
1374 715 1479 755 non
1511 699 1754 763 veniunt,
1786 709 1887 751 nec

283 798 485 856 curatis
525 794 794 869 inspicere
838 794 1054 865 quando
1083 795 1193 849 sint
1222 794 1395 848 exorti
1425 793 1509 847 Dii
1544 791 1730 856 vestri,
1755 803 1886 859 quas

283 892 526 963 origines
568 889 823 956 habeant,
865 904 998 958 quas
1038 902 1250 952 causas,
1279 887 1359 941 vel
1386 902 1451 943 ex
1482 885 1675 956 quibus
1697 898 1888 955 proru-

285 984 468 1057 perint
488 983 913 1052 emicuerintque
941 979 1250 1036 radicibus?
1276 978 1440 1048 Cujus
1465 988 1547 1032 est
1588 985 1767 1030 autem
1790 990 1889 1045 pu-

284 1075 454 1143 doris,
483 1075 781 1146 quinimmo
821 1072 1215 1128 inverecundiie
1254 1071 1431 1147 cujus,
1464 1069 1605 1140 quod
1647 1083 1806 1138 agere
1835 1077 1886 1122 te

287 1170 499 1237 videas,
535 1170 587 1223 in
610 1184 676 1223 eo
697 1168 924 1222 alterum
956 1164 1381 1235 reprehendere,
1416 1163 1685 1217 maledicti
1712 1171 1767 1216 et
1785 1160 1888 1215 cri-

285 1263 450 1320 minis
494 1262 613 1317 loco
656 1261 789 1316 dare
826 1275 911 1326 ea,
959 1274 1078 1330 quae
1120 1259 1173 1313 in
1214 1269 1265 1313 te
1310 1258 1516 1328 possint
1556 1256 1887 1326 reciprocata

285 1352 663 1411 vicissitudine
696 1350 1037 1421 retorqueri?

364 1443 553 1502 LXXI.
580 1443 685 1502 Sed
713 1443 855 1514 quod
884 1443 1090 1513 agimus
1119 1457 1238 1506 nos,
1269 1455 1464 1495 novum
1489 1448 1571 1495 est
1589 1480 1603 1503 ,
1631 1436 1773 1509 quod
1799 1451 1893 1490 au-

292 1547 401 1595 tem
439 1553 555 1605 vos,
572 1537 808 1608 priscum
849 1544 951 1600 est,
980 1542 1035 1590 et
1057 1537 1233 1589 nimia:
1262 1533 1575 1589 vetustatis:
1599 1530 1797 1601 etquid
1821 1530 1890 1584 is-

1997 1318 2356 1398 avuniLatini
2380 1340 2404 1394 ?
2430 1339 2710 1401 Saturnus,
2747 1318 2805 1391 ut
2831 1335 2990 1388 iidem
3028 1348 3126 1387 vos
3151 1330 3346 1386 vestris
3380 1329 3599 1399 scriptis

1998 1446 2159 1505 atque
2207 1432 2522 1487 auctoribus
2554 1428 2783 1483 traditis.
2818 1427 2959 1498 Ergo
2983 1427 3027 1480 si
3060 1424 3176 1479 hare
3228 1424 3301 1478 ita
3337 1431 3484 1487 sunt,
3513 1436 3600 1476 se-

2001 1527 2185 1598 quitur
2240 1535 2297 1579 ut
2342 1525 2498 1579 Picus
2528 1532 2582 1578 et
2626 1519 2835 1590 Jupiter
2871 1516 3243 1589 germanitatis
3276 1514 3379 1570 sibi
3411 1512 3604 1570 sociati

294 1630 392 1686 tud
453 1637 545 1684 aut
570 1590 668 1683 vos
695 1629 864 1698 juvat,
886 1635 979 1681 aut
1009 1635 1247 1681 nostram
1277 1638 1494 1679 causam
1518 1622 1888 1690 rationemque
1924 1590 1963 1648 Β
1993 1620 2102 1675 sint
2118 1621 2277 1690 jure:
2305 1627 2488 1688 utpote
2518 1633 2623 1671 uno
2644 1632 2708 1671 ex
2740 1614 3020 1685 sanguine,
3057 1626 3269 1682 unoque
3296 1626 3360 1665 ex
3392 1608 3599 1664 semine

290 1722 775 1787 contristatiNova
803 1735 889 1776 res
910 1730 992 1776 est
1013 1735 1171 1791 quam
1194 1718 1432 1791 gerimus
1456 1737 1467 1772 :
1498 1716 1818 1788 quandoque
1832 1722 1887 1771 et

288 1815 408 1888 ipsa
435 1824 588 1872 vetus
608 1812 719 1870 fiet.
752 1812 922 1871 Vetus
945 1829 1107 1890 quam
1142 1827 1238 1867 vos
1265 1811 1422 1883 agitis
1453 1827 1465 1864 :
1494 1809 1589 1866 sed
1622 1807 1880 1878 tempori-

1994 1712 2282 1783 procreati.
2327 1707 2760 1765 Consentaneum
2803 1717 2886 1762 est
2934 1708 3004 1761 ita
3031 1720 3154 1760 esse
3193 1702 3335 1783 quod
3382 1702 3597 1757 dicitur.

1991 1807 2076 1862 Ab
2124 1804 2257 1861 Jove
2286 1847 2300 1871 ,
2358 1816 2412 1861 et
2457 1805 2584 1861 Pico
2619 1844 2634 1871 ,
2683 1811 2814 1874 quot
2865 1809 2991 1857 sunt
3045 1799 3259 1879 generis
3306 1812 3474 1885 usque
3534 1795 3602 1851 ad

1538 1922 1921 1987 LECTIONES
1963 1918 2373 1990 VARIANTES.

358 2048 388 2078 ⁸
422 2047 519 2105 κο.
552 2043 844 2107 Geuialihus
876 2041 998 2113 Opis
1019 2040 1282 2113 adiunctis.

1654 2143 2226 2207 COMMENTARIUS.

376 2290 445 2367 in
495 2290 712 2367 essentia
755 2289 1052 2367 constituta.
1094 2287 1162 2342 In
1206 2289 1510 2367 essentiam,
1554 2288 1699 2367 quod
1748 2288 1909 2344 habet

305 2362 481 2418 Codex
509 2377 611 2417 ms.
631 2403 646 2423 .
681 2361 963 2432 legendum
988 2369 1176 2415 censet
1203 2360 1542 2416 Stewechius
1564 2360 1587 2427 ,τ
1634 2376 1784 2415 more
1813 2374 1907 2414 so-

308 2434 406 2489 lito
454 2433 677 2489 Arnobii
725 2431 1093 2502 accusativum
1143 2433 1376 2499 ponendi
1423 2450 1518 2502 pro
1566 2432 1799 2486 ablativo
1854 2442 1909 2487 et

310 2506 429 2560 vice
465 2519 643 2559 versa.
673 2503 807 2560 Vide
831 2518 1015 2570 supra.
1048 2500 1253 2557 OnELL.

380 2576 673 2629 lnviolabili
702 2574 947 2646 religione
989 2575 1195 2646 sanciri.
1247 2574 1490 2646 Proprie.
1531 2572 1664 2627 Nam
1709 2575 1910 2629 sancire

302 2657 391 2703 cst
421 2663 534 2707 rem
564 2644 811 2703 sanctam
836 2654 995 2715 atque
1023 2644 1385 2703 inviolabilem
1409 2646 1626 2701 elticere
1649 2649 1762 2715 {uso
1789 2662 1909 2700 san~

302 2719 464 2844 ἶχιῦἱηε
484 2717 698 2786 hostile,
731 2717 807 2777 ait
843 2715 1065 2776 Servius
1096 2716 1162 2771 ad
1197 2715 1380 2787 Virgil.
1412 2715 1590 2785 Quare
1620 2715 1903 2785 Lucanus,

328 2807 343 2844 1
390 2832 402 2844 .
433 2804 547 2844 vn:
906 2828 907 2831 η

328 2804 402 2844 ll).
433 2804 547 2846 νιιε
906 2828 907 2831 η

490 2900 735 2950 Romanas
756 2901 949 2950 sancire
972 2899 1143 2949 volent
1160 2899 1254 2949 hoc
1277 2900 1517 2962 sanguine
1543 2898 1702 2963 leges.

2016 2308 2110 2346 nos
2156 2308 2263 2348 esse
2289 2300 2538 2349 trecentos
2565 2292 2683 2365 plus
2729 2294 2930 2358 minus,
2979 2309 3041 2348 ea:
3068 2309 3168 2363 quo
3196 2292 3462 2365 christiani
3493 2308 3608 2365 esse

2016 2365 2290 2432 coeperint,
2340 2376 2387 2418 et
2434 2366 2487 2418 in
2512 2363 2631 2419 orbe
2674 2374 2925 2418 terrarum
2969 2367 3161 2419 censeri
3185 2363 3605 2435 :facile_videre

2017 2443 2099 2489 est
2124 2477 2139 2499 ,
2174 2435 2225 2489 in
2255 2437 2559 2506 objectione
2589 2437 2673 2489 illa
2702 2439 2931 2507 pagani,
2976 2452 3096 2491 cum
3150 2436 3322 2506 inquit
3360 2437 3606 2504 quadrin-

2051 2515 2223 2574 entos,
2261 2508 2312 2562 in
2344 2522 2688 2562 numerorum
2731 2509 2872 2561 notis
2921 2507 3072 2561 valde
3118 2507 3423 2561 aberratum
3458 2522 3599 2562 esse.

2047 2595 2074 2628 n
2107 2579 2593 2635 considerationem
2623 2594 2835 2648 quoque
2864 2579 3047 2633 venire
3074 2578 3233 2632 debet
3258 2621 3271 2639 ,
3305 2580 3446 2648 quod
3471 2579 3607 2633 scri-

2017 2658 2138 2717 ptor
2188 2649 2274 2706 hic
2316 2666 2441 2707 mox
2476 2650 2687 2715 subdit,
2733 2665 2931 2705 annum
2962 2651 3108 2704 urbis
3134 2649 3365 2704 condita:
3390 2652 3606 2705 circiter

2017 2719 2160 2777 1050
2185 2736 2327 2787 esse,
2362 2737 2484 2778 cum
2535 2720 2649 2775 hmo
2679 2722 2974 2786 scriberet;
3005 2736 3067 2774 ac
3092 2721 3199 2774 duo
3231 2722 3315 2775 illa
3340 2737 3602 2775 anuorum

2014 2791 2317 2864 milliaide
2365 2794 2559 2864 quibus
2587 2791 2775 2864 supra)
2821 2792 2949 2864 inibi
2999 2793 3192 2860 repetit
3221 2807 3282 2846 ac
3332 2803 3598 2847 recenset.

2016 2862 2151 2917 Dum
2186 2863 2352 2919 fastos
2384 2862 3021 2932 ltomanornm’inspicio,
3051 2879 3113 2917 ac
3141 2873 3334 2933 printer
3363 2878 3444 2923 ea,
3486 2880 3605 2932 qua:

2013 2935 2221 2991 calculo
2253 2936 2376 2993 ltuic
2403 2935 2737 3004 subjicienda
2772 2945 2932 3001 sunt,
2971 2932 3286 2989 Diocletiani
3316 2932 3601 3002 imperium

311 3007 377 3080 Et
398 3004 619 3080 Livius,
649 3004 744 3080 lib.
773 3019 907 3080 x__xut
940 3022 951 3056 :
986 3001 1243 3080 Jant_eg_o,
1278 3004 1441 3080 inquit
1462 3045 1495 3080 ._
1520 3005 1770 3080 sanguine
1800 3005 1904 3060 An-
1940 3017 1984 3080 ρ
2016 3006 2266 3073 expendo
2313 3009 2436 3080 (sub
2476 3001 2582 3080 quo
2612 3006 2907 3062 Arnobiuni
2957 3007 3179 3069 vixisse,
3228 3006 3285 3059 Β.
3336 3005 3603 3080 Hierony-

306 3078 493 3130 nibalis
520 3078 747 3130 sauciant
783 3074 1068 3129 Romanum
1100 3076 1285 3146 fwclas.
1313 3074 1454 3146 Ergo
1481 3074 1551 3129 ita
1580 3076 1800 3130 sancitur
1824 3092 1908 3132 re-

310 3148 535 3217 ligiones
561 3158 615 3200 et
643 3151 755 3217 ipsa
790 3146 1007 3203 numina
1039 3146 1110 3202 ita
1155 3158 1504 3208 ciiiisecrata,
1553 3162 1672 3214 qua:
1705 3148 1906 3202 violare

310 3217 463 3272 nel‘as
488 3217 687 3277 idcirco
716 3229 833 3273 erat
853 3259 868 3284 ,
898 3228 951 3275 et
978 3232 1097 3284 quae
1126 3217 1171 3271 si
1193 3218 1314 3286 quis
1351 3217 1685 3283 violaverat,
1720 3219 1902 3287 piacu-

311 3290 420 3343 lum
457 3290 630 3359 capite
666 3288 865 3361 luebat.
893 3287 980 3361 δίο
1009 3289 1151 3361 leges
1177 3290 1365 3361 sanciri
1392 3288 1576 3352 dictae,
1607 3297 1661 3361 et
1685 3291 1907 3345 sanctio-

308 3376 399 3436 nes
430 3377 442 3413 :
473 3360 593 3433 quia
621 3400 644 3436 ,_
677 3360 721 3414 si
747 3359 945 3436 quis_i_n
974 3359 1076 3436 eas
1104 3359 1678 3436 commiseratLcapite
1719 3360 1908 3436 punie-

309 3430 573 3499 batur,'ut
595 3430 847 3487 observat
870 3430 1148 3499 Ulpianns.
1184 3431 1275 3485 lib.
1307 3446 1359 3493 ix
1384 3430 1451 3489 de
1481 3430 1680 3487 Rerum
1709 3433 1816 3487 div.
1852 3441 1905 3487 et

305 3502 453 3571 quai.
508 3502 686 3569 Quare
734 3513 924 3556 sancta!
969 3502 1251 3572 appellata:
1290 3512 1415 3559 sunt
1470 3518 1559 3558 res
1607 3502 1675 3556 ab
1731 3503 1902 3557 homi-

309 3570 436 3627 num
480 3571 674 3642 injuria
705 3573 942 3631 defensa:
1096 3570 1348 3637 munita),
1397 3573 1487 3628 lib.
1531 3589 1646 3627 viti.
1699 3573 1896 3642 Digest.

307 3643 431 3699 eod.
466 3644 555 3703 Sic
586 3645 746 3715 legati
793 3644 963 3699 sancti
1005 3652 1058 3699 ct
1103 3643 1371 3709 inviolati;
1420 3653 1475 3699 et
1505 3645 1698 3715 tribuni
1730 3646 1903 3713 plebis

305 3716 506 3791 sancti,
537 3713 855 3791 sivc'potins
899 3717 1261 3791 sacrosancti,
1305 3717 1434 3791 Δἱεροὶ
1480 3722 1560 3791 mi
1588 3713 1798 3791 ἄσυλοι,
1845 3725 1903 3777 ut

307 3786 695 3858 interpretatur
730 3786 1011 3858 Dionysius
1044 3784 1210 3858 llalic.
1240 3826 1254 3848 ,
1279 3784 1395 3858 _lili.
1444 3802 1493 3843 vt
1520 3785 1704 3856 Antiq.
1755 3803 1896 3843 rom.

307 3857 648 3911 Sacri-sancti
697 3855 914 3922 autem,
971 3856 1093 3927 quia
1145 3855 1408 3927 sancitum
1459 3867 1606 3923 erat,
1664 3855 1756 3923 ut,
1808 3861 1902 3926 qui

305 3942 403 3983 eos
448 3928 730 3995 violasset,
781 3939 939 3997 caput
987 3925 1103 3996 ejus
1147 3925 1267 3983 Jovi
1318 3944 1529 3983 sacrum
1576 3939 1741 3985 esset.
1789 3925 1896 3984 Tit.

308 3998 522 4064 Livius,
557 3998 651 4055 lib.
696 4015 775 4054 ιιι.
812 3999 1124 4070 Sanciendo,
1175 4010 1261 4061 ut,
1301 4000 1389 4070 qui
1433 4000 1648 4054 tribunis
1708 4001 1902 4068 plebis,

307 4070 576 4143 wdililms,
626 4070 922 4143 jndicibus,
974 4068 1268 4129 decemviris
1314 4068 1605 4143 nocuisset)
1651 4073 1765 4139 ejus
1816 4088 1904 4127 ca-

310 4155 402 4209 put
431 4142 551 4195 Jovi
578 4138 778 4195 socrum
808 4152 971 4206 esset;
1022 4143 1223 4210 familia
1269 4143 1337 4195 ad
1363 4142 1524 4196 cedem
1555 4138 1750 4196 Cereris
1769 4183 1783 4206 ,
1814 4144 1905 4196 Li.

307 4212 449 4275 beri,
482 4211 778 4281 Liberaeque
804 4229 985 4273 venunt
1021 4222 1119 4266 eat.
1149 4212 1251 4280 Qui
1282 4213 1351 4265 ita
1398 4214 1592 4267 sacrati
1631 4221 1685 4268 et
1725 4215 1904 4269 devoti

308 4292 498 4349 erant,
543 4299 654 4359 eos
689 4285 913 4359 quilibet
953 4291 1165 4359 poterat
1209 4281 1327 4339 ἄνευ
1360 4286 1577 4359 κρξᾳεως
1608 4294 1765 4359 atque
1807 4287 1906 4339 ini-

311 4339 453 4425 pitne
484 4339 773 4413 'occideie.
806 4339 1169 4414 Sacrabanlur
1198 4339 1511 4415 autem'diis
1554 4339 1743 4410 illiciis
1776 4371 1914 4426 prte-
1939 4339 1995 4400 D

308 4427 465 4497 cipue
484 4468 499 4491 ,
533 4426 670 4488 θεοῖς
697 4427 1066 4498 καταχθονίοις.
1099 4425 1232 4498 Iliae
1261 4426 1331 4498 dii
1358 4426 1555 4490 sancti,
1587 4437 1764 4482 sancta
1790 4430 1912 4483 deo.-

309 4495 425 4550 ru‘m
464 4499 690 4566 templa,
738 4495 998 4567 sanguine
1051 4505 1106 4551 et
1134 4495 1326 4552 hostiis
1372 4499 1526 4551 caesis
1554 4510 1908 4564 consecrata;

313 4567 409 4638 sed
440 4576 495 4622 et
521 4584 749 4638 (piorum
781 4570 1116 4638 majestatem
1148 4567 1190 4638 si
1222 4567 1341 4638 quis
1367 4568 1619 4623 violasset
1646 4581 1698 4623 et
1734 4570 1913 4625 immi-

316 4636 555 4710 nuisset,
584 4639 843 4710 sanguine
870 4636 971 4694 suo
1001 4636 1365 4693 satisfacieliat
1404 4647 1458 4693 et
1486 4640 1691 4695 facinus
1726 4643 1912 4710 expia.

315 4709 428 4781 bat.
464 4709 704 4781 l’roprie"
721 4713 883 4781 igitur
912 4710 1183 4765 Arnobius
1210 4710 1492 4781 inuiolabiti
1521 4711 1768 4779 religione
1796 4709 1911 4769 san-

316 4779 544 4853 ciriait,
575 4779 714 4853 'quia
744 4779 961 4836 “ιιιιιι·ιθιι
1010 4780 1079 4835 ita
1128 4779 1392 4853 sancitum
1418 4789 1544 4853 crat
1581 4794 1823 4836 sanctum
1854 4795 1909 4843 et

315 4850 666 4919 inviolatum;
694 4861 747 4907 et
792 4853 910 4923 ejus
952 4852 1225 4924 maiestas
1246 4851 1289 4905 si
1329 4850 1523 4906 violata
1550 4861 1699 4917 erat,
1733 4855 1913 4924 cupito

312 4928 400 4978 τοῦ
433 4924 790 4994 ἀσοϐήσαντοςί
814 4922 1154 4994 expiabalttt‘.
1185 4922 1424 4979 HERALD.

383 4994 573 5050 LXXI.
624 5024 713 5067 -ᾼ
741 4993 854 5049 Nec
897 4993 1067 5047 colere
1120 5010 1240 5064 quo,
1276 4996 1386 5067 die,
1446 4993 1560 5067 se_d_
1587 4995 1700 5063 quis
1742 5012 1912 5067 capa-

310 5067 385 5122 ris
431 5066 641 5120 intueri.
680 5065 818 5134 Quid
863 5074 947 5120 est
998 5081 1029 5123 e
1084 5066 1419 5120 correctione
1467 5064 1673 5123 Gelenii
1710 5082 1723 5121 :
1756 5064 1915 5129 antea

312 5136 1021 5211 legebatur_qui__ctzperis,
1072 5152 1231 5211 quiant
1288 5135 1574 5193 lectionem
1621 5135 1917 5211 defendere

312 5204 538 5273 conatur
581 5204 876 5275 lleraldus',
932 5207 1020 5275 qui
1064 5204 1338 5278 accipiens
1377 5223 1474 5278 pro
1520 5208 1813 5278 quomodo,
1859 5219 1917 5269 ut

313 5292 508 5337 sensiis
551 5277 655 5344 sit;
689 5295 795 5334 non
825 5293 947 5334 esse
983 5277 1431 5335 considerandam
1464 5277 1741 5349 religionis
1787 5291 1913 5335 asta~

315 5360 444 5422 tem,
493 5349 586 5407 Sed
624 5349 906 5404 rationein.
959 5349 1065 5406 Sed
1114 5351 1340 5422 praefero
1383 5350 1534 5421 quid,
1591 5359 1648 5405 ut
1688 5366 1913 5422 respon-

314 5420 442 5475 deat
471 5423 812 5476 antccedenti
845 5424 1072 5475 numine.
1105 5420 1311 5479 OasLL.

393 5513 523 5584 Ante
549 5513 953 5582 quadringentos
990 5529 1152 5568 annos
1178 5513 1378 5583 religio,
1402 5514 1596 5584 inquit,
1624 5524 1789 5568 vestra
1810 5531 1912 5569 non

320 5582 438 5652 fuit.
470 5583 674 5639 Locum
698 5586 948 5639 vitiosum
972 5599 1093 5639 esse
1113 5624 1129 5650 ,
1178 5582 1287 5639 non
1314 5582 1508 5640 attinet
1536 5586 1734 5643 dicere.
1779 5586 1913 5641 Nam

322 5667 390 5711 ex
418 5670 485 5713 oo
510 5655 658 5726 quod
698 5655 1005 5721 Arnobius,
1041 5655 1139 5712 lib.
1169 5670 1218 5725 ι,
1252 5656 1370 5726 cap.
1403 5657 1474 5712 13
1515 5656 1730 5726 scripsit
1764 5675 1779 5713 :
1810 5657 1916 5712 An-

2017 3091 2244 3147 nymus,
2292 3079 2384 3131 alii
2434 3078 2561 3135 mihi
2614 3081 2840 3143 testes),
2881 3080 3158 3147 comperio
3207 3086 3406 3131 annum
3459 3079 3606 3131 urbis

2019 3146 2202 3217 itania:
2257 3149 2488 3205 condita:
2543 3148 2716 3213 10.30,
2773 3149 2875 3204 hoc
2914 3160 2994 3202 est
3045 3149 3382 3217 consulatum
3431 3148 3604 3203 Anicii

2015 3216 2197 3281 Fausti
2217 3230 2271 3277 et
2296 3219 2431 3275 Galli
2460 3220 2696 3276 inridere
2716 3218 2932 3275 demum
2962 3219 3016 3273 in
3038 3235 3238 3273 annum
3258 3220 3454 3273 tiliristi
3472 3220 3600 3284 298.

2014 3304 2182 3356 quare
2214 3291 2560 3347 restituamus
2589 3291 2728 3355 apud
2769 3291 3071 3359 Arnobium
3099 3308 3113 3345 :
3147 3301 3264 3344 ante
3294 3288 3417 3345 CCC
3444 3308 3607 3345 annos

2015 3360 2225 3432 religio.
2286 3364 2484 3432 inquit,
2523 3373 2689 3417 vestra
2744 3378 2843 3416 non
2886 3362 3002 3431 fuit.
3048 3362 3291 3416 Allusum
3347 3360 3487 3415 enim
3540 3363 3606 3416 ad

2017 3430 2276 3488 iroaicam
2307 3430 2712 3491 concessionem
2750 3430 2893 3489 illam
2928 3433 3361 3501 prmcedentem;
3393 3433 3482 3485 sed
3510 3449 3608 3487 no-

2014 3503 2201 3559 vellum
2232 3516 2303 3560 est
2347 3522 2529 3559 nomen
2556 3516 2807 3568 nostrum,
2841 3514 2888 3557 et
2925 3515 3041 3557 ante
3073 3505 3181 3557 dies
3208 3521 3398 3573 paucos
3430 3504 3610 3575 religio

2013 3583 2087 3633 est
2112 3586 2253 3639 uota,
2283 3593 2437 3645 quam
2486 3578 2763 3646 sequimur.
2819 3575 3109 3631 S'rswscu.
3145 3576 3224 3629 Nil
3257 3576 3608 3637 tnnt'amlum;

2014 3662 2135 3699 nam
2183 3657 2457 3701 auctorem
2506 3660 2750 3701 nostrum
2808 3648 2859 3700 in
2899 3664 3163 3701 annorum
3209 3648 3609 3716 computatione

2014 3733 2119 3771 non
2168 3718 2299 3772 satis
2331 3717 2432 3771 sibi
2475 3730 2727 3772 constare
2780 3718 2845 3770 ab
2894 3718 3013 3785 aliis
3040 3719 3173 3786 jam.
3210 3720 3357 3775 verbi
3410 3734 3606 3786 causa,

2013 3788 2243 3847 Baronio
2281 3790 2345 3851 ad
2389 3791 2593 3875 faunal.
2650 3788 2773 3872 §02,
2816 3786 2847 3913 ᾗ
2885 3789 2980 3857 l7;
3034 3786 3345 3850 Dodwello,
3382 3790 3625 3846 Dissort.‘

2013 3859 2191 3913 Iret...
2225 3874 2296 3913 ιι.
2332 3856 2490 3913 Soli:
2542 3862 2737 3913 Paeto.
2772 3876 2820 3913 at
2880 3861 3074 3913 Annal.
3120 3861 3255 3913 502.
3306 3860 3333 3913 8
3390 3862 3478 3913 15.
3508 3861 3609 3913 ob-

2010 3859 2152 3914 lreu.
2177 3899 2191 3923 ,
2225 3874 2296 3925 ιι,
2332 3856 2490 3932 §505
2542 3861 2737 3932 l’agio.
2772 3856 2845 3915 ad
2880 3861 3074 3932 Annal.
3120 3861 3255 3923 502,
3306 3860 3334 3932 §
3390 3862 3478 3925 15,
3508 3861 3609 3915 ob-

2012 3941 2285 3985 servatum
2311 3929 2414 3985 est.
2440 3930 2700 3986 Nimirum
2730 3947 2793 3997 ex
2830 3929 3005 3986 verbis
3027 3934 3145 3998 ejus
3169 3929 3328 3999 supra
3348 3948 3377 3983 a
3401 3932 3609 3986 Stowe-

2012 4000 2134 4054 chio
2165 4000 2373 4072 allatis,
2405 4001 2498 4072 lib.
2530 4018 2577 4063 ι.
2609 4017 2729 4072 cap.
2767 4002 2851 4064 15,
2884 4011 2937 4054 et
2967 4017 3039 4072 ex,
3077 4003 3139 4054 iis
3168 4018 3285 4069 qua:
3326 4004 3375 4054 in
3422 4012 3606 4072 nostro

2013 4073 2188 4145 capite
2239 4070 2376 4145 infra
2432 4070 2689 4145 leguntur
2726 4090 2740 4126 :
2781 4072 2955 4125 Annos
3007 4071 3147 4145 ducit
3194 4071 3360 4145 (Urbs
3411 4071 3604 4145 Roma)

2013 4143 2385 4213 quinquaginta
2415 4152 2462 4196 et
2490 4143 2658 4207 mille,
2700 4151 2789 4195 aut
2829 4159 2929 4195 non
2957 4144 3172 4196 multum
3205 4143 3264 4195 ab
3293 4144 3371 4197 Itis
3399 4144 3565 4197 minus
3590 4186 3604 4209 ,

2016 4223 2163 4267 recte
2193 4215 2525 4281 elicuerunt,
2558 4214 2856 4269 Arnobium
2884 4213 3001 4267 hare
3032 4215 3313 4285 scripsisse
3343 4218 3482 4270 circa
3514 4230 3610 4267 au-

2016 4299 2145 4338 num
2176 4286 2372 4339 Christi
2402 4285 2531 4348 297,
2557 4287 2706 4354 juxta
2735 4285 3119 4340 Varronianam
3147 4289 3226 4341 vel
3253 4303 3449 4341 annum
3477 4285 3606 4353 298,

2017 4356 2168 4424 juxta
2200 4356 2560 4423 Capitolinam
2607 4372 2870 4411 annorum
2908 4356 3067 4412 Urbis
3098 4356 3329 4413 conditae
3384 4361 3611 4427 putatio-

2024 4442 2169 4481 nem.
2203 4427 2273 4482 At
2302 4444 2432 4483 vero
2471 4428 2593 4483 huic
2622 4436 2879 4500 computo
2904 4431 3123 4500 obstare
3148 4430 3396 4500 videntur
3426 4429 3609 4500 verba,

2021 4515 2140 4568 qtae
2171 4500 2306 4553 infra
2334 4501 2589 4572 legimus,
2624 4500 2712 4554 lib.
2744 4498 2795 4553 iv
2816 4541 2828 4565 ,
2865 4516 2983 4570 cap.
3018 4499 3105 4572 56.
3142 4499 3281 4555 Nam
3310 4510 3481 4554 nostra
3505 4498 3614 4569 qui-

2021 4571 2136 4624 dem
2167 4572 2358 4641 scr‘ipto
2396 4571 2486 4624 tur
2514 4571 2715 4642 ignibus
2758 4581 3050 4624 meruerunt
3073 4571 3215 4642 dari,
3246 4587 3337 4624 cur
3379 4571 3614 4624 immuni-

2023 4652 2099 4695 ter
2124 4642 2474 4695 conventicula
2496 4641 2652 4705 dirui,
2685 4659 2824 4712 qtae,
2851 4652 2909 4695 ut
2940 4645 3145 4696 monuit
3171 4641 3431 4695 Bar0nitts
3455 4642 3501 4712 Vl.
3534 4642 3569 4693 Ι.
3591 4683 3607 4709 ,

2020 4727 2130 4765 non
2161 4713 2409 4766 videntur
2439 4713 2635 4779 scripta
2663 4711 2785 4767 ease
2812 4723 2937 4766 ante
2961 4728 3156 4765 annum
3192 4720 3311 4781 post
3339 4711 3611 4766 Christum

2020 4795 2203 4836 natum
2235 4783 2377 4849 305,
2411 4797 2518 4851 quo
2546 4785 2873 4838 Diocletiana
2916 4784 3219 4851 persecutio
3264 4785 3459 4837 saevire
3499 4797 3615 4837 caa-

2020 4854 2115 4924 pit.
2147 4854 2321 4921 Quid,
2352 4855 2493 4923 quod
2540 4870 2715 4923 neque
2757 4856 2822 4907 de
2872 4863 3146 4923 tempore,
3179 4870 3285 4924 quo
3331 4854 3613 4923 scripserit

2023 4926 2190 4979 libros
2217 4940 2344 4980 suos
2381 4967 2394 4987 ,
2430 4940 2603 4995 neque
2637 4925 2705 4980 de
2735 4940 2877 4978 anno
2918 4941 3024 4993 quo
3070 4926 3264 4980 obierit
3304 4924 3576 4980 Arnobius
3598 4967 3613 4993 ,

2022 4996 2415 5051 accuratiorem
2449 4999 2692 5050 notitiam
2741 4996 3031 5060 habemus,
3079 4997 3178 5050 nisi
3220 4997 3359 5065 quod
3392 5013 3456 5050 ex
3496 5013 3618 5050 vcr-

2021 5068 2106 5123 bis
2138 5068 2481 5139 Hicrooyini,
2530 5068 2596 5121 de
2623 5067 2767 5123 Viris
2813 5069 3144 5131 illustribus,
3192 5084 3310 5138 cap.
3344 5069 3432 5131 79,
3479 5083 3609 5122 con--

2024 5138 2250 5194 cludunt
2270 5138 2465 5194 eruditi
2490 5182 2503 5203 ,
2532 5140 2678 5193 iiilllll
2709 5139 2775 5195 ad
2807 5153 3005 5192 annum
3033 5139 3160 5202 5&6,
3192 5148 3312 5208 post
3339 5139 3615 5193 Christum

2026 5221 2209 5265 natum
2257 5210 2416 5264 vitam
2468 5210 2799 5278 produxisse.
2851 5210 3002 5275 Quod
3031 5210 3074 5263 si
3125 5212 3283 5281 igitur
3322 5226 3426 5265 uno
3473 5226 3617 5265 anno

2027 5292 2149 5351 post
2180 5282 2619 5339 trecentesimum
2650 5281 2941 5349 scripserat
2985 5282 3099 5334 hare
3125 5292 3333 5347 auctor,
3362 5281 3618 5337 δόνει-δη-

2024 5354 2134 5408 rius
2177 5353 2266 5406 ille
2307 5367 2575 5421 paganus,
2626 5367 2786 5421 quem
2821 5353 3024 5406 inducit
3053 5351 3157 5408 ltoc
3201 5353 3341 5418 loco,
3392 5368 3617 5407 nurnero

2023 5423 2253 5496 rotundo
2298 5422 2477 5481 dicere
2523 5432 2786 5496 poterat;
2832 5421 2963 5496 date
3000 5425 3407 5496 quadringentos
3454 5439 3618 5477 annos

2021 5495 2202 5563 religio
2230 5504 2395 5549 vestra
2436 5510 2537 5547 non
2547 5494 2681 5620 (ςυϋ.
2731 5492 2888 5549 Conf.
2922 5492 3340 5551 Schmiiemanni
3374 5496 3621 5549 notitiam

2022 5566 2374 5620 litterariam.
2404 5562 2433 5620 ἃ
2463 5565 2513 5620 1.
2595 5580 2750 5620 κειι..

2022 5562 2374 5631 litterariam,
2404 5562 2433 5637 δ
2463 5565 2513 5620 1.
2547 5562 2750 5620 Οιιειι..

2098 5656 2228 5723 Quis
2250 5656 2436 5712 Picum
2466 5655 2645 5712 Fauni
2671 5668 2902 5727 patrem,
2949 5666 3101 5730 atque
3127 5673 3288 5713 arum
3326 5654 3539 5711 Latini?
3567 5653 3641 5712 Sa
3666 5664 3675 5675 ‘
