3974 6068
302 175 408 233 9‘27

1445 178 1730 238 ARNOBII
1758 178 2128 238 ADVERSUS
2166 180 2443 238 GENTES

3509 181 3626 239 928

303 287 555 346 Latinum
582 289 781 363 gradus
801 332 816 357 ,
845 291 971 348 trini
1002 308 1016 346 :
1046 299 1105 347 ut
1133 291 1335 348 indicat
1354 293 1542 350 series.
1574 294 1746 350 Voltis
1776 293 1916 349 Fau-
1942 302 1997 361 Α
2019 296 2432 367 quamplurimis
2452 296 2679 363 anteire,
2698 312 2821 352 cum
2845 314 2873 352 a
2893 304 3042 353 certo
3062 297 3328 355 eiecerint
3349 299 3629 368 tempore?

303 395 440 447 nus,
472 382 730 451 Latinus,
760 392 814 439 et
841 384 1021 452 Picus,
1054 385 1211 440 annis
1237 386 1471 441 vixerint
1497 386 1702 442 vicenis
1750 397 1912 458 atque

306 477 596 532 centenis?
642 477 779 532 ultra
827 477 969 533 enini
1024 488 1255 548 negatur
1310 494 1473 551 posse
1521 480 1757 534 hominis
1807 481 1914 534 vita

306 567 553 638 produci.
585 567 894 624 IEstimatio
913 569 1059 642 justa
1081 580 1137 626 ct
1156 571 1357 642 liquida
1380 580 1483 627 est.
1505 571 1757 627 Trecenti
1787 586 1915 643 ergo

308 672 436 718 sunt
477 662 623 733 pleni
672 675 725 720 et
746 664 1023 735 sexaginta
1053 675 1172 735 post
1200 664 1304 722 hos
1330 667 1459 721 anni
1488 683 1501 720 :
1530 681 1621 722 res
1648 667 1720 721 ita
1750 677 1832 722 est
1860 675 1917 722 ut

309 758 511 815 indicat
537 762 868 832 supputatio.
899 759 1068 829 Cujus
1096 777 1254 819 socer
1285 763 1507 820 Latinus
1532 763 1664 820 luit?
1701 764 1912 823 diluere.

311 849 537 907 Genitor
563 851 612 908 is
657 852 859 923 cujus?
909 853 1106 911 Albani
1155 856 1338 926 oppidi
1385 856 1703 912 conditoris.
1771 858 1915 924 Quot

311 945 454 1016 apud
480 947 669 1002 Albam
703 957 985 1020 regnatum
1018 958 1101 1005 est
1151 951 1348 1005 annis?
1377 949 1804 1021 quadringentis,
1863 960 1919 1006 et

312 1051 480 1109 prope
532 1037 617 1094 bis
646 1037 820 1094 denis.
871 1037 1069 1095 IEtatis
1120 1041 1249 1097 urbs
1285 1041 1457 1095 Roma
1507 1041 1662 1112 cujus
1703 1055 1824 1096 esse
1860 1041 1915 1096 in

312 1128 594 1185 annalibus
648 1129 944 1186 indicitur?
996 1147 1167 1187 annos
1217 1132 1365 1188 ducit
1431 1133 1815 1205 quinquaginta
1865 1144 1921 1190 et

312 1225 484 1293 mille,
510 1233 603 1281 aut
633 1243 739 1281 non
771 1228 998 1283 multum
1026 1229 1095 1284 ab
1118 1228 1201 1283 bis
1252 1230 1450 1284 minus.
1482 1230 1623 1301 Ergo
1651 1230 1719 1285 ab
1743 1229 1876 1286 Jove
1901 1272 1916 1298 ,

313 1319 404 1389 qui
436 1316 604 1374 frater
648 1328 735 1373 est
784 1318 919 1388 Pici,
962 1320 1160 1392 quique
1210 1334 1365 1392 pater
1391 1331 1477 1378 est
1524 1323 1817 1391 minorum,
1866 1332 1920 1378 et

315 1410 649 1483 reliquorum
669 1412 916 1481 deorum,
940 1414 1065 1469 anni
1085 1415 1149 1468 ad
1174 1414 1288 1470 haec
1310 1424 1549 1485 tempora
1572 1430 1741 1486 prope
1758 1414 1920 1471 millia

315 1503 426 1561 duo
469 1515 615 1572 sunt,
645 1516 740 1561 aut
764 1506 930 1577 pleni,
963 1516 1021 1563 ut
1064 1507 1356 1577 largiamur
1385 1508 1552 1563 aetati.
1597 1507 1752 1574 Quod
1797 1524 1918 1563 cum

318 1596 564 1669 redargui
615 1616 721 1655 non
752 1600 944 1670 possit,
973 1615 1080 1655 non
1112 1611 1317 1655 tantum
1346 1616 1539 1657 recens
1580 1609 1701 1656 nata
1731 1601 1921 1672 religio

2019 401 2112 445 aut
2141 392 2298 462 spatii
2328 390 2481 460 cujus
2508 400 2634 446 sunt
2661 392 2826 447 millia
2859 407 3123 448 annorum
3144 393 3274 459 duo,
3302 393 3633 450 saeculorum

2019 485 2181 539 tantis
2212 493 2524 554 comparata
2555 500 2676 539 cum
2707 484 2969 541 millibus?
2989 486 3068 541 Ac
3093 494 3270 540 tamen
3303 501 3369 542 ne
3397 501 3625 541 causam

2018 586 2123 631 tam
2150 576 2305 647 longa
2334 575 2560 646 prodere
2586 576 3014 633 dissimulatione
3040 575 3340 642 videamur,
3370 579 3475 633 nisi
3505 592 3629 634 mo-

2016 669 2214 724 lestum
2266 677 2372 735 est,
2402 667 2586 733 dicite,
2616 668 2981 737 omnipotens,
3012 676 3067 723 et
3097 669 3300 738 primus
3330 667 3471 724 Deus
3518 683 3627 723 no-

2017 763 2151 818 vella
2175 762 2330 817 vobis
2359 762 2569 817 videtur
2612 776 2700 818 res
2743 776 2885 828 esse,
2915 771 2969 816 et
2993 762 3081 831 qui
3123 777 3245 817 eum
3296 771 3626 817 venerantes

2018 855 2225 921 colunt,
2259 840 2549 921 inauditas,
2567 856 2889 927 incognitas,
2908 856 3216 926 repentinas
3236 856 3438 927 agitare
3458 867 3629 922 atque

2022 948 2286 1004 inducere
2331 949 2655 1021 religiones?
2680 950 2846 1005 Estne
2892 950 2983 1004 illo
3013 950 3283 1021 antiquius
3310 949 3626 1020 quidquam,

2018 1050 2110 1094 aut
2152 1041 2294 1110 quod
2322 1056 2444 1095 eum
2479 1040 2749 1109 praecedat
2775 1057 2857 1108 re,
2882 1051 3147 1112 tempore,
3176 1041 3414 1105 nomine,
3450 1049 3634 1109 potest

2019 1132 2219 1204 aliquid
2250 1132 2479 1188 inveniri
2504 1134 2527 1187 ?
2570 1132 2760 1205 Nonne
2787 1136 2934 1190 solus
2964 1134 3232 1205 ingenitus
3253 1176 3268 1201 ,
3303 1134 3631 1191 immortalis

2020 1234 2072 1282 et
2101 1237 2392 1297 perpetuus
2420 1230 2569 1282 solus
2593 1227 2722 1283 est?
2768 1228 2900 1295 Quis
2921 1237 3101 1297 caput,
3129 1240 3221 1282 aut
3270 1228 3389 1283 fons
3442 1244 3629 1284 rerum

2022 1320 2145 1375 est?
2175 1334 2281 1375 non
2313 1321 2465 1390 ipse?
2491 1322 2576 1375 cui
2602 1321 2764 1377 debet
2812 1322 3086 1377 aeternitas
3113 1321 3217 1377 hoc
3259 1322 3458 1393 ipsum.
3478 1321 3632 1392 quod

2023 1422 2362 1482 nuncupatur
2391 1412 2706 1468 mternitas?
2729 1430 2833 1469 non
2864 1413 3002 1483 ipsi?
3025 1413 3231 1469 inﬁnita
3263 1423 3321 1469 ut
3360 1413 3632 1483 prodeant

2022 1508 2236 1573 Stecula,
2272 1523 2377 1563 non
2406 1523 2473 1564 ex
2501 1508 2617 1578 ejus
2642 1508 3000 1579 perpetuitate
3036 1508 3353 1578 perﬁcitur?
3394 1508 3617 1563 Iudubi-

2023 1600 2188 1656 tabile
2212 1600 2351 1655 istud
2382 1610 2437 1655 et
2466 1616 2686 1655 verum:
2717 1615 2823 1655 non
2855 1614 2984 1670 ergo
3023 1598 3166 1669 quod
3212 1600 3486 1669 sequimur
3523 1616 3625 1654 no-

319 1691 662 1759 ostenditur,
712 1708 872 1763 quam
911 1693 1075 1749 obitis
1103 1712 1116 1748 ;
1142 1693 1258 1749 sed'
1290 1693 1523 1750 infantes
1568 1704 1623 1750 et
1667 1694 1919 1759 parvulos
1949 1686 1997 1746 B
2025 1709 2146 1749 vum
2177 1702 2279 1760 est,
2325 1692 2419 1749 sed
2457 1708 2555 1749 nos
2602 1708 2727 1749 sero
2769 1692 3147 1757 addidicimus,
3178 1692 3432 1763 quidnam
3475 1692 3637 1763 sequi

320 1797 444 1839 esse
469 1783 615 1855 ipsos
643 1784 820 1840 adhuc
847 1785 998 1852 deos,
1023 1787 1218 1858 quibus
1245 1796 1429 1843 tauros
1457 1798 1616 1858 atque
1636 1788 1769 1844 alias
1792 1790 1915 1844 hos-

315 1877 424 1961 tias
449 1892 570 1932 cum
612 1876 853 1948 periculo
874 1879 1238 1949 corruptionis
1258 1881 1583 1952 suggeritisal
1600 1896 1735 1952 quos
1759 1896 1920 1953 opor-

320 1968 471 2026 tebat
495 1969 674 2026 adhuc
698 1971 947 2027 mammis
967 1981 1127 2043 atque
1147 1973 1348 2028 stillato
1372 1973 1506 2028 lacte
1533 1974 1743 2030 nutriri.

392 2060 605 2118 LXXII.
650 2063 721 2118 At
748 2058 1036 2134 reﬁgiones
1063 2075 1261 2121 vestrae
1281 2066 1463 2121 multis
1510 2067 1667 2122 annis
1718 2081 1920 2137 praece-

320 2151 456 2209 dunt
484 2162 747 2220 nostram,
770 2144 826 2211 et
853 2170 921 2211 eo
951 2164 1077 2213 sunt
1128 2157 1390 2227 veriores,
1447 2159 1589 2231 quod
1640 2160 1920 2215 vetustatis

318 2247 637 2304 auctoritate
681 2249 905 2304 munitae
950 2257 1095 2306 sunt.
1131 2248 1344 2323 thuid
1364 2264 1457 2309 eas
1506 2252 1728 2325 prodest
1768 2252 1926 2307 annis

2026 1795 2271 1856 oporteat
2301 1795 2353 1841 et
2401 1785 2582 1841 colere
2614 1803 2627 1840 :
2657 1793 2748 1839 aut
2776 1785 2992 1841 ubinam
3028 1785 3332 1851 conveniat,
3381 1792 3436 1838 et
3478 1798 3635 1853 spem

2026 1880 2214 1936 salutis
2239 1878 2460 1951 afﬁgere
2481 1924 2495 1947 ,
2530 1888 2587 1935 et
2614 1878 2869 1935 salutaria
2899 1877 3133 1935 subsidia
3162 1878 3451 1933 collocare.
3482 1877 3635 1932 Non-

2026 1971 2153 2027 dum
2182 1971 2325 2026 enim
2352 1970 2646 2039 affulserat,
2675 1971 2765 2040 qui
2787 1970 2926 2024 viam
2950 1978 3277 2025 monstraret
3297 1969 3629 2035 errantibus,

2028 2071 2081 2119 et
2106 2062 2332 2133 caligine
2371 2062 2424 2117 in
2454 2062 2714 2118 altissima
2743 2061 3049 2117 constitutis
3074 2060 3394 2131 cognitionis
3443 2060 3628 2116 lumen

2027 2160 2357 2224 immitteret,
2383 2167 2440 2214 et
2463 2156 2813 2230 ignorationis
2838 2155 3129 2213 discuteret
3152 2155 3472 2212 caecitatem.
3510 2164 3513 2165 '

1600 2366 1981 2426 LECTIONES
2017 2360 2431 2423 VARIANTES.

386 2484 415 2516 ι
447 2480 710 2547 Oggerttis
727 2481 869 2537 Fulv.

1699 2570 2270 2629 COMMENTARIUS.

324 2676 667 2743 turnus,etc.
719 2672 795 2727 De.
844 2671 1058 2729 Saturni
1105 2686 1273 2743 regno
1319 2671 1527 2741 profugi
1570 2671 1808 2726 adventu
1856 2674 1910 2727 in

322 2740 527 2798 Italiam
545 2784 561 2806 ,
587 2742 737 2807 Pico,
767 2744 987 2810 Fauno,
1014 2752 1121 2799 etc.
1146 2740 1333 2802 {videi
1357 2744 1603 2813 inprimis
1633 2744 1910 2798 Aurelium

321 2813 597 2886 Victorem
617 2855 634 2877 ,
658 2815 725 2869 de
751 2814 970 2886 Origine
998 2814 1187 2871 Gentis
1216 2830 1485 2883 romanae,
1515 2830 1633 2885 cap.
1665 2832 1720 2870 ιιι
1754 2826 1808 2870 et
1837 2831 1911 2880 tv,

322 2885 504 2952 ibique
532 2885 871 2952 interpretes.
902 2887 1105 2943 Οιιειι..

407 2939 578 3011 Vultis
611 2939 826 3012 rorantis
857 2939 1138 3013 ιιιιῖἧᾶξᾷ
1166 2958 1319 3013 Picus
1347 2958 1497 3013 annis
1521 2957 1746 3013 vixerint
1786 2958 1921 3012 vice-
1952 2939 1997 3001 (ἶ

323 3028 408 3085 nis
434 3038 585 3101 atque
610 3029 874 3101 centenis?
898 3031 1036 3084 ultra
1081 3030 1217 3084 enim
1266 3042 1482 3101 negatur
1513 3045 1659 3098 posse
1704 3029 1925 3101 hominis

324 3101 430 3155 vita
457 3099 690 3170 produci.
742 3100 877 3157 Nota
929 3101 1151 3155 historia
1180 3099 1357 3171 magni
1410 3101 1572 3155 Panis
1620 3100 1820 3154 mortui
1871 3110 1926 3171 et

327 3171 557 3244 aliorum
586 3171 889 3244 _gcniorum
940 3173 1186 3244 interitus
1230 3170 1372 3244 apud
1426 3172 1807 3244 Plutarchum.
1857 3170 1926 3226 de

327 3241 541 3297 defectu
574 3241 949 3299 Oraculorum.
1004 3241 1285 3300 Manifesta
1328 3244 1531 3300 Statius
1577 3243 1748 3297 Theb.
1776 3284 1793 3308 ,
1826 3259 1875 3297 Vl
1909 3285 1924 3305 .

328 3314 433 3387 9_6,
467 3312 793 3369 deteriorem
834 3314 1095 3387 Nymphis
1119 3314 1423 3369 Faunorum
1452 3314 1816 3387 conditionem
1848 3312 1928 3387 ia-

329 3385 440 3446 cit,
496 3399 618 3437 cmn
662 3401 835 3438 eorum
873 3385 1048 3455 greges
1091 3387 1345 3440 interiisse
1388 3387 1524 3440 dicat
1578 3386 1796 3438 durante
1835 3386 1930 3437 hac

330 3455 482 3511 silva.
518 3455 739 3511 Servius
767 3454 834 3509 ad
876 3454 1004 3511 En.
1030 3498 1043 3517 ,
1074 3473 1123 3522 ι,
1160 3457 1300 3515 372;
1339 3455 1595 3526 Nympha:
1619 3474 1719 3509 non
1756 3456 1931 3509 omnia

331 3527 539 3591 sciunt;
577 3543 699 3581 nam
742 3536 789 3580 ct
834 3528 1122 3580 moriuntur
1166 3528 1443 3582 secundum
1488 3528 1842 3589 Aristotelem,
1876 3537 1931 3581 ut

334 3596 510 3725 ξῗὸιηὶ
558 3596 840 3668 Panesque.
872 3597 1154 3653 Claudian.
1178 3640 1192 3664 ,
1226 3599 1294 3654 de
1339 3599 1497 3668 Rapt.
1550 3598 1803 3666 Proserp.
1837 3613 1928 3665 ιιι,

459 3813 475 3828 .
516 3816 528 3828 .
568 3818 581 3831 .
619 3816 631 3828 .
672 3816 706 3830 ..
745 3815 760 3830 .
796 3816 809 3830 .
862 3780 1060 3833 Pariter
1078 3786 1285 3832 traxere
1301 3783 1522 3841 ruinam,

458 3842 521 3907 ﬁt
542 3843 729 3902 pariter
752 3855 964 3907 p_osuere
984 3857 1191 3900 comam,
1221 3857 1491 3907 campoque
1510 3843 1810 3894 recumbunt

357 3944 367 3961 .
462 3903 1117 3969 Faunorttmg'Dryadumquc
1150 3906 1310 3956 dolor.

732 3939 1370 4038 ιιῖἰιξιῖζῗῖἂῗςιὶὶἰῖὶιὶιι.
1400 3985 1478 4034 ιιι,
1511 3985 1631 4039 pag.
1666 3967 1792 4024 382.

409 4076 616 4153 linere.
660 4079 870 4136 Genitor
910 4082 955 4153 is
984 4083 1179 4153 cujus?
1209 4081 1391 4153 Albani
1420 4081 1599 4152 oppidi
1634 4080 1930 4153 conditoris.

337 4150 414 4207 Ita
460 4151 605 4207 edidi
636 4168 699 4208 es
752 4150 1134 4208 emendatione
1179 4150 1535 4209 Freinshemii
1580 4153 1633 4206 in
1667 4152 1841 4207 lndirc
1872 4152 1938 4205 ad

340 4221 563 4277 Florum
592 4225 760 4278 verbo
792 4223 961 4279 Iulus.
990 4225 1123 4279 Cod.
1172 4240 1271 4278 ms.
1307 4234 1363 4280 et
1391 4224 1659 4279 editiones
1688 4239 1811 4277 eum
1846 4238 1937 4277 se-

340 4302 478 4349 cutae.
508 4294 707 4349 habent
735 4313 747 4348 :
777 4293 994 4359 lEnem,
1027 4297 1270 4365 genitoris
1308 4296 1457 4349 latini
1483 4296 1710 4363 :cujus?
1750 4293 1938 4348 Albani

342 4365 531 4436 oppidi
551 4365 848 4430 conditoris,
894 4365 1260 4431 vitiosissime,
1290 4377 1345 4420 et
1388 4375 1825 4436 contraiomnem
1880 4370 1940 4418 ti-

343 4435 467 4489 dem
523 4435 857 4489 historicum.
910 4435 1011 4491 0b.
1060 4435 1307 4492 Giianius
1361 4437 1488 4501 legit
1523 4454 1535 4489 :
1566 4435 1754 4490 Africa:
1797 4436 1941 4505 geni-

345 4507 497 4561 toris?
525 4508 694 4562 cuins.
721 4514 806 4561 etc
835 4547 850 4573 ,
899 4508 1160 4575 probante
1210 4507 1311 4562 Th.
1355 4507 1609 4561 Cantcro.
1655 4507 1806 4560 Fulv.
1842 4506 1942 4562 Ur-

344 4577 532 4632 sinus:
554 4575 741 4632 [Εηεαρ
760 4579 1001 4648 genitoris
1020 4579 1435 4646 Ascanii,Albani
1450 4578 1628 4647 oppidi
1645 4578 1939 4632 conditoris.

347 4648 665 4719 Salmasius,
698 4649 750 4703 in
778 4648 845 4703 ed
876 4650 1044 4719 Lugd.
1093 4649 1235 4707 Bat..
1267 4650 1437 4706 edidit
1465 4659 1519 4703 et
1559 4650 1895 4711 intertHIIIXil
1926 4666 1939 4701 ε

347 4719 557 4793 ιΕηριε.
590 4718 801 4793 Genitor
844 4722 888 4775 is
919 4721 1143 4775 Ascanii.
1176 4720 1369 4793 Cujus?
1398 4720 1584 4775 Albani
1604 4720 1787 4793 oppidi
1818 4736 1944 4774 con-

348 4791 530 4845 ditaris
560 4809 580 4847 :
612 4792 683 4846 ita
716 4801 774 4845 ut
813 4793 1073 4847 Ascanius
1116 4791 1263 4847 Alba:
1302 4793 1555 4847 conditor
1582 4791 1947 4857 distinguatur

349 4862 420 4934 ab
444 4863 576 4934 aliis
607 4864 886 4925 Ascaniis,
919 4864 1068 4919 verbi
1110 4880 1271 4919 causa
1313 4864 1538 4918 ductore
1584 4862 1853 4934 Phrygum
1892 4863 1945 4915 in

349 4932 495 4988 bello
536 4933 794 5003 Troiano,
824 4935 978 5001 cujus
1000 4936 1243 4990 meminit
1288 4934 1574 4990 Homerus.
1609 4932 1780 4997 ||.,'u,
1821 4934 1946 4995 862,

350 5013 405 5059 et
430 5020 550 5076 sui,
583 5005 708 5059 792.
742 5006 846 5061 Sed
896 5007 1321 5076 quotusquisque
1371 5016 1487 5061 erat
1538 5005 1824 5076 lectorumi
1850 5007 1950 5058 Ar-

351 5075 521 5146 nobii.
551 5076 640 5145 qui
692 5078 855 5131 alium
888 5075 1175 5132 Ascanium
1209 5078 1517 5145 cogitasset,
1560 5092 1720 5146 quam
1760 5075 1951 5130 IEneae

353 5144 545 5210 ﬁlium,
574 5144 940 5202 conditorem
975 5148 1158 5202 Albze?
1187 5144 1450 5203 Meursius
1482 5144 1700 5203 tandem
1744 5151 1823 5202 sic
1866 5163 1949 5201 re-

353 5215 506 5286 ﬁngit
535 5236 549 5270 :
581 5216 789 5272 Eueni.
824 5217 1034 5275 Generis
1067 5218 1257 5274 Latini.
1291 5217 1494 5274 OnsLL.

426 5307 602 5363 Annos
647 5310 788 5363 ducit
838 5311 1207 5382 quinquaginta
1252 5320 1300 5365 et
1353 5310 1512 5364 mille.
1557 5309 1742 5382 Ducit_,
1777 5309 1851 5382 id~
1881 5317 1955 5362 est

355 5388 635 5441 computat.
668 5390 918 5446 numerat,
957 5379 1015 5436 ut
1042 5382 1179 5437 bene
1211 5384 1590 5450 interpretatur
1617 5381 1666 5436 J.
1697 5379 1785 5435 Fr.
1813 5379 1952 5435 Gro—

358 5450 783 5524 n0vius,_0bss.,
815 5451 934 5524 lib,
961 5469 1022 5518 ιι,
1052 5469 1172 5523 cap.
1200 5455 1288 5518 10,
1320 5469 1439 5524 pag.
1466 5454 1595 5517 150.
1628 5468 1768 5520 seq..
1792 5464 1844 5506 et
1873 5465 1956 5506 re-

359 5522 495 5579 futat
539 5522 713 5576 virum
756 5522 1058 5585 eruditum,
1093 5522 1277 5579 nescio
1322 5522 1479 5591 quem
1503 5565 1518 5587 .
1546 5525 1902 5592 explicantem
1938 5539 1951 5575 :

359 5592 543 5678 Durat.
581 5593 775 5650 Ducere
804 5594 1026 5678 verbum
1057 5597 1421 5678 arit_liriietices
1452 5607 1502 5653 et
1534 5596 1798 5678 ratiocinii
1834 5608 1958 5678 pro-

361 5669 559 5738 prium,
586 5682 693 5726 non
741 5675 947 5725 tantum
972 5664 1042 5723 de
1066 5666 1360 5733 additione,
1388 5678 1452 5725 ut
1489 5668 1603 5725 vult
1632 5664 1870 5732 Ernesti,
1903 5666 1958 5720 in

2020 2671 2155 2725 clavi
2186 2669 2320 2736 Cic.,
2340 2668 2442 2722 hoc
2471 2667 2655 2727 verbo,
2677 2665 2772 2720 sed
2803 2664 2871 2720 de
2886 2665 3033 2720 omni
3063 2665 3430 2733 computtha
3459 2664 3632 2732 Gell.,

2025 2742 2118 2796 lib.
2150 2758 2166 2796 ι
2191 2782 2205 2805 ,
2236 2756 2355 2810 cap.
2390 2740 2461 2793 ίὶο
2488 2758 2506 2793 -.
2540 2738 2605 2792 In
2635 2738 2856 2810 numeris
2876 2738 3028 2791 etiam
3053 2737 3285 2810 similiter
3299 2737 3463 2810 primo;
3489 2738 3636 2790 duri-

2025 2823 2108 2867 tur
2137 2829 2252 2865 cum
2280 2808 2429 2866 o‘nme
2456 2811 2591 2864 latus
2615 2809 2845 2877 ejusdem
2893 2809 3090 2862 numeri
3119 2808 3388 2875 a’qualiter
3426 2813 3479 2862 in
3526 2824 3636 2863 sese

2026 2885 2261 2942 solvitur,
2295 2884 2425 2937 sicut
2455 2884 2532 2946 lit,
2559 2897 2672 2934 cum
2701 2891 2774 2933 ter
2796 2879 2926 2933 dena
2953 2880 3232 2933 ducuntur.
3257 2878 3461 2934 OnELL.

2100 2956 2201 3008 Aut
2229 2955 2385 3023 pleni.
2433 2955 2505 3007 Ita
2547 2952 2831 3013 legendum
2861 2966 2981 3023 esse
3016 2966 3137 3005 cum
3186 2949 3631 3023 FulvioAUrsino,

2028 3020 2534 3091 docent-sequentia
2567 3024 2729 3079 verba
2760 3031 2815 3077 ut
2842 3022 3130 3093 largiamur
3166 3022 3328 3075 tetuli.
3363 3020 3496 3077 Cod.
3530 3036 3634 3076 ms.

2031 3098 2170 3151 haud
2203 3097 2360 3164 pleni.
2391 3098 2597 3151 URELL.

2109 3168 2396 3239 Religio....
2426 3185 2578 3238 quam
2600 3167 2772 3239 abitis.
2891 3174 2974 3220 est
2998 3180 3157 3239 quam
3202 3164 3408 3239 colitis._
3430 3163 3520 3239 Sic
3550 3164 3636 3217 itt-

2033 3242 2112 3294 lra
2154 3236 2243 3293 lib'.
2295 3256 2380 3305 ιιι,
2427 3236 2543 3305 cap.
2595 3238 2628 3291 5
2678 3255 2689 3290 :
2727 3236 3056 3306 Reliquorum
3083 3237 3296 3289 deorum
3328 3236 3489 3305 ofﬁcia
3534 3253 3639 3289 non

2034 3311 2203 3374 abitis,
2239 3327 2335 3377 pro
2368 3331 2378 3363 :
2412 3309 2532 3362 Non
2566 3311 2821 3377 prwstatis
2848 3306 3056 3371 reliquis
3094 3307 3192 3361 diis
3214 3308 3396 3431 agilia.
3431 3306 3636 3361 Οιιειλ..

2104 3382 2230 3431 Cum
2259 3381 2485 3431 periculo
2512 3380 2857 3431 corruptionis
2900 3379 3191 3431 suaueritis.
3271 3379 3502 3431 orrnvtio
3536 3395 3636 3431 sae-

2104 3382 2230 3436 Cnm
2259 3381 2485 3451 periculo
2512 3380 2857 3448 corruptionis
2900 3379 3194 3451 suggeritis.
3229 3379 3502 3451 Corruptio
3536 3395 3641 3432 str-

2037 3448 2352 3521 pissime'de
2382 3452 2591 3514 inorbo,
2622 3451 2763 3520 quod
2796 3464 2991 3519 corpus
3020 3448 3361 3521 itivadithic
3386 3458 3499 3501 ater
3521 3465 3641 3501 cor-

2033 3518 2172 3592 rupti
2197 3524 2423 3591 corporis
2450 3518 2744 3590 [iunior—ap.
2779 3518 3020 3579 Lucret..
3051 3536 3128 3592 ιιι.
3160 3518 3289 3592 502.
3323 3519 3644 3592 Pro_sugge-

2034 3590 2169 3658 ritis,
2205 3590 2357 3649 Fulv.
2388 3593 2572 3650 Ursin.
2607 3593 2810 3647 mavult
2857 3591 3116 3662 oggeritis,
3150 3591 3293 3663 quod
3326 3590 3640 3663 antiquius.

2036 3666 2141 3719 Sed
2174 3667 2248 3721 nil
2277 3666 2607 3718 mutandum.
2645 3663 2792 3718 Cibus
2819 3661 3089 3732 suggerere
3117 3662 3274 3716 alicui
3305 3661 3434 3716 dicit
3464 3661 3642 3716 etiam

2038 3737 2261 3796 Statius.
2291 3736 2489 3798 Theb,
2525 3752 2599 3797 ix,
2630 3735 2755 3790 740.
2784 3736 2989 3790 OBELL.

2110 3808 2322 3863 LXXII.
2352 3802 2419 3849 ~4-
2449 3809 2524 3860 Ac
2572 3819 2738 3860 tanien
2787 3824 2849 3859 ne
2901 3822 3109 3860 causam
3161 3818 3265 3858 tam
3314 3805 3469 3874 longa
3522 3822 3647 3873 pro-

2037 3881 2216 3936 cedere
2247 3878 2654 3933 dissimulatione
2681 3879 2966 3931 videamur.
3005 3876 3077 3930 Ita
3110 3876 3251 3930 edidi
3288 3892 3355 3930 ex
3386 3878 3646 3930 emenda-

2039 3953 2185 4006 tione
2211 3951 2315 4006 ΤΙι.
2348 3949 2585 4011 Cameri,
2619 3965 2778 4017 quam
2815 3948 3007 4018 prohat
3031 3948 3207 4002 editor
3235 3947 3403 4018 Lugd.
3430 3946 3553 4001 Bal.
3591 3958 3645 4003 ct

2039 4021 2448 4092 Freinshemius
2505 4021 2556 4074 in
2598 4021 2778 4077 Indice
2819 4018 2896 4092 _ad
2955 4019 3174 4092 Florum
3221 4023 3386 4092 verbo
3430 4028 3642 4073 veteres.

2038 4092 2171 4148 Cod.
2198 4090 2305 4149 'ms.
2339 4104 2391 4145 et
2419 4092 2505 4148 ed.
2542 4092 2790 4161 princeps
2818 4090 2975 4144 Rom.
3010 4090 3209 4161 habent
3238 4108 3252 4145 :
3284 4091 3356 4143 Ac
3382 4099 3553 4143 tamen
3583 4107 3648 4143 ne

2041 4181 2250 4218 causam
2301 4174 2404 4217 tam
2452 4160 2678 4232 longam,
2707 4172 2838 4225 etc.,
2888 4162 3031 4230 quod
3077 4160 3372 4216 defendere
3417 4170 3645 4232 Conatur

2045 4236 2307 4290 Heraldus
2337 4230 2823 4305 putans'excnsare
2848 4249 2907 4287 se
2936 4232 3256 4305 Arnobium,
3286 4232 3425 4301 quod
3455 4232 3509 4305 in
3544 4230 3643 4284 hac

1964 4320 2019 4380 D
2042 4301 2628 4380 disptitatioitediutius
2659 4306 2995 4380 immoretttr,
3021 4304 3202 4380 dicere
3222 4304 3423 4373 itaque,
3455 4301 3554 4355 hoc
3581 4317 3642 4380 se

2043 4373 2291 4434 consulto
2334 4378 2543 4441 fecisse,
2600 4392 2667 4431 ne
2716 4376 2931 4429 brevius
2956 4375 3188 4440 agendo,
3220 4384 3274 4428 et
3316 4392 3374 4429 ea
3417 4388 3532 4443 qum
3571 4373 3637 4425 ad

2045 4465 2160 4504 rem
2213 4448 2550 4517 pertinebant
2577 4446 2876 4513 reticendo,
2908 4445 3179 4500 videretur
3211 4461 3447 4517 eausam_.
3477 4458 3637 4517 quam

2046 4514 2438 4575 defendendam
2490 4526 2825 4583 susceperat,
2853 4518 3083 4588 prodere
3130 4517 3385 4571 voluisse.
3415 4514 3519 4569 Sed
3556 4530 3641 4588 ea,

2047 4608 2167 4662 qum
2196 4603 2349 4644 antea
2381 4590 2433 4643 in
2467 4589 2566 4642 huc
2599 4590 2736 4642 libro
2765 4585 3131 4662 disputaverat
3162 4588 3462 4662 Arnobius,
3488 4585 3644 4662 verbi

2048 4657 2231 4729 causa,
2270 4662 2336 4715 de
2376 4669 2497 4715 ortu
2539 4663 2861 4729 aniinaruni,
2906 4660 2968 4712 ad
3016 4676 3231 4713 causam
3263 4659 3402 4712 illam
3431 4657 3648 4711 minime

2049 4721 2341 4802 pertinent.
2376 4743 2429 4787 et
2457 4733 2525 4785 ab
2545 4721 2725 4800 opéi'is
2758 4731 2987 4785 consilio
3018 4746 3239 4800 prorsus
3267 4738 3392 4784 sunt
3421 4729 3595 4802 aliena
3631 4745 3643 4802 ς

2049 4798 2180 4859 dicit
2210 4807 2388 4867 itaque
2437 4798 2597 4870 plane
2630 4803 2979 4864 contrarium,
3015 4798 3287 4861 nimirum,
3334 4815 3392 4854 se
3437 4800 3549 4868 jam
3580 4798 3648 4853 ad

2050 4878 2233 4945 operis
2264 4876 2596 4943 propositum
2625 4873 2922 4933 rcﬂectere,
2957 4890 3022 4926 ne
3051 4872 3292 4945 videatur
3340 4872 3502 4925 rebus
3545 4871 3648 4923 mi~

2053 4943 2154 5001 nus
2208 4945 2528 5000 necessariis
2578 4945 2775 4998 diutius
2828 4943 3166 4997 immorando
3214 4958 3433 4996 causam
3488 4956 3639 4995 suam

2053 5018 2282 5089 prodere
2311 5018 2544 5089 voluisse
2586 5036 2597 5068 :
2635 5016 2893 5089 hactenus
2917 5021 3077 5089 enim
3100 5014 3373 5089 distulerat
3410 5013 3647 5089 veri__ar-

2052 5082 2290 5160 gtitnetiti
2337 5088 2504 5142 robur
2548 5085 3171 5160 promcre.__|.e_gcnduin
3220 5086 3397 5160 itaque
3438 5101 3468 5160 ,ε
3520 5082 3650 5160 Tam

2054 5152 2298 5229 Ionga....
2349 5152 2771 5213 dissimulatione.
2806 5152 3181 5219 Dissinmlatio,
3213 5152 3553 5215 dissimulare,
3582 5152 3650 5206 de

2055 5233 2120 5286 iis
2145 5228 2237 5300 qui
2276 5232 2522 5284 consulto
2552 5230 2774 5284 reticent
2811 5229 3113 5285 veritatem.
3142 5228 3398 5300 omittunt
3419 5241 3483 5300 ea
3499 5239 3650 5300 _quzc

2055 5306 2121 5357 ad
2151 5293 2365 5356 causam
2420 5301 2708 5368 pertinent.
2738 5300 2870 5355 Vide
2898 5315 3059 5368 supra
3107 5298 3170 5352 ad
3218 5314 3337 5365 cap.
3370 5293 3651 5368 M.Gcl_e—

2056 5378 2178 5429 nius
2202 5374 2367 5427 edidit
2398 5366 2429 5424 :7
2450 5371 2530 5424 Ne
2559 5389 2765 5424 causam
2790 5381 2890 5423 tum
2910 5366 3093 5424 bonum
3117 5370 3331 5440 prodere
3361 5366 3650 5421 dissimula-

2057 5446 2192 5501 tioae
2218 5444 2499 5498 videamur.
2527 5442 2683 5496 Male.
2715 5442 2919 5497 ORELL.

2133 5517 2283 5583 Quod
2308 5524 2633 5582 nuncupatur
2657 5516 2935 5568 mteraitas.
2966 5513 3041 5567 Ita
3087 5510 3355 5567 Meursius
3383 5518 3439 5583 et
3477 5507 3653 5563 editor

2058 5581 2229 5653 Lugd.
2259 5586 2372 5640 Bal.
2403 5581 2504 5639 Alii
2532 5604 2543 5639 :
2575 5588 2688 5651 Quo
2724 5594 3047 5655 nuncupatur
3066 5584 3341 5655 reternitus.
3371 5581 3574 5655 Qesn.

2138 5651 2358 5714 Ubinam
2388 5658 2676 5723 conveniat,
2701 5664 2810 5713 etc.
2834 5651 2909 5712 Ita
2938 5655 3088 5714 Fulv.
3115 5654 3361 5710 Ursinus.
3383 5651 3517 5708 Cod.
3543 5666 3645 5706 ms.
