3974 6068
252 310 257 315 ,
267 258 381 318 9‘29

1560 249 1769 313 LIBER
1807 250 2190 316 SECUNDUS.

3469 258 3578 318 950

346 373 576 432 LXXIII.
636 372 743 432 Sed
786 387 947 432 causa
992 375 1047 431 in
1093 374 1401 448 hujusmodi
1438 377 1700 433 vertimur
1744 378 1867 432 soli.
1898 382 1952 443 Α
1980 380 2232 435 nescire?
2274 378 2354 435 Ex
2383 393 2488 451 quo
2517 387 2782 452 apparet,
2824 389 2879 440 et
2908 381 3171 454 liquidum
3205 392 3326 450 est,
3353 389 3409 441 et
3438 382 3582 439 hune

273 472 449 539 Quid?
502 487 598 527 vos
649 470 969 544 IEgyptiaca
1017 475 1235 528 numina
1262 517 1276 538 ,
1307 477 1501 545 quibus
1530 476 1751 545 Serapis
1792 487 1871 531 at-

275 582 384 636 que
428 566 521 620 lsis
551 575 635 621 est
662 582 857 621 nomen
888 609 902 635 ,
934 583 1042 622 non
1075 580 1195 639 post
1220 568 1471 623 Pisonem
1503 579 1556 623 et
1583 569 1870 625 Gabinium

278 659 529 714 consules
568 659 620 713 in
654 675 939 714 numerum
977 671 1279 716 vestrorum
1321 661 1583 716 retulistis
1609 660 1876 716 deorum?

279 748 415 818 Quid
459 749 749 821 Phrygiam
777 760 1003 807 matrem
1030 791 1046 817 ,
1090 751 1285 821 cujus?
1307 766 1426 807 esse
1467 752 1712 806 conditor
1739 750 1879 806 indi-

277 853 433 899 catur
483 844 569 898 vel
617 843 786 899 Midas
814 843 898 899 vel
940 842 1253 910 Dardanus,
1300 858 1441 911 non,
1487 858 1608 898 cum
1650 842 1880 897 Annibal

277 947 473 1005 pientis
514 949 603 991 res
642 934 849 990 italicas
881 943 908 971 ει
939 944 1157 1005 raperet
1197 976 1212 1001 ,
1243 942 1298 990 et
1331 944 1591 989 terrarum
1624 948 1880 1004 exposce-

279 1032 364 1081 ret
393 1025 784 1095 principatum,
818 1036 873 1079 et
901 1041 1094 1092 nosse,
1123 1035 1180 1081 et
1206 1025 1343 1081 scire
1371 1026 1612 1096 ccepistis
1637 1066 1653 1092 ,
1685 1036 1737 1080 et
1766 1040 1880 1080 me-

280 1118 530 1175 morabili
556 1119 818 1190 religione
844 1119 1094 1175 sancire?
1124 1120 1286 1175 Sacra
1313 1119 1529 1175 Cereris
1555 1118 1744 1173 matris
1772 1134 1878 1173 non

280 1211 423 1282 quod
450 1212 603 1267 vobis
633 1213 902 1281 incognita
929 1225 1114 1269 essent
1137 1255 1151 1279 ,
1195 1214 1360 1269 ascita
1391 1217 1548 1283 paulo
1574 1221 1699 1268 ante
1719 1254 1735 1279 ,
1777 1211 1880 1266 ob-

283 1312 493 1360 tentum
522 1315 604 1359 est
626 1316 683 1360 ut
710 1304 898 1361 Grzcca
928 1305 1197 1373 dicantur,
1240 1307 1528 1361 novitatem
1562 1306 1732 1375 ipsam
1769 1314 1877 1359 tes-

283 1400 524 1457 tilicaute
552 1401 920 1471 cognomine?
952 1401 1070 1456 Non
1099 1401 1379 1457 doctorum
1409 1403 1462 1457 in
1492 1402 1688 1457 litteris
1714 1401 1887 1456 conti-

284 1503 489 1563 netur,
528 1496 798 1566 Apollinis
840 1510 1039 1551 nomen
1081 1495 1412 1567 Pompiliana
1468 1494 1883 1565 indigitamenta

1980 474 2131 527 vobis
2161 472 2325 529 fuisse
2353 474 2680 545 incognitum
2709 518 2723 541 ,
2771 489 2889 546 post
2928 487 3108 532 autem
3138 477 3431 548 aliquando
3454 492 3570 534 caa-

1983 564 2127 634 pisse
2177 580 2300 620 esse
2336 578 2391 620 et
2419 576 2628 623 notum.
2681 567 2736 625 Si
2776 570 2897 641 quis
2939 570 3099 641 igitur
3133 586 3229 625 vos
3261 570 3579 641 interroget,

1983 672 2081 713 cur
2104 674 2291 714 eorum
2321 661 2641 723 numinum.
2684 677 2915 733 quorum
2960 663 3123 718 modo
3164 661 3395 718 fecimus
3428 677 3583 718 nien-

2006 751 2211 807 tionem
2240 810 2245 819 ,
2276 762 2383 806 tam
2425 768 2552 810 sero
2579 754 2926 825 susceperitis
2952 755 3152 811 cultum
3173 795 3190 823 ,
3231 767 3589 825 responsuros

1990 860 2091 900 vos
2113 857 2317 901 certum
2347 856 2464 915 est,
2496 858 2586 905 aut
2612 851 2735 920 quia
2769 851 2890 905 illos
2920 867 3090 922 nuper
3118 851 3343 908 deorum
3372 865 3496 908 esse
3526 851 3579 908 in

1986 952 2214 993 numero
2242 940 2663 1006 nesciebamus,‘
2689 952 2783 997 aut
2824 944 2951 1014 quia
3001 958 3142 999 nunc
3171 957 3359 1000 sumus
3386 960 3415 998 a
3448 943 3587 999 vati-

1987 1029 2090 1084 bus
2119 1031 2341 1096 moniti,
2393 1042 2485 1087 aut
2538 1033 2663 1102 quia
2692 1033 2746 1088 in
2779 1036 2939 1091 rebus
2964 1036 3278 1106 asperrimis
3315 1035 3592 1091 beneﬁciis

1988 1137 2173 1177 eorum
2204 1140 2394 1181 sumus
2447 1127 2771 1198 auxiliisque
2802 1129 3198 1197 servati.Quod
3228 1130 3273 1185 si
3306 1129 3409 1186 hoc
3435 1145 3464 1182 a
3497 1144 3593 1183 vo-

1988 1214 2071 1270 bis
2098 1228 2245 1273 recte
2270 1220 2646 1275 existimabitis
2666 1220 2795 1288 dici,
2835 1230 2893 1277 et
2917 1236 2987 1277 ex
3014 1223 3214 1278 nostris
3241 1221 3480 1292 partibus
3505 1237 3593 1276 ra-

1991 1309 2139 1364 tione
2166 1312 2432 1366 consimili
2464 1313 2830 1370 existimatote
2854 1330 2977 1371 esse
3001 1330 3343 1385 responsum.
3385 1314 3595 1386 Religio

1992 1413 2179 1458 nostra
2210 1420 2351 1460 nunc
2382 1416 2502 1462 nata
2525 1416 2607 1463 est
2633 1427 2647 1462 :
2674 1424 2817 1464 nunc
2837 1410 2981 1465 enim
3005 1411 3202 1466 missus
3228 1410 3465 1475 advenit,
3495 1410 3588 1482 qui

1992 1510 2111 1551 eam
2141 1498 2299 1553 nobis
2328 1500 2680 1570 ostenderet,
2733 1504 2823 1574 qui
2868 1503 2921 1558 in
2949 1503 3068 1575 ejus
3091 1505 3371 1562 induceret
3394 1504 3596 1562 verita-

1502 1629 1796 1688 LECTION
1803 1628 1885 1686 ES
1922 1629 2337 1693 VARIANTES.

355 1748 384 1779 ⁸
416 1747 500 1799 Ila
520 1746 641 1799 Sub.
665 1746 813 1798 Italas
833 1744 940 1799 alii.

1716 1856 2284 1917 COMMENTARIUS.

289 1999 501 2079 ubinam
533 1997 817 2079 convenire.
847 1997 999 2064 Quod
1039 1997 1092 2052 in
1143 2004 1344 2079 textum
1361 1998 1669 2079 'r-evocavit
1711 2000 1890 2079 editor
1921 2006 1969 2067 B
1995 2004 2114 2079 fuit.
2142 2002 2316 2079 _Conl‘.
2351 2004 2627 2079 Pet-imm,
2669 2006 2735 2062 ad
2781 2007 3011 2073 Elian,
3046 2010 3110 2066 V.
3146 2011 3235 2078 H.,
3280 2028 3371 2079 ιιι,
3406 2012 3491 2072 18.
3526 2015 3605 2075 De

292 2069 817 2141 Lugduuo-Batavus
840 2111 856 2135 ,
889 2079 948 2123 ut
992 2084 1186 2124 sensus
1210 2074 1279 2124 sit
1310 2087 1331 2141 :7
1358 2068 1579 2124 Ubinam
1626 2074 1894 2130 convenire

292 2140 528 2210 oporteat
573 2141 820 2207 homines,
869 2140 1011 2210 quod
1063 2140 1428 2212 supplendum
1468 2158 1533 2196 ex
1578 2143 1893 2211 praeceden-

294 2216 459 2270 tibus.
492 2212 755 2267 Meursius
783 2212 982 2266 mavult
1012 2231 1024 2265 :
1058 2211 1279 2267 Ubinam
1305 2213 1611 2267 conveniret.
1633 2212 1838 2270 Οιιειι..

293 2309 346 2376 ib
370 2303 608 2361 LXXIII.
662 2334 733 2345 —
804 2304 913 2376 Sed
965 2321 1123 2359 causa
1177 2305 1232 2359 in
1292 2304 1589 2376 hujusmodi
1657 2307 1901 2364 vertimur

297 2375 438 2434 soli?
466 2376 566 2441 Ita,
597 2390 760 2431 sensu
796 2375 1071 2447 ﬂagitante
1091 2417 1107 2443 ,
1136 2377 1337 2447 optime
1360 2375 1675 2431 emendavit
1725 2380 1901 2435 editor

298 2449 471 2521 Lugd.
521 2447 804 2521 Bat.Cod.
842 2461 958 2521 Ius.
1007 2459 1062 2521 et
1110 2448 1280 2521 editio
1324 2447 1749 2521 EIInenborstii:
1793 2451 1901 2505 Sed

300 2519 461 2576 causa
489 2525 542 2572 in
571 2519 866 2588 hujusmodi
894 2520 1106 2573 vertitur
1125 2520 1237 2574 sola
1259 2519 1284 2571 ?
1309 2519 1655 2573 vitiosissime
1676 2530 1729 2574 et
1754 2521 1902 2575 nullo

301 2607 486 2655 sensu,
518 2592 658 2645 unde
686 2588 837 2645 Fulv.
871 2589 1051 2646 Ursin.
1088 2591 1343 2660 conjicit:
1372 2589 1439 2643 In
1466 2591 1766 2659 hujasmodi
1785 2608 1896 2646 ver-

303 2665 431 2717 titur
466 2663 621 2717 solo?
658 2662 764 2716 Sed
796 2661 954 2717 unice
988 2677 1112 2717 vera
1143 2662 1364 2718 editoris
1391 2660 1675 2717 Leidensis
1716 2678 1901 2718 emen-

302 2735 471 2797 datio.
505 2743 561 2787 ut
588 2735 866 2803 sequentia
900 2733 1113 2789 docent.
1146 2732 1352 2788 Οιιειι..

379 2804 556 2874 Quid?
581 2820 666 2858 vos
696 2802 1013 2875 ZEgyptiaca
1048 2807 1282 2876 numina,
1313 2803 1493 2876 quibus
1516 2805 1730 2874 Serapis
1753 2815 1903 2876 atque

303 2876 409 2932 Isis
448 2887 518 2931 est
548 2892 751 2941 nomen,
780 2874 883 2929 non
934 2886 1047 2948 post
1087 2874 1333 2948 Pisonem
1363 2886 1409 2929 et
1441 2874 1717 2931 Gabinium
1765 2874 1901 2933 Con-

301 2950 439 3004 sules
476 2949 531 3002 in
557 2963 823 3001 numerum
848 2947 1128 3002 vestrorum
1156 2947 1403 3002 retulistis
1431 2948 1669 3002 deorum?
1694 2948 1902 3004 Tertul-

302 3021 459 3085 liaII.,
493 3019 803 3089 Apologet.,
834 3034 953 3090 cap.
1002 3035 1053 3090 vI
1086 3038 1098 3072 :
1134 3018 1457 3090 Serapidem:
1501 3030 1545 3072 et
1598 3020 1808 3086 Isidem,
1853 3031 1901 3075 et

304 3086 691 3161 Harpocratem
725 3107 839 3143 cum
867 3086 960 3145 suo
1002 3086 1380 3161 Cynocephalo.
1412 3086 1669 3161 Capitolio
1714 3094 1889 3159 prohi-

306 3160 434 3218 bitos
463 3164 665 3233 inferri.
692 3162 745 3214 id
784 3171 856 3215 est
897 3160 1281 3233 curia’deoram
1323 3160 1519 3230 pulsos,
1555 3160 1682 3216 Piso
1711 3174 1755 3216 et
1785 3162 1890 3218 Ga-

307 3235 476 3288 binius
499 3231 767 3294 Consules,
809 3250 911 3286 non
961 3234 1131 3301 utique
1171 3231 1470 3299 Christiani,
1511 3236 1696 3288 eversis
1743 3237 1898 3289 etiam

307 3307 414 3359 aris
443 3320 615 3358 eorum
636 3303 1257 3376 abdicaverunttturpium
1287 3312 1335 3357 et
1356 3305 1633 3358 otiosarum
1655 3309 1898 3376 supersti-

308 3377 501 3431 tionuut
523 3375 642 3429 vitia
671 3376 976 3431 cohibentes.
1008 3375 1103 3429 His
1130 3393 1214 3430 vos
1239 3376 1482 3430 restitutis
1509 3375 1759 3431 summam
1790 3388 1911 3432 ma-'

296 3451 536 3520 jestatem
561 3446 863 3520 contulistis.
898 3447 1138 3520 Heaut).
1164 3458 1218 3502 et
1241 3450 1481 3501 humu.
1501 3477 1538 3487 -
1559 3449 1715 3503 Conl.
1749 3467 1899 3504 eum-

308 3519 432 3573 dem
461 3518 709 3579 Tertull..
741 3526 863 3572 adv.
910 3518 1148 3585 Nation.,
1182 3535 1218 3583 I,
1245 3532 1295 3572 c.
1328 3522 1416 3572 10.
1450 3528 1638 3575 Annus
1692 3522 1901 3577 Consu-

309 3591 450 3645 latus
495 3591 563 3645 A.
596 3589 807 3645 Gabinii
849 3599 904 3645 et
930 3591 990 3645 L.
1038 3590 1311 3656 Calpurnii
1355 3590 1569 3646 Pismiis
1613 3602 1697 3645 est
1724 3608 1899 3649 annus

312 3662 460 3716 urbis
488 3661 719 3716 conditie
734 3660 875 3727 1596,
900 3673 1023 3717 ante
1043 3662 1315 3717 Christum
1348 3673 1530 3716 natum
1559 3662 1778 3719 58.Vid.
1813 3666 1903 3719 Al-

309 3734 630 3797 mrloveen.,
680 3730 824 3786 Fast.
863 3734 1168 3797 Consular.,
1221 3747 1339 3803 pag.
1384 3732 1475 3789 99.
1509 3734 1620 3789 Hoc
1663 3750 1806 3789 anno
1848 3744 1903 3791 et

308 3806 437 3875 plus
460 3803 628 3859 semel
656 3803 883 3858 Senatus
909 3820 1098 3859 eorum
1127 3805 1371 3859 divorum
1406 3806 1546 3872 lana,
1575 3821 1694 3875 quae
1724 3812 1899 3875 priva-

313 3874 409 3930 tim
443 3874 682 3929 nonnulli
722 3886 1129 3938 exstruxerant.
1162 3875 1407 3948 demoliri
1444 3874 1622 3947 jussit.
1649 3874 1791 3948 quod
1837 3893 1899 3933 ea

312 3948 532 4003 numina
581 3963 685 4000 non
733 3961 1058 4017 magnopere
1112 3946 1433 4001 mstimahat.
1464 3948 1568 4003 Sed
1620 3946 1739 4003 mox
1794 3949 1903 4003 vin-

310 4031 471 4075 eeme
518 4019 760 4088 pOptIlari
802 4017 1037 4073 factione
1065 4028 1238 4072 cuitus
1264 4033 1452 4073 eorum
1494 4021 1806 4085 restitutus,
1838 4036 1901 4075 ac

314 4091 493 4161 primo
517 4092 732 4161 quidem
764 4092 959 4159 templa
990 4105 1178 4145 eorum
1226 4101 1376 4145 extra
1411 4093 1669 4158 poniteria
1703 4093 1898 4161 posita,

313 4158 455 4217 ieste
476 4158 646 4215 Dioiie
667 4158 844 4232 Cass,
872 4158 964 4215 lib.
988 4177 1115 4221 XLII.
1134 4177 1254 4232 cap.
1276 4161 1368 4222 47,
1393 4161 1482 4215 ubi
1506 4161 1612 4232 Vid.
1640 4158 1899 4228 Bonnam.

314 4244 450 4289 tom.
480 4248 519 4297 I,
554 4247 671 4301 pag.
698 4230 827 4296 252,
855 4232 1047 4295 donec,
1081 4230 1252 4288 Hirtio
1282 4244 1353 4301 et,
1378 4232 1549 4287 Pansa
1574 4231 1726 4287 Coss.
1761 4249 1904 4289 anno

316 4305 467 4360 urbis
505 4300 732 4358 condita:
763 4304 893 4369 711,
924 4321 953 4358 a
982 4304 1301 4359 Triumviris
1329 4300 1544 4358 Caesare
1585 4304 1901 4371 Octaviano,

314 4375 550 4433 Antonio
576 4386 628 4429 et
654 4374 857 4444 Lepido
878 4391 1073 4430 novum
1098 4375 1356 4443 templum
1389 4374 1574 4428 iisdem
1600 4375 1906 4432 numinibus

316 4449 597 4517 decretum
628 4446 836 4517 ftiitaut
867 4447 1294 4517 Inemoratidem
1325 4447 1441 4507 Ilio,
1462 4445 1551 4501 lib.
1574 4463 1738 4510 XLVII,
1767 4451 1915 4517 ολδ,

319 4535 442 4590 pag.
467 4516 596 4585 501,
624 4518 711 4571 ed.
741 4516 977 4590 Reiinar.
1006 4516 1162 4571 Conl.
1196 4516 1503 4590 AugII_stin.,
1532 4520 1599 4573 de
1615 4517 1772 4590 Civil.
1802 4521 1914 4581 Dei.

319 4588 405 4656 in,
431 4590 526 4652 li;
576 4590 800 4648 Lucam.
836 4588 1051 4656 Ph:irs.,
1083 4604 1178 4655 vII,
1208 4589 1307 4651 83;
1340 4588 1617 4659 Bmttigcr.
1664 4589 1723 4643 V.
1755 4591 1836 4645 Cl.
1871 4594 1922 4646 in

324 4660 544 4731 Sabina,
577 4676 693 4731 pag.
727 4660 850 4722 199,
880 4676 1060 4730 seqq.,
1092 4669 1144 4713 et
1173 4660 1262 4729 qui
1292 4668 1456 4713 totam
1496 4664 1927 4731 is_torum_sacro-

324 4747 453 4803 rum
486 4729 764 4786 historiam
797 4731 914 4785 fuse
941 4729 1209 4800 doctaque
1235 4731 1488 4803 esplicat.
1521 4729 1670 4785 Gisb.
1700 4729 1922 4803 Cuper.,

324 4802 381 4858 in
414 4801 748 4867 Harpocran,
782 4819 901 4874 pag.
938 4803 1060 4865 H9.
1093 4817 1242 4873 seqq.
1270 4801 1476 4856 Onenn.

403 4874 540 4938 Quid
558 4874 583 4926 .9
606 4872 893 4945 Phrygiam
922 4872 1179 4945 matrem,
1203 4874 1350 4945 cujus
1380 4888 1488 4926 esse
1516 4872 1755 4928 conditor
1784 4875 1927 4929 indi-

324 4955 477 5001 catur
502 4946 577 4999 vel
612 4944 803 5011 Midas,
834 4945 911 4999 rel
943 4944 1244 4999 Dardanus.
1274 4944 1529 5013 Sequitur
1553 4947 1655 4999 hoc
1688 4946 1804 4999 loco
1826 4946 1929 5001 Ar-

326 5015 525 5073 nobius
542 5017 871 5073 Clementem
896 5016 1216 5081 Alexandr.,
1236 5019 1374 5086 apud
1392 5032 1550 5085 quem
1573 5018 1623 5071 in
1650 5016 1924 5086 Protrept.

326 5089 393 5159 ad
421 5088 563 5144 Gent
582 5129 608 5159 _.
636 5104 753 5157 cap.
782 5089 834 5149 5.
862 5104 984 5159 pag.
1018 5089 1101 5153 1‘2,
1131 5088 1219 5141 ed.
1248 5089 1475 5153 Potter.,
1502 5088 1617 5142 haec
1640 5088 1888 5159 leguntur
1913 5106 1929 5148 :

322 5158 534 5237 iolorro
553 5155 639 5214 οὖν
663 5155 1061 5237 ὁξτθιῖλςδιέᾶρξοιςῖΔ
1082 5161 1278 5237 denario;
1305 5161 1602 5237 ἀνθρώποις·
1627 5155 1731 5237 ξῖτῖς
1754 5160 1779 5215 6
1802 5163 1931 5237 Δάρ-

326 5230 495 5308 ᾃανρς,
515 5232 541 5286 6
558 5233 748 5308 μητρὸς
768 5234 888 5308 θεῷ’)
912 5228 1202 5308 ἑαταδείξᾳς
1222 5235 1286 5308 τὰ
1300 5228 1582 5308 μυάτήριαέ
1601 5228 1699 5286 εἴτε
1718 5228 1929 5308 Ἠεῖιὶών,

326 5302 355 5358 6
380 5306 445 5358 τὰ
472 5300 795 5379 summa»
819 5300 1066 5379 ἔργα-καί
1087 5300 1754 5379 τιλετὰς-ῥπᾳσιέησὰμενος·
1771 5303 1879 5379 ἐἴτε
1907 5304 1932 5360 ὁ

485 5373 674 5450 signa;
704 5375 735 5450 6
759 5373 932 5436 Μίδάὶῖ.
961 5375 986 5430 ὁ
1006 5375 1148 5450 παρὰ
1163 5381 1251 5450 rei)
1266 5373 1517 5450 Ὀδρύσου
1536 5373 1936 5450 paeoniam“

329 5444 534 5520 ἃὶαδὸὺς
568 5444 1130 5520 τοῖςηὺπυτεταγμὲξρξς
1169 5444 1402 5517 ἕντεχνὸν
1445 5444 1658 5520 ἀπάτην.
1689 5444 1774 5520 Cf.
1808 5448 1931 5501 Dio-

331 5517 479 5580 dotz,
533 5532 625 5580 III,
653 5517 724 5571 58
756 5515 776 5589 (
807 5515 992 5589 ibique
1032 5515 1415 5589 ννέθςδειιιιςῃ
1448 5517 1687 5589 Δοιιιιιγδ.
1735 5517 1933 5583 llalic.,

333 5588 519 5658 Antig.
553 5602 715 5653 rum.,
748 5587 786 5651 ι,
818 5602 933 5658 pag.
962 5587 1052 5642 55.
1082 5587 1406 5643 ΕωιεΝΗ.-
1431 5587 1571 5642 Add.
1604 5588 1825 5652 JttsliII.,
1854 5606 1934 5655 XI,

336 5657 414 5727 7W:
446 5656 575 5712 Post
617 5659 755 5712 hunc
780 5656 1093 5727 (Gordium)
1123 5659 1263 5725 [ilius
1294 5659 1441 5712 Mida
1466 5660 1719 5727 regnavit,
1760 5661 1847 5725 qui
1874 5661 1936 5715 ab

340 5726 548 5803 Orpheo
576 5726 841 5803 sacrorum
867 5728 1175 5803 solemnibus
1195 5731 1455 5803 initiatus,
1498 5726 1787 5803 Phrygiam
1816 5732 1939 5786 reli-

335 5800 573 5884 gionibus
597 5802 826 5875 implevit
853 5817 872 5856 :
891 5800 1074 5875 quibus
1110 5801 1265 5857 tutior
1303 5802 1440 5856 omni
1470 5801 1573 5857 vita
1597 5800 1752 5874 quam
1780 5804 1939 5860 armis

2003 2074 2401 2150 Dardanovide
2428 2092 2588 2150 supra
2618 2079 2684 2133 ad
2718 2080 2808 2134 lib.
2855 2097 2891 2146 I,
2933 2096 3052 2150 cap.
3093 2084 3185 2139 52.
3216 2074 3322 2141 Pro
3346 2074 3606 2144 indicatur

2004 2147 2293 2221 cd._Lugd.
2320 2148 2437 2203 Bai.
2467 2149 2625 2204 habet
2648 2151 2935 2221 judicatur.
2963 2147 3166 2211 OIIELL.

2078 2216 2205 2271 Cum
2233 2218 2455 2294 Annibal
2500 2216 2679 2294 poenas
2696 2240 2797 2294 _res
2837 2223 2993 2279 italos
3038 2237 3260 2294 raperet.
3291 2271 3305 2287 .
3333 2267 3347 2284 .
3380 2266 3396 2282 .
3422 2270 3435 2285 .
3466 2266 3483 2284 .
3509 2269 3524 2284 .
3557 2239 3604 2285 et

2006 2305 2155 2372 nosse
2179 2302 2240 2372 et_
2252 2292 2383 2372 scire
2410 2293 2652 2372 cmpistis.
2679 2292 2918 2372 _de
2947 2292 3153 2372 Artisp.
3180 2298 3369 2372 Resp.,
3396 2316 3516 2371 cap.
3537 2302 3606 2358 15
3665 2318 3683 2337 ⁸

2007 2359 2026 2432 (
2055 2376 2173 2446 pag.
2209 2362 2336 2446 34.4,
2363 2362 2457 2446 red.
2487 2362 2579 2418 Fr.
2710 2364 2918 2446 Wolf.)
2947 2386 2960 2421 :
2994 2359 3110 2446 Hoc
3136 2359 3604 2446 igitur-(:Siliilla)

2006 2444 2121 2485 vate
2156 2435 2721 2510 suadenteguondam,
2791 2435 2993 2509 defessa
3035 2435 3198 2496 Italia
3239 2435 3425 2510 punico
3460 2435 3606 2497 bello

2007 2513 2159 2585 atque
2193 2503 2255 2557 ab
2292 2503 2554 2585 Annibale.
2582 2518 2794 2585 vagata,
2840 2503 2989 2585 sacra
3028 2512 3128 2566 ista
3178 2503 3400 2585 majores
3446 2515 3609 2570 nostri

2007 2576 2206 2658 adscita
2249 2593 2313 2631 ea:
2356 2575 2587 2658 Phrygia
2616 2577 3211 2658 Bonttecollocaverunt
3240 2575 3399 2658 {quae
3440 2587 3517 2639 vir
3562 2587 3609 2641 is

2007 2648 2258 2728 accepit,
2291 2649 2385 2728 qui
2425 2648 2765 2728 estaptimus
2809 2653 2988 2725 pepuli
3037 2653 3258 2711 Romani
3294 2648 3604 2728 'judicatus,

2010 2716 2079 2770 Ρ.
2110 2717 2324 2787 Scipio;
2336 2723 2549 2858 (gemina
2573 2716 2765 2783 autem.
2798 2716 2917 2793 qua:
2945 2716 3607 2784 matronarum'castissima

2010 2789 2306 2858 putabatur,
2389 2830 2401 2843 .
2428 2792 2672 2847 Claudia.
2699 2793 2945 2850 ELIENH.
2967 2823 3041 2836 -—
3056 2796 3162 2853 Res
3188 2815 3370 2858 rapere
3391 2802 3607 2858 urooria

2010 2789 2318 2872 putabatur,
2336 2789 2672 2872 Q.-Clai_t_dia.
2699 2789 2945 2872 Eminuit.
2967 2823 3041 2836 —-
3056 2796 3162 2853 Res
3188 2815 3370 2869 rapere
3390 2802 3607 2872 propria

2008 2859 2231 2916 locutio.
2263 2862 2473 2932 Virgil.,
2506 2861 2661 2932 Αἴθη
2694 2880 2754 2931 x,
2788 2867 2873 2921 14.

2132 2993 2259 3045 Tum
2281 3002 2478 3047 certare
2500 2997 2645 3058 odiis.
2672 3005 2774 3049 tum
2798 3011 2885 3050 res
2905 3003 3131 3064 rapulsse
3153 3001 3343 3054 licebit.

1921 3132 1968 3197 ρ
1997 3123 2168 3201 Quem
2207 3124 2260 3178 in
2303 3124 2477 3201 locum
2493 3124 2730 3201 Servius
2759 3143 2772 3178 :
2812 3125 3013 3201 Veteres
3044 3129 3266 3195 laedere,
3301 3146 3383 3185 res
3424 3147 3609 3201 rapere

2007 3194 2261 3270 dicebant,
2308 3196 2504 3270 etiamsi
2530 3198 2728 3268 rapinae
2765 3199 2964 3270 nullum
3005 3201 3197 3254 crimen
3233 3194 3498 3270 existeret,
3530 3206 3609 3259 si-

2009 3267 2297 3331 militerque
2324 3267 2621 3337 satisfacere
2646 3285 2725 3323 res
2765 3269 2980 3324 reddere
3004 3272 3262 3327 dicebant.
3293 3272 3383 3328 Sic
3413 3267 3493 3329 res
3519 3292 3605 3331 re-

2007 3350 2197 3410 petere.
2229 3340 2295 3393 τὰ
2323 3336 2487 3411 atrum
2529 3341 2702 3395 αἰτεῖν.
2733 3350 2787 3395 et
2814 3343 2907 3402 τὰς
2935 3341 3075 3404 δίκας
3122 3344 3303 3411 αἰτεῖν,
3352 3353 3410 3400 ut
3452 3349 3614 3402 vertit

2009 3408 2296 3488 l_)iouysius
2326 3408 2592 3488 Hiiiiearu.
2624 3412 2864 3488 lienam:
2883 3441 2955 3453 -—
2975 3414 3074 3469 Res
3100 3408 3606 3488 rapere—respondet

2007 3478 2316 3537 Graecorqu
2349 3478 2488 3555 ἄγειν
2506 3485 2589 3536 καὶ
2615 3480 2796 3559 φέρειν.
2822 3482 3027 3540 Οιιειι..

2079 3573 2247 3629 Sacra
2274 3573 2472 3629 Cereris
2500 3576 2701 3628 matris.
2736 3614 2751 3629 .
2781 3616 2795 3630 .
2831 3616 2846 3630 .
2883 3618 2897 3632 .
2931 3579 3192 3633 obtentum
3218 3589 3311 3643 est,
3346 3590 3401 3635 ut
3430 3579 3614 3637 Graeca

2008 3646 2273 3720 dicantur,
2307 3655 2412 3700 etc.
2446 3646 2637 3720 Cicero
2670 3662 2768 3717 pro
2799 3648 2984 3709 Balbo.
3016 3665 3135 3720 cap.
3170 3649 3240 3706 24
3275 3669 3289 3705 :
3320 3651 3484 3706 Sacra
3514 3654 3611 3709 Ce-

2006 3718 2132 3771 reris
2146 3734 2345 3791 summa
2367 3717 2584 3787 majores
2604 3720 2765 3773 nostri
2785 3720 3035 3791 religione
3057 3717 3244 3789 conﬁci
3270 3726 3606 3778 caeremonia-

2007 3805 2104 3859 que
2129 3787 2400 3863 voluerunt
2424 3803 2443 3841 :
2470 3803 2585 3858 qua:
2616 3806 2776 3858 quum
2804 3787 2968 3845 essent
3015 3787 3280 3863 assumpta
3302 3794 3367 3848 de
3395 3792 3610 3862 Grecis,

2008 3869 2056 3913 et
2084 3876 2174 3932 per
2204 3858 2413 3912 Crtecas
2441 3875 2641 3932 semper
2660 3872 2776 3932 sunt
2801 3874 2981 3916 curata
3011 3858 3322 3932 sacerdotes,
3352 3874 3400 3919 et
3431 3858 3615 3921 Graeca

2009 3930 2182 4014 munia
2224 3931 2506 4014 appellata.
2553 3929 2638 3985 Cl“.
2683 3929 2869 4014 .Yaler.
2893 3933 3068 4014 hiatu,
3104 3935 3194 4014 lib.
3228 3950 3267 3999 I,
3301 3929 3423 4004 cap.
3470 3939 3523 4003 1,
3556 3946 3614 3993 et

2010 4000 2156 4055 Fest.
2189 4016 2240 4054 v.
2275 4000 2456 4054 (ἐι-(εστι
2481 4016 2649 4065 sacra,
2682 4001 2861 4071 ibique
2893 4004 3079 4059 Dacer.
3117 4003 3319 4061 ORELL.

2083 4092 2340 4167 Apollinis
2359 4109 2548 4167 nomen
2581 4090 2918 4167 Pompilium;
2958 4095 3351 4167 indigitamenta
3392 4099 3611 4154 nescire.

2011 4162 2231 4221 Servius
2256 4162 2324 4218 ad
2359 4162 2543 4235 Virgil.
2571 4162 2795 4232 Georg,
2826 4180 2863 4232 I,
2892 4164 2983 4221 21.

2134 4278 2302 4344 Dique
2319 4277 2440 4329 Deae
2463 4290 2655 4340 omnes,
2679 4270 2894 4328 stu'dium
2918 4279 3100 4342 quibus
3123 4292 3241 4331 arva
3275 4283 3423 4333 tueri.

2023 4408 2254 4485 Nomina
2288 4411 2415 4485 irate.
2447 4410 2932 4485 inquit._tntni_inum
2961 4412 3014 4465 in
3041 4412 3444 4485 indigitamentis
3476 4418 3620 4473 inve-

2024 4484 2256 4547 niuntur,
2286 4482 2341 4536 id
2367 4491 2461 4548 est,
2495 4485 2550 4536 in
2591 4482 2737 4537 libris
2768 4481 3185 4553 Ponti/icolibus,
3216 4488 3305 4554 qui
3340 4497 3386 4541 et
3414 4494 3623 4543 nomine

2026 4554 2238 4625 deorum
2263 4595 2277 4618 ,
2331 4563 2376 4609 et
2444 4557 2692 4608 rationem
2740 4555 2968 4625 ipsorum
3020 4556 3287 4610 numinum
3339 4561 3619 4615 continent.

2026 4623 2233 4681 Glossm
2280 4625 2564 4680 Philoxeni
2610 4642 2624 4680 :
2667 4623 3104 4695 indigitamenta,
3159 4629 3384 4705 ἱερατικά
3429 4634 3620 4755 prmia.

2029 4696 2350 4751 “ERALD.-—
2376 4695 2595 4755 Meurs.
2639 4710 2739 4755 Dan
2791 4697 2863 4752 85
2905 4713 3060 4755 sem:
3105 4700 3187 4752 Ol.
3242 4699 3486 4755 BorriCI.
3533 4717 3620 4755 co-

2029 4696 2350 4751 “ERALD.-—
2376 4695 2603 4766 Meurs,
2639 4710 2739 4766 pag
2791 4697 2863 4766 85
2905 4713 3060 4766 seq.;
3105 4695 3213 4752 Ol.’
3242 4695 3486 4755 Borrich.
3533 4717 3625 4756 co-

2065 4769 2204 4840 itat._.
2253 4783 2374 4840 pag.
2427 4765 2661 4840 429.532
2693 4766 2759 4821 (ἶ.
2788 4765 2838 4840 1.
2874 4765 3046 4840 vossii
3096 4768 3331 4840 Etymol.
3378 4787 3541 4834 roIn..
3571 4782 3625 4828 et

2066 4782 2204 4827 It:It..
2253 4783 2374 4835 pag.
2427 4782 2549 4822 uti.
2579 4782 2661 4821 bl.
2693 4782 2759 4821 li.
2788 4782 2838 4821 δ.
2881 4782 3046 4822 voss"
3096 4782 3331 4840 Etymol.
3378 4787 3541 4834 roin..
3571 4782 3623 4828 et

2026 4782 2135 4894 gul.
2166 4838 2527 4909 Scaliger.iad
2557 4835 2755 4908 Hymn.
2803 4837 3003 4909 Orphei
3037 4856 3089 4893 In
3121 4840 3361 4909 eiusdem
3398 4842 3623 4898 Poema-

2031 4911 2175 4982 tibus
2201 4924 2318 4977 pag.
2355 4907 2831 4982 iVSb.‘l_dein_quud
2852 4909 3134 4982 Arnobius
3154 4907 3226 4966 de
3253 4911 3526 4982 Apolline,
3555 4915 3625 4968 de

2031 4979 2459 5053 venerescrihit
2486 4978 2812 5053 Macrobius,
2832 4980 3076 5053 Saturi...
3099 4998 3137 5045 I.
3169 4997 3288 5053 cap.
3308 4978 3418 5053 '12.
3449 4984 3627 5041 Cincio

2031 5048 2184 5105 etiam
2223 5049 2384 5105 Varro
2430 5051 2714 5115 consentit,
2759 5052 3019 5123 afﬁrmans
3067 5048 3250 5108 nomen
3312 5052 3518 5110 Veneris
3563 5074 3627 5113 ne

2032 5123 2125 5195 sub
2168 5123 2370 5195 regibus
2413 5124 2616 5191 quidem
2654 5122 2799 5192 apud
2841 5122 3098 5195 Romanos
3143 5126 3219 5179 vel
3268 5124 3507 5181 Latinum
3549 5127 3630 5183 vel

2036 5193 2270 5248 Crtecuin
2302 5196 2481 5265 fuisse,
2519 5204 2565 5247 et
2592 5195 2705 5247 ideo
2737 5211 2837 5248 non
2868 5194 3095 5265 potuisse
3122 5212 3341 5252 mensem
3370 5215 3403 5252 α
3439 5197 3630 5253 Venere

2038 5263 2315 5319 nominari.
2349 5263 2402 5318 N
2409 5282 2537 5338 eque
2557 5265 2611 5319 in
2627 5263 2946 5338 carminibus
2973 5264 3236 5338 Saliorum
3272 5267 3477 5325 Veneris
3496 5271 3628 5338 ulla,

2035 5347 2418 5413 ut_c_teterorum
2444 5337 2745 5413 caelestium,
2779 5339 2905 5413 latis-
2934 5337 3236 5413 celebratur.
3264 5339 3421 5397 Conf.
3456 5342 3627 5413 intpp.

2037 5408 2103 5463 ad
2136 5408 2388 5474 Varron.,
2421 5422 2539 5477 pag.
2574 5407 2696 5473 136,
2725 5408 2814 5462 ed.
2849 5408 2966 5478 Bip.
3007 5407 3210 5465 ORELL.

2112 5498 2243 5552 Post
2270 5508 2441 5571 autem
2470 5497 2774 5571 aliquando.
2794 5497 2974 5554 Editio
3003 5503 3252 5569 princeps
3276 5501 3451 5559 Saba-i
3482 5522 3496 5555 :
3523 5513 3635 5571 post

2040 5579 2208 5624 autem
2240 5570 2522 5642 aliquanto.
2562 5570 2669 5642 sed
2710 5571 2793 5642 nil
2814 5573 3146 5627 mutandum.
3186 5573 3390 5629 Sensus
3431 5570 3637 5642 ﬂagitat

2039 5640 2345 5716 aliquando,
2373 5640 2425 5694 id
2447 5648 2551 5716 est,
2580 5640 2760 5716 aliquo
2783 5641 2990 5716 incerto
3015 5656 3278 5716 tempore.
3296 5640 3639 5716 Nameultus

2042 5712 2259 5767 illorum
2312 5712 2593 5768 numinum
2627 5711 3040 5770 instituebantur
3083 5711 3175 5772 alii
3220 5714 3457 5773 breviori
3484 5754 3499 5781 ,
3551 5715 3643 5777 alii

2042 5784 2277 5856 longiori
2305 5785 2568 5858 temporis
2595 5784 2901 5842 intervallo.
2930 5783 3134 5845 Οιιιιι..
