3974 6068
367 5788 403 5800 ’.θ’

404 205 514 266 945

1522 207 1804 265 ARNOBII
1839 203 2205 266 ADVERSUS
2233 203 2505 266 GENTES

3231 251 3274 280 ,
3630 205 3774 262 944

403 325 592 396 Neque
629 323 774 378 enim
810 323 930 378 sciri
960 330 1043 377 est
1073 320 1247 387 facile,
1276 321 1495 378 deﬁnita
1524 331 1576 378 et
1606 333 1753 378 certa
1793 324 1862 378 sit
1903 339 1995 378 eo-
2024 325 2076 384 A
2172 322 2262 377 Vl.
2305 323 2374 377 Et
2415 331 2613 388 tamen,
2646 333 2712 374 ne
2739 329 2838 374 nos
2865 321 3146 389 quisquam
3179 314 3541 388 pervicaciter
3569 315 3770 370 arbi-

405 434 526 472 rum
588 415 795 470 numeri
848 415 1183 469 multitudo:
1225 431 1290 468 an
1344 415 1460 469 sine
1513 415 1617 468 ulla
1676 416 2006 483 pepulositas

407 525 616 566 smnma
668 511 758 574 sit,
814 523 911 562 nec
964 507 1385 576 computationis
1434 506 1658 578 alicujus
1712 508 2007 562 ratiooibus

409 603 715 657 terminata.
750 599 1040 670 Fingamus
1066 600 1208 653 enim
1241 616 1335 653 vos
1365 599 1496 654 deos
1529 600 1674 654 mille
1705 600 2004 669 percolere,

405 693 494 748 vel
526 692 691 747 millia
722 693 900 762 potius
929 692 1165 762 quinque
1192 710 1206 746 :
1234 699 1286 746 at
1321 695 1372 746 in
1402 709 1579 747 rerum
1611 704 1798 747 natura
1833 702 2008 761 potest

405 783 634 838 forsitan
666 782 802 847 fieri,
833 793 890 837 ut
930 783 1154 837 deorum
1201 783 1365 838 millia
1404 794 1618 838 centum
1660 784 1793 848 sint;
1829 794 2006 852 potest

405 885 466 932 ut
509 875 609 929 hoc
653 875 902 945 amplius,
948 875 1134 940 immo,
1185 875 1327 945 quod
1375 874 1608 930 diximus
1653 875 1810 944 paulo
1854 886 2000 943 ante,

406 977 585 1042 pctcst
626 968 848 1023 deorum
893 983 1104 1022 summa
1149 983 1271 1022 esse
1312 968 1478 1027 nulla.
1528 983 1626 1021 nec
1684 967 2004 1022 numerabili

405 1063 905 1132 circumscriptione
946 1061 1114 1114 ﬁnita.
1161 1059 1266 1114 Aut
1307 1060 1466 1127 igitur
1495 1068 1549 1113 et
1577 1073 1674 1114 vos
1706 1060 1873 1128 impii,
1913 1059 2005 1130 qui

407 1167 605 1228 praeter
633 1155 764 1210 deos
810 1169 1008 1224 paucos
1055 1154 1382 1222 reliquorum
1431 1152 1608 1207 ofﬁcia
1652 1170 1755 1206 non
1799 1153 2000 1211 obitis:

404 1259 499 1304 aut
525 1249 570 1304 si
595 1247 744 1302 vobis
767 1247 976 1302 veniam
1004 1256 1323 1300 caeterorum
1354 1247 1667 1316 ignorantiae
1697 1246 1998 1315 postulatis,

405 1339 650 1395 eamdem
690 1349 743 1393 et
781 1337 933 1392 nobis
970 1337 1328 1392 conciliabitis
1368 1338 1576 1391 veniam
1606 1355 1617 1389 :
1652 1336 1695 1390 si
1725 1353 1822 1406 pro
1855 1351 2002 1408 parte

405 1431 674 1489 consimili
714 1445 903 1486 eorum
946 1429 1296 1501 religionibus
1335 1430 1690 1495 abstinemus,
1721 1445 1855 1500 quos
1883 1445 2004 1486 esse

405 1526 628 1582 omnino
660 1523 944 1580 nescimus.

2115 425 2287 469 trctur
2325 424 2659 469 sacramenta
2703 413 2844 467 nolle
2884 414 3159 477 suscipere
3198 421 3542 472 cancrorum,
3577 424 3773 476 qua:-

2112 523 2342 578 cumque
2381 516 2526 572 sunt,
2561 507 2840 560 numinum
2876 523 2888 560 :
2922 505 3144 560 devotas
3174 503 3377 558 etenim
3422 511 3661 556 mentes
3700 512 3773 556 et.

2115 615 2303 653 manus
2341 600 2715 669 protendimus
2763 597 3057 666 supplices,
3100 610 3274 665 neque
3304 593 3767 662 adspernamur,

2114 706 2457 762 quocumque
2503 690 2858 744 invitaveritis
2898 686 3205 742 accedere:
3239 687 3282 740 si
3330 684 3492 739 modo
3542 683 3768 737 disca-

2114 799 2236 838 mus
2275 785 2492 852 quinzim
2533 783 2618 837 isti
2649 791 2776 836 sunt
2812 781 2941 846 divi,
2977 793 3115 850 quos
3153 777 3308 833 nobis
3353 777 3640 847 ingeritis,
3701 784 3771 830 et

2112 895 2248 949 quos
2280 893 2377 948 par
2414 877 2484 930 sit
2521 875 2737 946 adjungi
2774 876 2968 929 summi
3000 873 3141 942 regis
3170 886 3233 925 ac
3269 870 3530 941 principis
3557 883 3765 924 vene-

2115 973 2326 1026 rationi.
2382 970 2667 1036 Saturnus,
2721 969 2915 1036 iuquit,
2969 977 3022 1022 et
3076 965 3244 1020 Janus
3295 975 3397 1030 est,
3451 963 3754 1028 Minerva,

2113 1066 2277 1132 Juno,
2312 1066 2530 1136 Apollo,
2563 1065 2764 1126 Venus,
2800 1062 3181 1131 Triptolemus,
3216 1058 3492 1124 llercules,
3525 1056 3762 1110 [Esau-

2112 1159 2307 1229 lapius,
2358 1168 2520 1229 atque
2571 1157 2662 1212 alii
2713 1155 2917 1221 caeteri,
2968 1153 3161 1224 quibus
3207 1151 3520 1220 magnificas
3571 1149 3754 1203 :x-des

2110 1253 2316 1307 cunctis
2343 1266 2480 1320 pene
2510 1252 2562 1305 in
2593 1250 2812 1304 urbibus
2838 1247 3087 1317 religiosa
3115 1242 3454 1300 consecravit
3477 1242 3752 1313 antiqui—

2112 1354 2211 1398 tas.
2254 1344 2486 1398 lnvitare
2523 1357 2621 1396 nos
2667 1340 2889 1396 forsitan
2931 1337 2999 1392 ad
3048 1338 3273 1391 istorum
3307 1336 3586 1389 numinum
3628 1349 3747 1402 po-

2110 1436 2350 1491 luissetis
2393 1435 2617 1497 cultum,
2662 1434 2706 1487 si
2753 1447 2856 1486 non
2902 1430 3007 1506 ipsi
3045 1444 3143 1483 vos
3187 1427 3343 1498 primi
3394 1425 3743 1496 Opinionum

2031 1523 2078 1581 B
2109 1530 2342 1598 turpium
2373 1528 2612 1585 lteditate
2638 1526 2763 1582 talia
2785 1526 2852 1581 de
2881 1524 2991 1580 illis
3016 1521 3422 1594 contingeretis,
3452 1537 3577 1592 qua:
3611 1535 3747 1576 non

1771 1637 2335 1712 QOMMENTARIUS.

406 1744 527 1793 erat
577 1734 736 1788 etiam
779 1734 885 1792 θεὸς
941 1731 1031 1785 ille
1073 1727 1334 1802 ἅγνῳᾳτος
1379 1727 1806 1795 Atheniensium,
1849 1732 2000 1799 cujus

407 1822 556 1862 aram
592 1807 650 1858 D.
683 1804 879 1858 Paulus
909 1800 1154 1870 inspexit.
1187 1800 1304 1854 Vid.
1340 1804 1454 1854 Act.
1492 1802 1703 1869 Apost.,
1737 1818 1841 1855 xvu
1866 1844 1880 1866 ,
1906 1805 1996 1858 ‘23.
2056 1803 2062 1810 '

407 1877 479 1932 In
507 1876 811 1946 cognitione,
843 1873 982 1946 quod
1014 1873 1064 1925 in
1098 1887 1196 1924 ms.
1230 1872 1446 1946 legitur,
1478 1872 1646 1946 multo
1675 1873 1865 1946 melius
1892 1884 1994 1939 est,

409 1943 584 2018 quam
625 1947 677 2000 in
733 1945 1087 2018 cognitionem,
1144 1943 1284 2018 quod
1340 1943 1664 2018 substituere
1721 1945 2001 2018 volnt-rum

408 2013 670 2074 Meursius
721 2013 990 2070 creditor
1033 2013 1199 2083 Lugd.
1247 2013 1397 2074 Bat.;
1447 2029 1565 2065 nam
1610 2014 1661 2066 in
1713 2016 2000 2083 cognitione

409 2090 673 2162 penderet
701 2103 727 2139 a
764 2085 1085 2162 prmcedcmi
1111 2094 1246 2136 sunt.
1299 2084 1431 2162 Sunt
1465 2085 1520 2136 in
1534 2087 1836 2162 cognitione
1863 2088 1999 2162 vobis

410 2154 555 2218 idem
585 2154 776 2227 itaque
791 2166 874 2212 est
915 2154 1054 2225 quod
1086 2166 1202 2207 sunt
1231 2156 1370 2228 nobis
1396 2155 1604 2225 cogniti.
1642 2157 1712 2228 At
1737 2157 1790 2208 in
1820 2161 1997 2228 cogni-

410 2233 599 2286 tionem
623 2226 749 2284 etin
769 2228 1002 2282 notitiam
1027 2226 1240 2296 perferri
1263 2226 1418 2294 plane
1440 2241 1600 2280 unum
1628 2226 2002 2295 idemque—est.

410 2303 669 2359 Novimus
708 2299 959 2369 quidem,
1013 2296 1307 2369 Arnobinm
1351 2299 1649 2369 saepissime
1680 2299 1804 2351 talia
1847 2301 2006 2354 verba

410 2375 554 2429 idem
587 2367 939 2441 signiﬁcantia
970 2367 1316 2441 conjungere.
1346 2368 1451 2441 Sed
1486 2369 1587 2441 hoc
1618 2369 1733 2422 loco
1753 2409 1767 2434 ,
1805 2369 1848 2422 si
1880 2371 2006 2438 quid

411 2447 573 2498 video
597 2485 612 2509 ,
642 2439 824 2495 Verba
866 2445 919 2493 in
958 2455 1105 2492 usuin
1135 2439 1411 2510 aliquando
1452 2440 1782 2510 notitiamque
1828 2443 2011 2510 perlati

413 2515 701 2570 manifeste
746 2511 1001 2579 disjungit
1039 2525 1068 2562 a
1125 2509 1551 2577 preci-edentibus
1598 2511 1649 2562 in
1701 2509 2008 2581 cognitione.

413 2583 752 2642 Stewccuius
797 2581 1078 2651 legendum
1117 2581 1421 2648 sustiicatur
1451 2596 1466 2637 :
1495 2598 1562 2633 an
1593 2591 1708 2634 sunt
1739 2585 1896 2648 aliqui
1928 2600 2014 2637 vo-

415 2657 494 2712 bis
522 2659 574 2710 in
608 2655 949 2724 cognitionem
976 2667 1128 2714 quam
1159 2652 1211 2703 in
1245 2668 1390 2724 usum
1427 2651 1757 2720 notitiamque
1789 2655 1975 2724 perlati
1997 2698 2010 2721 ,

416 2723 706 2798 suppressa
736 2726 852 2798 scil.
888 2724 1146 2798 particula
1179 2723 1320 2798 prius
1345 2764 1366 2798 ,_
1403 2739 1560 2793 quam
1599 2723 2012 2798 saepiusomitti

417 2792 755 2854 θὶίᾹιίιοΙήο
783 2837 797 2858 ,
830 2794 946 2864 ipse
972 2792 1309 2864 Stewecuins
1336 2792 1492 2848 docet
1525 2808 1685 2863 supra
1715 2796 1782 2849 ad
1813 2797 1905 2850 lib.
1939 2813 1972 2850 ιι
1993 2839 2005 2858 .

417 2885 539 2939 cap.
572 2870 637 2921 77
661 2908 676 2933 ,
708 2868 779 2939 ita
825 2863 882 2939 ut
930 2865 1186 2939 cognitio,
1239 2863 1339 2918 hoc
1370 2873 1466 2939 est
1493 2865 1647 2939 plena
1686 2877 1740 2919 et
1783 2868 2015 2936 perlecta

417 2936 645 2995 deorum
698 2937 962 2998 scientia,
1013 2936 1371 3004 distinguatur
1420 2937 1487 2988 ab
1532 2936 1755 2990 obscura
1809 2947 2012 2992 tantum

2180 1735 2399 1790 Devotas
2426 1744 2631 1797 mentes,
2663 1733 2802 1788 idem
2829 1732 2970 1804 quod
3001 1733 3134 1800 pias.
3167 1732 3466 1802 religiosas.
3495 1730 3574 1785 Ita
3608 1730 3743 1804 La-

2106 1812 2361 1871 ctantius,
2399 1808 2490 1860 lib.
2526 1821 2600 1860 vn
2627 1823 2639 1858 :
2671 1804 2819 1858 Hunc
2846 1802 3115 1874 sequamur
3142 1820 3333 1868 onmes,
3371 1804 3504 1856 hunc
3538 1802 3746 1857 audia-

2107 1897 2241 1946 mus,
2277 1879 2394 1931 Ituic
2425 1877 2745 1931 devotissime
2776 1892 3046 1943 pareamus
3067 1918 3082 1942 ,
3121 1882 3175 1929 et.
3217 1875 3489 1930 Juvencus
3511 1915 3528 1940 ,
3582 1875 3740 1930 Hist.

2108 1953 2336 2020 Evaug.,
2373 1949 2464 2004 lib.
2495 1965 2535 2014 ι,
2567 1963 2709 2001 vers.
2743 1947 2848 2002 407
2880 1965 2892 2000 :

2326 2065 2390 2114 Ut
2404 2066 2560 2127 justus
2582 2061 2692 2114 caeli
2722 2061 2984 2112 Dominum
3004 2061 3213 2111 devotus
3231 2060 3426 2112 adoret.

2115 2170 2215 2227 Ubi
2246 2169 2482 2236 Kmnig.,
2527 2182 2645 2237 pag.
2693 2165 2798 2224 80.
2833 2166 2918 2220 ed.
2968 2165 3226 2230 Reusch.,
3263 2176 3504 2220 nostrum
3547 2164 3740 2221 locum

2115 2243 2284 2296 citatis
2315 2243 2583 2301 observat,
2615 2239 2822 2290 devotus
2851 2253 2948 2306 pro
2978 2238 3094 2306 pius
3125 2252 3308 2291 vocem
3335 2252 3456 2291 esse
3485 2238 3738 2291 latinita-

2119 2313 2185 2367 tis
2210 2310 2608 2366 t-cclesiaSIicaa.
2651 2308 2856 2362 ORELL.

2195 2383 2262 2436 Et
2295 2398 2474 2435 manus
2498 2379 2845 2449 protendiinus
2869 2379 3145 2449 supplices.
3181 2379 3424 2434 Profecto
3449 2373 3738 2447 exis'timo,

2122 2454 2210 2509 hic
2237 2469 2356 2508 esse
2393 2453 2680 2521 glossema.
2730 2451 2998 2517 Quorsuut
3047 2452 3188 2518 enim
3239 2452 3536 2519 supplices?
3580 2451 3742 2506 Hauc

2121 2540 2305 2581 vocem
2339 2525 2533 2591 adjecit
2560 2524 2774 2592 aliquis,
2809 2539 2993 2592 quam,
3020 2526 3159 2575 unde
3192 2522 3305 2575 lia-c
3333 2531 3517 2576 essent
3549 2532 3739 2577 trans-

2121 2595 2250 2662 lata,
2285 2610 2388 2649 non
2421 2591 2760 2663 intelligi-ret.
2791 2591 2983 2646 Milites
3013 2592 3174 2662 igitur
3202 2609 3362 2663 quum
3394 2594 3539 2646 citati
3571 2610 3739 2661 para-

2125 2675 2206 2720 tos
2245 2682 2304 2720 se
2333 2675 2672 2719 sacramento
2714 2665 2895 2717 dicere
2938 2663 3135 2717 vellent
3183 2663 3508 2730 ostendere,
3540 2679 3741 2719 manus

2125 2738 2436 2792 tendi-bant.
2472 2735 2604 2789 Hinc
2631 2738 2791 2805 igitur
2817 2734 3101 2804 legendum
3130 2737 3418 2791 existimo:
3447 2734 3510 2788 Et
3544 2752 3738 2789 manus

2125 2809 2493 2878 protendiinus.
2577 2809 2814 2860 llr-2mm.

2200 2878 2378 2948 Neque
2390 2892 2748 2946 aspernamur,
2767 2877 3444 2945 quocumqueinvitaveritis,
3469 2877 3734 2932 accedere.

2129 2949 2196 3004 Et
2228 2953 2328 3004 ltoc
2354 2966 2384 3004 a
2413 2949 2596 3003 militia
2630 2950 2872 3017 petitum.
2913 2948 3174 3003 .lurabant
3202 2950 3344 3003 enim
3378 2949 3609 3014 milites,
3639 2964 3733 3004 sc-

420 3009 847 3104 9.‘_’_'_9'“1'3fi'.‘3;
883 3007 1078 3104 ΒΞῖΞῖξ
1101 3007 1552 3104 ’ἐξυΚἭξθυῖῗὲεῬ
1583 3007 2012 3104 ίὶἕη¹1⁴ῗνὶ¹3ξ¹ξ¹ξηὲξ
2043 3009 2089 3073 C
2119 3034 2338 3104 εμιιιιϊξε
2360 3037 2426 3104 ,ξε
2455 3007 3025 3104 άυοεεέ.ίιιιοοιιιιιειυθ
3051 3019 3264 3073 (“lC-""1
3291 3031 3492 3104 θεξεηξ-
3529 3007 3734 3104 Dim;-

419 3081 576 3138 Curis
604 3080 852 3136 secundis
883 3081 1084 3132 malunt
1111 3079 1162 3131 in
1195 3079 1374 3146 visunt,
1402 3079 1561 3133 male.
1599 3077 1736 3133 Usus
1765 3091 1846 3134 est
1875 3081 2016 3135 idem

421 3153 565 3223 quod
597 3152 784 3206 cultus.
818 3150 1020 3223 OnELL.

496 3222 783 3294 Fingamus
823 3222 954 3276 enim
984 3236 1070 3294 vos
1116 3220 1236 3274 deos
1279 3220 1418 3294 mille
1449 3221 1726 3294 percolere.
1773 3221 2020 3292 Orpheos

423 3310 512 3365 ap.
546 3290 905 3365 TlieOpbilum
936 3332 951 3358 ,
982 3293 1162 3365 lib._m
1183 3333 1198 3356 ,
1323 3292 1666 3365 Autolycum,
1697 3293 1826 3347 deos
1853 3290 2023 3349 CCCLX

424 3360 730 3421 conﬁtetur.
756 3363 946 3427 Varro,
963 3361 1424 3434 ap._Tertu|lian.,
1446 3360 1705 3432 Apologet
1734 3405 1748 3428 ,
1767 3379 1887 3434 cap.
1908 3381 2020 3432 xiv,

427 3443 701 3492 trecentos
726 3434 888 3489 Joves
915 3437 1026 3487 sive
1054 3432 1342 3499 Jupiteres.
1387 3435 1769 3488 ILLHENHORS’I‘.

499 3506 678 3562 Potest
722 3514 775 3557 ut
816 3509 910 3557 hoc
949 3504 1190 3572 amplius.
1236 3501 1350 3555 Hoc
1376 3503 1597 3571 amplius
1625 3507 1744 3558 scil.
1781 3521 2022 3560 numero.

429 3579 604 3646 Supra
652 3577 744 3631 lib.
773 3591 808 3628 ιι
835 3617 847 3636 ,
881 3589 1001 3644 cap.
1040 3574 1131 3646 28.
1153 3583 1288 3646 ante
1311 3590 1473 3646 annos
1497 3575 1667 3644 plures
1688 3617 1702 3640 ,
1733 3577 1774 3629 si
1797 3578 1918 3632 velis
1942 3578 2026 3630 di-

427 3644 563 3712 cere,
594 3647 670 3701 vel
697 3646 952 3716 octoginta
974 3688 988 3712 ,
1034 3644 1236 3716 pellice
1261 3645 1486 3709 antplius
1508 3647 1640 3716 ,rubi
1677 3647 1854 3715 suppl.
1893 3658 2029 3703 tem-

433 3732 585 3789 pore.
625 3717 755 3772 Vide
781 3714 852 3789 de
885 3716 986 3770 hoc
1032 3714 1217 3783 Ellipsi
1253 3717 1438 3789 _Sauct.
1497 3714 1756 3783 Minerv.,
1787 3714 1900 3773 ’lib.
1935 3736 1987 3774 tv
2011 3761 2025 3785 ,

433 3785 554 3858 cap°
588 3789 653 3854 4,
685 3799 739 3842 et
779 3787 1114 3858 Bunemann.
1140 3826 1154 3847 ,
1200 3785 1266 3839 ad
1295 3786 1537 3841 Lactant.
1573 3790 1700 3843 lnst.
1731 3829 1746 3854 ,
1779 3789 1872 3843 lib.
1917 3807 1987 3846 vn
2013 3833 2025 3857 ,

432 3857 554 3930 cap.
587 3861 671 3920 l4.
703 3874 822 3928 pag.
855 3858 981 3914 951.
1014 3857 1217 3930 Onam.

510 3927 616 3986 Pro
647 3927 790 4003 ptttje
815 3929 1085 3983 consimili.
1121 3927 1176 3982 1d
1204 3937 1286 3982 est
1317 3942 1412 3997 pro
1439 3943 1544 3984 uno
1567 3944 1694 3984 vero
1714 3931 1844 3998 Deo,
1871 3947 2029 4003 quem

436 3998 686 4058 colimus.
716 3998 898 4055 Onam.

509 4073 599 4129 Vl.
621 4103 689 4113 --
721 4069 1056 4126 Sacramenta
1099 4069 1236 4123 nolle
1272 4071 1529 4140 suscipere
1572 4082 1893 4140 creterorum,
1928 4084 2032 4130 etc.

437 4145 576 4212 Apte
619 4144 782 4197 utitur
829 4144 993 4197 verbo
1039 4142 1263 4194 militiae.
1312 4140 1588 4210 Vegclitls,
1633 4144 1723 4196 lib.
1767 4162 1822 4206 ιι,
1875 4161 1926 4199 c.
1976 4147 2032 4210 3,

439 4215 710 4270 Festinant
749 4214 946 4266 militia:
983 4221 1303 4266 sacramenta
1332 4215 1612 4281 suscipere.
1656 4213 1860 4269 Gltissa)
1889 4236 1899 4268 :
1935 4216 2038 4271 Sa-

439 4298 753 4360 cramentunt
778 4313 850 4360 -ς-
874 4281 1018 4360 ὃρκρς
1062 4285 1445 4360 στρατινιιτικός.
1462 4284 1742 4360 “Eme-NII.
1760 4314 1844 4360 λι-
1862 4287 2036 4342 Ilcral-

441 4355 544 4410 dus
574 4365 720 4420 putat
744 4395 759 4418 ,
808 4353 1104 4408 Arnobium
1131 4353 1251 4406 'lioc
1280 4356 1396 4405 l0co
1427 4356 1666 4409 alludere
1706 4357 1771 4410 ad
1805 4375 2030 4421 morem,

2123 3093 2235 3167 sius
2277 3091 2570 3167 Halicarn.,
2621 3090 2712 3167 lib.
2764 3106 2828 3167 χι
2869 3109 2880 3142 :
2921 3091 2989 3167 ⁸0Δ
3026 3094 3396 3166 στρατιωτικὸς
3439 3089 3622 3167 ὅρκος,
3669 3089 3734 3146 ‘6»

2123 3163 2362 3245 ἁπὸξντων
2407 3163 2628 3245 μὰξιστα
2671 3160 2946 3245 ξμπεδῶσι.
2979 3160 3230 3245 ζΡωξὶαῐοι,
3273 3169 3383 3245 rei;
3419 3160 3736 3245 σέρηγοῖς

2125 3231 2639 3308 ᾀκολονθεῐνάελξήει.
2674 3231 2789 3288 ὅποι
2825 3233 2946 3288 ποτ’
2971 3231 3035 3308 ᾖν
3068 3231 3281 3308 ἄγωσιν.
3315 3233 3428 3288 Huc
3458 3231 3736 3288 a'tludebat

2126 3304 2398 3372 Horatius,
2429 3321 2465 3358 ιι
2490 3305 2590 3359 0d.
2627 3320 2756 3370 xvn,
2790 3319 2932 3359 vers.
2965 3303 2998 3360 9
3025 3315 3080 3359 et
3106 3303 3259 3374 Seqq.
3289 3321 3303 3357 :

2382 3455 2393 3468 .
2433 3455 2444 3466 .
2487 3456 2498 3467 .
2537 3457 2550 3468 .
2590 3453 2602 3466 .
2646 3457 2656 3467 .
2693 3417 2799 3468 Non
2824 3431 2920 3480 ego
2944 3417 3183 3480 perﬁdum

2375 3481 2491 3530 Dixi
2516 3489 2877 3530 sacramentum
2896 3481 3097 3537 ibimus,
3122 3481 3323 3540 ibimus,

2381 3543 2658 3606 Utcumque
2683 3541 2959 3606 pracedes.
2975 3555 3263 3604 supremum

2401 3666 2403 3668 η
2442 3605 2776 3668 Carperejter
2798 3605 3008 3654 comites
3024 3607 3201 3667 parati.

3388 3687 3606 3740 ﬂeam.

2206 3770 2499 3836 Saturnus;
2519 3771 2705 3841 inquit,
2730 3781 2776 3825 et
2795 3771 2984 3825 Janus.
3011 3769 3206 3842 Inquit,
3231 3770 3349 3842 scil.
3367 3773 3730 3839 adversarius,

2133 3860 2291 3915 quem
2317 3845 2415 3897 sibi
2447 3857 2664 3915 causam
2692 3841 3412 3915 gentiliuutageretingebat
3439 3842 3726 3898 Arnobius.

2136 3913 2268 3968 Vide
2299 3930 2459 3983 supra
2503 3914 2568 3966 ad
2615 3913 2708 3966 lib.
2741 3930 2792 3975 ι,
2823 3928 2942 3982 cap.
2973 3914 3006 3968 5
3031 3923 3086 3967 et
3111 3914 3181 3968 54
3206 3954 3219 3978 ,
3254 3916 3448 3982 quibus
3477 3915 3582 3970 hoc
3614 3917 3729 3970 loco

2133 3986 2334 4040 addere
2364 3985 2538 4049 liceat,
2568 4000 2686 4054 quae
2717 3999 2926 4038 mecum
2963 3984 3379 4038 communicavit
3409 3985 3489 4039 vir
3516 3988 3730 4040 amicis-

2135 4057 2304 4111 simus
2328 4056 2440 4110 .lac.
2473 4055 2780 4109 Oelisnerus
2805 4072 2816 4106 :
2847 4055 3059 4109 lleraltli
3088 4055 3548 4122 observationem,
3575 4058 3730 4119 inquit

2137 4143 2233 4196 pro
2260 4128 2514 4196 inquiunt,
2549 4136 2742 4194 praeter
2771 4125 2982 4180 Ernest.
3012 4127 3154 4180 Clav.
3184 4124 3297 4196 Cic.
3326 4126 3593 4182 illustrant
3621 4128 3730 4184 haec

2140 4195 2400 4252 Bentt-leti
2430 4197 2496 4250 ad
2528 4199 2734 4260 llorat.,
2763 4212 2801 4268 ι,
2832 4211 2995 4252 serm.
3029 4213 3100 4260 tv,
3133 4197 3200 4252 79
3227 4195 3447 4268 :rlnquit
3480 4211 3727 4266 perpetua

2139 4270 2306 4324 forma
2337 4281 2439 4322 est.
2473 4269 2559 4320 ubi
2589 4267 2788 4339 aliquid
2832 4283 2895 4322 ex
2925 4269 3153 4321 adverso
3179 4267 3333 4321 nobis
3361 4269 3522 4339 objici
3564 4282 3614 4323 et
3637 4285 3730 4339 ep-

2141 4341 2262 4408 poni
2293 4339 2562 4409 lingimns,
2592 4339 2705 4392 sive
2735 4338 2784 4391 id
2818 4339 2884 4392 ab
2915 4355 3020 4391 uno
3045 4381 3058 4401 ,
3093 4354 3189 4393 seu
3230 4338 3500 4408 pluribus.
3531 4340 3638 4394 sive
3659 4338 3728 4397 ab

888 4404 1088 4476 milites
1111 4465 1140 4496 ,_
1269 4404 1386 4477 lioc

2140 4404 2165 4491 ξι
2176 4404 2392 4496 Ιιξθιὶιιᾳξ
2404 4426 2496 4464 seu
2519 4425 2724 4496 praesen
2733 4418 2784 4463 te
2808 4411 2920 4496 liat.
2940 4409 3199 4491 Similiter
3197 4404 3294 4496 ’ρει
3312 4415 3394 4479 (ut
3408 4426 3564 4480 grate.
3580 4411 3722 4496 ῖησὶ)

441 4493 621 4552 cratos
650 4493 964 4566 ct’deVotos
991 4507 1049 4547 sc
1091 4493 1388 4558 discerent,
1430 4511 1547 4563 qua:
1578 4506 1718 4548 not:e
1744 4502 1894 4566 quasi
1927 4515 2042 4554 tne--

445 4567 717 4620 moracula
749 4565 993 4635 qua-dam
1040 4576 1191 4618 erant
1229 4567 1549 4619 sacranti-nti
1582 4565 1832 4622 militaris
1853 4610 1868 4634 ,
1901 4581 1956 4623 ut
1986 4572 2036 4623 in

444 4637 718 4708 mysteriis
759 4637 918 4690 etiam
954 4635 1580 4708 potaculisquibusda-n
1622 4637 1969 4707 signabtntur
1996 4642 2040 4695 oi

445 4705 754 4782 μεμνημέῖρι
775 4747 790 4769 ,
823 4705 1346 4782 quodhsphragitiglus
1371 4708 1600 4782 accipere
1641 4705 1762 4763 dicit
1801 4710 2040 4765 Pruden—

449 4775 576 4846 tius,
605 4775 657 4833 in
683 4775 936 4848 Martyﬁo
966 4775 1212 4832 Romani.
1244 4778 1350 4832 Sed
1383 4775 1502 4832 vide
1529 4794 1690 4850 supra
1710 4821 1724 4845 ,
1755 4782 1822 4835 ad
1856 4783 1945 4837 lib.
1976 4799 2035 4847 ιι,

445 4865 563 4920 cap.
599 4849 650 4906 5.
685 4852 885 4904 URELL.

521 4919 739 4976 Devotois
778 4919 957 4973 etenim
1000 4928 1205 4972 mentes.
1249 4919 1491 4986 Proprie.
1537 4921 1666 4974 Nam
1708 4923 2044 4978 devovebant

447 5006 510 5046 se
534 4994 750 5052 milites.
786 5005 952 5060 seque
981 5001 1124 5060 t0tos_
1151 4989 1458 5058 reipublicae
1488 5003 1578 5045 aut
1621 4993 1816 5047 Caesari
1853 5010 2043 5050 conse-

447 5061 692 5135 crabant.
750 5058 1280 5135 Vegetiustlurunt
1320 5069 1490 5114 autent
1531 5080 1622 5131 per
1663 5063 1828 5118 Deum
1868 5077 1914 5118 et
1953 5082 2044 5135 per

450 5133 708 5205 Christum
733 5141 778 5205 et
809 5149 899 5201 per
929 5130 1181 5205 Spiritum
1209 5129 1455 5205 Sanctum
1481 5173 1496 5197 ,
1532 5129 1582 5186 et
1615 5151 1702 5202 per
1728 5129 2042 5205 majestaiem

448 5202 773 5271 imperatoris
793 5244 806 5266 ,
849 5219 962 5270 qua:
985 5201 1260 5273 secundum
1299 5201 1462 5255 Deum
1489 5206 1658 5273 generi
1686 5201 1907 5259 Ituniuno
1934 5207 2044 5259 dili-

450 5274 615 5342 genda
645 5282 738 5330 est.
782 5283 831 5347 et
853 5275 1082 5324 colenda.
1122 5271 1259 5324 Nam
1299 5271 1592 5347 imperatori
1631 5293 1786 5343 quum
1829 5279 2045 5347 Augusti

452 5357 636 5415 nomen
662 5343 852 5411 accepit
880 5352 1136 5415 tamquam
1166 5346 1400 5408 praesenti
1426 5355 1470 5397 et
1498 5347 1748 5410 corporali
1786 5349 1889 5402 Deo
1911 5343 2045 5415 Titie-

452 5412 518 5465 lis
538 5423 609 5490 est
638 5413 1150 5490 priestandutlevotio
1171 5456 1196 5490 ,_
1232 5423 1291 5490 et
1307 5415 1674 5490 impendendus
1714 5412 1927 5490 pervigil
1965 5423 2045 5488 fa-

453 5482 696 5535 mulatus.
728 5486 904 5554 Quare
944 5484 1017 5536 illi
1059 5483 1198 5554 apud
1237 5486 1456 5540 Uionetu
1500 5487 1592 5540 lib.
1638 5482 1748 5543 ιλιι.
1789 5482 1874 5544 σοῖ
1906 5482 2046 5545 καθο-

454 5555 698 5626 σιώμεθα.
750 5553 881 5608 Nam
910 5553 1147 5607 devovere
1174 5563 1255 5609 est
1279 5559 1536 5613 καθοσιοῦν
1554 5598 1568 5623 ,
1616 5569 1672 5613 ut
1720 5571 1863 5614 recte
1892 5567 2046 5617 inter-

496 5636 735 5699 retantur
763 5635 973 5699 veteres
999 5627 1210 5699 glossre.
1245 5629 1556 5684 tirenum—
1583 5628 1736 5685 Conl.
1773 5631 1942 5699 Lips.,
1978 5633 2044 5687 ad

503 5697 626 5754 acit.
658 5699 797 5755 Ann.
831 5734 847 5764 ,
876 5694 914 5751 ι.
947 5710 1016 5751 xv
1039 5737 1054 5764 ,
1103 5710 1151 5750 c.
1183 5697 1270 5764 67,
1306 5715 1424 5772 pag.
1473 5701 1628 5759 1005.
1673 5702 1760 5759 ed.
1803 5694 2041 5761 Oberlin.

2139 4480 2415 4534 indelinite
2444 4482 2622 4548 posuit
2652 4481 2791 4534 idem
2841 4480 3091 4534 Horatius
3119 4497 3167 4546 ι,
3197 4479 3368 4550 Epist.
3401 4479 3483 4534 ω
3507 4523 3522 4542 ,
3550 4479 3658 4545 4³5).
3694 4479 3716 4534 ὁ

2140 4550 2358 4605 Frustra
2394 4553 2570 4618 itaque
2605 4550 2961 4605 sollicitaruut
3002 4551 3144 4605 hunc
3188 4554 3361 4606 locum
3405 4551 3553 4607 Fulv.
3584 4551 3728 4608 Ursi-

2141 4637 2240 4676 nus
2267 4634 2318 4677 et.
2344 4621 2428 4676 ιο.
2461 4620 2769 4677 Schem-rus
2798 4621 3269 4691 Argentoratensis
3300 4624 3352 4676 iu
3383 4623 3724 4678 Adversario-

2139 4709 2256 4766 rum
2301 4693 2438 4766 libro
2471 4694 2671 4766 inserto
2707 4691 2864 4766 Obss.
2912 4692 3132 4766 Misce”.
3167 4693 3324 4761 Crit.,
3360 4695 3465 4749 vol.
3495 4711 3570 4762 lx,
3609 4707 3717 4766 pag.

2141 4763 2266 4825 165,
2299 4763 2400 4831 legi
2432 4765 2676 4818 volentes
2701 4764 2954 4825 inquiunt.
2996 4763 3198 4818 OnsLL.

2213 4833 2548 4902 {Esculapius
2576 4846 2726 4903 atque
2766 4835 2858 4886 alii
2891 4844 3092 4905 genteri.
3138 4836 3210 4888 Ita
3252 4835 3591 4891 scribendum
3637 4852 3723 4905 pro

2141 4905 2232 4958 alii
2262 4915 2308 4958 et
2329 4907 2496 4958 caeteri
2525 4905 2611 4975 (ex
2633 4904 3009 4976 emendatione
3039 4905 3302 4976 Meursii).
3332 4907 3432 4959 Alii
3462 4909 3627 4961 centeri
3641 4904 3723 4962 est

2144 4976 2448 5031 Arnobiana
2479 4976 2702 5044 phrasis.
2757 4975 2895 5029 Infra
2918 4976 3029 5048 lib.
3061 4992 3112 5030 vr
3135 5017 3150 5041 ,
3182 4975 3301 5048 cap.
3335 4978 3396 5032 ll
3430 4995 3442 5028 :
3470 4977 3722 5047 διιπταςὴ-

2143 5063 2249 5105 nes.
2285 5047 2445 5110 talos,
2492 5048 2812 5118 membraque
2853 5047 2956 5100 alia
3003 5058 3184 5101 caetera
3209 5047 3262 5119 ei
3287 5050 3512 5119 lignum,
3543 5050 3722 5115 lapides

2143 5129 2293 5187 atque
2321 5134 2455 5181 ossa,
2489 5134 2665 5188 resque
2688 5119 3080 5190 aliascazteras,
3111 5118 3290 5188 quibus
3325 5118 3471 5190 signa
3498 5133 3722 5174 consueta

2145 5199 2283 5251 sunt,
2311 5200 2358 5242 et
2389 5192 2652 5242 numinum
2676 5189 2951 5243 simulacra
2977 5200 3228 5242 constare.
3261 5189 3716 5246 Imaum—Cani.

2145 5260 2511 5329 Oudendorp,
2542 5259 2608 5313 ad
2654 5261 2891 5330 Apulei.,
2931 5259 3052 5314 Met.
3089 5276 3157 5314 vu
3184 5302 3197 5324 ,
3233 5276 3352 5330 pag.
3397 5264 3524 5316 489.
3561 5261 3721 5318 Edttio

2146 5330 2316 5454 Lugd.
2349 5331 2462 5384 But.
2498 5332 2654 5385 habet
2682 5329 3058 5398 :izﬁsculapius
3087 5341 3132 5384 et
3158 5329 3347 5384 caueri.
3390 5333 3590 5387 OBELL.

2248 5399 2602 5454 'onﬁnaeretis.
2663 5416 2756 5454 ιιι-υ
2795 5403 3190 5454 conlinxissetis.
3236 5403 3307 5454 De
3359 5406 3456 5454 bac
3490 5406 3590 5454 Eua

2248 5399 2602 5468 Ionﬁngeretis,
2663 5416 2756 5468 pro
2795 5403 3190 5474 conﬁnxissetis.
3236 5403 3307 5457 De
3359 5406 3456 5457 bac
3490 5404 3721 5474 Enallage

2148 5473 2499 5538 scriptoribus
2527 5474 2641 5524 istis
2670 5475 2860 5525 usitata
2882 5483 3038 5526 antea
3063 5473 3395 5528 dicebamus.
3424 5473 3719 5530 Ηειυιιιυμὲ-

2150 5542 2282 5596 Vide
2311 5557 2471 5610 supra
2500 5541 2567 5594 ad
2601 5541 2692 5595 lib.
2721 5557 2758 5602 ι,
2792 5559 2909 5613 cap.
2943 5543 3033 5599 54.
3075 5546 3278 5599 Οιιειι..

2223 5633 2351 5708 Quia
2389 5649 2492 5708 non
2536 5633 2687 5687 modo
2718 5634 2926 5708 illorum
2968 5635 3258 5708 polluerent
3281 5637 3610 5708 dignitatem,
3646 5638 3719 5692 sed

2149 5704 2358 5760 minime
2381 5704 2497 5759 illos
2536 5721 2645 5763 esse
2670 5704 2998 5775 qualitatibus
3033 5704 3418 5781 comprobarent
3460 5710 3714 5781 adjuncta.
