3974 6068
425 298 524 353 9M

1490 288 1766 345 ABNOBII
1806 281 2176 342 ADVERSUS
2217 280 2490 338 GENTES

3617 278 3731 335 95‘!

422 414 612 468 Iiorum
642 425 853 472 semper
881 410 931 464 in
959 406 1301 478 expeditione
1324 413 1555 475 paratas.
1589 407 1746 471 Avet,
1772 405 2013 474 inquam,
2045 405 2098 464 Α
2121 413 2256 454 nova
2285 412 2512 469 qumque
2536 395 2776 468 quotidie
2799 404 3032 462 struere,
3061 393 3257 465 quibus
3289 391 3471 449 ulcisci
3507 407 3567 450 se
3595 409 3731 466 pos-

424 504 609 558 videre
634 503 762 556 deas
790 500 1058 570 gravidas,
1091 500 1218 552 deas
1240 497 1420 563 fcetas,
1447 497 1901 567 gliscentihusque
1926 510 2018 564 per

422 597 540 650 dies
561 595 694 648 alvis
714 593 950 648 intestini
982 591 1235 662 ponderis
1263 591 1573 644 morositate
1600 587 1861 652 cunctari,
1895 602 2018 656 par-

420 688 588 742 turire
619 686 752 740 alias
775 694 944 739 tractu
977 685 1159 746 longo,
1191 691 1245 737 et
1275 697 1466 736 manus
1507 679 1846 734 obstetricias
1873 691 2020 748 quae-

421 794 586 835 rere:
643 777 762 832 illas
813 777 933 832 telis
973 775 1256 846 gravibus,
1304 785 1357 827 et
1385 773 1630 828 dolorum
1682 771 2019 825 acuminibus

423 871 558 926 fixas
603 870 806 940 cjulare
833 911 846 933 ,
903 868 1091 922 tortari
1121 876 1177 922 et
1208 868 1346 920 inter
1372 865 1488 918 haec
1519 864 1696 918 omnia
1748 863 2020 932 suppetias

421 963 650 1019 Junonis
693 961 979 1030 implorare
1009 959 1244 1014 Lucinae.
1288 957 1478 1012 Nonne
1519 956 1685 1009 multo
1715 963 1798 1009 est
1827 953 2023 1008 rectius

423 1055 747 1111 maledicere
771 1053 1086 1118 conviciari,
1106 1064 1267 1123 atque
1288 1051 1390 1105 alia
1416 1052 1660 1120 ingerere
1682 1049 1781 1102 diis
1805 1047 2020 1118 probra,

422 1163 580 1217 quam
609 1150 829 1202 obtentu
866 1156 888 1182 τι
921 1147 1006 1215 pio
1041 1145 1162 1199 talia
1191 1144 1258 1199 de
1290 1144 1374 1198 his
1413 1150 1649 1197 monstra
1705 1141 2020 1210 opinionum

424 1240 737 1304 indignitate
767 1236 1132 1307 prmsumere?

497 1329 588 1384 XI.
620 1329 685 1383 Et
712 1329 918 1384 audetis
947 1327 1254 1382 adscribere
1282 1340 1495 1380 causam
1525 1324 1680 1379 nobis
1710 1322 2022 1378 offensionis

424 1423 688 1487 deorum,
719 1438 836 1476 cum
864 1463 878 1485 ,
910 1423 952 1475 si
980 1421 1239 1490 judicatio
1286 1419 1374 1474 ﬁat
1400 1461 1414 1485 ,
1469 1418 1765 1472 certissima
1795 1417 1845 1470 in
1872 1415 2022 1470 vobis

425 1515 722 1585 reperiatur
750 1514 866 1568 lucc
890 1529 1031 1576 esse,
1065 1528 1165 1568 nec
1192 1515 1245 1566 in
1267 1510 1616 1573 contumelia,
1643 1524 1803 1578 quam
1835 1509 2024 1576 Opina-

425 1609 578 1670 mini,
614 1616 778 1662 stare.
809 1606 940 1661 Nam
965 1608 1009 1661 si
1039 1607 1134 1668 dii,
1167 1615 1225 1660 ut
1252 1605 1458 1669 dicitis,
1492 1604 1800 1658 afﬁciuntur
1828 1603 1928 1667 ira,
1971 1609 2027 1657 et

425 1702 726 1755 animorum
776 1700 1232 1770 iudignatiooibus
1261 1699 1594 1754 incalescunt
1629 1717 1640 1751 :
1673 1714 1770 1752 cur
1797 1711 1892 1753 eos
1920 1712 2026 1752 non

426 1805 675 1864 putemus
701 1808 844 1864 :egre
870 1803 1029 1863 atque
1056 1793 1319 1846 acerrime
1344 1792 1614 1845 sustinere
1645 1831 1660 1854 ,
1707 1789 1820 1844 dari
1866 1789 1968 1844 sibi
1997 1804 2026 1843 a

425 1886 582 1941 vobis
609 1901 770 1940 sexus
795 1927 810 1951 ,
854 1885 1050 1954 quibus
1078 1899 1240 1938 canes
1265 1883 1515 1953 porcique
1540 1882 1748 1936 formati
1783 1881 1946 1936 sunt?
1972 1892 2024 1938 et

425 1992 548 2032 cum
580 1978 648 2032 ita
675 1977 934 2040 credatis,
970 1991 1074 2030 non
1101 1975 1257 2031 aliter
1283 1990 1341 2030 se
1377 1974 1532 2045 tingi,
1571 1984 1624 2029 et
1663 1973 2025 2045 ignominiosa

427 2085 549 2125 cum
603 2070 964 2124 ostentatione
1014 2067 1280 2138 proponi?
1327 2067 1468 2137 Ergo
1508 2082 1628 2122 cum
1657 2068 1772 2122 haec
1803 2067 1872 2121 ita
1896 2067 2025 2131 sint,

426 2163 764 2218 miseriarum
793 2163 1034 2217 omnium
1061 2176 1221 2216 caiisa
1249 2176 1346 2215 vos
1365 2162 1518 2226 estis,
1544 2176 1641 2215 vos
1672 2161 1803 2215 deos
1832 2161 2026 2231 impel-

428 2256 559 2321 litis,
589 2270 685 2310 vos
707 2255 954 2310 excitatis
983 2254 1239 2310 infestare
1286 2253 1536 2310 omnibus
1561 2254 1714 2308 malis
1750 2262 1942 2316 terras,
1975 2261 2030 2306 et
2078 2320 2082 2327 ι

2127 492 2236 547 sint
2255 501 2332 546 tot
2351 505 2378 544 a
2402 489 2555 544 vobis
2579 488 2791 558 injuriis
2813 497 2868 543 et
2891 485 3360 542 maledictionibus
3385 485 3729 556 exasperati:

2129 583 2612 648 Maledictionibus,
2647 582 2886 652 inquam,
2918 589 2969 636 et
3005 579 3234 649 injuriis,
3262 594 3396 648 quas
3419 579 3616 649 partim
3645 577 3731 632 fa-

2129 675 2272 731 bulis
2297 676 2563 744 turpibus,
2597 675 2796 746 partim
2825 673 3168 744 opinionibus
3199 672 3467 728 indecoris
3495 669 3546 736 ι’,
3594 685 3732 742 quas

2127 766 2290 820 vestri
2323 765 2592 834 theologi,
2627 781 2757 836 quas
2787 775 2995 836 poetae,
3045 779 3180 836 quas
3229 763 3329 834 ipsi
3374 779 3470 818 vos
3510 778 3729 834 quoque

2125 857 2498 929 ignominiosis
2526 857 2810 912 celebratis
2841 857 2891 911 in
2920 856 3112 911 ritibus
3133 896 3148 919 ,
3183 870 3272 912 res
3297 855 3534 926 perditas
3570 855 3732 910 inve-

2127 953 2288 1007 nietis
2328 955 2590 1006 humanas
2616 992 2631 1014 .
2672 962 2727 1006 et
2755 950 3020 1021 abiecisse
3048 951 3260 1006 clavum
3289 949 3453 1016 deos;
3489 950 3534 1005 si
3567 948 3734 1008 modo

2126 1042 2340 1098 illorum
2369 1057 2549 1097 curam
2594 1052 2800 1113 Spectat
2824 1085 2839 1110 ,
2893 1043 3198 1097 mortalium
3224 1057 3413 1113 regere
3441 1054 3602 1112 atque
3631 1045 3732 1098 ad-

2129 1136 2434 1192 ministrare
2461 1135 2723 1196 fortunas.
2757 1135 2889 1189 Nam
2919 1134 3075 1189 nobis
3104 1133 3321 1204 quidem
3352 1149 3450 1189 cur
3474 1134 3723 1190 irascan~

2130 1237 2236 1290 tur,
2270 1243 2375 1283 non
2408 1227 2606 1283 habent
2636 1245 2649 1281 :
2687 1242 2822 1298 quos
2852 1227 3033 1282 vident
3061 1237 3114 1282 et
3141 1227 3410 1293 sentiunt,
3441 1241 3616 1297 neque
3662 1241 3728 1282 se

2127 1321 2306 1377 colere
2324 1361 2339 1386 ,
2370 1335 2546 1391 neque
2575 1320 2823 1376 deridere
2845 1361 2861 1388 ,
2889 1319 3032 1390 quod
3064 1319 3260 1375 dicitur
3281 1361 3296 1385 ,
3345 1328 3401 1375 et
3451 1319 3736 1374 honestius

2127 1430 2285 1485 quam
2313 1429 2407 1469 vos
2437 1414 2606 1469 multo
2634 1413 2701 1468 de
2729 1414 2809 1468 sui
2837 1413 3072 1468 nominis
3101 1411 3364 1484 dignitate
3387 1412 3733 1480 existimem,

2128 1507 2366 1562 credere.

2203 1600 2318 1655 ΧΠ.
2362 1601 2438 1656 De
2459 1613 2592 1654 sexu
2636 1598 2915 1654 hactenus.
2946 1597 3098 1654 Nunc
3137 1597 3204 1653 ad
3244 1596 3481 1668 speciem
3535 1596 3724 1651 venia-

2134 1708 2252 1748 mus
2279 1702 2332 1748 et
2358 1691 2591 1758 formas,
2632 1690 2827 1761 quibus
2858 1703 2980 1745 esse
3007 1689 3313 1760 descriptos
3339 1687 3471 1744 deos
3501 1703 3738 1759 superos

2134 1783 2392 1840 creditis:
2425 1782 2618 1854 quibus
2647 1783 2810 1837 immo
2855 1780 3097 1836 formatis
3135 1789 3190 1836 et
3238 1780 3569 1849 templorum
3615 1791 3736 1834 am-

2061 1855 2107 1914 Β
2135 1875 2392 1947 plissimis
2433 1873 2711 1929 collocatis
2751 1872 2803 1927 in
2834 1872 3074 1928 sedibus.
3112 1869 3296 1941 Neque
3320 1870 3605 1940 quisquam
3643 1869 3736 1939 ju-

2134 1967 2312 2022 daicas
2353 1966 2405 2019 in
2435 1965 2537 2020 hoc
2569 1965 2687 2018 loco
2731 1963 2887 2019 nobis
2916 1971 3154 2033 opponat
3191 1971 3244 2017 et
3291 1960 3525 2016 saducaei
3552 1975 3725 2032 gene-

2136 2061 2211 2116 ris
2240 2057 2478 2124 fabulas,
2513 2065 2784 2128 tamquam
2820 2054 3021 2110 formas
3050 2055 3346 2109 tribuamus
3376 2063 3430 2109 et
3459 2067 3559 2108 nos
3580 2056 3694 2108 Deo
3722 2072 3736 2108 :

2137 2152 2240 2208 hoc
2267 2153 2411 2207 enim
2444 2157 2662 2220 putatur
2693 2149 2744 2202 in
2775 2163 2963 2203 eorum
3008 2147 3202 2203 litteris
3239 2146 3375 2212 dici,
3407 2156 3462 2200 ct
3492 2147 3653 2202 veluti
3675 2161 3738 2201 re

2137 2258 2304 2313 certa,
2329 2256 2488 2315 atque
2507 2244 2826 2300 auctoritate
2849 2241 3055 2298 ﬁrmari
3079 2261 3093 2296 :
3123 2256 3246 2313 qua:
3265 2249 3358 2297 aut
3385 2239 3521 2296 nihil
3547 2240 3614 2297 ad
3636 2254 3741 2296 nos

1666 2367 2048 2425 LECTIONES
2088 2359 2504 2420 VARIANTES.

492 2468 518 2495 α
554 2468 707 2526 Quam
729 2475 780 2516 ut
803 2467 1026 2523 obtenta,
1051 2479 1140 2516 ms.
1164 2463 1305 2515 male.

2194 2454 2225 2493 δ
2260 2455 2530 2505 Indecorus
2544 2467 2635 2504 ms.

1787 2539 2348 2603 COMMENTARIUS.

431 2664 552 2720 pag.
590 2647 715 2710 448,
749 2647 834 2720 ed.
884 2646 1101 2720 Graevii.
1146 2643 1268 2720 Fuit
1315 2644 1430 2720 haec
1469 2641 2021 2720 honesta__expres_sio

431 2713 728 2785 reiturpis.
761 2718 834 2771 Ita
869 2719 1006 2787 apud
1045 2717 1262 2771 Latinos
1295 2734 1305 2768 :
1345 2714 1467 2768 Haec
1493 2715 1672 2776 multa,
1701 2715 1794 2787 illa
1838 2713 2018 2787 multa,

432 2792 513 2845 hae
540 2784 853 2849 resmultte;
881 2784 1018 2850 apud
1042 2789 1260 2843 (ira-cos
1295 2805 1307 2841 :
1331 2788 1498 2842 πάντα
1524 2791 1706 2851 ταῦτα,
1737 2784 1805 2838 de
1831 2786 2016 2854 volup-

434 2863 630 2915 tatibus
649 2860 890 2918 nefariis.
909 2869 958 2913 el
977 2859 1202 2913 Veneris
1226 2856 1513 2912 ltulo.Vide
1533 2857 1774 2918 llerald.,
1793 2854 1859 2908 ad
1881 2855 2021 2909 hunc

429 2933 630 2990 locum.
677 2931 936 2986 Similiter
988 2929 1296 2985 Wielandus
1333 2928 1397 2982 V.
1431 2925 1540 2993 Cl.,
1589 2927 1639 2981 in
1685 2927 2020 2980 vcrsionibus

433 3005 546 3058 suis
577 3004 720 3062 talia.
754 3019 870 3065 qua-
907 3001 1128 3054 honeste
1155 2999 1305 3053 effari
1329 2998 1496 3063 nefas,
1526 2999 1702 3054 verbis
1729 2998 2019 3052 circumlo-

434 3076 617 3144 quitur
649 3092 659 3125 :
699 3073 823 3126 Was
850 3073 930 3125 iltr
958 3074 1085 3126 wist.
1117 3069 1322 3144 OnELL.

509 3143 821 3198 Prteliorum
868 3144 922 3196 in
968 3143 1284 3215 expeditione
1315 3141 1811 3215 _par_atas.__Pr:elia
1867 3155 2031 3195 sensu

437 3222 575 3286 turpi
607 3216 674 3270 de
703 3229 997 3286 congressu
1026 3211 1276 3268 venereo.
1311 3212 1386 3266 lta
1416 3211 1690 3282 Virgilius,
1725 3211 1923 3282 Georg.
1951 3227 2028 3278 ιιι,

436 3287 507 3343 98
531 3285 600 3342 de
627 3302 766 3358 equo
788 3285 1034 3341 confecto
1065 3303 1078 3339 :

987 3439 996 3447 .
1065 3399 1116 3448 Si
1139 3398 1334 3462 quando
1353 3399 1410 3448 ad
1434 3397 1599 3462 praelia
1615 3404 1815 3448 ventum
1843 3405 1937 3446 est.

439 3506 526 3561 ubi
573 3507 681 3560 vid.
729 3506 913 3574 Heyne
958 3504 1014 3554 V.
1046 3503 1102 3558 S.
1136 3502 1664 3574 etiAuson._Popm.
1705 3502 1773 3556 ad
1798 3501 2026 3558 Varron.

438 3577 745 3647 Fragment.
782 3572 1055 3647 p_ag.r527,
1079 3575 1167 3628 ed.
1194 3573 1402 3647 Bipont.
1429 3572 1636 3647 paup.

513 3642 754 3700 Intestini
783 3642 1023 3712 ponderis
1066 3645 1378 3698 morositate.
1419 3642 1724 3696 lntestinum
1755 3645 1951 3712 pondus
1981 3644 2033 3700 id

439 3719 582 3788 quod
629 3720 757 3770 uteri
793 3719 1014 3774 carsina.
1048 3714 1510 3788 ap.iTert_u_lliau.,
1544 3714 1638 3788 lib.
1672 3732 1711 3780 ι,
1740 3717 1804 3788 ad
1838 3715 2031 3788 Uxor,,

439 3785 558 3854 cap.
592 3789 644 3843 5.
679 3789 954 3842 Morositas
1000 3789 1100 3839 hoc
1147 3787 1263 3840 loco
1292 3785 1428 3839 idem
1479 3787 1621 3854 quod
1673 3785 1920 3840 molestia
1948 3787 2034 3842 vel

440 3861 611 3913 active
651 3860 790 3928 quod
826 3873 1066 3912 morosas
1109 3856 1235 3910 facit
1265 3857 1514 3923 gravidas
1545 3872 1558 3908 :
1591 3872 1696 3924 quo
1725 3873 1897 3928 sensu
1933 3857 2034 3914 hoc

439 3926 756 3986 vocabulum
779 3929 904 3983 alihi
939 3944 1022 3982 me
1051 3928 1246 3998 legisse
1275 3929 1412 3980 haud
1445 3928 1682 3980 memini.
1712 3926 1916 3983 ORELL.

513 4003 642 4056 Aliis
689 4002 798 4054 telis
841 3998 1372 4069 gravibus.....ﬁxas.
1428 3998 1766 4053 Stewecbius
1817 4001 2035 4068 conjicit

440 4075 600 4135 tricis,
634 4081 690 4124 ιιι
722 4068 854 4125 infra
880 4086 998 4136 cap.
1030 4071 1093 4123 ‘21
1135 4089 1148 4124 :
1176 4068 1414 4139 Difﬁciles
1443 4071 1831 4136 puerperiorum
1855 4077 2028 4125 tricas.

439 4147 512 4198 At
532 4144 605 4197 nil
632 4141 942 4197 mutandum
989 4141 1092 4195 hoc
1116 4142 1251 4195 loco.
1271 4141 1368 4193 Cui
1397 4157 1503 4194 non
1529 4153 1650 4194 nota
1681 4139 1779 4193 tela
1802 4140 2031 4208 Lucime,

439 4216 663 4288 χαλεπρν
701 4215 842 4288 βέλος
888 4213 1158 4273 Εἰλειθυίας
1205 4228 1236 4266 e
1285 4210 1593 4277 Theocrito,
1645 4211 1796 4282 ldyll.
1857 4228 2033 4278 xxv",

438 4285 582 4340 'v'ers.
608 4285 713 4338 28?
741 4285 940 4339 OnsLL.

514 4355 741 4409 Tartari.
781 4357 849 4408 lla
883 4355 969 4407 ed.
1003 4353 1171 4422 Lttgd.
1203 4354 1320 4407 Bat.
1353 4369 1384 4408 c
1416 4353 1722 4408 felicissima
1757 4352 1858 4406 Th.
1888 4351 2032 4408 Catt-

443 4427 542 4480 teri
589 4425 964 4479 emendatione
996 4439 1093 4493 pro
1139 4425 1339 4492 inepto,
1372 4424 1514 4494 quod
1545 4435 1699 4494 antea
1732 4423 2032 4494 legebatur,

442 4497 658 4550 hortari.
693 4496 802 4550 Vox
837 4495 1173 4558 Lucretiana,
1205 4494 1297 4548 lib.
1326 4493 1404 4560 tu,
1440 4510 1580 4550 vers.
1615 4493 1713 4548 661
1751 4511 1764 4546 :

567 4586 738 4636 Omnia
756 4588 855 4647 jam
880 4588 1088 4634 seorsim
1108 4599 1289 4635 cernes
1311 4588 1488 4636 amcisa
1507 4585 1699 4635 recenti

571 4648 784 4699 Voluere
809 4649 998 4706 tortari,
1026 4655 1077 4698 et
1097 4654 1280 4700 terram
1302 4661 1639 4711 conspergere
1657 4648 1788 4696 tabo.

445 4751 678 4808 Nonius:
700 4749 949 4804 Tortor...
971 4767 1062 4818 pro
1079 4760 1332 4820 torqueor.
1356 4750 1672 4821 Pomponius
1691 4753 1918 4806 Decuma
1936 4754 2041 4822 ful-

445 4823 577 4876 lonis
610 4838 628 4876 :
655 4823 718 4875 Et
760 4823 846 4874 ubi
874 4823 1051 4876 insilui
1072 4823 1125 4875 in
1153 4822 1432 4877 cocleatunt
1463 4823 1711 4892 eculeum,
1744 4824 1813 4877 ibi
1840 4824 2041 4878 tolutim

445 4903 623 4948 tortor.
655 4895 857 4948 Onam.

517 4965 792 5034 Suppetias
819 4963 1039 5018 Junonis
1083 4964 1358 5034 implorare
1385 4964 1607 5019 Lucintc-
1647 4967 1788 5020 Juno
1817 4965 2032 5031 Lucina,

443 5045 581 5089 tuam
610 5036 761 5103 ﬁdem
783 5037 804 5088 .'
826 5034 1004 5088 Plaut.
1035 5035 1240 5100 Aulul.,
1272 5037 1391 5089 Act.
1419 5053 1489 5102 Iv,
1521 5037 1924 5103 scen.vti,vers.
1951 5039 2034 5094 l0.

443 5106 581 5161 Vide
611 5107 765 5169 infra,
793 5121 910 5175 cap.
936 5105 1026 5160 21.
1060 5108 1261 5160 Uni-:LL.

516 5176 609 5230 Xl.
640 5207 710 5216 -—
750 5175 818 5230 Et
857 5178 1056 5230 audetis
1094 5176 1381 5230 adscribere
1423 5193 1629 5232 causam
1686 5179 1830 5233 nobis
1874 5177 2037 5244 offen-

443 5249 603 5302 sionis
656 5248 888 5315 deorum,
930 5264 1068 5310 cum,
1120 5249 1163 5301 si
1203 5248 1450 5313 iudicatio
1497 5251 1618 5317 ﬁat,
1655 5251 1932 5304 certissima
1981 5251 2036 5305 in

444 5319 583 5392 vobis
639 5321 922 5392 reperiatur
944 5319 1080 5392 _Ittec
1102 5335 1272 5392 esse,-
1307 5334 1396 5392 nec
1431 5321 1484 5373 in
1525 5323 1852 5386 contumelia,
1881 5337 2036 5392 quant

445 5390 729 5456 cpinamini
756 5399 908 5444 stare.
944 5390 1018 5443 Ita
1052 5390 1192 5444 edidi
1232 5400 1286 5444 et
1327 5390 1631 5459 iuterpunxi
1674 5410 1738 5447 ex
1779 5390 2035 5448 emenda-

444 5460 594 5512 tione
641 5462 938 5514 certissima
987 5460 1038 5514 J.
1089 5460 1442 5516 Freinshemii
1485 5463 1550 5516 ad
1600 5462 1767 5530 Flor.,
1823 5464 1913 5518 lib.
1956 5479 2029 5528 ιν,

446 5545 566 5598 cap.
591 5532 646 5588 ξι,
677 5546 793 5599 pag.
820 5533 956 5593 765,
986 5532 1071 5585 ed.
1107 5531 1320 5587 Dukeri.
1354 5532 1524 5587 Antea
1548 5533 1806 5589 edebatur
1836 5553 1846 5588 :
1881 5534 2031 5600 Cum,

443 5602 488 5656 si
504 5602 761 5672 judicatio
794 5603 883 5669 ﬁat
910 5603 1208 5664 certissima.
1237 5605 1288 5656 in
1309 5604 1444 5657 vobis
1469 5607 1750 5673 reperiatur
1777 5607 1882 5660 lucc
1903 5622 2029 5670 esse,

444 5683 489 5726 et
519 5673 572 5726 in
603 5673 932 5736 contumelia,
955 5687 1108 5740 quam
1137 5675 1420 5742 opinamini
1445 5685 1600 5730 stare.
1630 5675 1768 5732 Male
1799 5696 1810 5731 :
1842 5691 2032 5731 sensus

441 5745 586 5819 enim
614 5753 696 5819 est
729 5759 741 5795 :
775 5742 842 5802 In
882 5744 1054 5819 vobis,
1075 5744 1117 5795 si
1135 5745 1391 5814 judicatio
1434 5747 1547 5813 fiat,
1577 5751 1854 5819 certissima
1881 5763 2032 5819 rape}

438 5810 595 5868 rietur
623 5814 832 5870 deorum
870 5810 1106 5883 offensio,
1135 5810 1244 5869 non
1268 5810 1443 5868 autent
1462 5819 1518 5870 in
1533 5810 2027 5890 'conttnneliaettlre'.

2131 2637 2183 2690 id
2224 2644 2306 2690 est
2333 2634 2654 2698 consistere,
2695 2647 2849 2703 quam
2897 2629 3180 2703 apinamini
3221 2628 3339 2686 scil.
3375 2643 3402 2682 a
3448 2629 3604 2685 nobis
3635 2627 3743 2684 diis

2132 2708 2357 2761 illatam.
2389 2705 2596 2760 OBELL.
3408 2765 3432 2770 ﬂ

2205 2777 2371 2848 {Egre
2399 2788 2548 2846 atque
2576 2775 2823 2848 acerrime
2843 2774 3105 2828 sustinere.
3139 2769 3455 2848 Necessario
3481 2773 3738 2848 mendum

2128 2859 2245 2910 est;
2279 2843 2400 2902 nam
2427 2843 2673 2901 acerrime
2698 2847 2946 2900 sustinere
2968 2860 3065 2914 pro
3095 2859 3181 2909 eo,
3212 2843 3352 2913 quod
3375 2854 3454 2898 est
3487 2843 3742 2898 molestis-

2127 2923 2273 2984 sime,
2301 2919 2610 2973 Latinorum
2642 2933 2798 2972 nemo
2832 2931 3112 2983 umquam,
3139 2916 3238 2967 nisi
3272 2929 3356 2968 me
3382 2915 3597 2985 egregie
3625 2929 3743 2969 me-

2129 2991 2488 3067 moria_fallat,
2523 2989 2676 3067 divit.
2711 2987 2855 3067 Lego
2881 3004 2906 3067 τ.
2926 2985 3092 3067 gre
3115 2998 3264 3067 atque
3285 2989 3546 3067 aegerrime
3568 2987 3737 3067 susti-

2049 3059 2094 3122 C
2129 3079 2263 3115 nere.
2297 3061 2421 3115 lltec
2456 3061 2685 3130 genuina
2729 3056 2940 3128 phrasis
2970 3056 3192 3130 Arnobii
3221 3059 3411 3130 nostri.
3449 3056 3733 3130 Similiter,

2139 3133 2228 3188 lib.
2250 3148 2288 3186 ιι
2309 3150 2322 3187 :
2352 3127 2542 3199 Quibus
2563 3131 2683 3184 mali
2711 3145 2886 3185 sumus
2904 3141 2948 3182 et
2971 3128 3194 3195 pessimi,
3213 3127 3596 3199 cupiditatibus,
3620 3139 3733 3183 etc.

2137 3203 2207 3258 Et
2235 3198 2384 3272 smpe
2411 3203 2462 3256 in
2495 3202 2599 3256 hoc
2623 3217 2808 3270 Opere.
2843 3201 3072 3266 Menas,
3107 3213 3230 3272 pag.
3262 3198 3352 3272 89.

2211 3275 2272 3329 Si
2306 3268 2456 3327 modo
2493 3268 2699 3327 illorum
2725 3287 2899 3327 curam
2938 3280 3150 3340 spectat.
3181 3270 3256 3324 [ta
3283 3268 3370 3324 ed.
3400 3269 3568 3340 Lugd.
3601 3270 3726 3325 Bal.

2137 3345 2240 3398 Alii
2279 3364 2292 3399 :
2323 3344 2383 3399 Si
2414 3344 2562 3398 modo
2589 3343 2656 3396 ad
2702 3343 2911 3398 illorum
2949 3357 3125 3395 curant
3164 3349 3375 3412 spectat.
3407 3344 3474 3394 ad
3502 3358 3549 3395 e.
3583 3341 3726 3396 Cod.

2139 3431 2239 3470 ms.
2271 3415 2480 3471 addidit
2504 3415 2774 3470 Stewecb.
2805 3413 3008 3470 Οιιειι..

2211 3506 2486 3562 Honestius
2525 3523 2678 3578 quam
2703 3523 2789 3578 vos
2829 3505 3011 3578 multo_
3033 3504 3095 3556 de
3123 3503 3216 3578 ⁸[αἱ
3236 3505 3452 3559 nominis
3479 3505 3739 3576 dignitate

2137 3580 2459 3643 existimare,
2490 3573 2712 3633 credere.
2745 3577 2835 3633 Sic
2871 3575 2957 3631 ed.
2990 3573 3157 3645 Lugd.
3186 3575 3302 3629 Bal.
3343 3592 3406 3630 ex
3458 3573 3608 3632 more
3636 3579 3743 3633 Ar—

2139 3649 2284 3704 nobii
2314 3650 2559 3719 copulam
2579 3650 2875 3719 saepissime
2900 3646 3214 3719 omitteutis.
3239 3646 3374 3701 Cod.
3402 3663 3518 3719 ms.
3532 3648 3698 3704 habet
3725 3669 3740 3705 :

2143 3715 2451 3774 Existimare
2473 3737 2622 3788 quam
2647 3715 2868 3784 credere,
2894 3717 3035 3788 quod
3063 3715 3257 3770 frustra
3279 3728 3460 3773 tuetur
3499 3718 3746 3774 Stewec—

2139 3789 2278 3845 hius.
2307 3790 2559 3847 Gelenius
2579 3809 2594 3846 ζ
2612 3789 3005 3858 Atquecredere.
3032 3788 3134 3842 Alii
3159 3807 3171 3842 :
3197 3789 3263 3842 Et
3283 3791 3507 3843 credere.
3528 3790 3740 3846 OBELL.

2209 3881 2323 3936 ΧΠ.
2376 3913 2448 3922 -
2497 3881 2674 3950 Neque
2720 3883 2988 3953 quisquam
3053 3883 3304 3936 Iudaicus
3351 3885 3404 3935 in
3457 3883 3552 3936 hoc
3625 3884 3743 3937 loco

2137 3955 2280 4007 nobis
2308 3963 2533 4023 opponat
2583 3965 2628 4007 et
2669 3953 2948 4025 Saddnctet'
2975 3955 3172 4025 generis
3203 3953 3428 4022 fabulas,
3477 3965 3742 4025 tamquam

2138 4025 2356 4093 formam
2377 4025 2659 4078 tribuamus
2686 4034 2730 4078 et
2759 4041 2852 4077 nos
2887 4023 3014 4080 Deo.
3047 4025 3227 4080 Lectio
3250 4025 3386 4078 hooa
3418 4033 3493 4090 et,
3521 4035 3577 4078 ut
3599 4023 3742 4079 mihi

2139 4096 2355 4166 quidem
2383 4095 2613 4158 videtur,
2645 4109 2926 4166 perperam
2961 4107 3160 4151 mutata
3191 4113 3217 4148 a
3251 4096 3518 4166 Salmasio
3559 4096 3739 4150 eden-

2141 4177 2223 4220 te:
2256 4165 2538 4237 Tamquam
2571 4165 2764 4236 formas
2792 4168 3014 4222 tribuant
3041 4180 3189 4237 atque
3237 4183 3292 4220 os
3324 4165 3744 4223 Deo.’Genliles

2139 4239 2280 4292 enim
2303 4235 2642 4291 Christianos
2677 4252 2797 4290 cum
2834 4237 3033 4294 .ludzeis
3059 4235 3471 4302 confundentes,
3515 4238 3599 4291 vel
3639 4254 3742 4306 pro

2138 4307 2447 4362 Judaaorum
2505 4307 2757 4374 peculiari
2801 4309 3028 4378 quadam
3067 4316 3213 4365 secta
3248 4307 3527 4373 habentes,
3569 4311 3742 4364 multa

2139 4379 2271 4448 ipsis
2317 4379 2525 4433 crimini
2572 4380 2793 4444 dabant,
2839 4395 2958 4450 quac
3000 4382 3302 4450 judzeorum
3345 4379 3561 4448 quidem
3609 4394 3745 4447 pro—

2143 4451 2278 4519 pria,
2304 4459 2359 4504 at
2387 4467 2414 4502 a
2444 4451 2700 4519 religione
2726 4449 3016 4506 christiana
3045 4449 3370 4506 alienissima
3390 4450 3551 4513 fuere,
3581 4451 3742 4505 verbi

2146 4535 2303 4592 causa
2332 4521 2512 4575 odium
2543 4523 2757 4590 generis
2801 4521 3039 4577 humani.
3061 4522 3206 4577 ldem
3249 4522 3423 4592 itaque
3450 4520 3744 4592 audientes

2146 4590 2199 4663 in
2226 4591 2557 4663 judaicorum
2595 4593 2876 4647 doctorum
2903 4595 3115 4663 scriptis
3144 4590 3368 4647 formam
3395 4591 3742 4660 corporalem

2149 4662 2256 4735 Deo
2271 4662 2451 4735 tribui.
2468 4662 2836 4735 talesineptias
2847 4664 3162 4718 Christianis
3175 4665 3334 4718 etiam
3351 4663 3740 4735 impingebant.

2148 4734 2211 4786 Et
2232 4733 2671 4788 huuclocinoslri
2702 4733 2916 4789 sensum
2932 4749 3074 4798 esse,
3099 4735 3375 4804 sequentia
3406 4733 3564 4789 verba
3586 4751 3601 4786 :
3623 4751 3746 4802 quae

2143 4816 2232 4857 aut
2247 4805 2374 4858 nihil
2393 4805 2461 4857 ad
2484 4822 2575 4858 nos
2589 4807 2819 4867 attinent,
2836 4821 2925 4858 nec
2945 4821 3008 4860 ea:
3027 4805 3198 4876 aliqua
3216 4811 3447 4874 portione
3464 4805 3744 4875 quicquam

2144 4877 2327 4930 habent
2354 4891 2618 4930 commune
2639 4878 2916 4937 nobiscum,
2947 4887 3035 4929 aut
3062 4879 3105 4930 si
3131 4886 3268 4942 sunt,
3297 4887 3347 4928 ut
3370 4877 3616 4941 creditur,
3645 4893 3740 4930 so-

2142 4948 2234 5001 cia:
2273 4955 2404 5008 etc.,
2443 4948 2778 5014 apertissime
2821 4946 3113 5001 declarant.
3147 4947 3410 5001 Cteterum
3458 4946 3562 5001 hoc
3619 4948 3744 5002 loco

2141 5018 2409 5072 Arnobius
2437 5019 2603 5088 tangit
2626 5018 3008 5088 absurdissima
3031 5019 3116 5072 illa
3137 5026 3440 5073 commenta
3465 5017 3745 5073 Babhino-

2141 5104 2284 5156 rum,
2310 5087 2543 5143 formam
2567 5099 2728 5158 atque
2756 5103 2817 5143 os
2858 5087 3148 5143 humanum
3180 5098 3232 5141 et
3262 5103 3571 5142 mensuram
3598 5089 3744 5144 adeo

2139 5160 2472 5229 corporalem
2495 5160 2602 5214 Deo
2622 5160 3048 5225 attribncntium,
3085 5160 3151 5214 de
3180 5159 3377 5227 quibus
3408 5160 3658 5225 pluribus
3680 5175 3744 5214 a-

2137 5232 2232 5306 git‘
2243 5232 2375 5306 civis
2413 5231 2756 5306 doctissimus
2777 5231 2918 5306 ξνῡν
2945 5233 2995 5306 ἐγ
3015 5234 3174 5306 ἁγίρις
3196 5231 3370 5306 fleor.
3412 5229 3739 5306 Corrodius,

2140 5299 2192 5356 in
2220 5301 2358 5356 libro
2405 5302 2488 5356 cui
2535 5302 2743 5356 titulus:
2779 5299 3164 5356 Critischte'des
3186 5301 3519 5365 Cltitiasmus,
3551 5302 3666 5355 vol.
3694 5319 3734 5368 I,

2140 5387 2259 5443 pag.
2294 5372 2379 5436 79,
2415 5388 2529 5441 seq.
2557 5374 2618 5426 Et
2641 5374 2860 5427 omnino
2880 5372 3091 5427 videtur
3107 5372 3379 5426 Arnobius
3405 5372 3742 5429 Sadducaaos

2138 5446 2228 5513 qui
2260 5458 2472 5514 omnem
2518 5444 2860 5514 traditionem
2889 5455 3129 5498 veterum
3161 5443 3472 5512 rejiciebant
3505 5443 3744 5514 ideoque

2137 5514 2397 5569 increduli
2445 5513 2800 5580 habebantur,
2854 5514 3164 5569 confudisse
3211 5528 3334 5568 cum
3415 5514 3739 5570 Pharisaecis

2136 5586 2363 5658 aliisque
2382 5584 2691 5658 ludzrrtirtint
2736 5587 3004 5656 magistris
3045 5585 3225 5639 taliqu
3285 5584 3583 5640 fabularum
3603 5601 3738 5642 auc-

2137 5655 2363 5711 toribus.
2393 5655 2596 5710 OBELL.

2183 5745 2447 5820 .Etreluti
2471 5763 2525 5820 re
2543 5757 2701 5820 certa,
2734 5757 2836 5820 etc.
2863 5747 2940 5819 lta
2964 5747 3099 5805 Cod.
3128 5765 3236 5820 tua.
3255 5763 3414 5820 quam
3443 5747 3739 5820 lectionem

2133 5811 2313 5874 tuetur
2366 5811 2627 5875 Hera'ldus
2659 5811 2709 5875 in
2751 5812 2909 5876 Gtiris
2941 5813 3192 5877 secundis
3245 5811 3490 5890 i'ne'qtte
3543 5811 3733 5884 video;
