3974 6068
427 159 539 219 959

1526 158 1803 217 annos"
1860 139 2223 216 anvuuSus
2283 157 2557 216 esurus

3636 156 3767 216 96.

434 281 636 347 gmata,
684 271 831 348 quod
872 278 1144 329 mutorum
1191 272 1543 331 animantium
1590 273 1790 329 formas
1833 272 2030 329 divinis
2058 284 2109 341 Α
2137 281 2216 328 tes
2253 291 2266 326 :
2299 273 2570 343 iidemque
2596 288 2695 330 nos
2748 272 2944 331 vellent
2988 273 3133 331 cultu
3162 273 3343 346 aliquo
3369 273 3655 345 prosequi,
3691 278 3764 327 et

437 367 768 424 inseruerint
808 367 1010 432 causis,
1060 367 1388 439 easdemque
1417 367 1559 439 quod
1607 369 1818 438 species
1864 367 2035 422 multo

441 462 599 519 thure
623 460 910 532 accipiant,
931 471 986 517 et
1008 461 1219 532 reliquo
1239 462 1673 517 cmrimoniarum
1691 470 1879 533 paratu
1904 481 1915 514 :
1941 475 2037 515 vos

439 555 644 626 effigies
675 552 956 610 hominum
994 564 1264 627 tamquam
1309 555 1532 612 deorum
1581 555 1911 611 veneramini
1944 571 2039 624 po-

438 659 668 709 testates
693 670 707 705 :
728 665 830 707 nec
858 632 1019 722 pudet
1036 650 1119 705 ltis
1136 666 1229 707 ora
1249 651 1448 707 terreni
1465 651 1712 705 animalis
1735 649 2035 719 imponere:

442 745 645 803 erroris
695 744 852 810 alios,
884 753 939 801 et
962 745 1203 800 stultitia:
1246 745 1629 810 condemnare,
1674 752 1727 800 et
1750 744 1801 798 in
1837 743 2040 799 erroris

439 839 685 911 ejusdem
711 838 1062 895 similitudine
1087 854 1151 895 ac
1172 839 1303 894 vitio
1329 837 1683 910 deprehendi.

514 929 657 985 XVI.
692 929 800 985 Ni~i
830 930 969 985 forte
1002 929 1195 987 dicetis
1234 930 1366 986 alias
1408 931 1625 1001 quidem
1673 930 1849 984 inesse
1880 937 1907 965 ³
1937 927 2041 983 diis

445 1022 670 1087 formas,
700 1031 756 1079 et
787 1022 1028 1087 honoris,
1059 1032 1113 1079 et
1140 1022 1274 1078 dicis
1303 1038 1463 1079 causa
1490 1023 1698 1093 species
1726 1036 1823 1076 vos
1852 1021 1931 1086 eis
1952 1035 2043 1076 ac-

445 1113 875 1172 commodavisse
927 1115 1257 1180 mortalium,
1306 1115 1448 1186 quod
1497 1114 1714 1181 majoris
1754 1114 1923 1167 multo
1963 1122 2045 1168 est

448 1207 818 1273 contumeliae,
838 1221 997 1278 quam
1025 1208 1225 1263 erroris
1246 1206 1444 1277 aliquid
1469 1207 1800 1276 ignoratione
1828 1204 2043 1262 fecisse.

444 1298 579 1356 Nam
607 1300 652 1354 si
692 1314 790 1353 vos
819 1298 1123 1355 fateremiui
1150 1300 1225 1362 id,
1259 1299 1401 1366 quod
1432 1310 1613 1355 vestra
1652 1299 1887 1368 suspicio
1920 1312 2044 1353 cre-

447 1390 694 1460 didisset,
731 1391 1101 1448 formamentis
1127 1392 1437 1448 attribuisse
1465 1391 1684 1455 divinis,
1712 1391 1892 1446 minus
1931 1400 2047 1447 erat

448 1482 659 1554 injuriae
711 1494 1040 1554 praesumpta
1098 1484 1153 1539 in
1203 1484 1518 1556 opinatione
1571 1498 1843 1554 peccasse.
1893 1482 2047 1539 Nunc

448 1590 601 1643 vero,
652 1592 774 1632 cum
823 1577 966 1633 aliud
996 1577 1237 1641 creditis,
1270 1585 1326 1632 et
1349 1577 1491 1631 aliud
1522 1575 1740 1648 fingitis,
1773 1584 1829 1631 et
1871 1577 1922 1631 in
1953 1592 2046 1632 eos

2138 374 2435 419 statuarum
2468 366 2969 422 consecrationibus
2996 366 3296 434 honorare,
3327 375 3553 437 quantas
3579 364 3763 421 nobis

2140 453 2341 510 irarum
2374 457 2652 526 flammas,
2696 460 3119 530 indignationum
3159 475 3295 527 quos
3336 459 3573 514 turbines
3600 473 3757 512 con—

2139 550 2386 616 citarent,
2419 551 2461 606 si
2500 567 2719 607 suorum
2747 569 3038 624 corporum
3078 552 3281 608 formas
3312 564 3493 608 nostra
3541 554 3762 608 vellent

2142 653 2357 713 portare
2386 656 2546 716 atque
2574 646 2821 703 obtinere
2847 646 3177 702 simulacra?
3206 647 3468 714 Quantas,
3496 646 3759 714 inquam,

2144 737 2344 792 irarum
2391 737 2637 794 ﬂammas
2679 740 3071 810 suffunderem,
3120 740 3448 805 excitarent,
3498 737 3545 794 si
3589 738 3767 794 urbis

2143 830 2388 885 c0nditor
2419 833 2679 888 Romulus
2716 833 2923 888 asinina
2968 842 3138 889 staret
3168 833 3221 888 in
3255 832 3415 899 facie,
3448 832 3494 887 si
3522 841 3769 887 sanctus

2144 922 2439 994 Pompilius
2467 926 2519 979 in
2543 927 2755 995 canina,
2783 929 2826 983 si
2852 928 3069 998 porcina
3100 929 3200 983 sub
3230 928 3409 998 specie
3433 943 3627 983 nomen
3660 942 3775 984 es-

2146 1024 2231 1070 set
2271 1016 2525 1082 Catouis,
2577 1028 2671 1072 aut
2717 1019 2881 1074 Marci
2925 1020 3204 1075 Ciceronis
3254 1021 3611 1090 inscriptum?
3674 1020 3769 1076 ita

2147 1121 2276 1178 ergo
2303 1109 2649 1164 stoliditatem
2693 1121 2928 1167 vestram
2974 1128 3079 1167 non
3112 1111 3299 1178 rideri,
3344 1112 3391 1167 si
3422 1113 3619 1179 rident,
3655 1128 3771 1169 ve-

2147 1203 2276 1256 stris
2306 1203 2374 1258 ab
2397 1206 2706 1260 numinibus
2734 1207 2963 1261 retuim?
2991 1216 3101 1271 aut,
3126 1208 3381 1278 quoniam
3406 1208 3643 1262 censetis
3675 1206 3771 1262 af.

2151 1294 2235 1350 fici
2265 1312 2359 1352 eos
2403 1297 2513 1363 ira,
2554 1315 2658 1353 non
2710 1300 2967 1363 insanire.
3020 1315 3126 1356 non
3174 1300 3379 1366 furere,
3429 1316 3600 1372 neque
3650 1317 3767 1373 pro

2150 1389 2359 1460 injuriis
2383 1400 2438 1446 et
2462 1393 2803 1448 contumeliis
2852 1392 3013 1475 tantis
3066 1393 3236 1449 ultum
3260 1395 3341 1450 ire
3370 1408 3431 1450 se
3475 1395 3637 1461 velle,
3668 1394 3768 1464 ja-

2149 1484 2426 1556 cularique
2456 1489 2508 1540 in
2538 1502 2635 1542 vos
2661 1503 2722 1544 ea
2742 1530 2757 1556 ,
2787 1503 2906 1559 quae
2937 1488 3095 1544 dolor
3121 1499 3307 1544 suetus
3336 1499 3419 1543 est
3441 1488 3623 1557 jacere
3646 1531 3665 1557 ,
3703 1498 3768 1546 et

2149 1574 2463 1634 oll‘ensionis
2492 1579 2760 1635 acerbitas
2802 1582 3176 1637 comminisci?
3202 1582 3417 1651 Quanto
3463 1580 3636 1637 fuerat
3670 1597 3769 1639 re-

448 1669 581 1724 estis
604 1669 1003 1735 contumeliosi,
1031 1669 1226 1740 quibus
1251 1668 1302 1725 id
1320 1669 1608 1725 attribuitis
1628 1668 1770 1740 quod
1791 1682 1884 1725 eos
1910 1662 2042 1725 con-
2073 1683 2121 1742 Β
2147 1669 2286 1723 ctius
2312 1670 2720 1741 elephantorum
2754 1672 2839 1727 his
2864 1672 3089 1739 formas,
3133 1673 3538 1742 pantherarum,
3562 1682 3655 1727 aut
3688 1674 3763 1727 ti-

452 1760 679 1817 fltemini
710 1775 815 1815 non
857 1776 981 1818 esse
1013 1779 1028 1829 _:
1058 1771 1112 1818 et
1153 1761 1439 1833 irreligiosi
1484 1775 1605 1817 esse
1647 1762 2038 1828 monstramini,

446 1866 571 1909 cum
609 1852 660 1909 id
704 1852 939 1909 adoratis
981 1852 1123 1924 quod
1153 1852 1385 1922 ﬁngitis,
1438 1868 1545 1907 non
1576 1851 1720 1923 quod
1750 1853 1803 1907 in
1835 1868 1893 1909 re
1922 1867 2045 1909 esse

450 1946 675 2019 ipsaque
687 1948 743 2005 in
755 1948 980 2004 veritate
992 1955 1075 2003 est
1085 1946 1341 2003 censetis.
1358 1945 1414 2002 Si
1426 1946 1654 2011 aselluli,
1671 1961 1855 2012 canes,
1871 1947 2042 2018 porci,

448 2038 744 2097 humanum
768 2039 967 2112 aliquid
995 2050 1270 2111 saperent,
1301 2038 1643 2112 fingendique
1668 2039 1934 2095 haberent
1960 2054 2048 2094 ar-

2149 1761 2385 1833 gridum,
2412 1771 2711 1830 taurorum,
2736 1768 3109 1836 equorumque
3131 1764 3373 1820 donare?
3390 1764 3521 1820 Nam
3547 1764 3677 1836 quid
3706 1766 3761 1820 iu
3818 1750 3823 1753 Δ

2153 1852 2370 1910 homine
2392 1854 2670 1924 pulcitrum
2692 1864 2794 1922 est,
2824 1856 2948 1927 quid
2973 1871 3158 1927 qumso
3175 1856 3516 1921 admirabile,
3542 1858 3626 1911 vel
3659 1856 3767 1912 dc-

2152 1959 2374 2014 corum,
2401 1947 2503 2001 nisi
2528 1946 2670 2018 quod
2701 1957 2756 2004 et
2781 1948 2990 2004 clurino
3024 1964 3146 2005 cum
3185 1963 3378 2021 pecore
3414 1950 3599 2007 nescio
3622 1950 3756 2022 quis

2153 2052 2342 2095 auctor
2370 2041 2539 2097 voluit
2563 2057 2685 2099 esse
2714 2043 3036 2100 commune?

1729 2130 2105 2189 LEC'I'IONES
2140 2130 2549 2192 VARIANTES.

510 2226 538 2258 ⁸
570 2224 696 2278 Esse
719 2222 850 2279 alii:
874 2223 1053 2277 Fuisse
1086 2230 1198 2278 ms.‘

1775 2309 2344 2373 COMMENTARIUS.

453 2420 564 2464 ttno
609 2405 888 2464 Clemente
926 2404 1294 2470 Alexandrino
1336 2414 1587 2462 constare
1634 2413 1837 2476 potest.
1870 2405 1942 2461 At
1980 2406 2049 2462 de

460 2477 865 2535 humanioribus
888 2486 947 2534 et
969 2478 1332 2533 ﬂoridioribus
1358 2477 1553 2533 litteris
1579 2478 1853 2547 asperiora
1882 2478 2044 2533 etiam

458 2548 678 2605 fuerunt
717 2561 956 2605 veterum
998 2548 1429 2605 Christianorum
1468 2548 1690 2616 judicia.
1737 2547 2051 2618 Tragoedias

459 2622 604 2677 enim
631 2631 685 2676 et
709 2620 1022 2686 commdias,
1049 2620 1257 2690 aliaque
1282 2628 1475 2674 ctetera
1507 2629 1785 2690 poetarum
1814 2622 2013 2687 scripta
2035 2662 2049 2685 ,

458 2691 602 2761 quod
632 2706 693 2746 ea
725 2692 790 2747 ad
830 2691 1055 2747 solidam
1084 2689 1386 2746 doctrinam
1418 2691 1667 2746 conferre
1709 2689 1839 2744 nihil
1872 2691 2051 2745 existi-

463 2773 669 2833 marent
691 2804 705 2828 ,
738 2772 996 2833 pra-terea
1040 2763 1255 2816 lascivia
1291 2771 1347 2816 et
1386 2762 1717 2832 turpitudine
1748 2770 1959 2817 scatere
1988 2778 2051 2817 ac

2151 2424 2309 2487 supra
2341 2409 2588 2467 vidimus.
2622 2411 2776 2487 Fu‘lv.
2834 2413 3017 2471 Ursin.
3065 2416 3209 2487 conj.
3245 2415 3456 2487 :Quod
3498 2432 3685 2485 reapse
3707 2417 3767 2472 in

2150 2481 2360 2556 veritate
2386 2498 2495 2556 esse
2523 2485 2758 2551 censetis,
2806 2488 3065 2556 probante
3101 2481 3341 2543 Héraldo
3374 2487 3428 2543 in
3455 2481 3615 2543 Curis
3666 2503 3768 2545 se-

2152 2551 2363 2607 cundis.
2398 2553 2602 2608 (lusu.

2228 2621 2289 2677 Si
2328 2625 2585 2702 asellult',_
2615 2642 2786 2702 canes,
2833 2637 2938 2702 etc.
2988 2629 3116 2684 Haec
3156 2645 3409 2702 expressa
3459 2629 3771 2687 videnture

2153 2691 2504 2770 Xenophanis
2548 2691 2869 2770 Colaphonii
2916 2702 3184 2763 vorsibus,
3213 2691 3302 2767 qui
3332 2702 3581 2769 leguntur
3613 2702 3769 2770 apud

2153 2763 2414 2842 Clement.
2440 2767 2591 2821 Alex.
2609 2763 2890 2833 Stromat.,
2915 2771 3006 2825 lib.
3030 2787 3150 2842 v,p.
3170 2763 3298 2834 256,
3326 2763 3765 2838 et‘Tlteodor'eL,

464 2832 724 2913 fabulosus
746 2832 1071 2913 idololatria:
1100 2834 1522 2913 pro_mptna_r_i.um
1559 2833 2047 2913 esse_cred'e_rettt.,
2079 2851 2123 2913 ί]
2156 2847 2341 2890 contra
2372 2835 2615 2913 Crzneos,
2649 2850 2785 2894 orat.
2816 2832 2892 2909 ut,
2924 2858 2976 2911 p.
3020 2832 3114 2899 1.9:
3145 2832 3460 2899 Adscribam
3499 2843 3581 2897 hic.
3607 2832 3764 2909 illos,

461 2905 888 2973 aSperuabantur
910 2914 965 2960 et
991 2904 1336 2959 damnabant.
1378 2903 1512 2958 Hinc
1550 2903 1823 2958 existimat
1850 2904 2053 2958 Tertul-

464 2975 638 3029 lianus
668 2975 806 3031 libro
833 2976 900 3030 de
929 2976 1252 3031 idololatria.
1284 2974 1689 3045 ludimagistros
1728 2985 1777 3027 et
1824 2986 2052 3031 caeteros

463 3045 800 3118 professores
827 3047 1127 3102 litterarum
1157 3046 1330 3117 omnes
1356 3061 1462 3101 esse
1490 3046 1806 3100 multimoda:
1823 3046 2050 3118 idolola-

465 3117 610 3182 trite;
661 3118 840 3187 quibus
895 3119 1095 3173 necesse
1143 3128 1218 3172 est
1265 3118 1388 3171 deos
1437 3118 1700 3170 nationum
1749 3117 2047 3187 pratdt'carc,

463 3189 671 3243 nomina
695 3229 711 3255 ,
759 3188 1084 3261 gmealogius
1107 3229 1121 3253 ,
1167 3188 1371 3261 fabulas
1390 3230 1406 3252 ,
1423 3198 1750 3261 ornamenta
1769 3188 2052 3256 honoriﬁca

460 3274 672 3329 quisque
692 3258 867 3314 eorum
893 3258 1289 3314 enuntiare'ete.
1322 3261 1383 3329 ljlt
1412 3258 1672 3328 Origenes
1700 3259 1836 3313 libro
1864 3271 2051 3314 eontra

462 3327 679 3383 Celsum
722 3334 880 3386 tertio
918 3339 1106 3386 exerte
1133 3329 1227 3389 ait.
1259 3345 1288 3383 a
1313 3327 1632 3385 Christianis
1664 3329 1931 3399 magistris
1958 3345 2052 3385 eos

462 3400 760 3470 reprobari,
783 3402 871 3470 qui
891 3400 1183 3457 comoedias
1204 3411 1259 3455 et
1285 3400 1480 3454 lasciva
1508 3410 1751 3469 poemata
1776 3411 2049 3465 mtarrent,

465 3484 571 3525 non
599 3484 777 3526 autem
809 3486 925 3535 eos,
956 3473 1045 3540 qui
1076 3470 1270 3524 seriam
1305 3470 1718 3539 philosophiam.
1753 3470 1991 3525 "suam.

541 3542 711 3610 Quod'
742 3551 992 3595 mutorum
1021 3541 1356 3595 animantium
1378 3542 1556 3608 [armis
1604 3542 1785 3594 divinis
1825 3543 2055 3597 inserue-

462 3612 566 3666 rint
595 3613 781 3667 causis.
812 3611 1222 3667 Accomodatius
1260 3610 1478 3667 forsitan
1508 3612 1610 3682 legi
1645 3624 1826 3679 posset
1857 3631 1869 3665 :
1904 3612 2051 3668 Divi-

461 3684 542 3736 nis
566 3684 870 3737 inseruerint
902 3683 1150 3737 censibus.
1191 3682 1296 3739 Sed
1345 3682 1473 3737 nihil
1501 3692 1711 3737 mutare
1738 3685 1927 3737 ausim.
1963 3684 2055 3739 Di-

462 3754 594 3807 vina:
640 3769 815 3825 causa:
848 3754 1097 3825 videnlur
1142 3754 1196 3807 lt.
1242 3753 1280 3807 l.
1330 3754 1471 3809 idem
1516 3767 1638 3809 esse
1689 3754 1831 3825 quod
1870 3755 2055 3810 divinae

466 3833 756 3895 potestates.
781 3824 864 3878 die
894 3822 1286 3879 Gottermaclue.
1314 3828 1514 3879 ()BELL.

538 3894 858 3966 Easdentque
875 3900 1012 3967 quod
1025 3897 1216 3967 species
1241 3897 1402 3950 multo
1431 3897 1578 3951 thure
1593 3896 1867 3963 accipiant.
1886 3896 2051 3963 Infra,

464 3966 557 4022 lib.
613 3983 702 4031 vtt,
747 3982 797 4021 c.
844 3966 954 4021 22:
988 3967 1054 4021 Et
1080 3967 1217 4036 quod
1245 3969 1394 4022 tellus
1422 3980 1492 4021 est
1516 3977 1696 4032 mater,
1726 3969 2055 4023 consimiliter

463 4038 690 4111 grauidis
738 4040 1037 4107 accipienda
1075 4048 1148 4092 est
1192 4040 1389 4107 scroﬁs.
1422 4038 1496 4093 Ita
1523 4040 1664 4100 θεοὺς
1703 4038 2055 4111 ὑποδέχεσθαι

462 4108 637 4165 Graeci
663 4110 978 4179 frequenter
997 4110 1165 4164 aiunt.
1197 4110 1592 4175 Artemidorus,
1626 4110 1715 4163 lib.
1752 4126 1829 4166 ιιι.
1858 4108 1906 4163 εἰ.
1935 4112 2003 4166 14
2036 4128 2048 4164 :

462 4181 523 4257 φῖ
539 4183 638 4257 γᾴρ
667 4183 717 4236 ἐν
740 4184 1048 4257 περιστάσει
1068 4182 1318 4257 fluctuum
1346 4182 1527 4237 θύουσὶ
1568 4202 1622 4236 τε
1664 4190 1778 4242 τοῖς
1816 4184 1947 4244 θεοῖς
1976 4187 2057 4239 καὶ

465 4251 818 4322 ὑπᾴδέχονταί
835 4255 1037 4314 αὐτούς.
1067 4251 1307 4307 Ηειιλιῐ).

540 4320 680 4376 XVI.
736 4352 807 4363 —-
858 4323 995 4376 Dicis
1050 4339 1227 4376 causa.
1281 4323 1355 4377 [ta
1412 4323 1649 4377 correxit
1707 4323 1757 4379 J.
1820 4324 2065 4392 Lipsius.

468 4389 613 4446 Dicis
633 4408 805 4471 causa,
827 4392 879 4447 id
895 4402 977 4471 est
992 4395 1294 4471 προφάσεωξ
1312 4394 1470 4471 intra,
1491 4394 1634 4471 λᾲσχογ
1650 4397 1807 4471 χᾲριχ
1830 4412 1843 4447 :
1867 4389 2055 4471 verbo,

467 4477 575 4518 non
605 4478 663 4518 re
695 4478 709 4516 :
740 4463 792 4517 in
823 4463 1078 4532 speciem,
1102 4463 1234 4516 ’zum
1257 4463 1495 4518 Scheine.
1521 4463 1741 4519 VideI
1775 4466 1913 4520 Bosii
1940 4466 2053 4524 Ind.

468 4532 536 4588 ad
563 4532 778 4589 Cornel.
805 4533 993 4603 Nepot.
1017 4553 1031 4601 ;
1053 4537 1093 4588 Α
1117 4533 1289 4590 Sclitt.
1316 4533 1473 4590 Obss.
1503 4535 1685 4601 Hum.,
1712 4537 1802 4589 lib.
1823 4553 1875 4601 v,
1895 4551 1944 4589 c.
1965 4539 2056 4603 55;

470 4603 733 4669 Turueb.,
776 4604 1030 4669 Advers.,
1065 4605 1159 4661 lib.
1213 4621 1287 4668 XI,
1326 4620 1375 4661 c.
1409 4604 1501 4670 20,
1534 4607 1622 4675 qui
1652 4607 1860 4661 derivat
1902 4623 2005 4661 non
2029 4624 2060 4663 a

471 4675 606 4742 dico,
643 4680 704 4740 is,
739 4676 832 4748 sed
879 4693 907 4730 a
949 4676 1086 4740 dico,
1132 4694 1209 4748 as,
1257 4687 1313 4731 ιιι
1362 4677 1430 4731 sit
1461 4687 1730 4748 tamquam
1789 4679 2062 4734 dicationis

471 4763 646 4812 causa,
674 4759 725 4802 et
755 4747 971 4802 Ernesti
1001 4749 1150 4802 Clav.
1173 4747 1285 4803 Cic.
1323 4749 1496 4804 Editio
1525 4747 1772 4819 princeps
1801 4750 1957 4804 Rom.
1988 4752 2064 4805 vi-

471 4819 761 4873 tiosissime
790 4819 922 4873 dotis
959 4835 1134 4873 causa.
1166 4820 1368 4875 ORELL.

545 4888 927 4944 Formamentis
973 4892 1263 4945 attribuisse
1308 4891 1513 4945 divinis.
1566 4891 1642 4946 Ita
1674 4908 1774 4945 ms.
1806 4900 1861 4947 et
1906 4892 2059 4947 Fulv.

475 4958 657 5016 Ursin.
686 4961 824 5033 Edit.
858 4961 1012 5016 Rom.
1047 4965 1267 5033 formam
1298 4964 1500 5028 mentis,
1534 4964 1691 5022 male.
1725 4962 2064 5019 Formamen-

486 5044 593 5086 tum
614 5046 713 5086 vos
742 5032 1081 5096 Lucretiaua,
1111 5049 1168 5098 tt,
1203 5049 1342 5087 vers.
1377 5034 1521 5089 518:

572 5161 609 5189 ._
658 5160 669 5172 .
738 5161 751 5174 .
816 5160 834 5176 .
904 5166 915 5176 .
987 5165 998 5176 .
1063 5124 1603 5189 Omniaprincipiorum

570 5185 911 5238 Formamenta
933 5196 1125 5252 queunt
1142 5189 1191 5237 in
1215 5185 1389 5251 quovis
1408 5185 1520 5239 esse
1542 5191 1725 5239 nitore.

1151 5272 1435 5328 "cunnus
1464 5283 1518 5327 et
1546 5272 1925 5328 ELttt-zuttons'r.

556 5383 679 5456 Non
706 5386 843 5454 quod
866 5387 919 5441 in
949 5404 1005 5442 re
1032 5403 1160 5455 esse,
1190 5387 1405 5456 ipsaque
1443 5387 1496 5441 in
1524 5388 1735 5442 veritate
1778 5397 1870 5446 est.
1895 5404 2071 5445 cense-

482 5455 669 5510 tis.-lta
690 5472 792 5510 ms.
822 5473 980 5525 quam
1011 5455 1293 5514 lectionem
1325 5471 1531 5513 temere
1557 5458 1624 5512 ab
1662 5458 1782 5513 aliis
1816 5471 2074 5517 mutatam

472 5530 757 5602 revocavit
779 5532 866 5583 ed.
899 5529 1069 5602 Lugd.
1104 5529 1221 5583 Bal.
1260 5530 1354 5585 Est
1403 5532 1520 5585 St'il.
1553 5530 1842 5602 verborum
1877 5535 2073 5602 trajec-

464 5599 556 5655 tio
578 5615 681 5671 pro
710 5615 813 5653 non
842 5600 980 5671 quod
1021 5601 1076 5671 in
1122 5616 1177 5654 re
1207 5616 1315 5671 esse
1344 5602 1576 5671 censetis.
1604 5601 1841 5671 quodque
1886 5599 1997 5671 ipsa
2024 5602 2076 5657 iu

480 5664 692 5728 tertiata
742 5664 936 5727 nam
983 5667 1117 5728 tales
1165 5666 1509 5741 traiectiones
1554 5664 2077 5732 amare'Arnobium

2083 4248 2138 4308 D

2155 2907 2607 2988 quemadmodum
2635 2907 2906 2988 emendati
2927 2907 3057 2988 sunt
3077 2916 3144 2988 a_l)
3166 2915 3259 2988 illo
3280 2915 3479 2988 ingenii
3508 2907 3767 2971 etontnis

2156 2978 2421 3047 politioris
2452 2979 2765 3036 litteraturae
2800 2985 3062 3055 principe,
3090 2986 3205 3040 Jos.
3232 2984 3508 3057 Scaligero
3543 3005 3557 3041 :

2309 3074 2400 3123 λλλ⁹
2425 3081 2457 3123 si
2478 3099 2537 3123 τοι
2560 3088 2678 3139 χαράς
2700 3090 2734 3139 τ’
2758 3084 2851 3141 silos
2876 3092 2957 3139 βὸις
2979 3092 3023 3139 sit
3043 3091 3188 3138 λίοντις
3201 3117 3215 3139 ,

2311 3149 2386 3185 Καὶ
2403 3148 2536 3199 γράψαι
2558 3151 2732 3200 pictam,
2752 3153 2814 3190 καὶ
2844 3151 2931 3203 in:
2945 3153 3075 3199 τιλιῑν,
3097 3154 3189 3204 duo
3212 3150 3340 3204 ἄνδρις
3354 3183 3365 3199 ,

2311 3210 2388 3247 Καὶ
2410 3224 2449 3247 ιι
2468 3211 2552 3248 θιῶν
2575 3208 2677 3257 ὶδὶας
2699 3211 2849 3264 ’ἔγραφον
2871 3216 2932 3253 ιαὶ
2954 3218 3097 3265 θύματ’
3123 3217 3266 3255 ίποὶουν

2309 3265 2462 3331 Τοιαῦῖ
2486 3266 2628 3325 ῡῖόντιρ
2649 3276 2829 3315 uia-516i.
2853 3272 2964 3326 δίνας
2986 3273 3079 3329 silos
3105 3279 3215 3329 ὁμοῖα.
3233 3308 3245 3325 ,

2313 3337 2419 3371 Ιπποι
2441 3336 2503 3383 μιν
2525 3335 2556 3373 θ’
2578 3336 2737 3383 ἵπποισι,
2762 3340 2842 3387 pet;
2866 3335 2908 3377 δι
2931 3354 2973 3379 τι
2996 3341 3120 3391 βουσὶν
3141 3341 3261 3391 ὁμοῖα.

3379 3413 3600 3464 Εικειςιι.

2233 3483 2485 3568 Quantas,
2538 3490 2805 3568 inquam,
2850 3494 3050 3568 irarum
3104 3498 3343 3568 flammas
3380 3497 3763 3563 suﬁ'underent,

2154 3560 2483 3637 concitarent.
2544 3560 2992 3637 Fttlv._Ursintts
3045 3560 3187 3637 conj.
3245 3560 3588 3635 eﬂ'undercnt.
3652 3560 3767 3623 Sed

2156 3625 2511 3707 stt/funderent
2544 3632 2678 3707 bene
2703 3634 2945 3707 defendit
2973 3637 3021 3692 J.
3057 3625 3472 3695 Fr.'Gronovius
3505 3638 3760 3707 Diatrih.,

2156 3697 2221 3752 ad
2254 3697 2416 3767 Stat.,
2450 3716 2502 3770 p.
2532 3704 2659 3771 401,
2684 3705 2854 3760 citans
2880 3707 3091 3776 Silium,
3125 3710 3218 3766 lib.
3248 3727 3322 3778 ιχ,
3345 3710 3448 3766 491
3486 3729 3500 3766 :

2757 3796 3044 3849 Sutl‘uderat
3066 3813 3153 3850 ora

2248 3852 2480 3916 Sanguis,
2507 3862 2557 3906 et
2580 3870 2607 3907 a
2624 3864 2761 3909 torvo
2777 3862 3050 3924 surgebant
3073 3862 3258 3913 lumine
3285 3865 3507 3914 ﬂammae.

2156 3944 2211 3992 et
2231 3937 2319 3993 lib.
2355 3954 2431 4001 tn,
2462 3939 2568 3996 218
2592 3959 2605 3995 :

2250 4028 2376 4104 Iunt
2401 4032 2539 4104 virgo
2562 4035 2827 4104 ignescens
2844 4039 3062 4100 penitus,
3084 4038 3303 4090 violenta
3324 4048 3544 4104 repente

2250 4090 2465 4144 Suﬂ'udit
2480 4090 2696 4145 ﬂaminis
2719 4111 2821 4149 ora.

2160 4203 2216 4250 et
2239 4194 2543 4266 Claudiam,
2572 4200 2624 4255 in
2653 4201 2816 4258 Cous.
2855 4206 3035 4274 Mallii,
3069 4209 3294 4265 vers.9.I
3325 4228 3338 4263 :

2908 4301 3015 4351 Nec.
3048 4303 3229 4352 lumina
3254 4304 3418 4355 fervor

2256 4353 2484 4417 Asperat,
2500 4363 2586 4407 aut
2607 4359 2800 4411 rabidas
2821 4362 3054 4415 suffundit
3075 4368 3317 4429 sanguine
3343 4353 3505 4418 venas.

3448 4448 3628 4500 Cum.

2237 4522 2300 4608 Si
2348 4535 2553 4608 sanctus
2587 4525 2898 4608 Pompilius.
2928 4532 3143 4598 Nescio,
3177 4536 3302 4605 quid
3347 4536 3446 4590 sibi
3476 4536 3647 4608 velint
3683 4534 3771 4591 le-

2163 4597 2422 4674 gentesj
2450 4597 2617 4674 Ancus
2648 4599 2952 4670 Pompilius.
2981 4597 3139 4674 Atqui
3166 4597 3371 4661 sanctus
3393 4617 3545 4662 recte
3568 4606 3773 4661 dicitur

2165 4662 2334 4748 Numa
2358 4666 2651 4748 Pompilius
2682 4662 2802 4748 cum
2850 4676 2919 4729 ob
2951 4662 3080 4729 vitte'
3116 4680 3501 4748 integritatem,
3537 4688 3647 4733 tum
3691 4679 3771 4733 ob

2165 4737 2368 4819 credita
2393 4739 2534 4819 illius
2560 4757 2681 4819 euut
2703 4744 2805 4819 diis
2835 4748 3128 4801 censortia.
3154 4737 3360 4803 Οιιὶιι..

2242 4805 2361 4890 tVisi
2389 4810 2525 4877 quod
2557 4822 2602 4865 et
2632 4813 2971 4890 cluriuoqcum
3000 4836 3182 4889 pecore
3225 4822 3393 4874 nescio
3424 4822 3538 4889 quis
3580 4830 3771 4875 auctor

2166 4877 2459 4960 voluitesse
2486 4896 2766 4960 eonomine.
2814 4877 3079 4957 Optimam
3120 4891 3255 4944 hanc
3294 4902 3349 4945 et
3376 4877 3532 4947 ttu'ice
3578 4907 3768 4948 veram

2168 4948 2372 5033 codicis
2402 4965 2501 5033 ms.
2537 4948 2945 5033 lectionetn,'ab
2997 4962 3226 5015 lleraldo
3258 4965 3460 5033 merito
3487 4979 3770 5018 commen—

2168 5017 2372 5084 datam,
2404 5023 2607 5090 primus
2635 5026 2684 5080 in
2718 5017 2918 5083 textum
2949 5034 3218 5087 revocavit
3248 5032 3563 5089 Salmasius.
3589 5017 3773 5089 (Ituri-

2170 5107 2290 5177 nunt
2321 5109 2474 5174 pecus
2513 5099 3058 5177 e‘st.simia.__Papiasd:
3092 5104 3246 5158 Clara
3270 5105 3347 5158 uel
3368 5106 3625 5160 clurinum
3649 5105 3773 5177 (pe-

2172 5160 2290 5233 cus)
2321 5164 2469 5216 simia
2515 5166 2720 5222 dicitur.
2770 5160 2928 5226 (Σιρινᾶ
2953 5175 3070 5228 scil.
3114 5186 3449 5230 contractum
3480 5192 3511 5230 e

2174 5236 2629 5323 Ἧξὲὁλξλνραελη
2655 5242 2805 5323 S'EWS
2831 5259 2897 5297 CX
2912 5246 3443 5323 γὰλᾳνοςεμίᾴλονρος,
3473 5248 3566 5323 qui
3589 5248 3772 5323 cauda

2174 5308 2677 5388 carett'el'titutilani
2709 5313 2867 5388 habet
2885 5308 3273 5388 candatnane
3304 5308 3472 5387 intpp.
3492 5308 3568 5372 ἐκ]
3589 5318 3771 5386 Fest.,

2175 5376 2343 5457 verbo
2391 5376 2773 5457 Clunu._Conf.
2838 5384 3064 5457 Salinas.
3122 5388 3186 5441 ad
3245 5376 3463 5453 Selius,
3520 5406 3573 5457 p.
3626 5376 3772 5452 267E

2180 5444 2476 5529 Savaro’ad
2505 5450 2714 5529 Sidon._,
2759 5472 2817 5529 Δι).
2869 5456 2903 5509 4
2934 5474 2949 5521 ;
2978 5467 3032 5510 et
3082 5459 3327 5527 inprimis
3374 5444 3776 5525 Ke'uc'lteuqad

2182 5517 2478 5597 Santonum.
2539 5521 2604 5597 de
2656 5517 2868 5592 Medic”
2906 5517 3047 5583 vers.
3070 5517 3200 5588 823.
3231 5531 3282 5584 itt
3310 5530 3463 5583 Poet.
3494 5531 3585 5585 lat.
3613 5517 3775 5597 mim;

2180 5586 2593 5671 PLBurtna‘nnl,
2619 5597 2734 5671 vel.
2764 5605 2821 5664 tt,
2858 5586 2907 5669 ii.
2940 5597 3065 5653 545.
3098 5586 3249 5671 Quod
3279 5615 3382 5655 που
3417 5586 3781 5671 intelligentes

2185 5659 2390 5730 primus
2419 5654 2592 5720 oditur
2618 5654 2932 5741 Saltaau'sjet
2953 5654 3285 5731 etetctiedm
3319 5654 3514 5741 secuti,
3549 5654 3782 5745 otiootio
