3974 6068
200 227 314 283 961

1578 226 1785 288 LIBER
1820 228 2137 288 TERTIUS.

3412 225 3519 284 902

286 344 449 401 XVII.
495 344 602 402 Sed
632 343 678 399 si
706 344 877 413 vobis,
912 346 1177 419 inquiunt,
1206 356 1389 403 nostra
1420 347 1660 418 opinatio
1690 349 1801 405 dis-
1828 350 1880 410 A
1908 345 2145 415 irrepere
2188 358 2291 399 vox
2346 342 2517 414 possit
2565 355 2783 399 sensum
2824 340 3143 397 nunciatura
3196 341 3467 399 sermonis
3501 360 3515 397 :

201 441 396 512 plicet,
444 455 541 495 vos
589 438 980 508 demonstrate,
1033 457 1129 496 vos
1177 441 1362 505 dicite,
1396 456 1498 511 qua
1551 443 1622 495 sit
1670 442 1811 498 Deus

203 533 475 603 praeditus
522 531 709 587 forma.
742 531 799 587 Si
832 548 1010 588 veram
1040 533 1205 587 vultis
1246 533 1434 589 audire
1464 534 1808 601 sententiam,

202 635 308 681 aut
352 626 550 681 nullam
594 625 753 680 habet
803 625 945 680 Deus
987 623 1213 680 formam
1262 636 1357 680 aut
1403 626 1448 680 si
1493 626 1812 682 informatus

203 728 301 777 est
329 719 524 789 aliqua,
558 732 621 772 ea
671 733 791 788 qua:
844 718 933 781 sit,
985 717 1227 788 profecto
1279 718 1572 774 nescimus.
1628 717 1812 789 Neque

203 811 357 869 enim
390 811 532 882 quod
562 811 792 867 vidimus
824 827 1137 882 numquam,
1171 813 1378 869 nescire
1416 828 1538 870 esse
1564 813 1811 870 ducimus

204 912 370 974 turpe
405 921 419 958 :
448 913 541 959 aut
569 918 631 960 ea
674 918 735 959 re
762 903 1111 974 prohibemur
1141 905 1368 961 aliorum
1401 907 1698 962 sententias
1726 922 1811 963 re-

206 994 410 1062 futare,
442 1000 564 1066 quia
601 1010 765 1066 super
793 995 893 1051 hoc
921 1007 1158 1052 nostram
1192 998 1391 1053 nullam
1436 1000 1537 1071 ipsi
1592 1010 1811 1057 senten-

208 1086 341 1143 tiam
366 1090 689 1160 promimus.
724 1087 790 1144 Ut
813 1088 955 1143 enim
989 1089 1032 1144 si
1065 1088 1264 1145 vitreus
1278 1106 1400 1147 esse
1421 1092 1630 1148 dicatur
1653 1110 1810 1150 mun-

206 1180 333 1249 dus,
366 1182 410 1236 si
439 1192 751 1253 argenteus,
786 1180 995 1238 ferreus
1023 1184 1106 1238 vel
1141 1199 1206 1239 ex
1239 1183 1414 1255 fragili
1454 1185 1810 1257 conglobatus

206 1285 268 1332 et
302 1275 593 1331 fabricatus
632 1285 789 1338 testa,
822 1291 928 1330 non
959 1274 1269 1332 dubitemus
1308 1277 1497 1332 falsum
1525 1293 1648 1334 esse
1681 1294 1811 1334 con-

205 1368 457 1435 tendere,
476 1367 723 1439 quamvis
740 1382 860 1436 qure
890 1368 959 1422 sit
984 1369 1102 1439 ejus
1128 1370 1352 1425 materia
1376 1371 1712 1426 nesciamus:
1738 1371 1810 1426 ita

202 1475 333 1517 cum
361 1460 430 1518 de
455 1462 635 1531 Specie
655 1470 845 1532 agatur
871 1461 988 1527 Dei,
1015 1477 1176 1533 quam
1208 1458 1499 1533 perhibetis
1527 1474 1553 1502 ει
1583 1466 1812 1520 ουιινίηο

201 1554 386 1611 cimus
403 1569 509 1609 non
528 1569 670 1619 esse,
693 1554 857 1610 etiam
879 1555 924 1610 si
949 1569 1071 1626 quae
1087 1555 1180 1625 sit,
1204 1557 1381 1613 minus
1404 1572 1694 1629 possumus
1717 1573 1812 1614 ex-

203 1645 437 1717 plicare.

1911 446 2005 492 aut
2026 438 2071 492 si
2103 430 2262 492 verba
2291 450 2385 491 ore
2414 435 2730 502 funduntur,
2765 434 2906 491 labia
2933 433 3132 490 habere
3170 449 3294 490 cum
3335 435 3520 491 denti-

1910 535 2033 599 bus,
2067 550 2296 605 quorum
2346 533 2553 589 inflictu
2580 540 2635 588 et
2679 531 2978 587 mobilitate
3009 530 3290 602 multiiuga
3334 531 3517 602 lingua

1916 640 2082 682 sonos
2108 626 2361 681 articulet
2381 665 2397 691 ,
2434 633 2492 681 et
2511 639 2700 680 vocem
2730 624 2785 678 in
2816 622 2981 679 verba
3011 622 3337 679 conformet.
3363 622 3381 636 ’

1983 716 2127 773 XIX.
2148 719 2204 774 Si
2233 718 2404 775 nostri
2430 716 2598 772 animi
2625 723 2836 771 motum
2866 730 2975 771 non
3006 716 3271 772 recusatis
3299 714 3510 785 audire,

1914 816 2121 863 tantum
2151 808 2307 865 abest
2348 818 2407 865 ut
2439 822 2539 865 nos
2567 808 2681 864 Deo
2704 807 3009 878 corporalia
3054 808 3370 864 liniamenta
3415 808 3513 863 tri-

1910 900 2165 968 buamus,
2186 912 2241 957 ut
2269 901 2575 956 animorum
2604 900 2769 956 etiam
2798 899 2999 956 decora
3020 941 3036 966 ,
3067 899 3320 973 ipsasque
3346 901 3514 957 virtu-

1912 1003 2035 1063 tes,
2102 995 2301 1067 quibus
2346 996 2591 1052 eminere
2641 995 2730 1050 vix
2779 1008 3100 1051 concessum
3153 1002 3239 1051 est
3287 994 3508 1066 paucis,

1912 1096 2076 1144 tanta:
2099 1090 2175 1144 rei
2201 1105 2490 1145 vereamur
2509 1088 2844 1145 adscribere.
2866 1087 2998 1156 Quis
3017 1090 3160 1144 enim
3182 1089 3348 1144 Deum
3368 1088 3517 1145 dixe-

1910 1180 1983 1234 rit
2011 1180 2227 1248 fortem,
2252 1192 2625 1246 constantem,
2657 1180 2817 1251 frugi,
2849 1181 3195 1251 sapientem?
3223 1179 3344 1250 quis
3391 1194 3518 1250 pro-

1911 1271 2079 1327 bum?
2105 1273 2228 1344 quis
2250 1274 2535 1329 sobrium?
2565 1274 2686 1344 quis
2713 1273 2882 1327 immo
2923 1271 3131 1342 aliquid
3164 1271 3363 1328 nosse?
3391 1273 3513 1343 quis

1914 1363 2257 1434 intelligere?
2283 1364 2405 1435 quis
2442 1363 2767 1434 providere?
2787 1363 2910 1434 quis
2936 1361 3004 1417 ad
3037 1362 3175 1419 lines
3214 1362 3516 1418 ofliciorum

1912 1469 2092 1517 certos
2111 1462 2384 1517 actionum
2405 1476 2625 1516 suarum
2647 1461 2863 1518 decreta
2886 1460 3246 1533 dirigentem?
3274 1460 3517 1519 Humana

1911 1564 2039 1608 sunt
2068 1552 2185 1609 haec
2210 1553 2375 1622 bona,
2407 1562 2463 1610 et
2489 1569 2555 1610 ex
2577 1553 2919 1624 oppositione
2942 1554 3199 1610 vitiorum
3232 1553 3517 1611 existima-

1914 1647 2119 1703 tionem
2165 1656 2484 1704 meruerunt
2513 1647 2715 1704 habere
2754 1646 3101 1704 laudabilem.
3127 1648 3261 1717 Quis
3289 1657 3373 1705 est
3416 1665 3518 1705 au-

285 1735 471 1792 XVIII.
496 1737 634 1806 Quid
654 1753 814 1810 ergo,
840 1739 1044 1811 inquiet
1064 1739 1290 1812 aliquis,
1324 1755 1429 1795 non
1458 1740 1608 1796 audit
1628 1741 1809 1797 Deus?
1837 1749 1886 1809 B
1914 1750 2019 1797 tem
2042 1751 2151 1798 tam
2180 1743 2358 1799 obtusi
2388 1744 2642 1812 pectoris,
2678 1750 2786 1798 tam
2812 1743 2980 1808 bruti,
3009 1743 3099 1813 qui
3144 1742 3394 1800 humanis
3421 1743 3519 1800 bo-

205 1848 321 1889 non
347 1832 621 1904 loquitur?
650 1849 757 1889 non
788 1843 913 1889 ante
942 1850 1001 1889 se
1027 1835 1229 1906 positas
1264 1849 1355 1890 res
1378 1834 1554 1890 videt?
1589 1850 1695 1890 non
1725 1836 1806 1891 in-

203 1924 430 1980 tuetur?
455 1924 564 1980 Suo
588 1924 810 1981 forsitan
838 1940 1035 1997 genere
1051 1967 1067 1990 ,
1092 1942 1197 1982 non
1226 1936 1431 1983 nostro.
1450 1926 1636 1998 Neque
1661 1929 1805 1984 enim

200 2014 325 2072 veri
348 2015 544 2087 aliquid
575 2018 716 2074 scire
733 2027 876 2073 tanta
908 2020 959 2072 iu
991 2033 1051 2073 re
1088 2034 1392 2089 possumus,
1417 2031 1508 2074 aut
1545 2022 1808 2091 suspicio-

202 2109 369 2165 nibus
393 2109 646 2180 indagare
674 2126 686 2164 :
715 2125 850 2181 quas
874 2123 997 2166 esse
1039 2110 1177 2181 apud
1208 2125 1309 2166 nos
1331 2109 1360 2148 δ
1387 2110 1555 2180 liquet
1583 2112 1804 2167 instabi-

202 2202 311 2267 Ics,
340 2202 596 2269 lubricas,
627 2211 682 2257 et
721 2217 980 2258 vanorum
1026 2202 1404 2257 similitudines
1448 2203 1802 2259 somniorum.

204 2292 269 2350 Si
300 2293 440 2349 enim
468 2293 769 2348 dixerimus
806 2293 998 2349 iisdem
1029 2294 1326 2349 rationibus
1356 2293 1563 2362 videre,
1613 2295 1808 2366 quibus

196 2395 265 2443 et
292 2402 392 2442 nos
421 2387 667 2443 videmus
698 2406 711 2442 :
738 2387 981 2459 sequitur
1008 2399 1064 2442 ut
1110 2388 1332 2458 intelligi
1373 2389 1569 2444 debeat
1618 2404 1810 2459 super-

200 2480 380 2553 jcctas
408 2481 606 2552 pupilis
632 2497 754 2537 eum
791 2482 991 2537 habere
1017 2482 1413 2538 membranulas
1438 2525 1453 2550 ,
1482 2483 1808 2551 connivere,

205 2574 415 2631 nictare
437 2615 452 2639 ,
482 2573 665 2641 radiis,
688 2584 781 2630 aut
808 2575 1127 2646 imaginibus
1143 2591 1383 2638 cernere.
1406 2586 1497 2631 aut
1517 2577 1659 2647 quod
1682 2592 1812 2632 ocu-

206 2665 279 2722 lis
306 2682 593 2722 commune
615 2675 699 2721 est
725 2667 993 2732 omnibus,
1019 2668 1134 2723 sine
1171 2668 1392 2723 alterius
1414 2667 1629 2724 luminis
1658 2684 1811 2725 com-

206 2760 471 2816 mixliooe
515 2760 644 2814 nihil
667 2760 885 2816 omnino
907 2761 1243 2830 constiicere.
1270 2759 1421 2828 Quod
1454 2760 1626 2831 ipsum
1656 2763 1807 2817 simi-

206 2855 337 2912 liter
389 2855 457 2911 de
494 2855 701 2922 auditu,
735 2871 796 2911 ac
845 2855 912 2910 de
954 2856 1151 2926 eloquii
1200 2856 1392 2920 forma,
1420 2865 1475 2912 et
1522 2856 1808 2912 verborum

212 2948 512 3021 prolatione
542 2948 826 3004 dicendum
872 2958 974 3004 est.
1022 2949 1077 3005 Si
1126 2964 1221 3019 per
1263 2964 1423 3006 aures
1467 2951 1684 3016 audiat,
1716 2967 1811 3008 eas

1886 1856 1889 1859 δ
1914 1836 1999 1890 nis
2031 1835 2200 1891 Deum
2230 1851 2351 1892 esse
2375 1835 2517 1891 dicat
2542 1836 2839 1906 magnum?
2864 1844 2958 1891 aut
2985 1835 3110 1892 ideo
3145 1837 3380 1892 nominis
3407 1852 3521 1892 ma-

1909 1926 2105 1998 jestate
2157 1927 2488 1998 prmcellere,
2532 1927 2675 1997 quod
2707 1927 2959 1982 vitiorum
2989 1937 3176 1983 careat
3226 1921 3508 1985 foeditate?

1913 2018 2184 2089 Quidquid
2213 2019 2279 2075 de
2311 2019 2420 2075 Deo
2444 2018 2652 2074 dixeris
2671 2058 2686 2084 ,
2710 2017 2973 2089 quidquid
3001 2018 3177 2074 tacitae
3204 2022 3401 2076 meutls
3426 2035 3520 2078 co-

1914 2109 2175 2180 gitatione
2194 2110 2532 2182 conceperis,
2565 2111 2616 2165 in
2641 2110 2933 2165 humanum
2957 2110 3192 2166 transilit
3212 2122 3267 2167 et
3284 2126 3522 2170 corrum-

1916 2201 2058 2271 pitur
2083 2218 2298 2258 sensum
2334 2220 2346 2256 :
2375 2217 2476 2258 nec
2502 2201 2666 2257 habet
2694 2201 2927 2273 promite
2970 2202 3377 2273 significationis
3419 2221 3520 2261 noo

1915 2302 2046 2362 tam,
2076 2296 2217 2366 quod
2250 2297 2451 2352 nostris
2494 2295 2690 2351 dicitur
2734 2295 2916 2351 verbis
2939 2334 2955 2359 ,
2986 2303 3147 2367 atque
3179 2295 3248 2351 ad
3298 2298 3520 2369 negocia

1915 2386 2148 2444 humana
2175 2389 2504 2460 compositis.
2540 2388 2688 2444 Unus
2726 2396 2810 2444 est
2836 2387 3071 2444 hominis
3098 2388 3404 2446 intellectus
3452 2390 3522 2448 de

1920 2485 2012 2541 Dei
2058 2494 2246 2539 natura
2294 2484 2650 2551 certissimus,
2683 2483 2728 2537 si
2759 2482 2921 2549 scias,
2949 2491 3006 2539 et
3052 2483 3254 2540 sentias
3282 2482 3418 2540 nihil
3455 2483 3524 2541 de

1918 2578 2012 2633 illo
2039 2592 2196 2648 posse
2224 2578 2437 2633 mortali
2460 2577 2704 2633 oratione
2728 2575 2993 2648 depromi.

1991 2671 2108 2727 XX.
2143 2671 2208 2726 Et
2237 2670 2354 2727 haec
2381 2684 2508 2727 vero
2548 2672 2719 2741 prima
2766 2677 2851 2725 est
2890 2678 3191 2725 vestrorum
3240 2669 3521 2725 numinum

1918 2766 2270 2830 contumelia,
2298 2781 2457 2837 quam
2485 2764 2554 2821 de
2581 2765 2792 2830 formis,
2821 2777 2877 2820 et
2906 2764 3125 2821 sexibus
3154 2764 3281 2821 boni
3313 2766 3525 2823 scilicet

1919 2860 2182 2928 vindices,
2205 2871 2260 2915 et
2281 2861 2516 2931 religiosi
2545 2858 3189 2916 constituistis‘auctores.
3212 2857 3348 2915 Illud
3373 2875 3522 2928 vero,

1917 2955 2061 3026 quod
2088 2955 2353 3026 sequitur,
2385 2952 2546 3023 quale
2585 2960 2693 3021 est,
2724 2951 2867 3024 quod
2908 2951 3042 3007 deos
3070 2951 3224 3008 vobis
3269 2950 3526 3009 inducitis

208 3057 426 3115 quoque
470 3042 670 3099 habere
718 3042 971 3099 ﬂexuosis
1002 3043 1304 3102 tramitibus
1332 3045 1629 3116 perforatas
1652 3088 1669 3113 ,
1701 3062 1806 3117 qua
1835 3038 1881 3103 C
1911 3049 2048 3105 alios
2098 3048 2277 3105 fabros
2298 3088 2315 3117 ,
2345 3046 2482 3104 alios
2511 3046 2774 3115 medicos,
2803 3044 2942 3102 alios
2967 3042 3239 3114 lanarios,
3290 3052 3518 3115 nautas,

276 3278 305 3307 α
340 3275 607 3328 Perbibitis
627 3275 745 3330 Sab.
770 3272 918 3328 male.

1412 3160 1798 3221 LECTIONLS
1837 3164 2257 3222 VABIANTES.

1970 3280 2001 3320 ι)
2025 3279 2127 3331 Vos
2150 3275 2296 3330 Fulv.

1574 3387 2138 3446 COMMENTARIUS.

213 3508 503 3572 Salmasio,
559 3505 845 3562 ediderunt
888 3504 1110 3559 veterino
1135 3520 1250 3558 cum
1292 3519 1491 3573 pecore,
1546 3503 1805 3573 pessime.

213 3580 349 3637 Nam
379 3579 657 3634 veterinum
686 3594 858 3646 pecus,
903 3585 961 3630 ut
986 3575 1226 3644 pluribus
1253 3575 1488 3631 ostendit
1515 3574 1811 3631 Lambinus

214 3651 283 3707 ad
339 3651 578 3715 Lucret.,
606 3651 643 3703 Ι.
669 3665 722 3713 v,
758 3663 897 3704 vers.
931 3646 1059 3707 865.
1095 3663 1147 3715 p.
1179 3647 1307 3713 675,
1349 3647 1599 3702 dicuntur
1630 3648 1811 3701 omnia

214 3722 489 3785 animalia,
545 3736 666 3791 qua
718 3719 915 3775 vehere
960 3719 1107 3791 quid
1139 3726 1396 3791 possunt,
1429 3718 1634 3791 boves,
1665 3717 1810 3791 equi,

215 3794 369 3858 muli,
394 3788 715 3856 asini.'etc.,
735 3804 963 3861 quorum
1001 3789 1284 3861 nullaaut
1310 3789 1531 3843 minima
1559 3804 1680 3843 cum
1714 3788 1812 3843 ho-

218 3866 368 3920 mine
395 3863 692 3919 similitudo
712 3859 813 3917 est.
849 3862 1113 3915 (Steterunt
1157 3859 1249 3913 ille
1275 3861 1444 3914 nescio
1470 3862 1581 3928 quis
1609 3871 1811 3923 auctor,

217 3945 281 3991 ut
306 3937 462 3990 docet
490 3934 771 3997 Nourrius,
804 3932 1014 3987 Ennius
1057 3940 1160 3995 est,
1187 3930 1344 4002 cujus
1390 3943 1548 3987 natus
1571 3947 1759 3987 versus
1784 3946 1817 3986 e

217 4005 480 4063 Cicerone
503 4006 573 4060 de
596 4006 714 4059 Nat.
744 4004 898 4059 deor.
932 4019 968 4069 ι,
1000 4018 1050 4057 c.
1080 4003 1169 4057 '55.

313 4119 466 4169 Simia
486 4131 631 4181 quam
653 4115 843 4177 similis,
870 4116 1148 4178 turpissima
1169 4115 1346 4179 bestia,
1374 4116 1534 4165 nobis.

219 4223 333 4282 Nec
348 4220 647 4277 audiendus
665 4220 825 4275 etiam
847 4219 1104 4275 Meursius
1127 4219 1178 4273 in
1201 4221 1511 4287 Appendice
1531 4218 1816 4289 legendum

223 4294 506 4365 suspicans
531 4292 738 4346 clunino
758 4308 873 4365 cum
896 4308 1093 4360 pecore.
1119 4290 1276 4346 Conf.
1296 4292 1499 4348 Savaro
1515 4291 1583 4346 ad
1605 4291 1815 4356 Sidam,

224 4363 389 4424 libit.
420 4370 579 4434 epist.
604 4380 641 4434 ι,
677 4379 729 4432 p.
760 4364 814 4417 4.
845 4363 1045 4418 Οιιειι.

297 4432 556 4491 Χνιιξ-
591 4433 946 4488 Pro/tibenmr.
997 4435 1073 4488 Ita
1122 4432 1395 4489 Gelenius.

226 4524 354 4577 ceps
378 4508 724 4577 prohibemus,
750 4507 902 4559 male.
933 4504 1139 4561 ORELL.

307 4574 400 4633 Vel
425 4594 490 4633 ea:
510 4578 685 4648 fragili
713 4577 1041 4646 conglobatus
1086 4586 1132 4630 et
1175 4576 1457 4645 fabricatus
1485 4586 1630 4631 testa.
1660 4575 1738 4630 Ita
1764 4574 1816 4629 in

227 4651 351 4706 cod.
388 4665 488 4703 ms.
513 4647 636 4718 legi
681 4648 840 4703 docet
870 4648 1232 4713 Stewccbius,
1281 4655 1336 4700 et
1364 4647 1657 4704 Salmasius
1682 4649 1821 4702 hanc

228 4722 518 4777 lectionem
543 4723 749 4789 primus
771 4722 822 4773 in
853 4728 1055 4775 textum
1087 4721 1377 4774 revocavit.
1403 4718 1814 4789 Hecte,0pinor.

228 4792 366 4848 Nam
397 4788 725 4862 conglobatus
748 4792 920 4859 fragili
956 4800 1107 4845 testa:
1128 4791 1298 4844 multo
1321 4790 1513 4862 melius
1542 4788 1816 4862 cotwenit,

229 4878 393 4934 quam
426 4857 745 4934 condolatus,
778 4857 920 4931 quod
952 4878 983 4916 e
1011 4862 1352 4934 correctione
1377 4857 1823 4934 Geleniihhabent

231 4930 414 4991 caeteri
443 4933 699 4988 editores.
728 4930 913 5003 Neque
956 4934 1097 4988 enim
1146 4931 1348 4998 fragilis
1380 4940 1516 4986 testa
1545 4930 1822 5000 effingitur

232 5004 527 5068 dolamine,
562 5007 655 5061 sed
687 5022 717 5060 e
748 5004 893 5059 molli
953 5013 1096 5059 creta
1125 5004 1210 5058 vel
1243 5004 1353 5058 luto
1386 5003 1672 5056 fabrefacta
1705 5012 1821 5055 tor-

230 5074 405 5143 retur,
437 5076 634 5131 deinde
676 5075 892 5130 fornace
919 5075 1189 5145 coquitur.
1224 5074 1394 5129 Porro
1448 5073 1821 5145 masitnonere

230 5148 441 5209 dubito,
474 5163 540 5202 an
588 5147 755 5202 latine
783 5147 888 5201 dici
934 5143 1103 5214 possit
1137 5147 1492 5212 compositum
1522 5143 1819 5206 condolare,

229 5219 374 5289 quod
403 5220 623 5273 verbum
668 5216 866 5273 frustra
909 5218 1130 5289 qumsivi
1165 5217 1217 5269 in
1256 5216 1483 5272 Lexicis.
1510 5214 1652 5289 Nam
1708 5229 1822 5289 cunt

231 5284 315 5345 vel
343 5307 437 5343 con
465 5289 518 5343 in
546 5289 726 5343 verbis
769 5284 1083 5356 compositis
1107 5287 1441 5358 junctioneui
1472 5286 1705 5358 aliquant
1735 5284 1820 5339 vel

229 5362 560 5416 additionem
595 5361 677 5414 vel
708 5356 1158 5430 compositionem
1181 5356 1507 5430 subindicat.
1538 5357 1698 5430 Atqui
1726 5358 1822 5430 do—

227 5431 431 5487 lamine
464 5430 596 5485 nihil
618 5427 855 5494 additur,
883 5431 977 5486 sed
1007 5430 1246 5486 demitur
1276 5429 1454 5500 potius
1484 5428 1577 5500 get
1605 5427 1819 5500 abscin-

225 5502 376 5558 ditur
419 5501 620 5573 aliquid
650 5504 817 5573 ligno,
857 5502 1020 5573 lapidi
1070 5509 1162 5573 aut
1202 5495 1451 5573 metallo.
1468 5495 1822 5573 AFulv.‘_Ursi-

227 5589 329 5629 nus
366 5568 546 5643 itaque
584 5568 869 5643 legendum
891 5568 1111 5697 conﬁcit
1151 5589 1163 5625 :
1194 5571 1273 5627 Ex
1319 5568 1495 5646 fragili
1525 5569 1745 5624 coalitus
1774 5577 1824 5622 et

228 5644 508 5697 fabricatus
534 5653 679 5697 testa.
704 5654 965 5697 sequente
1040 5642 1414 5697 Imenltorstio.
1441 5639 1782 5697 Stewechius
1806 5656 1820 5693 :

226 5639 508 5715 fabricatus
534 5639 679 5706 testa,
704 5654 965 5714 sequente
989 5639 1420 5715 Ehnenltorstioi
1441 5639 1782 5697 Stewechius
1806 5656 1820 5693 :

220 5713 312 5778 Ea;
352 5714 529 5791 fragili
570 5716 709 5787 ligno
747 5713 953 5771 dolatus
979 5730 1067 5769 seu
1108 5713 1384 5784 fabricatus
1413 5729 1521 5771 esse
1551 5720 1701 5779 testa,
1733 5726 1823 5768 re-

1916 3502 2151 3573 spiciens
2179 3500 2402 3573 forsitan
2430 3499 2498 3556 ad
2534 3499 2697 3557 verba
2716 3499 2805 3555 illa
2821 3492 3094 3573 Martialis,
3121 3498 3214 3573 lib.
3240 3515 3314 3568 vr,
3339 3499 3522 3572 Epigr.

1916 3574 1988 3629 49
2024 3592 2037 3629 :
2068 3570 2300 3644 Priapus
2325 3572 2390 3627 de
2418 3574 2595 3644 fragili
2620 3572 2825 3626 dolatus
2854 3572 3018 3644 ulmo.
3044 3570 3151 3627 Sed
3197 3571 3355 3643 longe
3384 3570 3525 3643 pree-

1918 3644 2036 3700 fero
2086 3646 2372 3700 lectionem
2415 3643 2621 3700 codicis
2661 3643 3016 3714 conglobatus,
3041 3658 3189 3714 qua:
3230 3644 3528 3700 adstruitur

1920 3717 2083 3787 etiam
2117 3716 2237 3770 loco
2263 3717 2422 3787 plane
2451 3715 2616 3770 simili
2665 3712 2971 3780 Ciceronis,
3021 3712 3098 3769 de
3119 3713 3307 3770 Natur.
3340 3715 3522 3782 deum,

1922 3786 1962 3840 ι.
1988 3803 2047 3849 ιι.
2068 3802 2117 3841 c.
2145 3786 2214 3842 '59
2236 3804 2248 3839 :
2268 3786 2343 3839 Ac
2366 3787 2620 3855 principio
2645 3795 2783 3839 terra
2812 3787 3051 3841 universa
3072 3797 3334 3851 cernatur,
3358 3787 3526 3841 locata

1921 3858 1976 3911 in
2002 3859 2172 3911 media
2195 3856 2374 3909 mundi
2398 3858 2537 3921 sede,
2561 3856 2731 3928 solida
2766 3867 2812 3910 et
2832 3858 3063 3928 globosa.
3091 3866 3139 3910 et
3168 3857 3397 3928 undique
3412 3859 3528 3928 ipsa

1921 3929 1976 3982 in
2002 3945 2112 3983 sese
2142 3928 2347 3981 nutibus
2385 3928 2493 3981 suis
2519 3926 2848 3998 conglobata,
2874 3929 3053 3982 vestita
3078 3928 3313 3995 ﬂoribus.
3348 3926 3526 3984 Cirte-

1923 4016 2042 4054 rum
2080 4011 2470 4068 praeceptorem
2516 4012 2674 4052 suum
2705 3998 3003 4068 Arnobium
3038 3998 3275 4051 imitatus
3305 4009 3389 4053 est
3418 3998 3526 4053 La-

1923 4066 2177 4141 ctantius,
2210 4066 2277 4123 de
2315 4066 2458 4135 Opif.
2512 4068 2628 4141 Dei,
2665 4082 2714 4122 c.
2753 4068 2838 4129 I7,
2869 4066 2896 4138 §
2941 4067 3021 4141 9;
3046 4068 3127 4121 An
3167 4068 3212 4121 si
3256 4068 3382 4141 ini/tt
3411 4069 3524 4141 quis

1924 4140 2135 4206 dixerit,
2159 4155 2358 4194 teneam
2402 4155 2510 4211 esse
2535 4140 2740 4205 etelum,
2790 4137 2889 4211 aut
2918 4139 3164 4211 vitreum,
3181 4147 3235 4191 ut
3267 4137 3526 4211 Empedo-

1924 4212 2027 4267 cles
2058 4213 2151 4274 ait,
2182 4227 2349 4265 aerem
2372 4210 2671 4280 glaciatunt,
2703 4209 2942 4264 statimne
2965 4208 3248 4280 adsentiar,
3266 4208 3395 4280 quia
3423 4226 3526 4264 cte-

1923 4284 2050 4349 lum,
2100 4299 2163 4336 ea:
2204 4298 2304 4352 qua
2353 4279 2568 4334 materia
2607 4282 2687 4352 fit,
2742 4279 3009 4351 ignorent?
3050 4279 3136 4335 ubi
3187 4279 3311 4336 vide
3341 4280 3525 4338 Bune-

1927 4370 2137 4411 mauu..
2169 4350 2223 4422 p.
2260 4352 2419 4417 1207,
2451 4366 2570 4421 seq.
2597 4350 2803 4408 ORELL.

1451 4432 1628 4488 Editio
1671 4433 1820 4504 prin-
1842 4405 1899 4467 Β
1924 4405 2898 4504 :XVVIIIEJ-QfSupe-riecnt—spopulis.
2925 4422 2999 4478 Ita
3034 4437 3118 4479 ms
3142 4432 3196 4504 et
3222 4422 3310 4479 ed.
3344 4422 3521 4504 Lugd.

1922 4498 2043 4553 Bal.
2111 4496 2215 4568 Alii
2282 4492 2514 4568 pupillis.
2728 4495 2951 4568 pupula,
3001 4503 3090 4568 est
3116 4494 3321 4568 _f0t'n_ta
3386 4492 3526 4551 anti-

1921 4571 2080 4640 quior
2101 4579 2148 4624 et
2178 4564 2522 4640 Lucreti-ana,
2548 4564 2735 4634 quales
2757 4574 2909 4640 amat
2926 4564 3220 4640 Arnobius.
3245 4565 3448 4640 Quae.

1996 4640 2281 4710 Multijuga
2319 4638 2497 4708 lingua
2534 4638 2978 4710 sonos__arliculet.
3010 4637 3177 4706 Magis
3207 4637 3382 4705 placet
3404 4636 3525 4710 Ste-

1922 4710 2117 4766 wechii
2165 4706 2855 4779 conjecturatMultiiugos
2901 4708 3079 4779 lingua
3125 4722 3279 4761 sonos
3324 4706 3525 4759 articu-

1922 4782 1990 4837 let
2017 4781 2239 4836 .Onsu.

1992 4851 2139 4907 XIX.
2191 4880 2265 4891 —
2302 4850 2573 4917 Quis......
2630 4848 2932 4918 dirigentem
2960 4848 2986 4901 Ρ
3029 4847 3105 4903 Ita
3153 4845 3276 4901 cod.
3325 4859 3428 4900 ms.
3469 4855 3524 4903 et

1922 4923 2011 4980 ed.
2059 4922 2232 4992 Lugd.
2272 4921 2389 4976 Bal.
2421 4920 2522 4977 Alii
2567 4919 2774 4992 malunt
2818 4919 3066 4992 dirigere,
3094 4931 3270 4992 quia-
3292 4931 3524 4992 praeces-

1923 4994 2095 5050 serint
2121 4986 2369 5047 infinitivi
2396 5006 2566 5057 nosse,
2594 4991 2894 5061 intelligere,
2922 4986 3207 5061 providere.
3237 4986 3347 5043 Sed
3374 4987 3519 5061 ejus-

1923 5062 2444 5191 modioanacolutha
2486 5058 2788 5132 frequentia
2831 5058 2974 5131 apud
3021 5061 3255 5131 Optimos
3282 5058 3520 5131 scripto-

1924 5151 2033 5191 res.
2114 5151 2269 5190 ιιειι..
2375 5184 2379 5188 ,

1924 5151 2033 5192 res.
2066 5151 2269 5191 URELL.
2375 5184 2379 5188 ,

1997 5206 2557 5278 Nominispmjestate.
2581 5203 2685 5259 Alii
2718 5202 2961 5278 numinis.

1993 5278 2115 5333 XX.
2141 5308 2212 5318 —
2238 5272 2512 5332 Lanarius.
2531 5275 2725 5332 Annon
2753 5274 3038 5344 legendum
3070 5272 3304 5341 laniﬁcos
3329 5272 3356 5327 .9
3383 5272 3518 5330 Nam

1922 5348 2147 5405 deorum
2197 5350 2541 5412 lanariorum,
2576 5347 2627 5402 id
2656 5356 2739 5401 est
2768 5344 3063 5416 quilanam
3096 5344 3349 5399 sordibus
3391 5360 3521 5416 pur-

1959 5425 2069 5491 ant)
2085 5420 2215 5491 (vid.
2249 5435 2439 5491 supra,
2462 5418 2529 5491 ad
2552 5417 2589 5473 I.
2615 5433 2672 5485 ιι,
2716 5431 2765 5471 c.
2790 5414 2922 5486 '58),
2948 5415 3116 5491 _nulla
3159 5414 3482 5491 mentip,'se

1944 5485 2284 5547 anilicorum.
2317 5485 2392 5544 Ita
2424 5490 2650 5555 lanifica:
2691 5485 2912 5549 sorores,
2947 5486 3150 5542 Parcas.
3183 5487 3290 5542 Sed
3318 5485 3518 5543 fortas-

1922 5564 1999 5691 gis
2030 5563 2083 5617 in
2093 5561 2313 5688 ὁειιὶιιιιδ
2338 5558 2773 5615 distinctionibus
2803 5556 2984 5615 minus
3028 5566 3319 5614 accuratus
3342 5560 3518 5613 Arno-

1963 5649 2063 5689 IIIS.
2141 5648 2298 5687 RELL.

1963 5649 2063 5689 IIIS.
2093 5648 2298 5688 URELL.

2001 5703 2226 5761 Nautes.
2254 5702 2419 5776 Nugae
2445 5703 2458 5758 l
2492 5698 2576 5758 Dii
2620 5700 2752 5759 nulli
2798 5706 2976 5759 nautae
3000 5718 3015 5757 :
3038 5714 3216 5774 neque
3242 5697 3388 5755 enim
3413 5696 3519 5767 Ne-
