3974 6068
417 262 522 321 987

1550 265 2229 342 annoanjitovcnsus
2265 266 2539 327 caurus

3610 232 3724 327 9st

418 381 485 436 ad
516 380 669 437 istius
691 381 921 437 nominis
943 381 1191 437 columen
1214 381 1367 440 vobis
1393 380 1762 441 laudatoribus
1786 384 2002 454 eicvati,
2032 390 2088 449 A
2110 386 2249 443 redit
2284 404 2297 442 :
2329 397 2388 442 ut
2432 402 2605 459 neque
2653 386 2731 443 Stil
2776 386 2910 443 deus
2962 384 3064 455 sit,
3101 402 3274 460 neque
3332 387 3454 443 luna
3478 430 3492 456 ,
3543 404 3726 463 neque

419 476 729 531 universam
754 475 912 530 istam
939 475 1136 531 molem
1167 475 1377 544 mundi,
1412 478 1567 549 cujus
1587 494 1778 535 omnes
1806 480 2012 551 ample-

418 570 578 627 xibus
598 571 886 637 ambimur,
923 572 1172 642 tegimur,
1204 586 1267 628 ac
1288 574 1645 641 sustinemur,
1668 574 1867 629 animal
1891 589 2013 630 esse

419 679 587 720 unum
608 706 621 728 ,
658 665 905 733 sapiens,
936 666 1255 722 rationabile
1284 675 1332 735 οι,
1387 669 1692 723 consultum
1747 666 2010 738 probabili

424 756 828 812 asseveratione
854 756 1117 812 definiunt
1143 777 1156 812 :
1182 774 1409 829 quorum
1434 760 1477 815 si
1500 769 1583 815 est
1613 775 1774 827 vera,
1803 771 1857 815 et
1883 759 2009 826 fixa,

419 858 563 905 certa
588 851 854 905 sententia
874 892 889 916 ,
919 851 1084 906 etiam
1114 852 1187 906 illi
1212 854 1472 909 continuo
1494 854 1747 910 desinent
1771 854 1842 909 dii
1865 869 2007 921 esse,

419 956 556 1014 quos
584 943 637 998 in
666 943 783 1014 ejus
811 946 1152 1014 portiunibus
1172 948 1335 1017 paulo
1362 956 1488 1004 ante
1510 948 1807 1004 immutatis
1835 948 2012 1004 nomi-

424 1036 587 1093 nibus
612 1037 1044 1094 constituebatis.
1073 1038 1144 1095 Ut
1166 1041 1309 1094 enim
1337 1040 1500 1097 homo
1523 1058 1659 1097 unus
1681 1044 1866 1113 nequit
1892 1058 2015 1112 per-

420 1139 676 1186 manente
705 1131 787 1185 sui
820 1131 1065 1202 corporis
1098 1132 1404 1204 integritate
1438 1135 1493 1189 in
1526 1134 1776 1190 homines
1816 1135 2015 1191 multos

420 1222 593 1278 scindi
628 1242 641 1278 :
678 1237 853 1294 neque
899 1222 1150 1280 homines
1198 1242 1386 1281 rursus
1430 1228 1606 1295 multi,
1637 1227 2015 1299 disjunctionis

420 1312 723 1372 dilierentia
753 1327 1095 1385 conservata,
1122 1320 1176 1373 in
1205 1320 1363 1375 unius
1392 1335 1586 1375 sensus
1612 1321 2014 1391 simplicitatem

421 1409 644 1465 conflari
673 1428 686 1463 :
719 1409 789 1464 ita
834 1411 879 1465 si
925 1410 1156 1467 mundus
1185 1428 1347 1467 unum
1380 1423 1462 1468 est
1509 1414 1705 1468 animal
1728 1457 1742 1482 ,
1777 1424 1830 1469 et
1859 1415 2016 1471 unius

421 1503 619 1556 mentis
650 1501 945 1571 agitatione
970 1510 1208 1558 motatur
1252 1522 1265 1557 :
1298 1519 1398 1559 nec
1427 1504 1480 1558 in
1510 1506 1661 1574 plura
1712 1516 1889 1575 potest
1919 1522 2020 1561 nu-

422 1594 569 1651 mina
595 1593 884 1664 dissipari,
919 1610 1052 1659 nec,
1098 1596 1144 1650 si
1190 1598 1307 1666 ejus
1354 1598 1632 1667 particulae
1660 1598 1732 1653 dii
1760 1607 1915 1666 sunt,
1965 1600 2016 1653 in

421 1687 580 1742 unius
606 1686 896 1742 animantis
942 1688 1331 1743 conscientiam
1358 1690 1477 1760 cogi
1521 1698 1685 1760 atque
1715 1692 1871 1746 verti.
1904 1690 2017 1745 Lu-

2111 477 2301 544 aetlier,
2351 477 2510 532 tellus
2532 522 2545 541 ,
2577 486 2633 533 et
2664 486 2883 534 cmtera.
2937 476 3075 534 Sunt
3104 479 3248 533 enim
3283 488 3464 549 partes
3502 480 3713 548 mundi,

2116 588 2223 626 non
2248 572 2501 642 specialia
2527 575 2803 627 numinum
2835 574 3050 627 nomina
3087 592 3098 626 :
3126 581 3287 643 atque
3316 574 3384 627 ita
3416 574 3723 645 perficitur,

2112 665 2293 720 omnia
2325 665 2480 720 vobis
2531 664 2872 721 turbantibus
2904 664 3366 737 miscentibusque
3397 667 3582 722 divina
3602 710 3615 733 ,
3653 679 3720 725 ut

2110 754 2165 811 in
2209 770 2389 810 rerum
2445 767 2635 810 natura
2688 770 2829 811 unus
2860 757 3000 811 Deus
3031 756 3392 812 constituatur
3438 758 3715 829 mundus,

2114 847 2353 917 exlilosis
2378 846 2629 903 omnibus
2659 847 2910 903 caeteris:
2940 849 3241 919 quinimmo
3269 847 3298 888 δ
3331 850 3587 918 inaniter,
3619 868 3725 906 ra-

2114 953 2214 994 cue
2234 981 2247 1003 ,
2273 948 2327 994 et
2352 940 2470 995 sine
2501 940 2604 993 ulla
2634 939 2934 995 substantia
2964 940 3293 996 constitutis.

2186 1030 2431 1087 XXXVI.
2467 1032 2522 1089 Si
2554 1032 2776 1088 totidem
2825 1048 2927 1091 nos
2958 1033 3167 1101 modis,
3222 1034 3553 1108 totidemque
3594 1051 3727 1093 sen-

2116 1125 2301 1180 tentiis
2328 1123 2558 1179 deorum
2599 1134 2905 1180 vestrorum
2934 1124 3327 1181 subrueremus
3359 1126 3518 1182 fidem
3542 1171 3557 1195 ,
3585 1130 3724 1183 nulli

2113 1227 2259 1272 esset
2286 1216 2538 1285 dubium,
2571 1219 2700 1289 quin
2730 1219 2807 1273 ira
2839 1227 2893 1274 et
2923 1219 3073 1274 rabie
3102 1219 3389 1287 concitati,
3419 1221 3572 1292 ignes
3592 1265 3606 1287 ,
3637 1220 3720 1278 fe-

2115 1325 2226 1376 ras,
2263 1319 2317 1365 et
2337 1311 2565 1381 gladios,
2598 1323 2762 1379 atque
2806 1312 2909 1366 alia
2952 1312 3300 1382 postularetis
3335 1314 3727 1383 suppliciorum

2117 1402 2173 1457 in
2220 1418 2318 1457 nos
2346 1419 2581 1472 genera,
2617 1404 2811 1475 quibus
2841 1405 2987 1459 sitim
3037 1405 3225 1459 soletis
3260 1417 3495 1460 vestram
3547 1409 3727 1462 nostri

2119 1495 2395 1566 sanguinis
2427 1495 2758 1565 appetitione
2785 1496 3059 1566 proluere.
3083 1493 3217 1550 Cum
3242 1511 3371 1551 vero
3395 1511 3491 1567 per
3517 1511 3617 1551 vos
3648 1498 3732 1568 ip-

2118 1603 2208 1644 sos
2231 1603 2398 1658 prope
2419 1590 2596 1643 omnis
2624 1604 2757 1658 gens
2779 1589 3062 1644 muninum
3086 1590 3188 1644 sub
3215 1592 3588 1646 ostentatione
3618 1590 3731 1644 tol-

2122 1683 2261 1738 latur
2286 1684 2623 1754 ingeniorum
2666 1694 2827 1754 atque
2853 1683 3156 1750 doctrinas,
3194 1683 3408 1738 audetis
3440 1684 3736 1739 intendere

422 1795 523 1846 na,
559 1781 638 1836 sol
659 1823 674 1849 ,
725 1781 886 1835 tellus
910 1822 925 1847 ,
977 1781 1169 1849 aether,
1219 1793 1362 1838 astra
1382 1826 1397 1850 ,
1444 1784 1693 1839 membra
1743 1793 1869 1839 sunt
1889 1825 1905 1852 ,
1959 1793 2015 1840 et
2044 1790 2092 1851 Β
2120 1776 2290 1833 nostri
2317 1777 2545 1832 nominis
2571 1792 2729 1832 causa
2760 1791 2847 1832 res
2870 1776 3130 1831 humanas
3151 1777 3219 1832 ab
3240 1777 3342 1832 diis
3372 1778 3543 1848 premi
3571 1792 3734 1832 :cum

422 1873 609 1928 mundi
638 1877 822 1943 partes
851 1890 867 1930 :
897 1874 1039 1945 quod
1082 1875 1126 1929 si
1158 1885 1339 1946 partes
1364 1884 1419 1931 et
1445 1878 1687 1932 membra
1714 1886 1874 1943 sunt,
1904 1879 2021 1933 ani-

423 1965 581 2020 malia
612 1965 801 2035 utique
830 1966 911 2019 sui
938 1966 1177 2020 nominis
1207 1981 1312 2021 non
1336 1977 1463 2021 sunt
1488 1989 1500 2023 :
1527 1984 1701 2039 neque
1725 1968 1871 2029 enim
1896 1984 2021 2040 par-

424 2064 505 2112 tes
534 2056 638 2112 hoc
667 2058 842 2127 ipsum
871 2072 1014 2123 esse,
1037 2058 1180 2128 quod
1208 2067 1374 2113 totum
1402 2069 1506 2126 est,
1530 2060 1707 2130 aliqua
1731 2061 1784 2116 in
1808 2077 1868 2116 re
1891 2075 2018 2132 pos-

422 2159 547 2204 sunt
579 2166 592 2202 :
620 2158 712 2204 aut
740 2149 842 2204 sibi
870 2163 1096 2220 sapere,
1128 2151 1231 2206 sibi
1261 2152 1465 2207 sentire
1485 2194 1501 2220 ,
1534 2152 1676 2223 quod
1706 2152 1825 2208 sine
1857 2154 2020 2209 totius

426 2242 722 2297 animantis
752 2256 982 2298 assensu
1014 2243 1177 2301 nullis
1218 2245 1449 2316 propriis
1479 2246 1747 2303 afﬁciatur
1791 2260 1822 2301 e
1865 2245 2018 2300 moti-

428 2336 530 2393 bus
549 2379 563 2404 ,
594 2350 702 2407 quo
732 2336 1058 2403 constituto,
1087 2351 1151 2392 ac
1180 2337 1358 2409 posito
1380 2381 1397 2410 ,
1428 2355 1637 2395 summa
1683 2338 1859 2395 omnis
1886 2338 2014 2395 illuc

2121 1869 2359 1941 quidem,
2392 1871 2436 1925 si
2465 1886 2650 1926 verum
2695 1879 2779 1924 est
2818 1885 2940 1925 esse
2969 1869 3089 1925 illos
3122 1869 3353 1940 uspiam,
3383 1877 3545 1940 atque
3587 1869 3741 1924 inca-

2122 1964 2328 2019 lescere
2347 1963 2544 2019 irarum
2570 1962 2821 2029 ﬂammis,
2853 1961 2985 2017 nihil
3014 1962 3248 2019 habeant
3266 1961 3484 2033 iustius,
3515 1970 3741 2033 proritet-

2121 2056 2264 2127 quod
2293 2055 2344 2109 in
2377 2069 2471 2110 vos
2497 2054 2739 2119 smviant,
2789 2068 2949 2124 quam
2996 2052 3141 2124 quod
3187 2067 3282 2109 eos
3322 2052 3532 2123 negatis
3552 2051 3739 2107 subsi-

2121 2159 2269 2205 stere
2288 2190 2303 2216 ,
2334 2162 2509 2217 neque
2537 2162 2639 2202 una
2669 2161 2790 2202 esse
2821 2147 2872 2201 in
2908 2154 3058 2216 parte
3086 2155 3310 2200 naturae.

2192 2240 2460 2301 XXXVII.
2484 2240 2663 2314 Musas
2689 2240 2932 2297 Mnaseas
2966 2252 3050 2295 est
3078 2248 3265 2295 auctor
3286 2238 3423 2293 ﬁlias
3450 2251 3573 2295 esse
3600 2236 3738 2292 Tel-

2118 2334 2253 2391 luris
2282 2343 2336 2390 et
2379 2330 2515 2390 Cteii
2550 2351 2562 2390 :
2613 2332 2762 2390 lovis
2792 2336 2977 2390 caeteri
3030 2331 3326 2405 pradicant
3358 2345 3424 2387 ex
3475 2328 3744 2388 Memoria

1671 2451 2056 2512 LECTIONES
2098 2448 2510 2508 VARIANTES.

487 2570 514 2638 ξ’
551 2569 633 2638 [ta
653 2566 773 2638 sub.
798 2568 941 2638 male
962 2568 1200 2638 Corrigs:
1223 2570 1484 2622 rationale.

486 2631 516 2676 b
558 2630 770 2685 Omnino
800 2629 942 2687 Fulv.

1801 2736 2366 2798 COMMENTARIUS.

427 2875 504 2931 tio
549 2874 799 2946 princeps
844 2875 1193 2941 memorabili,
1222 2889 1254 2930 θ
1298 2874 1437 2930 male
1486 2873 1762 2929 intellecta
1805 2873 2021 2931 Codicis

425 2949 723 3017 scriptura,
772 2946 864 3001 ubi
917 2957 999 3002 est
1041 2947 1419 3015 memorabilis,
1451 2947 1673 3018 antique
1700 2962 1799 3018 pro
1823 2964 2017 3001 memo-

425 3019 634 3073 rabiles.
668 3019 930 3084 Henna,
960 3019 1015 3072 in
1045 3018 1194 3073 Curis
1219 3034 1276 3073 ιι.

2128 2877 2262 2932 Tale
2293 2886 2595 2935 monstrum
2646 2878 2774 2933 illud
2796 2920 2811 2943 ,
2860 2877 3004 2947 quod
3036 2875 3286 2935 Horatius
3338 2874 3490 2945 fingit
3519 2876 3573 2947 in
3602 2877 3743 2935 Arte

2127 2948 2329 3005 Punica
2360 2949 2477 3005 init.
2512 2948 2759 3003 Humano
2782 2946 2961 3018 capiti.
2983 2960 3091 3004 etc.
3124 2948 3310 3019 Itaque
3341 2946 3631 3019 legendum
3659 2950 3746 3003 ri-

2127 3022 2286 3075 detur
2313 3038 2327 3073 :
2358 3022 2505 3093 multi
2518 3022 2806 3093 junctionis
2833 3020 3123 3093 differentia
3154 3018 3452 3093 conservata
3473 3060 3488 3082 .
3527 3018 3579 3073 id
3610 3029 3740 3093 est,

499 3089 765 3162 Columen.
798 3092 896 3144 Alii
928 3108 942 3145 :
971 3090 1191 3144 culmen.
1223 3089 1349 3145 Sed.
1384 3088 1533 3158 prius
1557 3097 1701 3144 amat
1728 3087 2024 3145 Arnobius.
2056 3093 2101 3158 C
2135 3093 2288 3146 inulti
2321 3094 2363 3146 si
2396 3096 2447 3145 in
2472 3087 2759 3162 junctione
2811 3092 3207 3155 differentiam,
3257 3091 3565 3145 animorum
3614 3092 3740 3146 scil.

426 3160 564 3217 Vide
592 3177 754 3231 supra
781 3166 848 3215 ad
879 3162 951 3215 lib
1005 3177 1043 3226 ι,
1074 3177 1193 3231 cup.
1224 3163 1278 3217 8.
1309 3161 1514 3217 Οιιιιιι.

499 3233 708 3288 Animal
736 3250 841 3287 esse.
868 3249 1054 3294 unmn.
1088 3235 1297 3303 sapiens
1316 3276 1331 3300 ,
1355 3232 1628 3289 rationale.
1656 3232 2029 3303 PlatoTimaeo

428 3320 549 3372 pag.
580 3305 669 3361 '50.
704 3303 847 3375 (Vol.
882 3321 958 3359 III.
989 3305 1078 3359 ed.
1123 3298 1187 3359 ii.
1230 3298 1415 3373 Steph.
1440 3304 1459 3375 )
1486 3304 1665 3365 Οὕτως
1699 3298 1784 3359 οὖν
1813 3302 1875 3375 δὴ
1903 3306 2030 3360 κατὰ

426 3377 569 3450 λόγον
702 3374 865 3431 εἰκότα
884 3376 966 3431 δεῖ
989 3377 1164 3450 λέγειν.
1188 3375 1329 3450 roads
1355 3378 1439 3431 τὸν
1466 3377 1651 3450 κόσμον
1674 3380 1821 3443 ζῶον,
1856 3374 2025 3450 ἴμψ-υο

430 3400 569 3450 Λογον
588 3400 673 3430 τον
702 3400 865 3431 εικοτα
884 3400 961 3431 σει
992 3400 1041 3431 It:
1078 3400 1164 3437 ειν.
1188 3400 1329 3431 τονοι
1355 3400 1439 3431 To”
1466 3400 1651 3447 κοσμον
1674 3400 1821 3443 ςωον,
1856 3400 2025 3447 ιμψυο

430 3469 551 3523 χον.
603 3445 772 3523 ἕννοργ
816 3467 871 3523 re
1013 3400 1217 3523 ὰζηθςίᾳ
1261 3446 1346 3523 διὰ
1372 3454 1462 3507 τὴν
1501 3454 1589 3523 τῷ
1633 3448 1746 3501 θεοῦ
1770 3448 2028 3523 ,γενέσθαι

426 3517 682 3595 spissam.
719 3517 888 3571 Vertit
915 3517 1104 3595 flicero
1125 3517 1469 3595 de'ttiiivcrso
1492 3536 1504 3568 ‘.
1530 3518 1700 3595 Quam
1730 3517 2025 3595 oli'cuusam

427 3588 527 3643 non
574 3601 647 3642 est
676 3590 1021 3642 cunctandum
1049 3589 1313 3659 profiteri,
1349 3592 1389 3642 si
1422 3588 1571 3641 modo
1598 3588 1893 3658 investigari
1921 3588 2024 3641 ali-

426 3660 564 3732 quod
591 3667 885 3731 conjrctura
925 3669 1131 3732 potest,
1170 3664 1305 3713 hunc
1349 3661 1599 3732 mundum
1645 3659 1842 3732 animal
1879 3677 2022 3725 esse,

427 3730 584 3801 idque
634 3733 922 3801 intelligens
978 3741 1026 3784 et
1080 3731 1253 3784 divina
1306 3730 1626 3802 providentia
1672 3731 2020 3785 constitutum.

429 3802 939 3868 Vni.Phil0stratus,
970 3804 1035 3857 de
1064 3802 1183 3856 Vita
1210 3801 1516 3871 Apollonii,
1550 3801 1647 3856 lib.
1674 3815 1750 3867 Ill,
1780 3816 1899 3871 cap.
1934 3804 2020 3856 ll.

427 3873 857 3929 ΕΙ.1ΙΕΝΗ.-Ρι⁶ιι
878 3873 1131 3928 rationale
1154 3873 1293 3928 Edit.
1323 3874 1479 3928 Rom.
1508 3872 1771 3928 ctGelcn.
1789 3874 2020 3927 rationa-

428 3947 546 4000 bile.
571 3962 591 3999 :
614 3946 775 3999 male.
798 3944 905 3998 Pro
923 3945 1119 3998 animal
1135 3947 1310 4000 codex
1335 3960 1436 3999 ms.
1460 3945 1621 3999 habet
1637 3944 1858 4009 anilitas,
1878 3946 2022 4015 quod

427 4016 668 4072 defendit
706 4016 972 4071 Meursius
1004 4018 1054 4069 in
1088 4017 1401 4087 Appendice
1447 4026 1716 4089 tamquam
1748 4016 2021 4089 _l0quendi

426 4105 594 4160 genus
614 4090 894 4159 antiquum
919 4104 1020 4161 pro
1040 4090 1298 4155 animans,
1315 4088 1530 4152 animal,
1548 4087 1799 4156 exemplo
1817 4087 1977 4143 Ennii
2005 4106 2018 4143 :

520 4203 623 4315 gva
650 4204 813 4279 parire
849 4202 979 4254 solet
1001 4204 1150 4268 genu‘
1178 4204 1355 4267 pennis
1377 4202 1775 4264 condecoratum,

564 4278 628 4315 on
651 4278 855 4315 animas.

564 4278 628 4315 Oli
651 4278 855 4317 animas.

425 4371 500 4425 ita
523 4370 732 4443 Cosnles
749 4413 763 4437 ,
791 4390 1026 4443 pra-gnos
1044 4416 1058 4438 ,
1083 4374 1299 4427 damnas
1320 4416 1334 4439 ,
1368 4371 1578 4428 Cesores
1594 4417 1607 4439 ,
1654 4374 1794 4428 istita
1827 4373 1944 4431 sine
1964 4391 2017 4429 n-

424 4442 532 4497 Sed
566 4442 704 4496 haud
730 4442 1038 4498 verosi’miie
1083 4453 1163 4498 est
1217 4445 1514 4499 Arnubium
1571 4446 1641 4498 ita
1698 4446 2018 4513 scripsisse,

2130 3174 2183 3217 et
2210 3165 2571 3233 ingeniorum,
2595 3175 2943 3219 conservant.
2970 3163 3034 3221 Et
3060 3165 3128 3216 ita
3154 3162 3438 3232 legendum
3455 3164 3744 3231 sequentia

2130 3236 2360 3288 suadent
2387 3253 2400 3288 :
2426 3251 2517 3288 nec
2560 3236 2605 3288 si
2634 3237 2745 3304 ejus
2770 3236 3040 3303 particula.-
3067 3234 3140 3287 dii
3169 3243 3287 3287 sunt
3312 3276 3323 3295 ,
3354 3249 3406 3286 tn
3437 3235 3589 3287 unius
3618 3235 3742 3288 ani-

2129 3308 2316 3360 mantis
2343 3308 2706 3359 conscientiam
2732 3306 2846 3376 cogi
2872 3315 3022 3375 atque
3048 3306 3195 3359 verti.
3234 3306 3443 3376 Οιιειει.

2200 3376 2269 3431 In
2317 3378 2467 3431 unius
2496 3394 2673 3431 sensus
2717 3374 3121 3442 simplicitatem.
3158 3376 3308 3430 lt‘ulv.
3344 3374 3577 3437 Ursinus
3609 3391 3737 3431 ma-

2129 3449 2279 3503 vult:
2309 3449 2361 3502 in
2391 3450 2542 3501 unius
2582 3466 2785 3502 censum
2820 3449 3169 3519 simplicitatis
3192 3492 3206 3515 ,
3255 3465 3374 3517 quae
3410 3449 3740 3520 conjectura

2127 3520 2432 3574 necessaria
2487 3536 2591 3575 non
2648 3533 2764 3586 est,
2816 3520 2862 3574 si
2894 3520 3210 3590 βιωθεόθιιε
3245 3519 3535 3589 junctionis
3568 3521 3736 3574 ιιιιιιι-

2129 3591 2358 3667 ligamus
2411 3591 2479 3646 de
2531 3591 2811 3663 junctione
2864 3591 3204 3647 diversarum
3256 3596 3491 3717 pargum
3544 3592 3735 3646 animi.

3398 3677 3554 3716 ncnc.

3398 3677 3554 3716 RELL.

2203 3732 2271 3789 Ut
2301 3750 2459 3803 neque
2514 3735 2593 3789 sol
2639 3735 2765 3789 deus
2815 3736 2917 3801 sit,
2967 3750 3128 3799 neque
3155 3735 3314 3799 luna,
3366 3745 3474 3788 etc.
3504 3733 3742 3789 Abunde

2129 3805 2231 3859 hoc
2277 3806 2473 3860 docent
2524 3806 2636 3863 Jul.
2692 3806 2960 3861 Firmicus
3006 3806 3076 3861 de
3127 3804 3329 3860 Errore
3378 3803 3732 3873 profanarum

2127 3877 2279 3947 relig.
2315 3878 2556 3932 Lactant.
2590 3878 2746 3941 lnst.,
2783 3879 2874 3932 lib.
2902 3893 2957 3945 ιι,
2984 3892 3105 3948 cap.
3138 3878 3192 3931 5.
3229 3877 3476 3931 Ειιιειιιι.

2200 3948 2438 4021 XXXVI.
2473 3950 2670 4021 Quibus
2709 3950 2848 4005 sitim
2880 3949 3052 4003 soletis
3090 3958 3576 4003 vestram...........
3613 3964 3739 4021 pro-

2126 4020 2599 4092 luerenVirgilius,
2624 4020 2751 4075 Ain.
2782 4038 2819 4089 ι,
2847 4020 2953 4077 759
2984 4037 2997 4073 :

2128 4171 2144 4187 .
2215 4174 2227 4186 .
2297 4170 2311 4185 .
2383 4174 2394 4186 .
2465 4171 2478 4184 .
2546 4172 2559 4185 .
2627 4171 2641 4188 .
2707 4133 2770 4185 Et
2793 4134 2942 4199 pleno
2963 4147 3023 4186 se
3047 4133 3231 4198 proluit
3255 4146 3398 4184 auro.

2126 4241 2456 4299 Prudentius
2482 4241 2579 4297 lib.
2604 4256 2644 4309 t,
2670 4250 2862 4297 contra
2884 4242 3197 4313 Symmach.
3227 4258 3242 4294 :

2544 4354 2730 4408 Avidus
2753 4356 2852 4407 vini
2882 4354 3036 4418 multo
3057 4368 3115 4406 se
3140 4352 3323 4418 proluit
3351 4354 3547 4406 haustu.

2930 4416 3151 4470 Hanno.
3175 4424 3228 4468 et
3250 4416 3469 4469 Ειιιειιιι.

425 4528 549 4567 cum
598 4515 648 4566 in
701 4525 817 4595 toto
861 4514 965 4569 hoc
984 4529 1175 4595 “opere
1204 4526 1520 4571 constanter
1552 4516 1755 4571 scribat
1781 4518 1978 4573 animal
2000 4558 2014 4583 ,
2047 4524 2102 4585 D
2199 4523 2433 4591 Quidam.
2462 4522 2540 4595 Ita
2567 4521 2849 4577 Meursius.
2880 4521 3064 4578 Editio
3107 4521 3366 4594 princeps
3401 4521 3568 4580 Sabaei
3606 4522 3740 4595 qui-

426 4600 699 4655 nunquam
730 4588 947 4641 animas.
977 4586 1180 4642 ORELL.

498 4656 820 4713 Consultant.
850 4657 995 4717 idem
1024 4659 1166 4729 quod
1190 4659 1447 4730 prudens.
1472 4658 1616 4713 Nihil
1634 4658 1907 4785 Smplius.

1684 4746 1838 4785 λιιι.

1684 4746 1838 4786 λιιι.

502 4800 729 4865 Quorum
753 4802 798 4854 si
818 4810 892 4855 est
913 4817 1031 4855 vera
1070 4811 1115 4855 et
1144 4803 1271 4871 lixa,
1302 4811 1440 4857 certa
1468 4804 1738 4858 sententia.
1774 4801 2020 4859 Forsitan

427 4872 713 4944 legendum
746 4890 757 4925 :
790 4889 1006 4944 quorum
1033 4874 1077 4927 si
1103 4884 1178 4929 est
1198 4891 1335 4939 vera,
1380 4875 1487 4943 ﬁxa
1511 4883 1559 4928 et
1586 4887 1722 4929 certa
1750 4878 2019 4929 sententia.

428 4943 528 4998 Tu.
560 4946 803 5000 Csarea.
825 4975 897 4983 —
918 4945 1056 4998 Nihil
1103 4947 1440 5011 mutandum,
1473 4946 1907 5017 diStingnendum
1939 4957 2021 4999 ta-

430 5030 551 5070 men
574 5026 666 5091 _:_et
697 5019 824 5091 ﬁxa,
858 5026 1016 5091 certa_
1039 5020 1308 5091 sententia.
1343 5018 1468 5073 Hinc
1500 5021 1571 5072 ita
1599 5019 1854 5091 Copulare
1880 5027 2025 5073 amat

428 5086 692 5158 Arnobius
718 5090 835 5143 sine
859 5087 1076 5158 copula.
1108 5087 1350 5143 Hanno.

504 5156 686 5223 Neque
707 5156 944 5235 homines:
959 5176 1141 5235 rursus
1168 5163 1314 5213 multi
1342 5160 1704 5235 disjunctionis
1731 5158 2027 5235 differentia

429 5240 743 5284 conservata.
786 5230 860 5284 Ita
900 5231 1163 5286 Meursius
1190 5243 1243 5286 et
1272 5230 1451 5286 tacteii
1481 5231 1629 5286 illum
1659 5232 1832 5286 secuti
1863 5246 2030 5301 usque

430 5302 494 5355 ad
518 5303 604 5355 ed.
630 5301 800 5369 Lugd.
826 5302 943 5357 But.
970 5303 1330 5373 corrigentem
1356 5303 1686 5373 dijnnctionis
1705 5304 2024 5358 dissidentia.

432 5380 601 5426 Antea
636 5375 914 5442 legebatur
935 5392 953 5428 :
980 5391 1142 5443 neque
1192 5377 1420 5429 homines
1468 5391 1646 5428 rursus
1677 5375 2028 5428 multitudinis

420 5444 708 5513 junclionis
737 5442 1028 5511 differentia
1058 5442 1391 5502 conservata.
1427 5444 1624 5501 Vocem
1682 5446 2027 5500 multitudinis

431 5515 680 5587 vitiosam
712 5530 833 5570 esse
866 5531 1026 5571 nemo
1068 5534 1173 5572 non
1209 5519 1376 5573 videt.
1411 5518 1516 5573 Sed
1554 5518 1841 5587 junctionis
1871 5515 2025 5583 di/fe-

432 5586 503 5661 t_ia
536 5586 699 5661 male
726 5595 987 5661 mutatum
1034 5600 1161 5657 puto
1204 5591 1254 5643 in
1303 5586 1660 5661 tlisjunctioiiis
1712 5588 2022 5661 differentia.

426 5656 723 5711 Jtmctionis
777 5656 1070 5724 ili/ferentia
1116 5656 1537 5729 estjuoctaruin
1588 5663 1823 5728 partium
1872 5660 2028 5716 dill'e-

431 5729 642 5797 rentia,
672 5730 964 5785 discordia.
1006 5729 1081 5784 ita
1113 5732 1295 5792 0vid.,
1329 5733 1483 5796 Met.,
1519 5748 1553 5798 ι,
1588 5732 1622 5787 9
1653 5748 1669 5786 :

430 5856 443 5885 ι
557 5820 664 5872 Νοιι
688 5822 821 5875 bene
840 5821 1117 5885 junctarum
1142 5821 1377 5873 discordia
1399 5824 1585 5874 semina
1612 5834 1798 5874 rerum.

2128 4596 2269 4657 dam,
2304 4595 2464 4649 male.
2492 4594 2700 4649 URELL.

2200 4666 2378 4736 Neque
2406 4683 2506 4721 una
2535 4682 2641 4720 esse
2665 4669 2715 4718 in
2739 4674 2884 4729 parte
2918 4675 3134 4719 naturte.
3162 4664 3240 4720 Ita
3277 4664 3399 4720 cod.
3431 4680 3531 4719 ms.
3563 4678 3735 4733 quam

2127 4735 2415 4794 lectionem
2451 4747 2598 4792 recte
2619 4735 2915 4793 defendunt
2941 4735 3041 4790 Th.
3076 4737 3339 4792 Canterus
3365 4749 3420 4793 et
3450 4737 3738 4803 Heraldus,

2128 4822 2179 4863 ut
2214 4812 2281 4863 sit
2314 4809 2452 4864 idem
2484 4809 2623 4879 quod
2652 4824 2812 4879 neque
2850 4808 2975 4879 ulla
3002 4824 3109 4862 esse
3147 4809 3199 4861 in
3244 4819 3390 4878 parte
3432 4820 3652 4875 naturis,
3684 4810 3740 4863 ἐν

2125 4882 2281 4938 οὐδενὶ
2327 4878 2530 4957 φύσεως
2574 4882 2736 4957 μέρει.
2792 4878 3049 4936 Gelenius
3100 4879 3189 4934 ed.
3238 4896 3395 5006 negas
3441 4880 3573 4948 ulla,
3623 4890 3739 4935 ctc.

3331 4966 3486 5006 BELL.

3331 4966 3486 5006 BELL.

2204 5023 2471 5079 XXXVII.
2505 5052 2569 5065 -
2627 5021 2885 5077 Mnaseas.
2946 5021 3255 5077 Patarensis
3296 5038 3328 5078 e
3380 5022 3561 5079 chiaa
3607 5021 3738 5079 civi-

2135 5105 2263 5151 tate.
2314 5096 2484 5169 liujos
2525 5094 2727 5169 librum
2770 5108 2825 5147 ιιι
2861 5096 3195 5169 Eupatoriasz
3240 5095 3370 5169 citat
3415 5093 3739 5169 Athenaeus,

2132 5169 2226 5223 lib.
2258 5183 2329 5229 tv,
2364 5164 2415 5237 pi.
2447 5167 2570 5228 158.
2602 5176 2657 5220 et
2680 5166 2869 5237 librum
2893 5164 2957 5237 lt.
2974 5166 3048 5237 de
3078 5166 3226 5227 Asia,
3256 5166 3499 5237 libtvm,
3528 5182 3580 5236 p.
3604 5164 3737 5232 3&6;

2133 5236 2373 5308 denique
2407 5239 2677 5307 Peripium
2709 5236 2897 5291 eodem
2930 5236 3066 5290 libro
3097 5254 3148 5303 ν.
3177 5238 3275 5292 551
3333 5236 3537 5291 Graecae
3558 5239 3743 5305 gentis

2134 5326 2242 5366 non
2284 5314 2545 5365 obscurus
2570 5309 2800 5369 scriptor
2829 5319 3051 5361 vocatur
3089 5322 3118 5360 a
3156 5308 3468 5372 Columella,
3515 5308 3608 5362 lib.
3636 5324 3738 5377 xit,

2134 5398 2252 5451 cap.
2288 5383 2342 5449 4,
2375 5383 2464 5452 qui
2491 5397 2612 5435 cum
2644 5379 2888 5452 Varrone
2933 5394 3085 5452 enim
3110 5379 3252 5432 inter
3290 5380 3584 5452 scriptores
3636 5379 3741 5435 ltei

2130 5448 2344 5508 rustica:
2376 5448 2584 5515 laudat,
2629 5451 2725 5505 lib.
2753 5466 2787 5515 i,
2818 5466 2936 5519 cap.
2966 5451 3018 5504 l.
3044 5448 3157 5504 Non
3176 5449 3587 5505 coninndendus
3610 5465 3739 5505 cum

2133 5525 2345 5579 Mnasea
2376 5523 2613 5594 Berytio,
2643 5523 2734 5591 qui
2773 5522 2842 5577 de
2869 5533 2986 5594 arte
3018 5520 3286 5594 thetorica
3329 5532 3386 5594 et
3427 5522 3742 5577 nominibus

2131 5595 2325 5650 Atticis
2352 5593 2587 5661 scripsit,
2613 5602 2749 5646 teste
2777 5593 2964 5658 Suida,
2997 5603 3051 5648 et
3080 5593 3186 5647 alio
3223 5593 3463 5663 ejusdem
3498 5595 3740 5648 nominis

2132 5666 2308 5721 Locro
2336 5679 2430 5718 si-u
2460 5665 2816 5734 Colophonio,
2843 5666 2932 5735 qui
2959 5667 3039 5735 (ut
3061 5664 3202 5718 idem
3223 5667 3519 5719 Athena-ns
3541 5664 3738 5735 refert)

2130 5737 2422 5807 inscriptos
2449 5737 2597 5807 lusus
2612 5738 2944 5807 composuit,
2971 5736 3042 5790 ob
3059 5735 3372 5807 varietatem
3396 5735 3609 5807 Salpent
3635 5750 3740 5791 no-

2130 5805 2383 5874 minatus.
2402 5807 2558 5864 Cont‘.
2580 5805 2801 5878 Nourr.,
2829 5822 2883 5881 p.
2906 5807 3034 5866 5M.
3062 5806 3248 5877 Voss,
3271 5807 3338 5866 de
3359 5805 3503 5868 Hist.
3523 5806 3731 5878 Grec,
