3974 6068
454 278 596 338 1005
1464 282 1481 343 λ,
1631 281 1906 342 ARNOBII
1949 285 2039 343 AD

2201 287 2311 348 SUS
2347 288 2621 350 GENTES
3619 290 3777 353 ιοοι

450 397 560 463 sit;
615 395 661 453 si
705 394 1052 460 Summanus,
1093 394 1421 453 Summanus
1468 398 1576 465 sit;
1630 400 1733 457 hoc
1780 408 1865 456 est
1905 401 2051 457 enim
2098 463 2113 480 ι
2157 405 2323 461 immo
2357 407 2684 465 novenarius
2720 412 3013 477 numerus,
3046 408 3431 465 s'ubversarum
3464 408 3640 480 potius
3671 411 3778 466 vel

453 489 746 556 conlidere,
797 489 899 544 hoc
937 497 1140 555 tenere,
1182 490 1476 561 exploratae
1522 463 1575 548 in
1620 492 1700 548 rei
1746 463 2130 564 cognitioneA
2157 497 2371 554 urbium
2420 500 2713 570 prmities,
2762 509 2817 557 et
2862 502 2920 557 in
2972 463 3028 557 id
3077 501 3372 572 periculum
3423 463 3623 559 diicere
3670 516 3779 557 res

451 580 632 651 deligi,
666 595 774 635 non
804 595 956 637 more
984 596 1253 641 czecorum
1290 590 1453 655 atque
1490 584 1788 641 errantium
1819 585 2004 643 dicere
2033 604 2048 641 :
2156 599 2354 660 tantas,
2387 601 2445 648 ut
2470 593 2598 650 dum
2627 594 2763 651 alios
2790 594 2979 652 tollitis
3008 604 3065 652 et
3092 594 3358 667 reponitis
3393 595 3554 664 alios,
3590 594 3783 666 possit

455 671 773 731 Novensiles
799 672 966 731 Musae
992 683 1137 744 sunt,
1172 675 1424 734 'i‘rebiani
1454 677 1753 750 quinimmo
1781 677 1856 735 dii
1886 687 2048 749 sunt,
2152 682 2274 753 jure
2301 683 2370 742 de
2391 686 2622 757 cunctis,
2653 701 2723 744 an
2753 687 2862 744 sint
2888 686 2998 744 ulla
3026 687 3081 744 in
3110 696 3296 761 parte,
3323 686 3574 745 dubitari.

1840 815 2398 881 COMMENTARIUS.

450 963 619 1029 ciant.
653 955 917 1029 Epitom.,
945 970 996 1012 c.
1027 956 1314 1029 50_;,Nam
1338 958 1381 1012 si
1408 973 1512 1012 non
1547 956 1743 1027 fecerit,
1778 958 2048 1029 prteceptis

449 1026 554 1109 suis
595 1026 756 1109 fidem
790 1028 1073 1109 derggabit.
1101 1027 1199 1109 Ubi
1228 1028 1350 1109 vide
1381 1026 1747 1109 Βιιιιείῐιξξῐιη.ἲ
1778 1026 1868 1101 aui
1899 1026 2050 1085 locu-

449 1099 650 1154 tionem
682 1099 834 1168 fidem
860 1099 1107 1170 d‘érogare
1137 1101 1375 1170 pluribus
1391 1101 1655 1169 exemplis
1696 1099 1953 1166 illuStrat,
1989 1117 2043 1170 p.

449 1169 608 1225 1290.
646 1169 750 1225 Pro
788 1169 997 1224 struitis
1012 1169 1274 1226 Meursius
1302 1171 1509 1226 mavult
1534 1169 2044 1227 adstruitis.OuELL.

523 1240 586 1297 Si
604 1241 938 1313 Summanus.
964 1242 1255 1297 Martianus
1280 1242 1520 1313 Capella,
1544 1242 1612 1297 de
1640 1243 1799 1313 Nupt.
1827 1243 2049 1310 Philol.,

445 1312 480 1366 Ι.
512 1328 568 1378 ιι,
605 1328 658 1381 p.
690 1312 782 1379 65,
811 1313 899 1368 ed.
934 1314 1096 1368 Bern.
1146 1332 1159 1368 :
1199 1312 1470 1369 Pluto.....
1501 1314 1587 1382 qui
1617 1312 1769 1369 etiam
1810 1314 2053 1371 Summa-

447 1399 541 1437 nus
560 1384 767 1450 dicitur,
801 1387 947 1452 quasi
973 1401 1202 1439 summus
1231 1383 1487 1439 Manium.
1522 1385 1725 1440 OutLL.

520 1454 823 1525 Exploratus
870 1457 924 1510 in
968 1457 1042 1510 rei
1085 1456 1375 1525 cognitione
1414 1456 1588 1526 deligi.
1648 1456 1879 1512 Secutus
1928 1470 2051 1514 sum

443 1527 878 1601 emendationem
927 1528 1162 1601 Meursii.
1218 1528 1321 1601 Alii
1374 1526 1822 1601 :Etcplorate...”
1857 1530 2047 1601 deﬁgi.

482 1597 585 1651 nod
611 1614 737 1653 num
777 1599 942 1655 latine
970 1599 1076 1654 dici
1107 1599 1301 1667 possit,
1320 1598 1570 1667 equidem
1591 1599 1746 1654 valde
1763 1597 2043 1657 addubito.

482 1613 585 1651 non
611 1614 737 1653 num
777 1613 942 1655 mune
970 1613 1076 1654 mc:
1107 1613 1301 1667 possn,
1320 1613 1570 1667 equidem
1591 1613 1746 1654 value
1763 1613 2043 1657 auauuno.

444 1613 647 1743 gieitur
672 1668 886 1739 quidem
913 1677 1221 1743 constanter,
1249 1670 1483 1743 ﬁrmiter,
1504 1668 1659 1724 alicui
1678 1671 1752 1725 rei
1783 1670 1939 1743 defigi
1961 1673 2046 1729 vel

446 1738 723 1807 adhaerere,
754 1755 860 1795 non
880 1750 1058 1795 autem
1084 1740 1367 1810 explorate.
1396 1740 1599 1796 ORELL.

2226 959 2462 1018 Trebiani
2508 966 2789 1037 quinimmo
2817 965 2891 1021 dii
2916 975 3053 1022 sunt.
3088 964 3285 1036 Supra,
3319 978 3439 1033 cap.
3489 962 3597 1021 38:
3630 964 3783 1021 Piso

2151 1032 2274 1110 deos
2307 1032 2606 1110 essecre'dit
2642 1053 2821 1093 novem
2849 1039 2906 1093 in
2937 1032 3324 1110 sabinis:apud
3358 1032 3596 1110 Trebiam
3636 1053 3785 1110 con-

2152 1105 2374 1181 stitutos.
2406 1106 2546 1181 [Nihil
2579 1109 3110 1181 igiturwmutandum.
3141 1105 3385 1166 Hanno.
3410 1109 3631 1166 —Male
3661 1109 3783 1181 isi-

2153 1186 2239 1230 tur
2267 1174 2369 1231 Th.
2397 1174 2665 1235 Cauteru‘s
2690 1199 2702 1234 :
2735 1178 3019 1236 Trebianis.
3052 1182 3259 1239 OuELL.

2226 1246 2798 1324 Subpersafum‘potius
2835 1252 2913 1307 vel
2948 1253 3150 1307 urbium
3176 1252 3439 1323 prmsides.
3483 1251 3575 1307 Vel
3604 1251 3779 1307 addi-

2153 1316 2234 1394 dit
2263 1319 2441 1394 editor
2471 1316 2640 1394 Lngdl
2671 1323 2789 1379 Bat.
2824 1324 3093 1379 incertum
3120 1316 3186 1379 ari
3215 1341 3284 1381 ex
3310 1324 3440 1380 Cod.
3469 1339 3571 1379 ms.
3597 1338 3667 1378 an
3701 1339 3780 1380 ex

2156 1390 2396 1466 ingenio,
2430 1390 2636 1466 tantum
2668 1394 2736 1450 ad
2767 1397 2872 1450 vim
2902 1395 3165 1451 orationis
3189 1395 3509 1466 augendam.
3538 1395 3637 1450 Est
3661 1411 3778 1450 au-

2158 1472 2263 1515 tem
2299 1463 2544 1534 trajectio
2583 1464 2866 1522 familiaris
2910 1467 3153 1523 Aruohio
3183 1463 3286 1539 pro
3318 1467 3396 1522 uel
3435 1469 3604 1540 potius
3636 1469 3778 1522 sub-

2155 1546 2415 1588 versarum
2442 1535 2643 1590 urbium
2682 1537 2947 1593 nrwsides.
2987 1539 3192 1593 ORELL.

2215 1549 2415 1588 rsarum
2442 1549 2643 1590 uratum
2682 1549 2947 1594 nrwsides.
2987 1549 3192 1594 URELL.

2229 1554 2415 1588 ‘sarttm
2442 1554 2643 1590 uratum
2680 1554 2947 1607 prwszaes.
2987 1554 3192 1594 URELL.

2229 1602 2303 1678 Et
2334 1606 2399 1678 in_
2438 1607 2494 1660 id
2534 1609 2818 1678 periculum
2861 1609 3064 1677 ducere.
3110 1608 3216 1665 Alﬁ
3260 1610 3545 1676 adducere;
3587 1609 3779 1666 editor

2158 1673 2345 1750 μακά..
2374 1676 2493 1750 Bal.
2536 1673 2833 1749 perducere,
2875 1673 3017 1750 quod
3055 1697 3086 1737 e
3129 1682 3250 1737 cod.
3286 1696 3388 1737 ms.
3422 1673 3599 1747 ﬁniit,
3627 1690 3778 1738 teste

2075 1737 2123 1797 B
2152 1737 2386 1802 Meursio
2416 1749 2471 1804 in
2504 1737 2750 1822 A'ppend.
2781 1737 2987 1808 σιιέιι..

435 1902 2045 1950 W

2201 1903 3763 1958 Ἢ
3838 1906 3849 1913 ’

1402 2039 1898 2151 LIBER
1982 2024 2422 2170 QUAE
2446 2038 2553 2154 T
2580 2049 2788 2158 US.

1830 2271 2040 2329 INDEX
2075 2256 2404 2333 CAPlTllM.

1699 2430 2537 2465 =-—__=_—__——':

442 2564 706 2639 Inceptum
753 2565 996 2624 adversus
1042 2562 1307 2637 gentilium
1336 2563 1456 2619 deos
1484 2563 1882 2633 disputationem
1924 2579 2041 2633 per-

512 2660 738 2731 sequitur
758 2658 1010 2713 Arnobius
1035 2656 1355 2727 ostenditque
1380 2656 1650 2723 Pietatem,
1679 2654 2041 2723 Concordiam,

514 2754 746 2810 Salutem
772 2751 975 2823 aliaque
1017 2750 1373 2823 hujuscemodi
1412 2751 1622 2805 numina
1665 2766 1759 2805 nec
1786 2751 1908 2822 joco
1951 2764 2044 2806 nec

514 2848 648 2902 serio
678 2847 780 2901 dici
827 2862 975 2916 posse
1017 2846 1116 2901 vim
1163 2843 1344 2899 habere
1390 2844 1615 2923 divinam
1658 2852 1706 2900 et
1754 2844 1807 2898 in
1836 2859 2046 2899 censum

509 2941 721 2995 deorum
747 2938 969 3009 referri;
1000 2953 1116 2991 cum
1169 2952 1229 2991 ea
1284 2936 1456 2991 omnia
1494 2937 1548 2991 in
1592 2936 1853 2990 hominum
1883 2935 2045 2990 actio-

515 3032 667 3088 nibus
691 3040 843 3103 atque
866 3027 1131 3098 affectibus
1161 3030 1328 3102 posita
1381 3038 1630 3085 constent.
1715 3030 1845 3101 Cap.
1887 3031 1940 3095 1,
1982 3029 2039 3084 2.

445 3124 559 3181 Nec
606 3102 774 3181 minus
822 3133 1128 3196 prtepostere
1170 3124 1233 3179 ab
1279 3124 1493 3178 ethnicis
1544 3132 1752 3194 prepter
1796 3102 2115 3178 nonnullaC
2220 3112 2487 3180 testantur.

514 3216 801 3289 benefacta,
834 3216 910 3271 uti
944 3218 1347 3283 somniaveram,
1378 3215 1550 3286 plures
1578 3216 1677 3282 dii,
1706 3216 2042 3285 quemadmo-

515 3313 638 3363 dum
666 3306 902 3379 Luperca
922 3348 936 3373 ,
965 3307 1259 3375 Praestana,
1292 3304 1479 3361 Panda
1508 3323 1596 3361 seu
1627 3305 1849 3361 Pontica
1868 3347 1882 3373 ,
1918 3304 2042 3361 Pel-

513 3402 654 3456 lonia
694 3403 910 3474 aliteque
947 3402 1239 3473 ignotorum
1285 3402 1553 3455 numinum
1600 3410 1814 3456 catervte
1858 3400 2040 3455 educe-

514 3488 720 3550 bantur.
1232 3565 1237 3566 ί
1727 3494 1859 3566 Cap.
1890 3496 1945 3562 '5,
1988 3497 2044 3552 4.

446 3566 748 3622 Garriebant
794 3574 1041 3635 praeterea
1081 3565 1315 3636 gentiles,
1365 3565 1613 3636 quosdam
1660 3582 1766 3621 esse
1810 3568 1932 3621 deos
1974 3568 2046 3621 si-

517 3660 795 3715 nistrarum
850 3660 1113 3729 regionum
1161 3658 1442 3727 prtesides,
1494 3658 1819 3712 dexterarum
1874 3659 2049 3713 inimi-

517 3769 624 3807 cos.
1829 3752 1961 3825 Cap.
1991 3754 2042 3810 5.

445 3844 522 3899 Ab
546 3843 727 3899 iisdem
748 3859 948 3915 quoque
973 3841 1245 3915 gentilibus
1272 3844 1469 3899 insusse
1494 3845 1701 3900 omnino
1727 3846 2049 3918 ﬁngebantur

515 3937 723 4007 quidam
753 3936 826 3990 dii
851 3936 1002 3992 rebus
1025 3936 1330 4007 quibusdam
1358 3954 1449 3992 nec
1474 3939 1593 3993 aliis
1623 3939 1851 4011 praefecti
1874 3956 1892 3994 :
1919 3956 2049 4015 quo.

516 4045 633 4089 rum
662 4028 942 4085 nonnullos
966 4038 1189 4084 recenset
1215 4028 1489 4087 Arnobius.
1749 4030 1879 4104 Cap.
1908 4034 1961 4099 6,
1994 4034 2046 4089 7.

445 4124 562 4180 Alia
591 4125 711 4179 item
740 4123 997 4195 ejusmodi
1024 4125 1235 4179 numina
1260 4140 1562 4183 enumerare
1601 4127 1764 4198 pergit
1795 4128 2046 4200 ridetque.

1714 4217 1843 4290 Cap.
1872 4221 1928 4288 8,
1960 4221 2045 4276 11.

446 4305 627 4379 Neque
665 4319 736 4363 est
780 4309 918 4380 quod
946 4310 1131 4382 aliquis
1175 4309 1421 4379 objiciet,
1453 4311 1571 4367 illos
1598 4311 1712 4367 ideo
1757 4316 1878 4368 deos
1919 4329 2045 4384 esse,

519 4399 657 4471 quod
685 4399 747 4454 ab
765 4400 1124 4470 haruspicibus
1144 4402 1306 4455 vocati
1319 4403 1559 4458 continuo
1573 4404 1794 4471 veniant,
1818 4415 2053 4476 certaque

514 4508 763 4565 responsa
800 4492 1038 4551 reddant.
1073 4492 1240 4560 Quam
1265 4494 1469 4565 quidem
1497 4496 1829 4567 objectionem
1858 4498 2049 4568 refellit
2073 4513 2126 4574 Ι)
2154 4518 2206 4573 Ν

521 4588 794 4643 Arnobius.

519 4870 635 4925 licet
678 4867 853 4935 loves,
887 4867 1107 4937 quinque
1137 4866 1306 4931 Soles,
1351 4866 1559 4922 totidem
1604 4866 1906 4935 Mercurios,
1944 4867 2050 4933 Mi-

520 4976 700 5017 nervas
721 4970 766 5015 et
796 4957 1074 5030 Dionysos,
1098 4967 1193 5012 etc.
1559 4958 1688 5030 Cap.
1722 4958 1808 5027 1'5,
1837 4960 1923 5025 Μ,
1959 4959 2044 5016 15.

447 5056 511 5111 At
557 5054 611 5109 hi
659 5068 834 5108 omnes
878 5050 953 5105 dii
998 5049 1227 5120 ejusdem
1272 5050 1492 5105 nominis
1530 5066 1639 5106 esse
1680 5066 1784 5106 non
1815 5060 2048 5121 possunt,

519 5154 607 5199 aut
652 5144 765 5215 quis
812 5158 876 5197 ea:
902 5142 1009 5196 illis
1051 5156 1201 5196 verus
1240 5138 1380 5195 Deus
1419 5140 1485 5196 sit
1514 5141 1719 5214 penitus
1762 5142 2046 5214 ignoratur.

520 5238 684 5311 )ltque
746 5235 802 5289 id
851 5233 1083 5307 exemplo
1147 5231 1395 5290 Minerva:
1451 5234 1721 5303 conﬁrmat
1772 5232 2045 5293 Arnobius.

1553 5327 1681 5399 Cap.
1716 5328 1923 5398 15,16,
1959 5332 2047 5388 17.

450 5425 685 5481 Occurrit
712 5424 914 5489 deinde,
931 5423 1224 5495 urgentibus
1255 5423 1490 5486 ethnicis,
1523 5420 1894 5494 incompertum
1920 5440 2051 5493 esse,

522 5535 586 5572 an
617 5516 837 5586 theologi
863 5516 1015 5572 aliive
1039 5518 1145 5571 suis
1170 5517 1222 5570 in
1267 5516 1409 5570 libris
1448 5517 1651 5589 cognita
1677 5527 1725 5572 et
1756 5518 2046 5590 explorata,

517 5610 596 5666 vel
644 5613 781 5681 facta
827 5608 1043 5678 fictaque
1089 5625 1181 5678 pro
1232 5608 1441 5665 libidine
1487 5609 1551 5666 de
1584 5610 1682 5690 diis
1728 5611 2045 5682 scripserint.

517 5752 521 5761 ,
1675 5704 1803 5773 Cap.
1840 5703 1927 5768 18,
1958 5704 2043 5761 19.

439 5792 792 5861 Demonstrat,
833 5790 977 5846 iisin
1023 5790 1164 5845 libris
1190 5791 1318 5847 nihil
1357 5795 1459 5847 veri
1507 5794 1725 5848 indicari
1771 5811 1944 5863 posse,
1993 5796 2047 5850 in

2222 2566 2401 2637 quibus
2442 2570 2598 2628 iidem
2645 2575 2720 2629 dii
2757 2577 2967 2634 summis
3006 2580 3327 2638 contumeliis
3353 2584 3526 2652 affecti
3572 2587 3769 2659 ubique

2225 2662 2415 2728 passim
2444 2664 2790 2733 perhibentur.
3370 2670 3504 2749 Cap.
3536 2679 3629 2749 19,
3659 2685 3760 2739 22.

2154 2749 2300 2805 Idem
2349 2766 2643 2822 persecutus
2675 2770 3033 2831 argumentum
3078 2766 3341 2822 concludit
3384 2770 3619 2840 publicas
3658 2773 3766 2828 hu-

2225 2845 2364 2899 mani
2382 2849 2581 2916 generis
2602 2850 2921 2908 calamitates
2947 2855 3072 2924 ipsis
3092 2856 3329 2923 ethnicis,
3356 2859 3465 2915 htec
3486 2865 3762 2920 numinum

2224 2947 2458 3007 portenta
2496 2941 2653 3011 impie
2699 2944 3000 3015 colentibus,
3050 2962 3158 3004 esse
3203 2951 3608 3023 adscribendos;
3648 2974 3761 3013 non

2224 3039 2394 3115 autem
2437 3034 2749 3105 christianis,
2778 3039 2867 3108 qui
2911 3056 2971 3094 ea
3008 3056 3108 3112 quo
3153 3059 3251 3115 par
3294 3056 3369 3101 est
3408 3048 3623 3106 horrore
3658 3051 3761 3107 de-

3251 3135 3382 3208 Cap.
3410 3139 3502 3204 22,
3532 3141 3629 3209 25,
3658 3142 3758 3198 24.

2148 3213 2267 3268 Alia
2311 3215 2556 3285 probrosa
2595 3220 2695 3276 diis
2738 3224 2844 3279 suis
2881 3227 2947 3280 ab
2973 3226 3188 3283 ethnicis
3228 3230 3418 3285 tributa
3455 3249 3763 3290 commemo-

2219 3316 2322 3361 rat.
3379 3324 3508 3396 Cap.
3538 3324 3634 3394 21,
3659 3326 3758 3382 25.

2154 3396 2263 3453 Nec
2301 3399 2510 3458 insanas
2537 3402 2748 3462 deorum
2785 3406 3020 3466 libidines
3049 3428 3110 3466 ac
3135 3415 3389 3484 furentem
3419 3412 3763 3487 petulantiam

2220 3491 2529 3548 dissimulat.
3375 3508 3506 3579 Cap.
3536 3510 3633 3577 26,
3662 3512 3758 3566 27.

2149 3582 2301 3653 Atqui
2326 3587 2434 3640 haec
2458 3588 2631 3642 omnia
2657 3601 2745 3645 aut
2784 3593 2921 3664 falsa
2961 3605 3079 3651 sunt
3117 3609 3205 3653 aut
3245 3614 3385 3655 vera.
3416 3600 3481 3657 Si
3508 3604 3761 3674 primum,

2221 3674 2295 3731 dii
2346 3687 2519 3735 tantas
2559 3689 2762 3752 tamque
2810 3684 3131 3757 impudentes
3174 3693 3461 3749 calumnias
3500 3695 3765 3753 vindicare

2219 3770 2468 3837 debuere;
2520 3775 2565 3829 si
2612 3779 2911 3847 secundum,
2961 3783 3115 3840 iidem
3171 3786 3246 3841 dii
3284 3787 3478 3855 miseri,
3534 3792 3764 3862 infames

2220 3881 2282 3919 ac
2359 3868 2736 3925 sceleratissimi
2810 3874 3043 3932 homines
3121 3880 3285 3949 fuisse
3361 3882 3758 3939 convincuntur.

3389 3971 3523 4044 Cap.
3546 3974 3641 4041 27,
3662 3975 3759 4033 28.

2154 4046 2401 4105 Homines
2448 4064 2614 4109 autem
2661 4057 2820 4127 fuisse
2862 4061 2983 4114 deos
3035 4064 3290 4133 ejusmodi
3340 4068 3765 4139 manifestissime

2223 4145 2602 4214 comprobatur.
2646 4149 2827 4206 Verum
2867 4154 3095 4209 declarat
3127 4156 3402 4226 Arnobius,
3436 4174 3492 4214 se
3514 4162 3591 4228 id,
3624 4164 3763 4233 quod

2222 4238 2380 4306 facile
2407 4241 2540 4296 alias
2565 4254 2693 4309 erat,
2730 4247 3181 4304 demonstrandum
3209 4268 3313 4306 non
3338 4255 3648 4327 suscepisse,
3668 4257 3763 4313 sed

2223 4331 2359 4387 illud
2386 4338 2760 4405 tantummodo,
2795 4340 2916 4396 deos
2946 4343 3188 4399 nimirum
3216 4362 3248 4400 u
3273 4344 3473 4402 nemine
3496 4358 3769 4404 contume-

2226 4426 2406 4484 liosius
2435 4442 2589 4500 quam
2614 4431 2677 4485 ab
2702 4433 2916 4489 ethnicis
2944 4439 3139 4492 vexari.
3260 4439 3389 4511 Cap.
3418 4438 3507 4505 29,
3535 4440 3628 4508 50,
3659 4443 3765 4500 δι.

2212 4535 2335 4590 eque
2360 4523 2460 4576 ista
2494 4538 2601 4578 esse
2631 4534 2893 4603 poetarum
2923 4530 3206 4586 continenti:
3249 4530 3495 4589 evidenter
3518 4534 3768 4592 demons-

2223 4801 2393 4872 tegum
2421 4806 2688 4861 seueritate
2713 4806 2767 4859 in
2797 4810 2985 4878 famosi
3012 4809 3235 4881 alicujus
3264 4812 3409 4876 dicti,
3440 4815 3686 4869 carminis
3712 4822 3765 4871 et

2222 4895 2381 4951 libelli
2408 4908 2642 4954 auctores
2680 4902 3180 4972 animadverterent;
3223 4906 3598 4975 patientissime
3640 4926 3762 4966 vero

2221 4994 2411 5060 ferrent
2441 5002 2586 5048 tanta
2618 4995 2830 5052 deorum
2872 4997 3125 5055 dedecora
3173 5002 3327 5057 scribi
3369 5012 3418 5057 et
3468 5004 3763 5061 decantari.

2588 5082 2594 5087 '
3372 5092 3504 5166 Cap.
3535 5094 3629 5163 ss,
3665 5098 3762 5155 35.

2155 5170 2332 5244 Neque
2362 5178 2487 5233 satis
2517 5179 2625 5235 [nec
2668 5181 2827 5251 culpa
2870 5193 2990 5238 est:
3015 5199 3077 5239 ea
3113 5186 3251 5241 enim
3287 5186 3562 5243 scribentes
3608 5200 3768 5261 atque

2224 5269 2380 5324 etiam
2408 5272 2683 5329 histriones
2712 5287 2759 5330 et
2798 5277 2980 5333 mimos
3010 5279 3188 5333 eadem
3224 5279 3281 5334 in
3314 5281 3529 5337 theatris
3563 5299 3769 5354 reprac-

2224 5372 2487 5419 senla'ntes
2513 5367 2752 5424 laudibus
2779 5386 2839 5425 ac
2867 5371 3092 5433 amentiis
3121 5372 3394 5444 augebant.
3426 5370 3520 5429 Dii
3542 5391 3689 5447 ergo,
3716 5372 3770 5431 si

2223 5452 2324 5520 ira,
2370 5456 2445 5509 uti
2475 5456 2818 5525 opinabantur
2843 5463 3052 5531 ethnici,
3081 5465 3450 5534 accendantur,
3485 5482 3590 5522 non
3617 5466 3770 5523 citri-

2223 5550 2440 5617 stianis,
2482 5553 2574 5607 sed
2614 5554 2844 5624 ipsismet
2884 5557 3099 5614 ethnicis
3144 5560 3372 5615 omnium
3417 5570 3538 5615 ante
3579 5562 3768 5617 oculos

2223 5640 2443 5696 dedecus
2466 5642 2674 5700 illorum
2703 5652 3044 5706 statuentibns
3070 5649 3223 5707 irasci
3248 5652 3514 5708 debebant.
3551 5653 3616 5710 Si
3636 5670 3761 5711 vero

2223 5726 2314 5787 ira:
2358 5745 2583 5806 expertes
2630 5748 2783 5809 sunt,
2832 5742 3129 5799 christianis
3173 5730 3365 5813 frustra
3408 5745 3541 5825 irati.
3575 5746 3766 5802 dicam

2224 5833 2325 5879 tur.
3028 5890 3037 5894 κ
3255 5837 3383 5911 Cap.
3414 5838 3506 5911 55,
3535 5838 3626 5908 56,
3662 5838 3765 5905 57.Δ
