3974 6068
301 205 443 264 1009

1635 209 1837 266 LIBER
1877 210 2224 280 QUARTUS.

3476 217 3622 279 l0l0

299 333 526 377 necesse
552 325 636 376 est
674 319 908 389 haereat,
941 337 1009 378 ex
1045 322 1240 393 quibus
1285 322 1353 380 ita
1385 322 1628 381 formatis
1658 324 1906 396 liguratio
1933 330 1982 388 Α
2009 324 2370 398 Capitolinum
2415 331 2668 401 utcapiat
2694 339 2720 368 ει
2744 330 2936 387 collem
2959 373 2974 400 ,
3011 332 3152 388 viam
3191 333 3428 405 pandere
3457 343 3620 406 atque

301 411 401 467 ista
431 421 696 482 concepta
728 424 811 468 est
839 415 1141 470 nominum.

371 503 460 559 Ill.
489 504 621 560 Nam
653 505 794 576 quod
827 506 982 562 nobis
1015 517 1260 562 catervas
1295 509 1598 580 ignotorum
1640 509 1776 566 alias
1811 511 1892 567 in-

301 597 498 653 ducitis
525 597 750 653 deorum
769 641 784 665 ,
813 599 1125 656 existimare
1154 617 1260 656 non
1293 617 1609 672 possumus,
1642 615 1894 661 utrumne

300 689 441 745 istud
473 691 646 755 serio,
677 698 836 760 atque
863 706 928 746 ex
960 693 1040 747 rei
1072 705 1362 764 comperta:
1408 694 1614 750 faciatis
1652 695 1757 751 fide
1783 714 1796 750 :
1821 711 1888 753 an

298 781 606 838 fictionibus
627 784 874 840 ludentes
889 787 1060 841 cassis
1077 787 1412 858 ingeniorum
1429 789 1719 844 lasciviatis
1737 791 1884 846 luxu.

294 874 452 943 Quod
495 876 724 947 abjectis
772 877 1064 933 infantibus
1115 880 1356 950 pepercit
1401 881 1524 950 lupa
1559 897 1664 936 non
1717 883 1885 951 mitis,

295 969 537 1041 Luperca
559 1012 572 1035 ,
602 971 810 1039 inquit,
844 971 940 1028 dea
971 981 1052 1028 est
1081 982 1300 1029 auctore
1328 974 1592 1044 appellata
1623 973 1885 1031 Varrone.

295 1064 372 1120 Ex
403 1080 582 1120 rerum
611 1079 738 1135 ergo
770 1076 1065 1136 proventu,
1096 1083 1200 1121 non
1231 1082 1299 1123 ex
1333 1069 1380 1121 vi
1409 1076 1616 1123 natura:
1658 1068 1757 1124 dea
1786 1070 1887 1123 ista

292 1166 377 1212 est
408 1156 653 1226 prodita?
681 1167 735 1212 et
766 1168 1047 1228 postquam
1073 1157 1218 1214 feros
1241 1174 1453 1214 morsus
1483 1159 1734 1214 immanis
1766 1173 1890 1230 pro-

291 1247 464 1303 hibuit
488 1249 687 1314 bellua,
719 1259 774 1304 et
795 1251 908 1321 ipsa
937 1265 1058 1306 esse
1077 1251 1302 1321 occoepit
1321 1292 1336 1315 ,
1369 1261 1424 1306 et
1453 1251 1624 1322 ipsius
1651 1251 1884 1306 nominis

288 1342 700 1414 significandam
728 1345 922 1399 traxit?
944 1345 1090 1400 autsi
1116 1344 1529 1417 luitjamdudum
1551 1346 1674 1412 dea,
1701 1347 1877 1416 prius-

287 1451 449 1507 quam
477 1437 738 1492 Romulus
765 1448 1077 1493 nasceretur
1097 1448 1150 1494 et
1182 1438 1346 1494 frater
1375 1455 1388 1492 :
1420 1439 1575 1510 cujus
1595 1437 1758 1495 fuerit
1784 1454 1881 1495 uo-

287 1529 448 1584 minis
473 1538 630 1600 atque
659 1531 1044 1601 appellationis
1081 1533 1401 1600 expromite.
1456 1532 1728 1587 Praestaua
1759 1541 1872 1600 est,

1997 420 2210 488 aperire
2235 421 2560 492 permissum
2593 431 2677 478 est
2703 440 2716 476 :
2749 423 2850 478 dea
2881 422 3061 478 Panda
3089 433 3173 480 est
3198 426 3467 496 appellata
3488 468 3504 492 ,
3525 427 3617 484 vel

2000 509 2240 566 Pantica.
2277 512 2416 568 Ante
2446 511 2585 568 facta
2620 513 2734 568 haec
2763 528 2893 584 ergo
2935 530 3227 586 numquam
3258 515 3469 573 fuerant
3509 533 3609 573 nu-

1996 605 2138 660 mina
2169 623 2185 658 :
2215 616 2268 662 et
2297 607 2399 662 nisi
2429 608 2687 663 Romulus
2712 609 2971 664 tenuisset
2994 609 3087 664 teli
3110 610 3428 681 trajectione
3450 612 3608 682 pala-

1992 699 2149 764 tium,
2191 699 2354 771 nique
2381 699 2662 770 Tarpeiam
2693 716 2882 771 rupem
2909 713 3001 756 rex
3031 701 3263 758 Sabinus
3293 703 3555 774 potuisset
3575 704 3609 744 ι’

1989 790 2255 861 accipere,
2289 791 2436 846 nulla
2465 802 2611 848 esset
2641 792 2881 855 Pantica,
2917 794 3066 848 nulla
3096 793 3419 850 Praestana?
3451 796 3519 851 Et
3547 797 3596 852 si

1992 888 2087 942 has
2115 889 2291 945 dicitis
2321 902 2447 946 ante
2476 892 2558 948 sui
2590 907 2806 948 causam
2837 893 3008 949 fuisse
3038 893 3379 964 cognominis
3406 935 3420 960 ,
3451 892 3602 963 quod

1991 978 2043 1034 in
2078 981 2255 1050 priore
2292 983 2581 1052 quaesitum
2626 991 2709 1039 est
2753 985 2965 1056 capite,
2998 985 3152 1056 cujus
3197 993 3250 1042 et
3289 984 3374 1040 hae
3403 983 3605 1040 fuerint

1991 1073 2292 1128 vocaminis
2322 1074 2577 1131 indicate.

2060 1165 2146 1220 IV.
2172 1166 2548 1223 Pellendorum
2583 1169 2816 1224 hostium
2858 1168 2957 1225 dea
2993 1179 3184 1240 potens
3218 1169 3458 1226 Pellonia
3499 1178 3609 1226 est.

1980 1256 2347 1325 Quorumnam
2375 1272 2420 1323 ο.
2458 1261 2559 1315 nisi
2598 1261 2880 1316 molestum
2921 1271 3041 1327 est,
3080 1260 3245 1316 edite.
3294 1259 3608 1332 Confligunt

1978 1359 2194 1420 partes,
2245 1361 2405 1423 atque
2448 1353 2587 1408 inter
2612 1369 2670 1408 se
2697 1356 2942 1408 cominus
2971 1369 3247 1408 armorum
3303 1353 3602 1410 collatione

1976 1447 2270 1503 decernunt
2311 1466 2323 1502 :
2365 1457 2420 1504 et
2450 1449 2564 1505 haec
2596 1449 2672 1503 illi
2717 1460 2798 1505 est
2838 1464 2962 1520 pars
2997 1449 3166 1504 hostis
3191 1491 3206 1516 ,
3255 1459 3311 1505 et
3358 1448 3447 1504 illa
3479 1447 3606 1504 huic

1976 1537 2227 1594 hostilis:
2261 1556 2397 1611 quos
2436 1555 2565 1612 ergo
2602 1541 2846 1596 Pellonia
2870 1583 2886 1605 ,
2917 1557 3039 1597 cum
3087 1540 3210 1596 hinc
3243 1550 3298 1596 et
3335 1540 3461 1597 inde
3497 1557 3600 1613 pu-

288 1632 345 1678 ιιι
375 1624 690 1694 perhibetis,
713 1624 876 1715 dicta,
904 1625 1046 1695 quod
1077 1625 1334 1692 Quirinus
1357 1627 1410 1680 in
1437 1626 1593 1696 jaculi
1617 1625 1875 1681 missione
1971 1633 2238 1703 gnabitur,
2266 1634 2456 1704 pellet,
2496 1643 2588 1688 aut
2615 1635 2670 1689 in
2699 1635 2926 1705 gratiam
2956 1649 3276 1691 concessum
3323 1643 3411 1691 est
3454 1650 3599 1708 quo-

284 1725 600 1773 cunctorum
647 1715 961 1788 praestiterit
989 1718 1229 1785 viribus;
1275 1727 1331 1775 et
1358 1717 1502 1791 quod
1533 1718 1657 1774 Tito
1686 1717 1861 1785 Tatio,
1898 1719 1946 1779 B
1973 1741 2115 1796 rum,
2139 1740 2262 1782 cum
2291 1727 2505 1798 utrique
2530 1726 2723 1784 debeat
2751 1728 2887 1800 parti
2915 1728 2998 1783 sui
3049 1727 3283 1785 nominis
3331 1726 3478 1784 vires
3520 1725 3606 1782 of-

1501 1836 1886 1900 LECTIONES
1956 1843 2378 1901 VARIANTES.

346 1954 372 1981 ³
412 1952 625 2016 Caperet
647 1951 788 2003 Futv.
2046 1961 2069 1990 ο
2107 1957 2393 2020 Quorumne
2417 1960 2534 2010 Sab.

343 2015 373 2057 ιι
408 2015 679 2068 Potivisset
701 2011 779 2065 vel
799 2017 1032 2078 cmpisset
1068 2012 1209 2065 Fulv.

1633 2125 2196 2189 COMMENTARIUS.

354 2242 623 2313 Figuratio
648 2250 892 2311 concepta
919 2249 991 2297 est
1020 2239 1305 2296 nominum.
1333 2239 1602 2298 Meursius
1640 2244 1881 2300 mavult:

277 2315 564 2368 numinum.
601 2313 805 2369 ORELL.

350 2385 517 2440 lI|.—
541 2386 678 2440 Nam
707 2386 846 2456 quod
875 2385 1019 2439 nobis
1043 2394 1272 2440 catervas
1292 2386 1586 2456 ignotorum
1627 2387 1758 2441 alias
1798 2389 1884 2443 in-

350 2403 517 2440 lll.—
541 2403 678 2440 nam
707 2403 845 2456 quoa
875 2403 1019 2439 nobis
1043 2403 1308 2440 catervas:
1348 2403 1586 2439 natorum
1627 2403 1758 2441 anas
1798 2405 1884 2443 in-

276 2458 465 2511 ducitis
507 2457 747 2512 Deorum.
796 2459 868 2511 Ita
902 2458 1105 2525 primus
1134 2403 1443 2511 emcndqavit
1486 2455 1768 2526 Gelenius,
1795 2475 1884 2516 se-

275 2529 565 2617 quentibus
586 2529 820 2589 cmteris,
845 2527 1290 2617 probanteetiam
1315 2527 1548 2617 llera‘ldo
1573 2529 1623 2582 in
1649 2530 1802 2617 Ciuis
1825 2547 1879 2585 ιι.

277 2598 458 2654 Editio
486 2600 740 2670 princeps
767 2615 1019 2654 romana:
1048 2609 1276 2653 catervas
1293 2601 1634 2670 signatorum.
1674 2602 1876 2656 URELL.

349 2670 581 2743 Luperca
625 2671 750 2725 Dea.
798 2670 1070 2734 Lactant.,
1123 2671 1216 2743 l_i_b.
1268 2687 1320 2734 ι,
1363 2685 1482 2743 cap.
1516 2671 1626 2743 “20:
1672 2671 1883 2729 Romuli

275 2740 450 2797 nutrici:
482 2742 628 2810 Lupa
660 2744 938 2797 honoribus
968 2753 1040 2796 est
1079 2740 1266 2808 alfecta
1307 2742 1526 2806 divinis;
1559 2742 1813 2809 Ovidius,
1841 2761 1880 2800 ιι

273 2813 446 2875 FaSt.,
472 2814 587 2869 Lib.
611 2815 882 2883 Inscript.,
906 2829 1023 2883 pag.
1049 2815 1170 2870 l05.
1196 2812 1445 2880 Inscript.
1465 2829 1551 2876 xi;
1579 2813 1877 2882 Pintarch.,

275 2885 327 2939 in
359 2886 625 2953 Romulo;
660 2885 931 2950 .luveual.,
965 2895 1066 2938 sat.
1104 2901 1174 2938 xi.
1213 2884 1459 2939 ELMENR.
1485 2911 1550 2925 -ω
1577 2885 1739 2941 Deam
1772 2887 1880 2941 Lu-

273 2971 488 3026 percam
538 2958 782 3013 eamdem
824 2957 988 3012 fuis~e
1035 2973 1155 3012 cum
1198 2955 1336 3011 Acca
1385 2955 1668 3021 Larentia,
1718 2956 1874 3014 docet

1983 2263 2036 2319 v_.
2071 2247 2294 2316 pandere
2318 2263 2336 2301 :
2369 2246 2518 2301 Hanc
2543 2245 2711 2319 Deam
2740 2245 2760 2318 (
2787 2245 3021 2319 Pandam
3046 2247 3066 2319 )
3097 2247 3170 2301 Αἰ
3177 2247 3278 2302 lius
3303 2255 3450 2319 putat
3479 2263 3592 2304 esse

1988 2317 2264 2384 Cererem;
2294 2319 2384 2373 sed
2412 2318 2548 2389 quod
2587 2319 2641 2372 in
2685 2317 2885 2389 asylum
2925 2320 3013 2382 qui
3047 2317 3404 2390 confugisset,
3447 2320 3602 2390 panis

1987 2391 2218 2456 daretur,
2249 2407 2356 2444 esse
2388 2406 2571 2444 nomen
2612 2391 2808 2460 factum
2845 2406 2878 2443 a
2920 2406 3057 2460 pane
3095 2392 3290 2444 dando.
3325 2389 3460 2446 Vide
3487 2393 3601 2444 Λιι-

1986 2476 2108 2516 son.
2141 2461 2361 2530 Popm..
2393 2461 2458 2516 ad
2494 2460 2586 2516 lib.
2615 2476 2653 2514 ι.
2689 2460 2977 2526 Varronis,
3008 2461 3116 2516 vol.
3168 2477 3226 2524 ιι,
3259 2476 3378 2530 pag.
3411 2461 3516 2516 ’507
3545 2468 3606 2516 et

1986 2533 2112 2597 381,
2145 2532 2211 2587 ed
2241 2532 2479 2602 Bipont.:
2510 2541 2564 2587 et
2589 2530 2654 2588 G.
2689 2531 2736 2586 J.
2772 2531 2955 2594 Voss.,
2998 2532 3066 2586 de
3108 2532 3326 2595 ldolol.,
3375 2532 3470 2586 lib.
3515 2546 3552 2586 ιι
3576 2573 3595 2600 ,

1985 2619 2104 2671 cap.
2137 2605 2206 2660 36
2233 2644 2246 2667 ,
2291 2619 2412 2674 pag.
2452 2603 2576 2658 186.
2621 2604 2823 2658 Οιιειι..
2851 2634 2920 2642 -
2947 2603 3236 2674 Dionysius
3276 2602 3547 2658 Halicarn.
3575 2643 3597 2674 ,

1988 2674 2080 2729 lib.
2125 2692 2200 2740 ιι,
2244 2673 2528 2745 pag.105,
2563 2675 2809 2730 meminit
2853 2673 3113 2745 virginem
3161 2674 3330 2738 illam,
3377 2689 3498 2744 quae
3527 2673 3598 2728 ad

1990 2744 2705 2817 capiendumCapitolinum
2736 2746 2929 2817 collem
2962 2744 3086 2800 Tito
3107 2745 3268 2817 Tatio
3294 2746 3441 2817 viam,
3467 2759 3600 2817 pan-

1987 2815 2136 2873 disse
2162 2815 2458 2881 ferebatur,
2492 2818 2560 2870 ibi
2589 2816 2823 2883 sepulcri
2853 2815 3060 2870 honore
3086 2815 3363 2874 donatam.
3393 2815 3483 2870 ubi
3510 2830 3596 2870 ce-

1989 2888 2195 2944 ciderat
2221 2931 2235 2952 ,
2287 2889 2633 2958 redditasque
2663 2888 2738 2941 illi
2769 2889 3054 2958 quotannis
3083 2901 3114 2942 ο
3146 2886 3405 2941 Romanis
3450 2885 3594 2958 infe-

1990 2960 2113 3014 rias.
2151 2959 2342 3015 Nonne
2375 2975 2503 3030 ergo
2535 2957 2841 3030 verosimile
2871 2967 2952 3012 est
2977 2999 2992 3024 ,
3024 2973 3142 3012 eam
3197 2957 3398 3013 idcirco
3432 2957 3594 3030 iPan-

271 3007 1011 3090 biiz'éiiiis'aii'uiuucfr‘eti.
1037 3007 1156 3098 ita;
1181 3007 1425 3096 ἑὲῖρειςῖ
1451 3007 1874 3099 ἑδίιζέἑίιζίᾱξ
1903 3007 1947 3070 C
1981 3007 2499 3087 ἁὲῖἐὲὲῖἳίεῖιιῖίέέέ
2546 3007 3396 3099 ἦιῐὴιῖὶὶἑ⁷ᾖεὶῖιιίιῖἕλ’ἇεάῖῥιὲιῖιῖ
3425 3007 3594 3084 nisi.

269 3099 506 3155 Gronov.
539 3099 694 3155 Conf.
727 3099 866 3165 Liv.,
898 3099 1032 3154 Hist.
1066 3115 1111 3162 ι,
1147 3114 1268 3164 cap.
1297 3099 1350 3152 4.
1380 3099 1584 3153 Οιιειι..

343 3171 427 3226 Ea:
448 3189 620 3225 rerum
641 3189 760 3242 ergo
785 3181 1027 3240 proventu
1045 3213 1059 3236 ,
1087 3180 1190 3224 etc.
1221 3169 1276 3224 ιιι
1301 3180 1382 3223 cst
1413 3173 1464 3224 ἐκ
1490 3171 1874 3243 συμβεβηκότος

270 3250 418 3298 τοῦτο
460 3244 668 3316 συνέβη.
703 3243 793 3298 Sic
817 3258 1037 3316 annona:
1055 3253 1327 3316 proventus
1348 3243 1553 3316 dixerat
1573 3257 1754 3308 supra.
1777 3243 1868 3316 lib.

271 3329 319 3378 ι,
340 3329 457 3380 cap.
470 3311 616 3378 ll,et
632 3315 914 3382 provenire.
937 3313 1028 3368 lib.
1047 3329 1083 3368 ιι
1101 3331 1113 3364 :
1132 3311 1242 3366 Nec
1257 3313 1384 3365 citra
1400 3314 1509 3382 ejus
1526 3322 1705 3365 nutmn
1723 3313 1874 3378 quid~

265 3401 419 3455 quam
450 3394 611 3456 potest
640 3386 691 3438 in
722 3389 868 3439 rebus
897 3385 975 3440 vel
1007 3385 1268 3456 provenire
1294 3384 1372 3436 vel
1401 3384 1600 3436 cadere.
1626 3383 1868 3456 lienam.

264 3486 337 3497 —
359 3457 639 3510 Proventus
666 3471 764 3523 pro
793 3471 1050 3511 successu
1078 3456 1162 3510 vel
1193 3455 1352 3508 etiam
1387 3469 1486 3523 pro
1512 3465 1708 3508 eventu
1741 3455 1870 3510 sim-

269 3527 478 3594 pliciter
504 3527 642 3597 apud
675 3529 908 3597 Optimos
949 3529 1263 3594 scriptorcs.
1298 3523 1372 3577 Ita
1403 3525 1587 3579 Czrsar
1617 3525 1684 3580 de
1715 3525 1871 3580 Bello

265 3598 430 3664 Gall.,
457 3614 527 3653 vlt
548 3640 562 3663 ,
593 3613 713 3667 cap.
739 3599 836 3653 80:
868 3599 1106 3652 Omnium
1134 3598 1361 3667 militum
1379 3597 1559 3649 intenti
1587 3597 1749 3650 animi
1776 3614 1871 3667 pu-

264 3686 380 3740 gna:
409 3666 708 3737 proventum
730 3673 1093 3738 expectabant;
1120 3678 1173 3722 et
1194 3683 1312 3738 cap.
1339 3666 1438 3723 29:
1470 3667 1659 3721 Errare
1676 3709 1692 3733 ,
1717 3666 1871 3740 siqui

263 3739 317 3795 in
341 3743 470 3796 bello
492 3743 657 3795 antnis
678 3741 928 3795 secundos
949 3759 1116 3794 rerum
1141 3750 1411 3809 proventus
1453 3749 1733 3808 expectent.
1768 3739 1869 3794 Ubi

263 3811 372 3866 vid.
409 3814 586 3867 Davis.
651 3822 705 3866 et
733 3813 938 3866 illorum
972 3814 1023 3865 in
1057 3811 1172 3866 lnd.
1205 3811 1362 3865 Conf.
1398 3809 1628 3864 Bentlei.
1661 3810 1724 3864 ad
1758 3810 1867 3864 Ma-

263 3884 385 3947 nil.,
417 3885 509 3938 lib.
545 3900 592 3951 l,
622 3899 765 3938 vers.
794 3884 941 3945 410;
972 3881 1346 3949 0ndendorp.,
1383 3882 1434 3934 in
1468 3880 1682 3950 Apulei.
1711 3881 1860 3950 Met.,

262 3956 356 4010 lib.
391 3972 453 4016 χ.
488 3970 608 4025 pag.
644 3955 785 4019 728;
819 3954 1131 4025 Biinemann
1154 3995 1168 4018 ,
1201 3953 1268 4006 ad
1302 3953 1546 4008 Lactant.
1579 3952 1735 4020 lnst.,
1769 3953 1860 4008 lib.

264 4043 332 4091 γι,
366 4043 481 4098 cap.
518 4024 585 4086 4.
619 4025 646 4098 §
679 4028 734 4087 9.
765 4041 885 4096 pag.
921 4027 1047 4098 ῃδ.
1078 4024 1277 4079 Οιιειι.

333 4095 463 4164 Ipsa
503 4095 881 4168 esse'occazpit.
941 4096 1288 4168 Verissimain
1335 4095 1472 4168 hanc
1503 4095 1793 4168 lectionem
1830 4111 1861 4151 e

261 4171 382 4225 cod.
421 4185 522 4224 ms.
569 4166 801 4223 restituit
829 4169 1090 4224 Meursius
1119 4177 1174 4221 et
1202 4166 1482 4222 Heraldus.
1516 4167 1688 4222 Antea
1718 4167 1863 4237 lege—

261 4241 416 4296 batur
443 4261 454 4295 :
489 4239 617 4304 Ipsa
645 4257 750 4294 esse
780 4241 874 4294 hoc
902 4242 1073 4306 coepit.
1112 4238 1315 4293 ORELL.

331 4312 400 4366 Et
429 4314 593 4381 ipsius
620 4313 840 4365 nominis
866 4311 1264 4378 signiﬁcantium
1293 4309 1468 4381 traxit.
1489 4307 1696 4364 Glossa:
1717 4326 1733 4381 :
1767 4308 1857 4364 Si-

259 4380 586 4453 gni/icantia,
632 4387 879 4453 Σημασία.
912 4382 1108 4436 Fabius
1157 4380 1460 4453 Victorinus
1503 4380 1764 4449 protrmio
1805 4384 1855 4436 in

1980 3118 2207 3156 numero
2233 3103 2256 3155 ?
2283 3102 2490 3157 Nomm.
2521 3117 2574 3171 p.
2604 3101 2733 3154 417.

2065 3171 2153 3226 νει
2192 3173 2427 3226 Pantica.
2463 3172 2593 3242 Ante
2621 3173 2758 3242 facta
2788 3173 2896 3225 haec
2923 3187 3045 3242 ergo
3076 3187 3353 3241 numquam
3382 3175 3592 3242 fuerunt

1978 3246 2209 3297 numina.
2263 3245 2339 3299 lta
2369 3244 2546 3298 editor
2572 3241 2742 3311 Lugd.
2787 3243 2906 3298 Bat.
2940 3241 3120 3296 Editio
3158 3241 3448 3311 princeps:
3492 3243 3580 3297 vel

1978 3313 2199 3386 Pontica
2227 3319 2506 3386 patefacta.
2533 3313 2601 3368 Et
2624 3315 2732 3386 [nec
2760 3330 2900 3384 ergo,
2933 3323 3038 3368 etc.
3073 3314 3444 3386 vitiosissime.
3474 3312 3585 3386 Ge:

1976 3385 2154 3456 lenius
2185 3384 2332 3441 delet
2350 3384 2639 3456 patefacta.
2674 3384 2776 3440 Th.
2811 3387 3076 3441 Canterus
3107 3385 3438 3456 interpungit
3456 3402 3478 3456 _:
3507 3385 3587 3439 vel

1981 3454 2220 3511 Pontica.
2255 3454 2533 3528 Patefacto
2555 3467 2602 3510 et
2624 3457 2733 3510 haec
2756 3472 2896 3527 ergo.
2927 3454 3273 3528 Stewechius
3295 3473 3308 3511 :
3338 3456 3416 3508 vel
3445 3454 3590 3528 Pan-

1974 3529 2075 3598 tica
2104 3539 2151 3582 et
2183 3531 2290 3583 lucc
2317 3525 2458 3596 ergo.
2494 3527 2693 3583 Verum
2722 3537 2769 3581 et
2799 3525 3048 3598 tanquam
3079 3525 3409 3598 superfluum
3437 3525 3586 3582 delet

1975 3597 2261 3654 Heraldus.
2288 3598 2423 3654 Cod.
2451 3614 2552 3654 ms.
2583 3599 2740 3654 habet
2764 3616 2775 3652 :
2801 3599 2843 3652 Α
2865 3608 2912 3652 te
2939 3602 3076 3669 facta
3093 3607 3138 3650 et
3165 3597 3276 3651 [nec
3301 3614 3442 3668 ergo,
3473 3607 3580 3654 etc.

1973 3670 2116 3739 quod
2151 3671 2438 3726 manifeste
2471 3686 2568 3739 pro
2599 3680 2718 3724 ante
2748 3674 2908 3738 facta.
2940 3667 3146 3724 Οιιειι..

2045 3740 2238 3812 Nique.
2273 3741 2348 3796 lta
2379 3742 2662 3811 legendum
2695 3757 2814 3796 cum
2845 3739 3070 3812 Gelenio
3100 3755 3198 3811 pro
3225 3756 3406 3812 neque,
3435 3739 3582 3812 quod

1971 3811 2458 3883 autea'legebatur.
2491 3811 2674 3882 Neque
2695 3821 2840 3868 esset
2865 3811 3150 3882 apodosis,
3179 3827 3300 3883 quae
3328 3811 3431 3867 hoc
3457 3811 3580 3867 loco

1970 3882 2325 3938 alienissima.
2358 3883 2565 3938 ORELL.

2053 3953 2370 4008 Vocaminis.
2406 3955 2578 4024 Supra
2610 3953 2705 4008 lib.
2733 3969 2786 4020 ι,
2819 3967 2939 4019 cap.
2971 3955 3033 4008 3:
3071 3951 3208 4024 Gens
3249 3960 3426 4006 nostra
3454 3953 3580 4024 feli-

1968 4025 2120 4078 citate
2151 4026 2337 4078 donari
2367 4023 2522 4079 huius
2548 4024 2828 4079 vocaminis
2853 4025 3062 4078 meruit.
3094 4023 3300 4078 Οιιειι..

2041 4095 2202 4151 ιν.-
2234 4091 2597 4150 Pellendorum
2623 4096 2843 4148 hostium
2868 4095 2965 4147 dea
2992 4103 3168 4162 potens
3196 4091 3435 4148 Pellonia
3479 4105 3576 4150 est.

1968 4166 2276 4230 Augustin..
2318 4167 2384 4219 dc
2433 4165 2546 4221 Civ.
2583 4166 2705 4230 Dei,
2762 4165 2854 4219 lib.
2887 4179 2962 4229 tv,
3008 4164 3258 4234 cap.72l:
3287 4163 3415 4218 Cum
3443 4167 3578 4221 enim

1965 4247 2094 4291 esset
2142 4237 2428 4292 invocanda
2477 4245 2685 4305 prapter
2739 4240 2898 4306 fessos
2949 4233 3087 4289 diva,
3115 4233 3405 4301 Fessonia,
3454 4253 3576 4306 pro-

1967 4309 2254 4374 pterhostes
2267 4309 2597 4377 depellendos
2631 4307 2748 4360 diva
2781 4305 3042 4361 Pellonia.
3069 4309 3292 4362 ELIENH
3328 4305 3568 4362 —COnf.

1964 4377 2148 4450 Voss,
2176 4379 2244 4435 de
2272 4378 2487 4445 Idolol.,
2517 4379 2611 4432 lib.
2643 4393 2748 4440 vn,
2778 4393 2897 4449 cap.
2929 4381 3020 4442 18.
3052 4395 3173 4450 pag.
3208 4379 3330 4434 763.
3359 4377 3565 4435 Οιιειι..

2038 4449 2158 4505 Nisi
2189 4452 2455 4505 molestum
2480 4460 2571 4506 est.
2602 4450 2870 4520 Scriplain
2902 4449 3192 4506 lectionem
3222 4464 3332 4519 prae
3358 4453 3574 4518 vulgata

1962 4536 2096 4576 auro
2126 4532 2312 4577 contra
2346 4522 2716 4578 redimendam
2748 4536 2982 4576 censeo:
3013 4522 3058 4575 si
3085 4537 3147 4574 ne
3178 4521 3448 4574 molestum
3469 4531 3565 4574 est.

1962 4593 2025 4647 Si
2063 4610 2127 4648 ne
2163 4593 2387 4647 vocibus
2424 4593 2707 4662 disjunctis
2761 4606 2868 4646 non
2923 4592 3115 4662 minus,
3150 4602 3298 4645 recte
3346 4589 3568 4662 dicitur,

1960 4679 2120 4733 quam
2148 4681 2177 4718 a
2207 4663 2446 4719 Titiunio
2471 4661 2526 4720 et
2555 4663 2746 4718 Plauto
2776 4663 2934 4727 nevis,
2968 4661 3169 4733 nevult.
3187 4675 3296 4733 pro
3326 4675 3434 4714 non
3461 4661 3569 4733 vis,

1961 4729 2067 4789 non
2100 4737 2230 4790 vult.
2268 4735 2515 4802 Nepurus
2542 4749 2640 4803 pro
2671 4747 2778 4787 non
2811 4747 2974 4802 purus
3004 4731 3142 4801 apud
3187 4729 3427 4803 Festum.
3475 4731 3568 4803 Itis

1958 4805 2080 4860 dem
2112 4823 2174 4859 ne
2202 4815 2336 4860 recte
2355 4800 2424 4860 cx
2468 4800 2674 4871 Plauto,
2729 4819 2792 4874 ne
2813 4800 2819 4802 ⁷
2832 4806 3013 4874 funera
3042 4800 3110 4874 in
3159 4817 3347 4874 versu;
3369 4800 3570 4874 Catulli

1959 4877 2343 4944 interpretatus
2372 4875 2717 4930 doctissimus
2745 4871 2910 4928 Janus
2954 4873 3207 4928 Mellerus
3257 4871 3561 4944 Palmerius

1958 4947 2010 5001 in
2041 4942 2150 5002 suis
2193 4947 2527 5016 Spicilegiis,
2561 4961 2682 5015 pag.
2727 4944 2816 5001 39.
2865 4945 3071 5016 Siknon
3115 4956 3214 5012 pro
3261 4943 3363 4996 nisi
3407 4942 3565 5000 Cice-

1957 5034 2142 5072 ronem
2163 5060 2180 5085 ,
2211 5013 2458 5074 Plautum
2482 5059 2496 5082 ,
2537 5013 2850 5073 Terentium
2875 5057 2888 5077 ,
2917 5013 3189 5086 Cajsarem
3233 5028 3560 5086 usurpasse,

1954 5089 2090 5144 alias
2113 5084 2269 5145 docui
2298 5092 2348 5144 in
2377 5091 2600 5160 gratiam
2625 5087 2944 5158 juventutis.
2976 5084 3270 5160 S'rrzwucn.

2031 5162 2133 5214 Aut
2157 5163 2210 5216 in
2237 5156 2457 5232 gratiam
2481 5156 2784 5214 concessum
2825 5167 2898 5212 est
2939 5172 3195 5232 quorum._
3217 5156 3274 5211 ld
3300 5165 3420 5232 est_:
3446 5157 3564 5232 qui-

1957 5232 2055 5288 bus
2082 5227 2308 5302 gratiam
2341 5242 2393 5287 et
2423 5231 2662 5286 favorem
2690 5245 2849 5302 suum
2882 5228 3400 5302 accommodatum}?
3446 5227 3558 5285 Ne-

1957 5319 2062 5373 que
2085 5297 2235 5359 cnim
2261 5305 2418 5358 aliter
2446 5300 2702 5369 esplicari
2734 5299 2894 5373 debet
2927 5299 3044 5354 hinc
3075 5298 3302 5368 phrasis.
3335 5297 3468 5354 Nam
3502 5309 3564 5357 ut

1958 5371 2235 5429 concedere
2264 5390 2360 5441 pro
2389 5374 2566 5428 cedere
2594 5371 2920 5441 accipiamus
2944 5411 2959 5436 ,
3012 5386 3223 5439 mquam
3273 5386 3379 5426 non
3431 5379 3518 5426 est
3542 5391 3559 5428 :

1957 5448 2080 5516 quia
2113 5447 2180 5499 de
2209 5445 2446 5500 Pellonia
2481 5443 2601 5498 heic
2630 5443 2826 5516 agitur,
2863 5455 2969 5516 non
3000 5441 3066 5516 de
3095 5441 3333 5516 Cedonia
3354 5483 3368 5505 ,
3399 5452 3460 5496 ut
3487 5443 3560 5516 ita

1959 5512 2160 5570 ludam.
2185 5517 2363 5582 Quare
2390 5512 2697 5570 existimavi
2723 5512 3008 5583 aliquando
3035 5513 3351 5583 legendum:
3386 5523 3477 5566 aut
3501 5513 3557 5566 in

1958 5588 2120 5640 aciem
2167 5603 2473 5640 concessnra
2517 5596 2589 5640 est
2629 5582 2886 5654 quorum?
2923 5582 3033 5639 Nec
3075 5582 3162 5640 me
3192 5586 3346 5638 istius
3374 5583 3561 5652 ('Ottje~

1959 5669 2126 5713 σιω-ω
2153 5658 2327 5713 adhuc
2353 5658 2593 5728 paenitet.
2627 5654 3441 5728 licitum—litecsuntmera:
3466 5668 3562 5728 ar:

1959 5730 2136 5803 guticc.
2167 5730 2327 5802 Atqui
2354 5719 2408 5786 in
2432 5727 2656 5804 gratiam
2680 5741 2867 5784 eorum
2909 5727 3158 5785 concedit
3180 5724 3260 5796 (id
3284 5731 3371 5779 est
3399 5719 3569 5791 cedit)

259 4452 353 4510 lib.
384 4472 398 4510 ι
426 4452 708 4510 Ciceronis
736 4454 804 4508 de
846 4453 1199 4508 luventione:
1231 4452 1329 4506 Ars
1367 4461 1463 4518 est,
1505 4467 1618 4522 qua:
1655 4453 1857 4522 signiﬁ-

259 4530 480 4580 cantium
501 4526 582 4580 sui
607 4525 810 4593 plenam
839 4542 937 4579 non
962 4525 1108 4578 habet
1136 4564 1147 4576 .
1177 4563 1189 4576 .
1215 4563 1227 4576 .
1261 4522 1385 4577 llaec
1411 4539 1510 4576 vox
1534 4525 1730 4593 generis
1758 4525 1855 4577 tri-

261 4601 438 4666 plicem
477 4597 876 4667 signi/icantiam
909 4597 1076 4650 habet.
1115 4595 1355 4651 Lactant.
1384 4636 1399 4660 ,
1451 4593 1605 4656 Inst.,
1651 4595 1743 4648 lib.
1780 4610 1850 4661 tv,

259 4684 380 4735 cap.
421 4670 529 4723 ‘26:
576 4667 918 4738 Quacumque
956 4669 1090 4721 enim
1132 4675 1473 4738 passusrest,
1505 4682 1613 4738 non
1651 4667 1857 4734 fuerunt

255 4741 468 4805 inania,
500 4741 588 4792 sed
628 4736 912 4793 habuerunt
953 4740 1174 4808 ﬁguram
1215 4749 1260 4790 et
1303 4736 1699 4805 signiﬁcantia»:
1744 4754 1856 4790 ma-

255 4828 444 4881 gnam;
491 4819 545 4865 et
582 4811 772 4864 eodem
815 4826 959 4878 cap.,
1003 4810 1150 4880 ἕης
1197 4808 1343 4881 Sicut
1372 4823 1528 4881 opera
1556 4808 1673 4881 ejus
1695 4808 1854 4878 signi-

255 4877 519 4952 ﬁcantium
549 4898 746 4952 quoque
772 4877 982 4950 majoris
1007 4877 1272 4950 potestatis
1303 4879 1605 4952 (tribuerunt.
1635 4877 1853 4952 Hispano

255 4949 310 5009 ct
341 4949 580 5010 Emerui.
601 4949 1235 5015 ——'Conf.iBitnetnann.,
1260 4950 1325 5004 ad
1350 4949 1594 5004 Lactant.
1623 4991 1638 5014 ,
1669 4951 1761 5004 lib.
1799 4966 1848 5015 ι,

255 5041 375 5096 pag.
411 5028 516 5084 555
539 5067 554 5091 ,
589 5033 644 5077 et
674 5024 924 5089 Mercer.,
959 5022 1025 5078 ad
1048 5022 1277 5078 Nouium
1309 5021 1574 5089 Marcell.,
1606 5035 1726 5092 pag.
1760 5020 1847 5076 82.

251 5097 618 5226 miriﬁcam.
655 5172 825 5236 Hujus
854 5167 982 5224 Dea:
1013 5167 1340 5222 mentionem
1381 5163 1521 5235 apud
1550 5162 1684 5218 alios
1714 5161 1853 5217 frus-

254 5249 335 5296 tra
365 5245 611 5311 quaesivi.
647 5242 850 5298 Oneu.

327 5304 435 5386 Dea
468 5313 673 5369 Panda.
707 5314 946 5386 Glossze:
981 5310 1432 5386 Ιξᾳηάαηεὶρῂνης
1462 5309 1568 5362 θεά.
1602 5304 1848 5361 Emesa.

251 5385 514 5454 —Hujus
559 5386 685 5441 Deae
731 5384 973 5440 meminit
1011 5383 1182 5437 Varro
1209 5382 1260 5436 in
1283 5381 1627 5454 Fragmenta
1653 5389 1856 5450 Σκιομα-

161 5473 163 5475 ’
253 5461 376 5530 χίας
404 5449 572 5513 citato
612 5458 679 5514 ab
708 5460 772 5512 A.
805 5457 977 5512 Gellio
999 5498 1013 5519 .
1047 5454 1144 5508 lib.
1179 5468 1307 5518 xm,
1337 5466 1457 5520 cap.
1491 5449 1556 5505 21
1587 5468 1601 5504 :

375 5568 448 5618 Te
476 5568 615 5618 Anna
638 5568 888 5620 Perenna.
916 5565 1084 5615 Panda
1106 5579 1166 5616 ιιι
1188 5577 1306 5625 λιτὰ,
1331 5563 1482 5613 Pales

378 5631 626 5682 Ncriones
650 5638 702 5682 et
726 5631 967 5690 Minerva,
992 5627 1208 5678 Fortuna
1232 5641 1288 5676 ac
1313 5627 1485 5679 Ceres.

252 5740 397 5798 Idem
425 5741 616 5812 Varro,
644 5742 713 5797 de
741 5741 858 5796 Vita
889 5740 1022 5810 Pop.
1055 5751 1220 5804 rom.,
1250 5735 1342 5791 lib.
1373 5751 1389 5790 ι
1417 5775 1432 5804 ,
1462 5749 1548 5806 ap.
1585 5731 1815 5791 Nonium
1836 5772 1854 5803 ,
