3974 6068
464 202 603 263 11111
1610 193 1892 251 ARNOBlI
1924 193 2082 251 ADVI

2195 192 2294 250 .US
2324 191 2606 250 GENTES
3638 192 3789 253 Μ)ὶῖ

460 321 757 389 ﬁdumque
799 312 1095 389 νηδωεῖ
1124 310 1280 382 Quod
1321 313 1367 368 si
1398 310 1583 383 utique
1612 310 1801 367 iecerit
1825 351 1843 377 ,
1892 309 1945 369 id
1976 320 2063 369 est
2087 315 2142 376 Α
2163 325 2347 376 sensu,
2381 326 2555 382 nerine
2579 311 2681 382 ipsi
2711 324 2812 367 nos
2834 309 3195 382 assequimur,
3227 323 3326 365 nec
3355 322 3386 362 a
3415 307 3575 369 vobis
3596 312 3787 369 conﬁ-

463 410 710 484 partibus
740 408 788 465 si
816 405 1057 477 utrisque
1090 402 1333 460 favorem
1375 417 1440 460 ac
1479 400 1790 475 suﬁ‘ragium
1820 417 2064 459 commo—
2164 405 2342 460 dimus
2372 418 2531 474 posse
2567 404 2620 458 in
2648 403 2882 474 aliquam
2916 403 3090 459 lucem
3129 402 3437 458 communis
3463 400 3784 473 intelligen-

464 504 647 569 darit,
679 499 918 558 nominis
952 498 1039 556 sui
1068 497 1178 554 vim
1206 495 1425 567 perdet,
1457 495 1601 567 quod
1632 496 1800 568 partis
1822 496 1981 553 unius
2010 497 2064 551 in
2166 498 2255 554 tiae
2289 497 2526 567 perduci.
2566 497 2687 555 iam
2726 499 2956 570 primum
2982 499 3132 557 enim
3171 498 3405 555 mundus
3432 497 3553 570 ipse
3583 512 3686 569 per
3718 514 3780 554 se

465 595 719 669 pulsione
743 590 1034 649 formatum
1061 598 1168 651 est.
1200 587 1314 644 Nisi
1355 587 1496 645 forte
1520 587 1713 645 dicetis
1734 630 1750 654 ,
1785 587 2064 645 Romano-
2165 590 2269 646 sibi
2294 605 2472 662 neque
2493 590 2768 656 dexteras.
2800 608 2979 664 neque
3001 594 3186 659 laevas,
3214 606 3389 664 neque
3415 606 3653 662 superas
3682 607 3774 648 re-

463 705 589 750 rum
614 697 821 749 tantum
851 694 937 744 est
962 684 1063 741 dea
1091 683 1230 751 haec,
1260 690 1463 739 etcum
1490 682 1624 739 solis
1651 680 1949 751 Quiritibus
1979 680 2064 735 τει-
2164 683 2389 755 giones,
2438 700 2616 756 neque
2658 687 2830 753 imas,
2879 701 3054 758 neque
3093 687 3303 745 anticus
3343 686 3548 755 habet,
3592 702 3780 757 nque

466 785 621 842 ciens
667 779 921 854 gratiosis
961 791 1178 848 semper
1224 774 1669 846 opitulationibus
1720 784 1924 845 praesto
1960 783 2063 830 est.

465 876 603 935 Esse
630 874 847 947 quidem
878 872 981 929 hoc
1019 871 1093 929 ita
1118 910 1136 937 ,
1170 868 1315 941 quod
1350 868 1557 925 nomini
1594 868 1875 933 favemus,
1908 878 2066 939 opta-

466 984 625 1037 mus;
670 978 727 1024 at
757 966 1113 1038 quaestionem
1148 978 1258 1020 non
1287 962 1539 1033 exiguam
1579 976 1670 1017 res
1713 960 1896 1017 habet.
1927 960 2068 1030 Quid

465 1062 611 1117 enim
635 1058 858 1116 Romani
887 1056 1020 1112 deos
1049 1053 1328 1126 possident
1353 1053 1677 1124 peculiares,
1718 1052 1810 1125 qui
1841 1052 2068 1109 aliarum

467 1154 710 1228 gentium
749 1166 859 1208 non
904 1149 1047 1209 sint?
1088 1157 1144 1205 et
1183 1147 1638 1221 quemadmodum
1669 1155 1970 1220 poterunta
1996 1147 2070 1202 dii

464 1262 609 1315 esse,
636 1246 813 1304 sinon
833 1246 1107 1312 omnibus,
1134 1256 1255 1315 quae
1277 1242 1476 1314 ubique
1495 1252 1622 1298 sunt
1645 1250 1856 1313 gentes,
1886 1257 2070 1314 aequa-

465 1339 731 1397 bilitatem
760 1335 843 1392 sui
872 1335 1109 1392 numinis
1139 1332 1509 1391 exhibebunt?
1533 1343 1587 1390 et
1618 1332 1708 1389 ubi
1727 1348 1914 1405 qumso
1929 1335 2073 1405 jam-

467 1430 671 1488 dudum
696 1428 934 1486 Pellonia
964 1427 1081 1484 haec
1111 1426 1240 1493 fuit,
1270 1441 1396 1481 cum
1423 1425 1565 1497 apud
1591 1425 1853 1482 Furculas
1876 1424 2073 1483 Caudi-

469 1538 572 1583 nas
592 1524 759 1581 decus
780 1521 1055 1593 publicum
1076 1519 1419 1593 subiugatum
1441 1519 1565 1575 est?
1587 1534 1710 1576 cum
1739 1519 1880 1591 apud
1908 1521 2073 1578 Thra-

472 1616 685 1673 snmeui
716 1615 891 1671 lacum
935 1612 1216 1685 sanguinei
1263 1625 1555 1667 cucurrere
1587 1613 1905 1667 torrentes?
1949 1629 2072 1670 cum

2169 779 2427 850 posticas.
2475 779 2745 851 Quidquid
2793 781 2939 839 enim
2982 790 3125 839 teres
3154 792 3269 848 est,
3314 789 3479 852 atque
3515 795 3584 839 ex
3627 782 3791 839 omni

2171 879 2325 940 parte
2378 871 2728 939 rotunditatis
2778 873 2968 930 solida:
3022 874 3358 931 convesione
3402 873 3737 931 conclusum
3765 916 3783 941 ,

2172 965 2379 1023 nullum
2418 966 2580 1023 habet
2618 968 2830 1026 initium
2856 1010 2873 1035 ,
2924 969 3131 1027 nullum
3176 968 3376 1034 ﬁnem;
3420 968 3512 1025 ubi
3544 967 3714 1033 linis,
3743 978 3800 1023 et

2173 1056 2383 1113 initium
2415 1059 2625 1115 nullum
2657 1069 2786 1127 est,
2837 1075 2961 1117 esse
2986 1061 3163 1131 aliqua
3192 1060 3371 1131 portio
3390 1061 3473 1118 sui
3501 1060 3755 1119 nominis
3776 1103 3794 1126 ,

2171 1161 2230 1208 et
2259 1152 2471 1209 initium
2498 1168 2608 1213 non
2638 1163 2837 1224 potest.
2865 1154 3051 1224 itaque
3073 1170 3199 1212 cum
3227 1154 3462 1211 dicimus
3476 1165 3526 1219 ο.
3554 1153 3798 1212 dextera

2173 1242 2291 1301 haec
2318 1245 2468 1316 regio
2493 1253 2578 1302 est
2603 1287 2619 1311 ,
2661 1256 2717 1302 et
2742 1247 2831 1304 illa
2864 1247 2999 1304 leva
3022 1287 3039 1313 ,
3083 1262 3193 1303 non
3222 1246 3290 1303 ad
3320 1245 3510 1305 mundi
3546 1247 3799 1305 habitam

2174 1335 2409 1393 dicimus
2432 1337 2524 1408 qui
2549 1339 2634 1396 sui
2661 1338 2974 1397 simillimus
3004 1346 3151 1395 totus
3180 1347 3297 1404 est,
3331 1336 3427 1399 sed
3455 1336 3525 1395 ad
3555 1337 3794 1407 positio-

2175 1444 2303 1487 nem
2339 1439 2582 1489 nostram
2607 1471 2621 1498 ,
2664 1430 2937 1501 situmque
2977 1443 3335 1495 revocamus,
3373 1420 3467 1499 qui
3511 1426 3799 1487 informati

2176 1521 2256 1575 sic
2281 1534 2470 1577 sumus
2494 1558 2511 1586 ,
2559 1529 2619 1575 ut
2646 1520 2749 1575 alia
2770 1520 2993 1578 dextera
3017 1561 3035 1589 ,
3062 1520 3165 1577 alia
3195 1519 3353 1579 nobis
3377 1518 3635 1577 dicantur
3664 1535 3791 1577 esse

2177 1613 2344 1681 lava;
2377 1630 2498 1685 quas
2527 1623 2705 1672 tamen
2739 1615 2854 1671 hiBC
2885 1614 3007 1686 ipsa
3032 1630 3154 1686 qua:
3180 1615 3311 1670 laeva
3338 1614 3705 1686 appellamus,
3740 1625 3795 1670 et

471 1707 750 1765 Diomedis
777 1705 952 1779 campi
985 1704 1224 1760 romanis
1261 1702 1616 1759 cadaveribus
1649 1705 1887 1779 aggerati
1910 1707 2073 1762 sunt?
2102 1702 2151 1763 B
2177 1707 2400 1765 dextera
2427 1707 2533 1764 alia
2557 1749 2573 1777 ,
2602 1708 2657 1764 in
2686 1707 2844 1765 nobis
2871 1707 3002 1765 nihil
3027 1708 3229 1765 habent
3251 1720 3575 1781 perpetuum
3601 1748 3619 1776 ,
3652 1708 3785 1765 nihil

473 1814 598 1855 cum
628 1798 778 1853 mille
803 1797 907 1851 alia
933 1796 1155 1852 vulnera
1186 1795 1498 1866 praeliorum
1532 1796 1829 1853 innumeris
1853 1808 2077 1870 accepta

476 1901 605 1948 sunt
631 1889 915 1945 cladibus?
943 1887 1285 1955 dormiebat,
1311 1888 1617 1953 stertebat,
1650 1896 1743 1945 aut
1771 1889 1914 1960 quod
1953 1890 2081 1947 vilia

476 1983 661 2040 facere
688 1989 947 2037 consueta
975 1989 1101 2035 sunt
1128 1981 1304 2052 capita
1327 2022 1342 2048 ,
1376 1980 1429 2035 in
1464 1979 1679 2037 hostilia
1708 1992 1887 2038 castra
1926 1983 2081 2040 delu-

478 2085 629 2149 gerat
645 2074 675 2115 b
699 2076 722 2128 ?

548 2159 730 2224 V.'Dii
758 2168 900 2234 laevi,
939 2176 995 2223 et
1039 2168 1223 2231 lmvm,
1266 2167 1611 2222 sinistrarum
1652 2178 1858 2225 tantum
1900 2171 2077 2243 regio-

478 2272 609 2317 num
633 2268 759 2316 sunt
789 2258 1084 2329 praesides,
1130 2266 1186 2315 et
1214 2254 1419 2319 inimici
1447 2260 1677 2331 partium
1708 2261 2075 2320 dexterarum.

479 2350 636 2420 Quod
670 2364 903 2424 quanam
954 2350 1098 2407 istud
1146 2351 1353 2408 ratione
1394 2348 1636 2423 dicatur,
1695 2369 1872 2427 quove
1913 2357 2079 2413 animi

2180 1799 2392 1866 ﬁxum;
2435 1799 2530 1855 sed
2562 1810 2721 1871 prout
2748 1814 2859 1855 nos
2884 1815 3042 1855 casus
3062 1842 3075 1865 ,
3112 1808 3276 1871 atque
3305 1809 3536 1855 eventus
3560 1800 3798 1855 colloca-

2183 1895 2323 1951 verit
2354 1895 2614 1965 temporis
2634 1938 2649 1961 ,
2680 1895 2749 1948 ita
2784 1894 2985 1950 nostris
3025 1905 3247 1951 sumunt
3277 1893 3345 1949 ab
3371 1892 3798 1963 lateribuS‘ﬁgn-

2186 1988 2444 2043 rationes.
2499 1987 2554 2044 Si
2584 1989 2853 2043 orientem
2893 1986 3065 2042 solem
3092 2000 3422 2057 respexere,
3465 1984 3636 2040 cardo
3677 1985 3803 2038 mihi

2190 2079 2405 2149 frigoris
2428 2120 2443 2144 ,
2494 2087 2550 2134 et
2569 2081 2869 2149 septentrio
2902 2078 2960 2131 ﬁt
2987 2078 3155 2132 laevus
3181 2096 3195 2133 :
3225 2077 3277 2131 in
3307 2091 3466 2147 quem
3494 2077 3544 2130 si
3571 2091 3669 2130 ora
3700 2086 3804 2130 tra-

2193 2169 2400 2226 duxero
2423 2212 2437 2236 ,
2483 2170 2587 2225 erit
2624 2169 2755 2225 mihi
2784 2169 3004 2224 sinister
3030 2182 3255 2223 occasus
3280 2208 3294 2233 ,
3343 2167 3432 2237 qui
3462 2166 3533 2221 ab
3559 2166 3679 2220 sole
3705 2182 3804 2235 po-

2187 2271 2500 2333 sterganeus
2540 2260 2839 2317 habebitur.
2886 2261 3092 2316 Rursus
3123 2273 3252 2314 vero
3279 2259 3323 2314 si
3352 2259 3539 2328 jecera
3579 2258 3799 2329 plagam

2189 2356 2255 2412 ad
2277 2355 2554 2413 occiduam
2580 2355 2800 2423 lumina,
2845 2354 2896 2410 iu
2922 2352 3243 2410 vocabulum
3273 2350 3477 2406 sinistri
3503 2361 3720 2417 auster,
3755 2360 3807 2407 et

1739 2468 2128 2529 LECTIONES
2168 2466 2590 2528 VARIANTES.

550 2587 579 2617 ⁸
620 2554 900 2639 Potuerunt
919 2582 1037 2636 Sab.

549 2647 581 2687 ι’
618 2646 914 2713 Perfugerat
944 2643 1050 2698 alii.

2260 2590 2283 2618 °
2319 2585 2554 2639 Dicemus
2590 2584 2704 2637 Sab.

1873 2750 2440 2813 COMMENTARIUS.

486 2877 760 3008 gellonia,
804 2875 999 2946 quibus
1043 2872 1186 2929 lavet
1222 2884 1560 2943 quorumque
1609 2871 1794 2929 hostes
1845 2875 2077 2945 repellit.

540 2963 695 3007 usus.

540 2963 695 3007 ιειι.

2189 2870 2315 2942 quid
2338 2872 2438 2927 sibi
2471 2871 2619 2937 velit,
2646 2868 2895 2942 equidem
2924 2869 3137 2927 nescire
3175 2884 3261 2925 me
3290 2869 3463 2942 lateor
3493 2882 3620 2923 cum
3656 2869 3807 2941 igna-

2192 2940 2445 3007 rissimis,
2473 2953 2527 2997 et
2556 2952 2704 3011 puto,
2743 2941 2845 2996 huc
2871 2957 3162 3010 operarum
3194 2957 3314 2997 esse
3341 2940 3556 3006 vitium,
3583 2950 3642 2997 et
3667 2940 3807 2997 seri-

566 2992 717 3088 ὖῖὧὶί
742 3018 785 3072 si
810 3018 980 3086 utique
1005 3015 1198 3086 fecerit.
1248 3011 1325 3069 Ita
1348 3010 1492 3089 edidi
1522 3027 1645 3068 cum
1675 3012 1883 3089 editore
1910 3016 2082 3089 Lugd.
2116 2992 2161 3055 C
2195 2992 3641 3089 sint";fascinat.3_'saia;a_siifz"asjunaan;
3659 2992 3803 3084 (sai.

494 3084 610 3150 Bat'.
654 3090 830 3160 Vulgo
862 3084 1176 3160 (utrimque,
1224 3084 1365 3156 quod
1416 3086 1589 3160 plane
1619 3087 1856 3160 otiosum
1903 3084 2093 3145 est'ac

493 3154 846 3236 superﬂuunt,
896 3175 1019 3215 cum
1074 3154 1496 3236 idem'pi-ursus
1540 3154 1750 3212 dicatur
1804 3158 1857 3212 in
1912 3161 2093 3236 verbis

448 3280 457 3289 .
495 3228 739 3303 proxime
784 3248 907 3289 cum
955 3228 1402 3289 antecedentibus
1433 3269 1449 3294 ,
1527 3237 1640 3285 tum
1686 3231 2041 3299 sequentibus
2073 3273 2090 3298 ,

492 3307 697 3363 Onam“

570 3376 721 3442 Quod
775 3375 935 3444 partis
986 3374 1135 3428 unius
1174 3368 1227 3424 in
1272 3371 1503 3444 pulsione
1541 3373 1819 3444 [armatum
1859 3382 1953 3444 est.
2003 3373 2094 3429 Sic

503 3439 689 3505 Editur
711 3439 879 3514 Lugd.
907 3444 1021 3514 Bat.
1047 3439 1476 3514 optinie.‘Ca:teri
1500 3439 1603 3499 una
1622 3442 2090 3514 voceimpulsionc,

495 3519 651 3590 quod
673 3512 887 3573 falsum.
916 3513 1034 3590 Non
1064 3514 1207 3590 enim
1242 3512 1781 3590 impellgndoruuujd
1805 3524 2094 3590 estaggre-

495 3582 845 3647 dieudornm.
870 3585 966 3641 sed
997 3582 1395 3653 pellendoirutn,
1432 3583 1534 3639 hoc
1572 3594 1656 3639 est
1712 3582 2088 3653 l‘ugandorum,

500 3661 733 3716 hostium
776 3659 881 3717 Dea
926 3652 1183 3721 Pollionis.
1216 3652 1336 3709 Fui.
1370 3652 1551 3711 Ursin.
1588 3674 1602 3711 :
1644 3653 1726 3709 Ea:
1760 3652 2089 3722 impulsione.

498 3730 793 3789 Dicendum
824 3726 999 3797 patius
1037 3727 1228 3785 luisset
1260 3741 1287 3779 ε
1322 3727 1572 3796 pulsions.
1605 3726 1713 3782 Sed
1748 3725 2090 3796 praepositio-

496 3817 594 3860 nes
624 3803 752 3857 istas
780 3798 1079 3871 saepissime
1110 3798 1401 3867 permutari
1432 3798 1502 3871 alo
1524 3797 1765 3855 Arnobio
1790 3812 1949 3868 supra
1977 3799 2091 3869 jam

497 3874 563 3929 ad
592 3873 685 3927 lib.
721 3888 734 3925 ι
764 3878 819 3926 et
844 3866 902 3923 ft.
937 3869 1279 3923 observatum
1312 3878 1412 3922 est.
1446 3866 1655 3925 OBBLL.

568 3944 723 4011 Apud
772 3939 1328 4011 Furculas_Caudinas.
1361 3941 1676 4011 Augustin,
1703 3938 1772 3996 de
1815 3938 1933 3994 Civ.
1969 3940 2089 4007 Dei,

490 4018 586 4084 lib.
604 4000 696 4079 in,
726 4028 846 4084 cap.
872 4012 937 4067 l7
968 4030 983 4067 ι
1012 4009 1082 4067 ιη
1107 4000 1585 4084 εαωάὲηαεἘιῖνοαξ
1601 4028 1634 4065 a
1655 4000 1973 4084 Samnitibus
2003 4000 2093 4066 ob;

493 4080 619 4145 sessi
638 4080 924 4142 ambo'cum
946 4084 1168 4141 exercitu
1192 4082 1423 4137 consules
1443 4120 1458 4146 ,
1482 4082 1647 4151 [cadus
1666 4099 1782 4139 cum
1807 4083 1877 4139 eis
1898 4084 2092 4153 [indum

498 4164 676 4231 facere
694 4156 858 4231 coacti
881 4164 1029 4231 sunt,
1062 4155 1141 4231 ita
1165 4164 1242 4219 ut,
1292 4153 1557 4231 equitibus
1578 4154 1806 4231 romanis
1844 4155 2093 4231 sexcentis

493 4223 751 4287 obsidibus
787 4226 943 4291 datis,
970 4226 1163 4291 cteteri,
1200 4223 1401 4296 amissis
1427 4226 1584 4280 armis
1610 4224 1824 4296 aliisque
1860 4226 2087 4290 spoliati,

494 4301 781 4371 privatique
804 4297 1104 4371 tegminibus
1127 4294 1424 4371 subjuth
1445 4295 1663 4371 hostium
1684 4294 1797 4371 cum
1821 4298 2089 4371 vestimen-

2198 3085 2631 3153 manu.)0ast.t..
2661 3114 2732 3123 —
2762 3083 3030 3142 Fortassis
3078 3083 3360 3153 legendum
3403 3082 3740 3153 simpliciter
3786 3104 3798 3138 :

2199 3156 2287 3210 Dii
2335 3150 2467 3225 lteri.
2503 3157 2635 3210 Nam
2664 3156 2709 3210 si
2732 3150 3247 3213 substantivum‘Dii
3278 3150 3569 3225 utrumque
3614 3170 3803 3210 sexum

2196 3224 2634 3299 comprehendit,
2664 3226 2855 3299 quidni
2874 3238 2929 3282 et
2955 3226 3316 3299 adjectivutn?
3345 3224 3622 3299 Demnea.

2273 3296 2424 3365 Quod
2464 3316 2687 3368 quanam
2719 3298 2857 3353 istud
2894 3299 3092 3354 ratione
3127 3296 3346 3368 dicatur.
3384 3297 3552 3367 Digna
3596 3296 3803 3366 phrasis

2195 3384 2316 3441 qua}
2345 3366 2617 3425 curiamin
2644 3371 2898 3441 lectorem
2927 3370 3194 3441 advertat.
3226 3366 3656 3441 Abundatgenint
3692 3373 3800 3423 elc-

2196 3439 2393 3509 gantor
2423 3457 2722 3510 pronomen
2750 3440 2905 3495 istud.
2960 3440 3049 3497 Sic
3078 3441 3238 3510 paulo
3280 3451 3399 3508 post
3431 3457 3443 3491 :
3479 3439 3609 3506 Qua:
3637 3450 3800 3494 tamen

2197 3512 2305 3567 haec
2344 3515 2486 3580 ipsa.
2537 3528 2650 3581 qua:
2697 3513 2823 3569 licita
2865 3512 3218 3581 appellamus,
3255 3523 3301 3564 et
3346 3513 3557 3566 dextera
3584 3512 3725 3576 alia,
3752 3515 3798 3566 in

2197 3580 2341 3653 nobis
2364 3583 2492 3637 nihil
2519 3580 2702 3636 habent
2729 3580 3047 3653 perpetuum.
3090 3581 3451 3637 licllcnismns
3480 3592 3583 3653 est.
3608 3581 3797 3647 Lucas,

2194 3651 2341 3731 Acti,
2378 3670 2460 3731 III_,
2505 3655 2617 3731 i3_:
2649 3653 2705 3709 Ὀ
2735 3651 2856 3731 Θεός
2902 3663 2999 3731 τῶν
3041 3655 3272 3731 πατέρων
3314 3656 3452 3731 ἡμῶν
3478 3651 3688 3719 ἐδόξασε
3722 3657 3797 3709 τὸν

2194 3723 2356 3802 παῖδα
2392 3728 2543 3802 aurai;
2573 3725 2788 3802 'lpa'oia,
2822 3723 2873 3781 ὃν
2898 3726 3046 3798 ὑμεῖς
3076 3723 3517 3799 μέν’ποιρεδώκατε
3542 3730 3624 3781 καὶ
3653 3733 3793 3802 sps-

2197 3797 2357 3852 σασθε
2380 3798 2546 3853 αὐτόν.
2580 3796 2823 3853 HEMLD.

2265 3865 2387 3921 lam
2435 3868 2657 3934 primum
2703 3866 2837 3923 enim
2877 3867 3098 3923 mundus
3146 3884 3235 3936 per
3276 3884 3330 3922 se
3369 3883 3529 3934 neque
3569 3867 3794 3923 dexteras

2194 3954 2354 4009 neque
2394 3939 2568 4005 laevas,
2598 3949 2703 3995 etc.
2747 3938 2913 4003 Vide,
2956 3940 3047 4009 qui
3097 3939 3196 3995 hac
3225 3937 3293 3993 de
3346 3954 3405 3993 re
3452 3938 3658 4009 multus
3695 3951 3789 4003 est,

2195 4007 2359 4079 liadr.
2396 4010 2520 4064 Jun.
2566 4011 2884 4078 Animadv.,
2912 4007 3007 4067 lib.
3044 4026 3121 4073 tu.
3155 4026 3275 4079 cap.
3306 4010 3374 4076 ὅ,
3407 4010 3456 4063 in
3493 4008 3543 4065 J.
3578 4008 3790 4066 Grutcri

2192 4078 2469 4152 Lampade
2495 4082 2656 4150 Crit.,
2689 4081 2795 4136 vol.
2823 4099 2896 4150 tv,
2927 4098 3046 4152 pag.
3080 4082 3215 4152 584.,
3237 4081 3484 4139 Busan.

2273 4148 2448 4223 Neque
2471 4148 2668 4209 anticus
2694 4170 2851 4224 neque
2883 4148 3140 4224 posticas.
3177 4151 3365 4217 Varro,
3386 4153 3452 4207 de
3481 4151 3638 4223 Ling.
3678 4153 3812 4218 lat...

2192 4221 2285 4275 lib.
2314 4221 2389 4297 vi,
2422 4240 2542 4297 pag.
2570 4224 2663 4297 81,
2696 4221 2781 4281 ed.
2812 4221 2925 4297 liip.
2962 4242 2975 4278 :
3006 4223 3201 4280 Caelum
3230 4241 3332 4294 qua
3363 4224 3575 4297 tuimur,
3596 4221 3790 4278 dictant

2191 4294 2453 4367 templum.
2477 4296 2566 4351 Sic
2590 4294 2934 4367 :Contremuit
2950 4296 3193 4367 templum
3208 4312 3447 4367 magnum
3460 4294 3609 4367 {ovis
3625 4297 3792 4350 altito-

494 4363 562 4429 ἦε.
588 4363 807 4439 singulis
837 4363 1171 4439 mitterentur.
1210 4363 1847 4439 ﬁnitam—Historiam
1880 4369 2088 4438 prolixe
2113 4373 2168 4434 Ῑ)
2194 4366 2381 4439 nantis.
2407 4365 2431 4423 1
2441 4369 2476 4422 tl
2500 4377 2573 4423 cst
2596 4368 2672 4439 (ut
2697 4368 2769 4421 ait
2794 4365 3005 4439 Nervius
3033 4363 3084 4420 in
3106 4363 3524 4439 Hetttisphwrio),
3551 4367 3636 4419 ubi
3654 4377 3792 4422 terra

493 4436 687 4499 narrat
703 4439 882 4494 Livius
905 4436 996 4493 lib.
1022 4453 1098 4502 is,
1117 4436 1185 4490 ab
1208 4436 1322 4491 init.
1348 4438 1549 4492 URELL.

563 4511 718 4583 Apud
747 4502 1093 4583 ΔΤὴναειςῃιειιὶ
1127 4507 1330 4583 locum.
1360 4505 1436 4565 Ita
1467 4523 1583 4583 ius.
1605 4505 1710 4583 Alii
1741 4526 1754 4583 _:
1798 4506 2090 4583 Tltrasime-

491 4578 636 4643 num.
669 4581 911 4639 Valerius
937 4578 1109 4651 Max.l
1127 4578 1220 4633 lib.
1245 4593 1284 4641 ι.
1314 4593 1436 4646 cap.
1467 4579 1519 4633 7.
1550 4580 1705 4651 Apud,
1731 4580 1901 4635 lacum
1930 4579 2095 4636 Thra-

492 4659 743 4713 simemtm
770 4651 863 4713 XV
886 4650 1048 4705 millia
1070 4647 1419 4721 Romanorum
1441 4647 1606 4718 cwsa,
1645 4650 1711 4711 Vl
1735 4650 1899 4707 millia
1917 4661 2089 4721 capta,

493 4726 544 4785 Χ
569 4724 734 4782 millia
761 4724 941 4795 fugata
968 4731 1104 4795 sunt.
1133 4720 1378 4795 Ebusus.

566 4791 837 4853 Diomedis
861 4794 1051 4863 campi.
1079 4791 1162 4848 Ad
1188 4792 1438 4848 Auﬁdum
1471 4792 1702 4862 “utnon,
1735 4793 1823 4849 ubi
1868 4794 2087 4864 Cannae,

493 4870 646 4926 vicus
673 4866 1042 4923 Romanorum
1082 4865 1236 4921 clade
1274 4864 1487 4919 nobilis.
1521 4866 1657 4922 Hinc
1691 4866 1911 4922 Martius
1942 4878 2091 4924 vates

493 4940 634 5009 apud
666 4939 875 4996 Liviqu
913 4936 1008 4992 lib.
1047 4951 1178 5001 xxv,
1210 4951 1328 5005 cap.
1351 4936 1439 5009 ut“)
1482 4956 1495 4992 :
1538 4937 1753 4995 Amnem
1794 4936 2091 5009 Troiugena

431 5060 435 5066 .
493 5006 725 5069 cannam
749 5009 981 5065 Romane
1004 5011 1143 5079 fuge,
1161 5024 1225 5062 ne
1241 5016 1289 5062 te
1308 5006 1609 5080 alienigena
1627 5019 1809 5080 cogant
1835 5009 1889 5064 in
1907 5006 2089 5078 ca'mpo

490 5081 756 5153 Diomedis
780 5075 1280 5139 conserere'manus.
1322 5075 1483 5136 00an
1523 5075 1769 5139 Festfh.
1816 5096 1866 5135 v.
1910 5075 2090 5153 ibique

493 5155 683 5211 Dacer.
708 5150 909 5209 Ossan.

568 5224 709 5280 V.--
741 5221 824 5277 Dii
854 5221 967 5292 torvi
1008 5228 1053 5276 et
1082 5219 1239 5276 ιωυω.
1264 5219 1477 5292 Optima
1500 5220 1617 5278 haec
1639 5222 1761 5278 cod.
1792 5237 1894 5279 ms.
1927 5222 2088 5282 lectio

492 5311 596 5352 nec
634 5292 907 5364 mutanda.
942 5291 1026 5347 Dii
1057 5293 1178 5351 scil.
1227 5291 1331 5349 hoc
1371 5291 1491 5348 loco
1531 5293 1661 5349 deos
1706 5294 1907 5364 pariter
1929 5295 2087 5352 deas-

491 5381 597 5436 que
652 5363 1118 5437 comprehendunt
1179 5374 1471 5437 sengmate,
1509 5363 1724 5435 generis
1765 5365 2088 5437 frequentis-

484 5440 647 5501 simo,
685 5436 803 5508 ubi,
858 5436 1264 5508 cumiucertus
1290 5444 1390 5508 est
1426 5436 1661 5506 plurium
1700 5436 1886 5508 sexus,
1912 5453 2083 5508 genus

492 5506 850 5579 masculinum
877 5506 1162 5579 adhibetur
1188 5507 1531 5579 potissimum
1549 5550 1564 5575 ,
1596 5516 1657 5564 ut
1678 5506 1930 5579 digniusi
1950 5509 2081 5567 Vide

485 5577 671 5651 sanet.
696 5575 958 5651 ⁸Ιρίίῃεθιςνη
1010 5575 1207 5651 lib.tv,
1236 5592 1355 5651 cap.
1400 5577 1643 5651 lO,_pag.
1688 5575 1812 5647 71⁷8,
1851 5581 1941 5637 ed.
1972 5580 2077 5637 Pe-

487 5648 659 5712 rizou.
692 5647 825 5704 Male
843 5646 1417 5720 _itaqne_Stewechius
1445 5667 1459 5705 :
1490 5648 1578 5705 Dii
1594 5646 1749 5720 ’1ωυὶ,
1777 5646 1886 5706 dea:
1913 5652 2071 5709 ιωυω.

481 5720 542 5780 In
569 5722 821 5781 editione
842 5716 1012 5791 Lugd.
1044 5716 1162 5774 Bat.
1199 5720 1392 5789 legitur
1418 5739 1432 5776 :
1466 5720 1556 5777 Dii
1582 5716 1901 5808 ιωυεωίωυς,
1928 5724 2071 5795 quod

2196 4436 2384 4511 cterulo
2413 4436 2614 4511 septum
2658 4447 2779 4511 stat.
2825 4438 2955 4511 Ejus
2995 4437 3171 4505 templi
3212 4436 3380 4508 partes
3410 4436 3623 4511 quatuor
3649 4454 3684 4511 ςΔ
3718 4441 3789 4493 εἰσ

2197 4506 2359 4565 nistra
2388 4507 2450 4563 ab
2469 4505 2688 4575 oriente,
2706 4505 2887 4563 dextra
2900 4508 2962 4562 ab
2985 4525 3188 4574 occasu,
3213 4505 3389 4562 antica
3409 4505 3475 4561 ad
3500 4506 3789 4575 meridiem,

2197 4578 2390 4647 postica
2433 4581 2501 4633 ad
2538 4596 2790 4635 occasum.
2830 4580 2994 4635 Paulo
3036 4580 3194 4634 aliter
3227 4579 3419 4635 Festus
3464 4597 3477 4633 :
3527 4575 3790 4635 Posticum

2195 4650 2381 4704 ostium
2411 4648 2598 4705 dicitur
2635 4653 2687 4706 in
2715 4652 2990 4721 posteriore
3012 4663 3157 4721 parte
3185 4651 3392 4706 a’dium.
3425 4648 3678 4705 Cazterunt
3704 4671 3791 4707 an-

2194 4721 2318 4789 tiqui
2346 4722 2494 4777 etiam
2523 4723 2740 4777 vicinum
2787 4723 3097 4777 habitantem
3138 4722 3207 4777 ad
3233 4725 3563 4791 posteriorem
3598 4735 3786 4791 partem

2193 4794 2379 4846 azdinm
2405 4795 2477 4848 sic
2506 4796 2833 4864 appellarunt
2868 4810 2885 4848 :
2912 4795 3125 4858 denique
3159 4804 3207 4847 et
3235 4809 3348 4863 qua:
3371 4803 3494 4847 ante
3527 4810 3622 4849 nos
3653 4806 3785 4861 sunt,

2192 4865 2384 4937 antica,
2401 4875 2446 4919 et
2467 4882 2583 4935 qua:
2603 4878 2714 4933 post
2738 4883 2827 4921 nos
2846 4876 2982 4929 sunt,
3000 4867 3195 4937 postica
3216 4866 3475 4937 dicuntur,
3491 4875 3538 4918 et
3562 4865 3787 4937 dein-am

2192 4936 2413 4989 anticum
2458 4948 2505 4990 ct
2545 4938 2805 4991 sinistram
2848 4935 3096 5007 posticam
3127 4935 3363 4990 dicimus.
3400 4935 3490 4991 Sic
3535 4936 3691 4989 etiam
3732 4955 3786 4992 ea

2191 5006 2303 5060 ειειί
2324 5024 2466 5075 pars,
2495 5024 2608 5077 qua:
2628 5009 2735 5063 sole
2760 5006 3051 5063 illustratur
3078 5009 3145 5061 ad
3177 5007 3461 5073 meridiem,
3495 5009 3669 5060 antica
3694 5011 3789 5062 uti-

2191 5093 2286 5145 que
2316 5080 2627 5142 nominatur,
2657 5095 2769 5148 quae
2796 5080 2863 5132 ad
2881 5079 3264 5148 septentrionem
3285 5088 3378 5143 est,
3413 5079 3611 5147 postica
3638 5096 3657 5133 :
3680 5097 3787 5134 rur-

2189 5165 2403 5222 sumque
2421 5152 2720 5207 dividuntur
2746 5153 2797 5205 in
2825 5151 2955 5205 duas
2981 5161 3180 5221 partes,
3206 5152 3449 5222 orientem
3472 5160 3523 5222 et
3556 5152 3788 5205 occiden-

2190 5221 2323 5274 tem.
2357 5221 2492 5278 Vide
2533 5224 2601 5277 ibi
2654 5225 2787 5293 intp.
2820 5233 2885 5293 iet
2930 5221 3311 5293 inprimisqui
3357 5221 3426 5293 dc
3470 5221 3575 5276 hoc
3624 5223 3788 5277 verbo

2188 5293 2388 5364 [uultus
2432 5303 2535 5360 est,
2577 5293 2627 5350 J.
2662 5292 2754 5351 Fr.
2801 5292 3041 5350 Gronov.
3066 5335 3080 5363 ,
3112 5294 3163 5349 in
3196 5292 3319 5349 lect.
3356 5292 3554 5360 Plaui.,
3585 5309 3638 5364 p.
3662 5295 3784 5350 352.

2187 5360 2391 5420 Onam.

2258 5435 2429 5491 Cardo
2456 5438 2683 5562 frisgoris.
2718 5435 2774 5492 ld
2803 5446 2886 5493 est
2915 5437 3069 5508 polus
3096 5436 3351 5492 arcticus.
3384 5435 3550 5504 Stat.,
3585 5436 3782 5503 Theb,

2264 5547 2279 5562 .
2311 5524 2451 5562 vers.
2474 5523 2505 5562 ο
2578 5526 2590 5561 :

2183 5525 2279 5575 vn,
2311 5524 2451 5563 vers.
2474 5510 2542 5563 '58
2578 5526 2590 5561 :

2472 5656 2484 5668 .
2553 5617 2748 5671 Arctoae
2772 5618 3024 5673 labentem
3046 5620 3248 5674 cardine
3269 5629 3440 5687 portae.
3461 5620 3644 5673 Onam.

2251 5724 2319 5781 In
2348 5724 2650 5781 vocabulum
2682 5726 2878 5781 sinistri
2908 5727 3092 5783 Auster
3122 5737 3169 5783 et
3199 5727 3446 5784 Meridies
3472 5729 3680 5784 transit.
3712 5728 3780 5785 ita
