3974 6068
400 206 538 260 ifilli
1544 206 1823 264 ARNOBII
1864 208 2235 266 ADVERSUS
2274 209 2545 267 GENTES
3566 212 3745 268 £016

393 332 478 376 est
516 336 546 377 e
579 323 774 393 populo
801 322 1100 392 numiuttm,
1131 337 1249 394 qua:
1278 323 1561 382 obscaenas
1589 326 1706 381 illas
1730 335 1786 382 et
1816 327 1989 383 luteas
2017 342 2071 403 Α
2093 343 2211 384 rum
2241 329 2617 386 Nemestrinus
2646 338 2728 386 est
2771 348 2783 384 :
2831 330 3103 386 Patellana
3142 345 3342 387 numen
3371 340 3477 399 est,
3525 340 3580 387 et
3611 332 3735 387 Pa-

396 416 698 486 voluptates
760 417 826 471 ad
880 418 1080 472 exitum
1135 419 1345 489 perlicit
1386 420 1673 478 dulcedine
1734 422 1995 480 inoffensa
2100 423 2245 491 tella,
2275 438 2340 478 ex
2383 424 2578 495 quibus
2608 439 2712 479 una
2739 432 2823 480 est
2848 423 3157 495 patefactis,
3190 423 3580 495 patefaciendis
3617 441 3730 481 re-

398 508 733 578 procedere?
761 506 1011 565 Etiamne
1036 508 1325 575 Pertunda,
1356 527 1473 582 quae
1498 513 1550 567 in
1574 513 1840 569 cubiculis
1861 530 1996 585 prae-
2101 512 2200 568 bus
2230 514 2399 569 altera
2424 515 2745 584 prmstituta.
2786 513 3012 571 Nodutis
3050 516 3249 572 dicitur
3284 517 3446 585 Deus,
3481 517 3612 588 quia
3648 518 3732 574 ad

396 608 483 654 sto
529 608 611 655 est
632 642 647 667 ,
690 601 1005 671 virginalem
1034 605 1282 661 scrobem
1329 605 1705 664 effodientibus
1744 608 1997 665 maritis?
2101 604 2272 660 nodus
2303 588 2549 676 perducit
2582 622 2672 663 res
2700 615 2881 663 satas:
2909 618 2964 665 et
2993 624 3113 679 qua:
3137 619 3336 679 praeest
3356 609 3608 681 frugibus
3632 610 3731 667 fe-

395 690 647 748 Etiamne
677 692 946 762 Tutuuus,
978 696 1132 766 cujus
1177 698 1498 755 immanibus
1547 700 1834 771 pudendis,
1868 700 1996 757 bor-
2100 697 2301 765 rendis,
2327 699 2619 756 Terensis:
2652 702 2720 757 ab
2758 701 3032 758 erroribus
3055 702 3260 757 viarum
3291 703 3399 759 Dea
3430 703 3635 760 Vibilia
3696 715 3730 743 ει

395 785 644 855 rentique
668 784 893 855 fascina,
918 799 1125 843 vestras
1164 788 1463 861 inequitare
1494 804 1788 859 matronas,
1820 802 1873 848 et
1903 807 1998 847 au-
2101 791 2295 847 liberat
2327 810 2340 847 :
2380 792 2432 847 in
2462 792 2626 849 tutela
2656 802 2783 851 sunt
2809 792 3045 850 Orbonae
3072 794 3247 850 orbati
3285 793 3473 851 liberis
3504 810 3734 865 paren-

397 879 656 950 spicabile
700 881 925 949 ducitis,
957 892 1013 939 et
1066 886 1303 950 optatis?
1351 886 1503 955 Quod
1549 887 1596 943 si
1637 889 1857 944 minime
1898 903 1997 945 vos
2104 892 2184 939 tes
2216 901 2229 937 :
2261 884 2314 938 in
2345 883 2566 949 Narnite,
2600 885 2793 954 quibus
2816 896 3057 941 extrema
3083 894 3212 941 sunt
3240 884 3267 923 ι)
3299 896 3561 954 tempora.
3589 886 3733 943 Jam

397 971 693 1027 admonent
729 974 796 1028 ad
839 974 1169 1031 intellectum
1203 977 1441 1033 veritatis
1468 994 1554 1033 res
1593 979 1724 1050 ipsa:
1754 997 1767 1033 :
1802 995 1901 1036 nec
1928 995 1997 1036 ex
2101 992 2221 1048 qua:
2242 977 2398 1031 durat
2424 987 2477 1033 et
2506 977 2698 1034 solidat
2722 977 3019 1035 infantibus
3047 978 3230 1050 parvis
3252 991 3430 1047 ossae,
3453 980 3728 1052 Ossilago

393 1067 527 1137 ipsis
554 1069 743 1123 saltem
778 1069 1000 1138 potestis
1048 1070 1355 1126 nominibus
1398 1087 1627 1129 noscere
1664 1073 1996 1130 inanissima:
2100 1056 2217 1137 ipsa
2263 1077 2615 1124 memoratur.
2667 1069 2916 1145 Mellonia
2965 1070 3074 1126 Dea
3117 1078 3203 1126 est
3247 1070 3453 1140 pollens
3480 1080 3729 1143 potens-

395 1164 793 1232 superstitionis
827 1163 1078 1234 figmenta
1106 1164 1223 1222 lucc
1247 1181 1401 1234 esse,
1429 1176 1483 1223 et
1510 1166 1767 1223 falsorum
1800 1167 1993 1239 imagi-
2100 1177 2205 1233 que
2251 1161 2303 1217 in
2352 1161 2577 1233 apibus,
2615 1162 2790 1219 mellis
2835 1176 3033 1218 curans
3071 1161 3492 1234 custodiensque
3521 1162 3735 1219 dulce-

396 1255 647 1310 nationes
672 1254 937 1311 deorum?
980 1257 1352 1315 Putationibus
1373 1260 1625 1315 arborum
1650 1259 1807 1325 Puta,
1836 1260 2011 1330 inqui—
2113 1254 2317 1311 dinem.

394 1339 499 1415 tis,
534 1357 731 1419 praesto
771 1356 890 1414 est,
925 1349 1091 1405 rebus
1141 1350 1386 1420 petendis
1426 1351 1553 1407 Peta
1585 1369 1597 1406 :
1643 1350 1783 1406 Deus
1810 1366 1999 1406 nemo-
2181 1348 2320 1404 Vill.
2375 1347 2577 1417 Dicite,
2604 1363 2639 1404 o
2676 1363 2892 1421 quaeso,
2920 1357 2981 1405 ut
3028 1348 3101 1404 ita
3144 1349 3297 1406 vobis
3337 1350 3588 1424 propitia:
3644 1349 3732 1406 fa-

1620 1445 2008 1505 LECTIONES
2046 1444 2468 1504 VARIANTES.

2171 1564 2195 1593 ⁸³
2213 1560 2335 1614 Esse
2353 1574 2442 1613 ms.
2467 1562 2571 1626 ipsa
2588 1559 2707 1612 Sab.

1726 1708 2290 1794 COMMENTARIUS.

401 1821 602 1904 tollatis
658 1823 931 1904 Maximin.
953 1863 967 1889 ,
1015 1837 1144 1904 cap;
1174 1823 1231 1904 λεζ
1265 1823 1352 1879 ubi
1382 1822 1503 1879 vide
1534 1823 1764 1881 Salinas.
1801 1825 1997 1898 Script.
2032 1832 2080 1894 B
2108 1833 2289 1886 mentis
2316 1831 2666 1904 folliculorum
2687 1832 2835 1904 deum
2865 1829 3161 1904 Volutinant
3188 1848 3207 1887 :
3233 1847 3348 1885 cum
3371 1831 3595 1902 folliculi
3622 1850 3728 1903 pa-

402 1892 540 1974 His-t.
565 1893 725 1964 Aug.,
756 1895 861 1974 vol.
898 1910 955 1962 ιι,
989 1892 1166 1974 p._l8.
1192 1893 1393 1974 Οιιιῑιιι.
1594 1968 1606 1974 _
1673 1968 1683 1974 _
1926 1892 1937 1898 ’
2032 1892 2065 1894 ί
2107 1892 2327 1970 ιεδσιιηιξ
2342 1911 2396 1957 ut
2421 1904 2742 1973 spicaexeat,
2767 1892 3397 1966 deamPatelenam;cum
3419 1892 3731 1974 segetes'no-

475 1964 664 2046 Luteas
703 1964 1003 2046 voluptates;
1031 1965 1243 2046 Luteas,
1273 1968 1338 2046 id
1356 1977 1439 2021 cst
1469 1968 1842 2046 turpissimasi
1874 1984 2005 2025 con-
2107 1974 2180 2046 vis
2203 1964 2377 2046 aristis
2393 1964 2660 2044 regnantur
2684 1964 2804 2046 quia
2825 1984 3012 2029 veteres
3028 1991 3230 2039 arguare
3246 1964 3437 2046 hostire
3453 1964 3725 2046 dixerunt,

402 2037 785 2117 temptissintas
808 2080 822 2102 ,
863 2037 974 2092 luto
1007 2038 1245 2093 viliores.
1284 2037 1373 2094 Sic
1401 2054 1487 2110 ap.
1521 2038 1767 2096 Plautum
1798 2040 2005 2098 Trucu-
2108 2045 2257 2099 deam
2291 2037 2638 2117 Hostiiinam:
2663 2037 2960 2117 florentibus
2978 2037 3243 2117 frumentis
3262 2045 3411 2100 deam
3444 2043 3673 2101 Florum
3708 2037 3731 2100 .'-

402 2108 559 2174 lcut.,
590 2119 692 2163 act.
728 2123 800 2171 IV,
830 2123 979 2163 scen.
1012 2125 1083 2176 tv,
1119 2125 1259 2165 vers.
1293 2127 1306 2163 ι
1337 2129 1348 2165 :
1438 2108 1449 2110 ⁷
2109 2117 2493 2172 lactescentibus
2522 2108 2674 2171 deant
2702 2108 3019 2172 Lacturtiant
3039 2133 3058 2171 :
3088 2118 3542 2172 maturescentibus
3569 2119 3728 2173 deam

619 2200 779 2251 Blitea
804 2208 857 2252 et
881 2200 1014 2251 lutea
1040 2209 1117 2251 ρει
1149 2202 1408 2253 meretrix,
2110 2185 2404 2251 Moturum;
2453 2204 2566 2242 cum
2611 2199 2914 2257 runcantur,
2965 2190 3021 2243 id
3050 2199 3174 2244 esta
3200 2199 3339 2243 terra
3387 2187 3720 2255 auferuntur,

2110 2261 2257 2314 deam
2299 2260 2612 2315 Runcinam.
2641 2256 2907 2317 Cancrum
2938 2259 3084 2318 varie
3109 2260 3400 2316 scribitur:
3434 2256 3684 2315 Nodotus
3707 2303 3724 2328 ,

2114 2330 2375 2399 Nodutus,
2402 2330 2648 2387 Nodutis.
2677 2334 2880 2389 ORELL.

2185 2402 2253 2457 Et
2273 2421 2388 2473 qua:
2417 2416 2597 2478 praeest
2626 2404 2860 2478 frugibus
2878 2405 3123 2478 terendis,
3161 2403 3441 2478 Terensis._
3469 2403 3728 2478 Terentii:

2116 2490 2213 2544 pro
2243 2477 2488 2547 ferendis,
2536 2477 2677 2547 quod
2716 2475 2875 2533 antea
2902 2476 3203 2543 legebatur,
3233 2475 3471 2547 restituit
3495 2476 3726 2532 Grotius

2113 2546 2252 2617 apud
2283 2546 2595 2603 Meursiuni.
2633 2549 3068 2604 Elmenhorstius
3099 2559 3154 2604 et
3182 2546 3524 2603 Stewecbius
3549 2548 3726 2604 dede-

2114 2629 2242 2691 runt
2281 2638 2293 2672 :
2327 2620 2513 2690 etquia
2561 2631 2742 2689 prazest
2767 2619 3000 2691 frugibus
3026 2620 3274 2691 terendis,
3320 2617 3721 2675 Nodum-ensis.

2116 2690 2377 2763 Equidem
2419 2693 2584 2763 nolim
2609 2690 2806 2763 aliquid
2838 2692 3066 2746 delinire
3099 2692 3150 2746 in
3178 2706 3237 2747 re
3267 2690 3466 2746 incerta
3498 2705 3729 2761 prorsus

2116 2775 2180 2816 ac
2205 2761 2386 2815 dubia.
2417 2761 2619 2818 Οιιειι..

2202 2831 2407 2906 Vibilio.
2438 2834 2583 2903 Lego
2626 2833 2823 2889 Vehilia
2851 2849 2919 2890 ex
2944 2836 3279 2906 conjectura.
3315 2832 3446 2906 lSam
3477 2834 3606 2887 veho
3630 2850 3729 2889 vc-

2121 2904 2327 2959 teribus
2382 2906 2585 2960 Latinis
2615 2906 2716 2970 via,
2747 2914 2885 2960 teste
2919 2904 3181 2971 Varrone,
3207 2904 3276 2960 de
3324 2905 3405 2959 Re
3435 2917 3599 2968 rust.,
3625 2907 3723 2960 lib.

2045 2978 2090 3041 C
2122 2990 2168 3047 ι..
2185 2990 2304 3045 cap.
2339 2977 2394 3030 2.
2424 2978 2529 3032 Ant
2553 2987 2700 3032 certe
2726 2975 2945 3037 Venilia.
2971 2976 3040 3031 de
3056 2992 3158 3047 qua
3188 2986 3270 3031 est
3294 2977 3437 3043 apud
3468 2977 3727 3033 eumdem

2131 3045 2447 3117 Varronem,
2481 3048 2547 3103 de
2579 3047 2732 3117 Ling.
2769 3048 2887 3115 lat.,
2922 3048 3016 3102 lib.
3046 3045 3123 3102 tv.
3154 3048 3360 3103 Manus.

472 1563 498 1591 ⁸
532 1563 764 1620 leibilia
790 1563 904 1613 Sub.

470 1626 499 1665 ιι
536 1625 709 1677 Addit.
735 1641 825 1677 ms.
853 1624 1036 1678 Omittit
1072 1624 1186 1676 Sub.

400 2310 490 2382 ubi
522 2309 841 2382 videiintpp.
890 2309 1091 2365 Eodem
1140 2325 1303 2366 sensu
1328 2320 1611 2366 stercoreus
1636 2325 1724 2382 ap.
1754 2311 2006 2369 eumdem

405 2381 579 2437 Plaut.
613 2381 721 2436 Mil.
747 2379 918 2448 Glor.,
951 2390 1055 2437 act.
1084 2398 1140 2448 ιι,
1169 2396 1315 2438 scen.
1347 2398 1384 2448 ι,
1420 2398 1559 2438 vers.
1595 2379 1699 2438 12':

1253 2478 1399 2528 Miles
1422 2492 1564 2528 meus
1586 2478 1757 2539 herus,

500 2539 596 2598 Qui
621 2539 735 2589 hinc
752 2539 815 2589 ad
838 2538 993 2603 forum
1018 2540 1157 2596 abiit,
1176 2540 1437 2603 gloriosus,
1463 2540 1740 2603 impudens,

506 2603 821 2663 Stercoreus,
849 2601 1029 2665 plenus
1045 2601 1250 2665 perjurii
1273 2610 1422 2666 atque
1446 2601 1698 2653 adulterii.
1734 2602 1912 2654 Οιιειι..

483 2705 772 2760 Pertunda.
808 2706 1166 2762 Tertullianus
1195 2706 1455 2762 adversus
1485 2706 1740 2762 Nationes
1763 2749 1776 2769 ,
1811 2706 1904 2761 lib.
1938 2722 1971 2762 tt
1994 2747 2009 2773 ,

410 2792 530 2847 cap.
564 2779 623 2831 ll
663 2797 675 2833 :
714 2777 779 2831 Et
808 2778 901 2832 dea
926 2777 1193 2832 Pertunda
1223 2789 1269 2832 et
1302 2778 1525 2848 Subigus
1554 2789 1600 2832 et
1632 2779 1819 2833 Prema
1853 2819 1865 2832 .
1891 2820 1903 2832 .
1927 2820 1939 2832 .
1962 2819 1973 2831 .
1996 2819 2010 2833 .

412 2850 606 2921 parcite
628 2850 712 2921 dei
739 2851 1058 2921 impudentes
1081 2891 1103 2921 ,γ
1127 2850 1438 2921 lactantibus
1463 2850 1664 2921 sponsis
1685 2866 1831 2903 nemo
1857 2851 2016 2904 inter-

411 2919 565 2975 uenit.
610 2919 890 2988 Augustin.
912 2962 927 2986 ,
969 2920 1036 2975 de
1078 2920 1194 2976 Civ.
1229 2921 1351 2985 Dei,
1379 2920 1473 2975 lib.
1494 2919 1582 2979 'vt.
1615 2935 1733 2987 cap.
1758 2921 1829 2976 9:
1861 2922 2017 2976 Adest

414 2993 549 3046 enim
576 2991 673 3064 den
708 2991 1038 3064 Virginiensis
1055 3033 1087 3064 ,γ
1118 3002 1165 3046 et
1213 2992 1338 3047 deus
1379 3001 1528 3064 pater
1556 2992 1812 3064 Subigus.
1845 3002 1891 3046 et
1921 2992 2017 3047 dea

415 3072 580 3117 mater
605 3061 826 3129 Prema',
859 3074 903 3117 et
931 3064 1026 3118 dea
1058 3063 1322 3118 Pet-tundo
1341 3105 1357 3131 ,
1380 3061 1448 3119 ﬁet
1492 3062 1658 3117 Venus
1685 3061 1728 3117 et
1755 3062 1983 3132 Priapus
2003 3107 2019 3132 ,

417 3144 471 3189 et
497 3150 618 3205 quas
646 3145 963 3205 sequuntur,
998 3136 1250 3190 obscaena
1283 3150 1415 3191 sane
1445 3151 1507 3189 ac
1532 3135 1729 3204 turpia.
1759 3132 1961 3190 ORELL.

497 3203 809 3276 Virginnlem
830 3208 1073 3262 scrobem.
1088 3206 1164 3261 Ila
1190 3207 1316 3261 Euri
1326 3207 1433 3278 pid.
1450 3203 1744 3273 Pbmni‘ss.,
1773 3221 1913 3262 vers.
1934 3208 2019 3263 18.

422 3280 649 3353 σπξξρειν
677 3281 857 3353 timent
885 3278 1062 3353 angar
1082 3279 1285 3334 ORELL.

494 3346 747 3402 Titianus.
795 3350 869 3404 lta
895 3367 926 3406 e
953 3350 1088 3406 Cod.
1144 3365 1245 3405 ms.
1303 3350 1473 3406 edidit
1514 3349 1813 3407 Salmasius
1853 3348 1905 3403 in
1933 3348 2020 3403 ed.

418 3418 592 3488 Lugd.
628 3419 742 3473 Bat.
777 3430 829 3475 et
858 3422 922 3475 ad
949 3422 1147 3486 Solin.,
1179 3437 1298 3491 cap.
1336 3422 1437 3484 26,
1471 3437 1521 3490 p.
1554 3422 1685 3475 2l9.
1712 3420 1855 3474 Alii:
1902 3420 2023 3472 Mu-

422 3500 595 3545 tunus.
614 3492 688 3546 De
707 3491 1003 3547 fmdissitnn
1021 3492 1124 3546 hnc
1142 3493 1251 3546 Deo
1273 3492 1394 3547 vide
1422 3492 1560 3547 infra
1593 3491 1658 3545 ad
1686 3507 1807 3559 cap.
1840 3493 1926 3546 ll.
1946 3493 2021 3547 lo.

497 3561 659 3632 Cujus
685 3564 993 3617 immanibus
1016 3563 1288 3632 pudendis,
1311 3574 1414 3616 ctr.
1441 3562 1594 3618 Conf.
1626 3562 1938 3631 Augustin.,
1958 3563 2028 3618 de

421 3631 539 3688 Civ.
570 3631 690 3697 Dei,
726 3637 817 3689 lib.
850 3651 923 3696 xu,
959 3631 1079 3695 cap.
1112 3636 1173 3697 9;
1206 3635 1297 3688 lib.
1329 3651 1422 3699 xu,
1454 3650 1572 3702 cap.
1601 3636 1708 3699 ‘21s;
1753 3633 2022 3699 Lactant.,

422 3704 557 3779 Inst.
584 3722 620 3770 ι,
646 3721 770 3779 cap.
804 3706 895 3770 ‘22,
928 3707 955 3779 §
984 3707 1075 3763 56.
1113 3706 1358 3779 ELueuu.
1392 3715 1446 3761 et
1472 3705 1710 3779 lienam.

502 3776 652 3842 Quod
678 3779 723 3831 si
749 3776 954 3832 minime
970 3794 1054 3832 vos
1074 3778 1348 3845 admouent
1369 3779 1437 3831 ad
1457 3778 1764 3832 intellectum
1802 3777 2030 3831 veritatis

423 3864 507 3902 res
535 3849 679 3917 ἔρδω.
737 3848 943 3904 Sensus
980 3859 1062 3903 est
1094 3867 1107 3901 :
1139 3848 1292 3917 Quod
1320 3850 1362 3901 si
1393 3864 1480 3902 res
1501 3848 1652 3916 ipsre,
1680 3847 1729 3902 id
1752 3858 1836 3903 est
1867 3857 2030 3902 tanta:

424 3933 607 3975 rerum
642 3918 911 3976 fteditates
934 3961 948 3986 ,
983 3921 1178 3990 quibus
1207 3920 1517 3990 praesidere.
1548 3920 1842 3974 creduntur
1866 3920 2030 3974 vestri

427 3992 546 4046 sive
574 3990 668 4059 dii,
694 3992 807 4047 sive
832 3992 983 4055 dese,
1013 3993 1057 4046 si
1084 3993 1324 4055 inquam,
1360 4007 1537 4046 rerum
1570 3992 1805 4059 ipsarum
1833 3990 2031 4060 ﬂagitia

430 4061 652 4117 minime
676 4078 773 4118 vos
803 4063 1093 4118 admonent
1113 4062 1179 4117 ad
1200 4063 1529 4118 intellectum
1553 4063 1791 4117 veritatis
1803 4060 1935 4186 31100
1950 4071 2034 4117 est

430 4134 498 4186 ad
529 4132 977 4186 intelligendum.
1018 4149 1265 4186 mtrenam
1298 4149 1422 4186 vera
1453 4145 1755 4186 vestrorum
1842 4148 2031 4186 eorum

429 4134 498 4188 ad
529 4132 977 4202 intelligendum,
1018 4149 1265 4205 quaenam
1298 4149 1422 4189 vera
1453 4145 1755 4188 veSIrorutn
1803 4132 2031 4205 deorum

431 4206 501 4259 sit
530 4205 788 4271 conditio,
819 4223 920 4261 was
946 4223 1012 4260 an
1037 4202 1133 4259 der
1159 4204 1328 4262 Saclte
1352 4222 1471 4276 sey;
1510 4221 1614 4258 was
1633 4221 1701 4258 an
1727 4220 1881 4276 euern
1903 4202 2031 4258 Got-

434 4285 543 4329 terti
566 4280 695 4345 sey),
729 4292 795 4331 ex
818 4278 949 4346 ipsis
974 4278 1163 4331 saltem
1190 4275 1466 4331 nominum
1486 4275 1907 4332 absurditatibus
1939 4291 2036 4345 po-

2202 3116 2440 3174 Orbonw.
2476 3116 2701 3186 Plinius,
2725 3120 2861 3175 Hist.
2908 3129 3044 3187 nat.,
3075 3119 3167 3174 lib.
3196 3134 3255 3185 ιι,
3285 3135 3404 3189 cap.
3431 3121 3464 3174 7
3495 3138 3510 3174 :
3556 3120 3728 3176 Orba.

2129 3205 2208 3243 me
2238 3190 2441 3260 (fanum
2469 3194 2575 3259 est)
2601 3191 2670 3245 ad
2693 3191 2851 3245 aedem
2877 3191 3128 3255 Larium;
3175 3193 3265 3245 ubi
3287 3202 3470 3246 autem
3500 3190 3726 3247 Orbona

2127 3270 2211 3334 est
2237 3276 2342 3316 non
2374 3262 2631 3317 orborum
2681 3263 2896 3317 tntatrix
2919 3305 2933 3329 ,
2975 3263 3069 3317 sed
3113 3263 3289 3333 potius
3317 3263 3416 3317 dea
3443 3303 3459 3328 ,
3490 3279 3613 3334 qua:
3639 3264 3702 3318 af
3706 3295 3727 3306 ο

2129 3330 2230 3404 fert
2252 3334 2561 3404 orbitatem.
2609 3334 2965 3402 Conjungitur
3013 3330 3158 3389 enim
3188 3349 3310 3388 cum
3337 3330 3565 3395 morbis.
3596 3349 3726 3404 pes-

2130 3402 2271 3476 tibus
2296 3403 2476 3476 ,_febri
2522 3405 2770 3476 malaque
2796 3404 3006 3476 fortuna
3043 3407 3095 3459 in
3136 3406 3362 3460 deorum
3390 3402 3614 3460 censum
3641 3421 3727 3460 re-

2130 3473 2272 3530 latis.
2305 3474 2507 3547 Eodeni
2549 3473 2708 3531 sensu
2737 3484 2790 3531 et
2831 3475 3200 3531 Tertullianus
3248 3478 3314 3530 ad
3354 3478 3500 3540 Nat.,
3537 3477 3630 3547 lib.
3665 3494 3725 3539 ιι,

2128 3559 2248 3614 cap.
2280 3547 2343 3601 {4
2371 3564 2385 3600 :
2418 3546 2675 3601 Orbonam
2702 3548 2878 3610 deant,
2908 3562 3024 3615 qua:
3047 3549 3100 3602 in
3129 3547 3393 3602 orbitatem
3418 3546 3615 3602 semina
3638 3566 3729 3603 ea:-

2132 3616 2348 3689 littguat.
2378 3617 2513 3689 Vide
2542 3618 2824 3685 llarduin.,
2856 3619 2923 3673 ad
2977 3618 3140 3685 Plin.,
3174 3619 3208 3673 l.
3230 3634 3270 3684 ι,
3306 3634 3423 3689 pag.
3458 3620 3551 3683 72,
3580 3634 3633 3674 et
3658 3620 3723 3675 G.

2130 3686 2179 3742 J.
2214 3686 2365 3755 Vos.,
2398 3688 2466 3743 de
2491 3688 2706 3750 Idolul.,
2741 3690 2834 3744 lib.
2860 3706 2983 3752 vtu.
3021 3705 3141 3760 cap.
3178 3692 3263 3754 Π,
3298 3686 3417 3760 pag.
3450 3691 3577 3747 759.
3607 3691 3724 3746 Cae-

2133 3767 2328 3823 terum,
2373 3769 2429 3814 ut
2459 3760 2596 3816 bene
2615 3761 2869 3817 observat
2892 3762 3251 3833 Stewccbius,
3275 3762 3453 3833 orbum
3480 3762 3729 3817 dixerunt

2131 3841 2345 3887 veteres
2369 3842 2475 3886 tam
2509 3842 2712 3900 patrem
2732 3833 2821 3902 qui
2855 3832 3250 3904 lilieros,quatu
3285 3832 3485 3887 libaros
3512 3834 3608 3904 qui
3639 3849 3728 3903 pa-

2134 3911 2290 3969 trem,
2325 3905 2653 3958 amisissent.
2687 3904 2808 3959 Vid.
2841 3904 2985 3959 Fest.
3040 3922 3090 3959 v.
3146 3903 3305 3958 Orba.
3357 3904 3513 3958 Plinii
3536 3903 3727 3961 ’vcrba

2133 3971 2401 4042 descripta
2436 3974 2682 4029 videntur
2706 3991 2737 4029 e
2757 3975 3040 4043 CicerOne,
3073 3977 3141 4032 de
3168 3976 3286 4030 Nat.
3312 3974 3489 4041 deor.,
3523 3975 3620 4031 lib.
3651 3994 3725 4043 ιιι,

2134 4059 2253 4115 cap.
2287 4045 2376 4112 25,
2410 4046 2497 4100 ubi
2525 4046 2633 4101 vid.
2663 4047 2839 4102 Davis.
2873 4048 3074 4104 OBELL.

2208 4115 2431 4173 Narniae.
2466 4117 2589 4171 Dem
2619 4117 2837 4185 Nmnim,
2887 4119 3145 4176 extremis
3174 4119 3297 4173 vitze
3326 4133 3423 4173 seu
3453 4118 3727 4174 funeribus

2136 4190 2425 4262 przelectae,
2455 4189 2895 4262 sagellumjexu-a
2948 4201 3159 4262 portam
3191 4190 3539 4254 Viminalem,
3574 4192 3726 4262 sicuti

2135 4275 2199 4314 ex
2218 4259 2405 4315 Paullo
2430 4271 2482 4315 et
2509 4260 2671 4316 Festo
2699 4259 2975 4326 discimus,
3000 4272 3372 4317 consecratum
3397 4262 3514 4314 fuit.
3538 4261 3612 4315 De
3634 4261 3729 4314 bac

432 4327 601 4423 tau.
619 4327 670 4400 id
684 4327 2029 4423 '.._;'.'s's'e';‘sj._c‘.‘assensi,“tanta...“restas...

2149 4327 2492 4423 A’ugu'stiuus,
2525 4332 2592 4387 de
2618 4330 2733 4387 Civ.
2771 4334 2885 4423 Dei,
2919 4335 3011 4388 lib.
3041 4351 3115 4397 γι.
3147 4349 3266 4423 cap.
3301 4335 3433 4396 9,ex
3467 4332 3726 4423 \f‘arrone:

435 4426 489 4472 et
514 4416 809 4472 Salmasius
835 4459 848 4480 ,
890 4417 1099 4472 videtur
1129 4434 1159 4472 e
1188 4418 1321 4471 Cod.
1355 4434 1456 4472 ms.
1490 4418 1725 4472 αιικὶδςρ.
1750 4416 1903 4470 Fulv.
1933 4417 2030 4473 Ur-

435 4488 542 4543 sin.
573 4488 715 4555 conj.
747 4489 1015 4544 admovent
1038 4530 1053 4554 ,
1108 4488 1368 4556 probante
1416 4488 1668 4544 Heraldo.
1714 4486 1820 4543 Sed
1850 4503 2036 4556 parum

436 4568 529 4614 aut
559 4558 691 4613 nihil
714 4560 900 4624 refert,
926 4569 1047 4615 utro
1075 4560 1237 4615 modo
1257 4560 1516 4630 legamus.
1542 4560 1828 4626 Meursius,
1863 4560 2036 4613 locum

438 4630 688 4685 luxatum
731 4631 984 4699 credens,
1023 4631 1184 4686 verba
1215 4650 1227 4684 :
1261 4629 1412 4697 Quod
1438 4633 1483 4686 si
1511 4631 1718 4685 minime
1736 4647 1824 4685 vos
1852 4630 2037 4683 admo-

438 4711 558 4756 nent
717 4712 763 4757 et
790 4704 1037 4774 falsorum
1076 4703 1465 4774 imaginationes
1506 4703 1756 4767 deorum,
1788 4710 2039 4774 transpo-

444 4774 617 4829 uenda
658 4772 846 4830 censet
871 4776 923 4829 in
953 4774 1113 4830 linem
1145 4772 1349 4844 Capitis
1373 4784 1496 4844 post
1525 4774 1688 4829 verba
1717 4791 1730 4828 :
1761 4772 1927 4827 mellis
1952 4788 2044 4827 cu-

439 4861 563 4899 rans
591 4848 977 4915 custodiensque
999 4846 1338 4900 dulcedinem.
1369 4845 1572 4901 ORELL.

516 4915 787 4971 Pulu.....
840 4916 1080 4972 Peta.....
1131 4916 1505 4972 Nemcstrinus.
1561 4917 1763 4973 Horum
1816 4916 2041 4970 deorum

445 4987 569 5058 alibi
599 4989 742 5043 nulla
772 4990 979 5044 notitia.
1008 4989 1142 5045 Vide
1168 4988 1351 5051 Voss,
1384 4989 1452 5045 de
1479 4989 1690 5050 ldolol.,
1721 5003 1775 5058 p.
1798 4986 1925 5044 $36.
1960 4985 2037 5040 In.

524 5057 796 5114 Patellana
824 5077 1009 5115 nunten
1059 5069 1131 5115 est
1159 5070 1208 5114 et
1256 5058 1479 5131 Patella.
1504 5057 1735 5131 Papias:
1768 5058 2045 5112 Patellana

449 5130 560 5184 Dea
603 5147 637 5183 a
684 5133 899 5202 paganis
937 5132 1152 5197 dicitur,
1191 5147 1307 5184 cum
1335 5130 1556 5201 folliculi
1585 5130 1844 5202 gmessium
1875 5140 2045 5202 pates-

449 5210 592 5268 cunt,
617 5199 704 5255 aut
735 5199 769 5257 έ
789 5202 942 5268 spicis
969 5213 1171 5259 exeunt.
1201 5199 1448 5258 Euasit.
1472 5231 1542 5244 --
1572 5200 1875 5255 Patelenam
1916 5199 2046 5255 dicit

450 5272 783 5343 Augustinus
811 5272 932 5329 loco
961 5290 1119 5343 quem
1148 5290 1271 5329 tuo:
1306 5274 1612 5328 citabimus.
1640 5274 1844 5328 OBELL.

523 5340 907 5416 Palefaciendis
931 5340 1097 5401 rebus.
1143 5347 1338 5401 Annon
1367 5343 1650 5416 legendum
1683 5343 2047 5416 patefaciendis

448 5412 767 5487 seminibus?
823 5415 955 5472 Nam
1006 5418 1111 5473 Dea
1151 5412 1746 5487 agrorum'Patellana.
1784 5413 1915 5469 Vide
1944 5415 2048 5470 Pa-

449 5482 554 5554 piae
584 5484 757 5539 locum
781 5489 939 5543 modo
966 5482 1257 5544 laudatum.
1287 5487 1493 5544 OBELL.
2022 5514 2031 5519 -

526 5553 775 5610 Nodutis.
829 5557 1176 5629 Augustinus,
1204 5560 1271 5615 de
1292 5559 1410 5615 Civ.
1442 5558 1579 5626 Dei.,
1616 5558 1711 5613 lib.
1742 5573 1818 5625 ιν,
1839 5570 1960 5626 cap.
1989 5557 2044 5613 8:

448 5624 805 5702 Prtefecerunt
825 5624 944 5702 ergo
967 5624 1327 5701 Proserpinam
1344 5624 1610 5702 frumentis
1625 5624 2050 5702 germinantibus:

441 5700 691 5764 geniculis
737 5699 985 5771 nodisque
1020 5699 1303 5757 culmorum
1326 5699 1477 5758 deum
1506 5699 1770 5758 Nodotum
1793 5717 1812 5757 :
1836 5699 2045 5757 involu-

2152 4401 2313 4455 Vnrro
2365 4420 2764 4458 commemorare
2792 4415 2837 4458 et
2866 4421 3165 4460 enumerare
3215 4401 3337 4459 deos
3369 4405 3515 4473 coepit
3541 4420 3573 4454 a
3597 4418 3727 4454 con-

2138 4474 2373 4548 ceptione
2393 4475 2634 4548 hominis,
2666 4491 2876 4545 eamque
2899 4478 3077 4532 seriem
3105 4476 3348 4548 produxit
3373 4490 3521 4548 usque
3542 4473 3612 4548 ad
3636 4473 3730 4528 de-

2138 4544 2319 4616 crepiti
2353 4546 2573 4601 hominis
2602 4544 2813 4601 mortem
2840 4589 2855 4610 ,
2904 4558 2950 4602 et
2978 4544 3116 4603 deos
3145 4547 3215 4601 ad
3265 4544 3447 4616 ipsum
3478 4544 3729 4599 hominem

2141 4615 2443 4685 pertinentes
2495 4619 2678 4689 clausit
2697 4618 2767 4672 ad
2796 4618 3036 4675 Nomium
3063 4620 3232 4685 deam,
3255 4615 3371 4689 qum
3395 4618 3445 4672 in
3474 4616 3732 4687 funeribus

2140 4702 2317 4762 senum
2334 4697 2590 4745 cantatur.
2615 4688 2789 4762 Noua.
2821 4708 2872 4762 p.
2907 4692 3032 4746 426.

2211 4757 2333 4832 .lam
2354 4774 2470 4832 quae
2521 4762 2694 4815 durat.
2715 4760 2806 4818 Sic
2821 4757 2969 4819 edidi
3023 4777 3090 4819 ex
3121 4761 3501 4818 emendatione
3520 4760 3729 4816 Meursii

2145 4845 2242 4901 pro
2266 4828 2408 4884 Nam
2433 4849 2546 4900 qua:
2568 4832 2739 4886 durat.

2220 4901 2476 4974 Ossilugo.
2513 4904 2821 4974 Legendum
2844 4905 2927 4961 vel
2957 4920 3079 4961 cum
3098 4907 3333 4962 Canteru
3352 4904 3627 4974 Ossipago,
3650 4903 3731 4960 vel

2145 4973 2602 5103 gstttOStewcchio
2621 4975 2933 5049 Ossipanga.
2963 4977 3093 5034 Vide
3118 4993 3280 5051 supra
3299 4978 3367 5033 ad
3386 4973 3481 5032 lib.
3506 4990 3587 5043 ιιι,
3615 4990 3728 5047 cap.

2222 5085 2234 5098 .
2313 5062 2467 5101 usus.

2181 5051 2234 5102 0.
2263 5051 2467 5101 UasLL.

2222 5116 2489 5173 Meuania.
2523 5119 2917 5187 Augustin.,dc
2939 5119 3056 5176 Civ.
3088 5120 3206 5187 Dei,
3228 5119 3325 5175 lib.
3351 5124 3424 5188 iv,
3473 5133 3594 5187 cap.
3626 5119 3730 5175 διε

2148 5189 2277 5263 Siue
2306 5188 2513 5260 Segetia
2553 5201 2763 5263 segetes,
2788 5192 2917 5263 sine
2970 5191 3176 5248 Boboua
3222 5193 3388 5255 boues,
3439 5191 3594 5245 mella
3628 5192 3733 5263 sine

2150 5260 2379 5316 Mellona
2397 5306 2412 5328 ,
2460 5260 2624 5333 poma'
2637 5264 2746 5318 sine
2774 5262 3026 5318 Pomona.
3068 5265 3316 5320 Ennaea.
3345 5293 3416 5305 -
3443 5262 3729 5329 Meursius,

2149 5333 2254 5403 leg.
2278 5332 2535 5403 ,Mellona.
2562 5334 2765 5391 Οιιειι..

2226 5402 2436 5478 Vlll:—
2467 5407 2650 5478 Dicite,
2690 5424 2727 5478 of
2758 5422 2951 5477 quteso,
2989 5416 3044 5462 ut
3086 5408 3160 5462 ita
3199 5407 3339 5462 vobis
3387 5405 3626 5478 prapitig
3665 5408 3733 5476 fa-

2151 5485 2299 5535 veant
2324 5476 2474 5544 Peto,
2510 5477 2668 5540 Puta,
2694 5477 2920 5533 Patella.
2953 5479 3042 5535 Sic
3070 5479 3241 5536 editio
3271 5476 3461 5548 prima.
3488 5476 3562 5532 ‘At
3586 5476 3727 5532 Fulv.

2153 5549 2382 5620 Ursinus
2432 5550 2748 5620 particulam
2796 5560 2851 5604 ut
2895 5551 3310 5616 exterminavit,
3350 5565 3471 5620 quae
3499 5563 3628 5604 sane
3650 5564 3731 5604 re-

2154 5619 2369 5680 tinenda
2397 5628 2534 5675 erat.
2568 5618 2658 5675 Sic
2690 5622 2909 5692 passim,
2938 5621 3139 5678 veluti:
3189 5633 3246 5677 ut
3279 5618 3425 5677 illum
3443 5622 3515 5675 dii
3540 5620 3734 5691 deaque

2153 5693 2347 5750 senium
2395 5692 2630 5763 perdant,
2678 5702 2733 5749 et
2759 5694 2973 5751 similia.
3004 5693 3272 5753 Observat
3303 5692 3733 5766 diligentissimus
