3966 6068
226 198 376 263 1045

1531 202 1740 260 LIBER
1778 204 2132 274 QUARTUS.

3398 208 3541 270 1046

184 306 189 315 ’
226 318 437 380 foedera
452 319 684 391 genialis
713 332 774 375 se
802 319 987 379 lectuli
1018 320 1420 391 expugnatione
1441 319 1662 391 jecisse.
1692 316 1835 379 Sub-
1863 326 1917 388 Α
2013 322 2206 380 XXIV.
2228 322 2517 395 Siaperire
2547 324 2733 392 oculos
2762 326 2958 381 mentis
2978 368 2991 392 ,
3024 332 3078 382 et
3102 325 3384 382 veritatem
3406 340 3537 398 pro-

226 415 466 473 sessoris
494 423 551 472 et
577 414 811 472 adulteri
830 428 1064 486 persona
1092 415 1247 485 cujus
1281 424 1430 471 esset
1459 415 1831 487 turpitudinis,

224 521 376 568 notae
403 511 582 582 cujus,
612 515 804 582 regum
834 510 1102 565 maximus
1128 508 1441 576 nesciebat,
1490 519 1545 564 et
1583 510 1831 581 specula-

225 614 320 662 tor
353 605 474 674 ille,
509 614 569 660 nt
596 603 740 659 fama
771 612 894 670 est,
926 604 1068 659 bene
1096 605 1412 658 meritorum
1433 646 1447 669 ,
1479 617 1544 658 ac
1569 604 1826 672 pessime,

225 700 488 771 quidnam
531 698 753 754 deceret
808 711 868 753 se
891 697 1034 751 velle
1091 695 1392 751 rationibus
1437 698 1675 766 pectoris
1722 710 1828 752 non

224 790 593 864 perspiciebat
615 790 847 845 amissis.
871 789 940 845 Et
968 789 1185 845 tolerari
1210 788 1432 844 forsitan
1460 789 1603 844 male
1633 797 1832 844 tracta-

225 884 306 940 tio
334 884 451 939 btcc
480 891 686 955 posset,
719 883 765 937 si
792 898 914 939 cum
933 882 1128 938 saltem
1151 883 1399 953 personis
1423 882 1829 952 conjungeretis

226 978 595 1049 comparibus,
623 985 678 1032 et
704 975 919 1033 adulter
944 992 973 1031 a
1005 978 1157 1032 vobis
1188 975 1577 1030 immortalium
1618 976 1824 1030 consti-

222 1077 470 1126 tueretur
508 1069 754 1124 dearum.
787 1069 845 1124 In
883 1069 1134 1124 humanis
1165 1084 1297 1124 vero
1322 1069 1643 1139 corporibus
1666 1068 1826 1138 quid-

223 1176 372 1227 nam,
393 1176 602 1235 quicso,
621 1162 796 1217 inerat
813 1161 1251 1232 pulchritudinis,
1275 1161 1405 1232 quid
1427 1161 1661 1227 decoris,
1682 1160 1824 1231 quod

220 1256 474 1324 irritare,
525 1255 669 1326 quod
712 1253 936 1313 ﬂectere
975 1255 1166 1312 oculos
1205 1263 1387 1327 posset
1440 1255 1493 1309 in
1535 1268 1593 1311 se
1641 1252 1829 1310 Jovis?

222 1350 416 1421 Cutes,
445 1353 655 1411 viscera
676 1394 691 1418 ,
723 1354 909 1423 pituita
940 1396 954 1419 ,
994 1364 1158 1424 atque
1200 1352 1377 1406 omnis
1420 1351 1510 1406 illa
1544 1351 1826 1421 proluvies

221 1444 598 1500 intestinorum
614 1446 715 1501 sub
729 1446 1022 1501 involucris
1034 1445 1324 1500 constituta
1335 1488 1348 1509 ,
1366 1458 1526 1515 quam
1540 1458 1646 1499 non
1662 1443 1824 1499 modo

220 1536 468 1609 Lynceus
488 1539 577 1594 ille
596 1538 917 1609 penetrabili
936 1539 1054 1594 acie
1078 1542 1248 1609 possit
1266 1538 1608 1605 horrescere,
1634 1552 1820 1593 verum

220 1631 380 1684 etiam
398 1631 575 1701 quivis
601 1630 739 1685 alter
766 1631 880 1685 sola
900 1632 983 1686 vel
998 1633 1323 1703 cogitatione
1339 1633 1532 1688 vitare.
1549 1632 1592 1687 υ
1606 1632 1821 1702 egregia

216 1735 425 1779 merces
468 1724 662 1794 culpae,
696 1738 730 1779 ο
756 1724 916 1795 digna
946 1735 999 1779 et
1024 1726 1258 1794 pretiosa
1293 1725 1556 1791 dulcedo,
1590 1734 1815 1796 propter

1939 419 2107 489 priam
2141 419 2335 474 intueri
2370 420 2489 474 sine
2531 419 2634 474 ulla
2662 419 2823 474 vultis
2850 418 3248 490 gratiﬁcatione
3278 419 3488 490 privata
3519 460 3536 485 ,

1937 512 2279 567 miseriarum
2319 513 2560 567 omnium
2584 527 2794 579 causas,
2815 513 3010 583 quibus
3034 528 3226 585 genus,
3246 522 3304 567 ut
3331 512 3534 582 dicitis,

1931 605 2247 676 jamdudum
2274 605 2566 661 altlictatur
2591 616 2615 642 ει
2643 608 2935 661 humanum
2961 651 2975 675 ,
3005 622 3071 662 ex
3104 606 3411 677 bujusmodi
3445 622 3534 663 re-

1936 698 2155 766 perietis
2185 698 2583 767 opiuatiouibus
2604 698 2793 764 ﬂuere,
2824 714 2958 769 quas
2984 698 3264 754 habebatis
3289 699 3525 770 antiqui-

1934 796 2022 843 tus
2048 788 2117 844 de
2143 788 2249 842 diis
2294 791 2515 854 vestris;
2550 799 2605 844 et
2626 806 2759 859 quas
2788 791 2839 843 in
2864 791 3054 846 melius
3080 790 3378 846 reformare
3406 800 3532 847 ante

1931 882 2116 936 oculos
2162 882 2337 952 posita
2392 883 2618 937 veritate
2666 883 2941 938 renuistis.
2974 882 3105 937 Nam
3159 899 3258 938 nos
3310 883 3528 954 quidem

1932 976 2184 1047 quidnam
2214 977 2284 1032 de
2324 976 2431 1031 illis
2455 976 2743 1046 aliquando
2765 1019 2779 1044 ,
2812 986 2902 1031 aut
2930 977 3316 1031 inconveniens
3358 978 3533 1033 sensi-

1931 1086 2071 1137 mus,
2100 1081 2192 1124 aut
2222 1070 2714 1141 conscriptionibus
2746 1070 3017 1125 edidimus
3050 1070 3354 1137 indecoris,
3383 1080 3439 1126 ut
3476 1072 3527 1127 in

1931 1162 2190 1217 invidiam
2214 1162 2483 1232 jaciantnr
2515 1171 2755 1217 nostram
2790 1162 3001 1218 labores
3027 1162 3243 1233 generis
3285 1163 3528 1232 humani,

1929 1267 1983 1311 et
2001 1255 2432 1325 commoditates,
2457 1257 2651 1327 quibus
2673 1257 2889 1326 vivitur,
2916 1257 3531 1331 imminutze‘iNumquid

1930 1365 1959 1404 a
1992 1350 2149 1405 nobis
2175 1350 2396 1418 dicitur,
2430 1362 2486 1405 ut
2525 1351 2764 1406 ciconias
2788 1394 2802 1420 ,
2852 1360 2911 1406 ut
2958 1352 3269 1423 palumbes,
3301 1369 3368 1409 ex
3413 1355 3528 1410 ovis

1928 1458 2049 1499 esse
2086 1445 2400 1515 progenitos
2439 1445 2701 1515 quosdam
2730 1445 2906 1501 deos?
2942 1446 3209 1518 Numquid
3249 1462 3316 1502 ex
3354 1448 3528 1518 pelagi

1928 1551 2155 1607 Spllllla,
2200 1546 2252 1591 et
2294 1553 2358 1592 ex
2399 1537 2521 1593 caeli
2569 1538 2895 1606 genitalibus
2931 1543 3221 1609 amputatis
3259 1539 3527 1595 Cithcreze

1926 1631 2157 1687 Veneris
2203 1639 2518 1686 concretum
2573 1631 2840 1686 coaluisse
2881 1631 3217 1687 candorem?
3258 1630 3525 1702 Numquid

1925 1725 2194 1796 parricidii
2222 1740 2384 1780 causa
2405 1725 2643 1779 vinctum
2674 1740 2797 1779 esse
2826 1727 3152 1791 Saturnum,
3185 1734 3239 1780 et
3260 1726 3370 1780 suis
3405 1725 3524 1781 die-

215 1828 372 1883 quam
398 1815 612 1886 Jupiter
652 1818 921 1873 maximus
968 1832 1174 1890 cygnus
1222 1817 1407 1887 lic-ret,
1432 1829 1486 1874 et
1517 1828 1725 1887 taurus,
1756 1825 1812 1874 et
1844 1809 1892 1869 B
1918 1821 2019 1876 bus
2051 1829 2257 1875 tantum
2301 1819 2640 1875 vinculorum
2682 1818 3011 1890 ponderibus
3043 1818 3321 1876 'relevari?
3358 1817 3523 1873 Num-

218 1907 567 1963 candidorum
594 1919 913 1979 procreator
941 1924 1188 1965 ovorum.

271 2001 296 2031 ἰ
328 2000 568 2055 Flictatur
590 2017 684 2055 ms.

1438 1910 1825 1970 LECTIONES
1855 1912 2161 1972 VARIAN'I‘
2167 1912 2270 1968 ES.

1565 2087 2133 2147 COMMENTARIUS.

208 2202 389 2277 Romae
420 2214 597 2262 morte
626 2208 872 2277 punitum
903 2221 1010 2261 non
1050 2213 1153 2272 est,
1188 2205 1283 2261 sed
1309 2205 1664 2276 relegatione.
1700 2206 1797 2259 Ti-

207 2275 384 2332 berius
412 2275 706 2346 imperator
733 2280 938 2348 primus
971 2292 1184 2347 paruam
1208 2278 1361 2332 auxit
1389 2296 1403 2332 :
1434 2275 1580 2332 viris
1610 2278 1802 2332 videli-

206 2359 283 2402 ce
310 2349 764 2418 deportatiOnem,
801 2351 1036 2406 fmminis
1074 2350 1505 2475 degortationem
1531 2359 1585 2403 et
1615 2349 1797 2419 publi-

206 2423 465 2474 cntionem
526 2422 815 2475 bonorum.
876 2422 1085 2475 l’rimus
1181 2420 1524 2475 onstautinus
1574 2421 1797 2475 Maenas

205 2423 465 2474 cntionem
526 2422 815 2476 bonorum.
876 2422 1085 2475 l’rimus
1136 2420 1524 2475 Constantinus
1574 2421 1800 2490 Magnus

206 2491 445 2545 adulterii
478 2493 683 2548 crimen
716 2493 909 2562 capitis
931 2508 1085 2563 poena
1108 2492 1404 2546 vindicavit
1426 2533 1441 2556 ,
1471 2494 1798 2561 sacrilegos-

206 2575 299 2635 gae
328 2564 636 2635 nuptiarum
668 2574 1025 2620 lemeratores
1054 2565 1236 2635 gladio
1264 2564 1494 2632 punivit.
1530 2563 1667 2635 Vide
1688 2565 1798 2616 Ctt-

202 2630 323 2706 j_at.,
355 2630 449 2706 lib.
479 2652 528 2706 vt
558 2634 895 2699 0bservatt.,
929 2630 1096 2706 capfl
1116 2638 1162 2699 l;
1188 2630 1518 2706 Brissonitts,
1541 2634 1799 2704 adlegem

204 2701 301 2778 ζα.
338 2705 404 2759 de
441 2705 749 2778 adulteriis,
786 2723 905 2778 pag.
944 2701 1047 2769 9i;
1079 2705 1400 2761 Theodorus
1437 2701 1708 2759 Marcilius
1732 2707 1800 2778 ad

205 2771 425 2850 ltutitut.
460 2771 918 2850 Justini:in.,'pag.
958 2779 1081 2833 755.
1116 2779 1359 2850 ELuEtvn.
1384 2808 1455 2818 ——
1478 2781 1545 2830 At
1573 2792 1694 2831 cum
1718 2777 1798 2850 vi-

207 2844 333 2920 l-ilus
367 2849 604 2905 immittis
634 2862 689 2905 et
722 2844 1025 2920 publicanis
1069 2849 1443 2905 meretricibus
1462 2847 1800 2903 consuetudo

206 2914 289 2973 fui.
334 2922 636 2989 impunita:
687 2914 842 2991 cujus
875 2923 950 2976 rei
982 2922 1121 2975 ratio
1162 2928 1287 2985 est,
1334 2920 1475 2991 quod
1524 2922 1796 2973 neminem

1909 2206 2063 2271 neb.,
2096 2204 2419 2273 Adversar.,
2444 2205 2535 2261 lib.
2560 2220 2635 2268 χι,
2665 2219 2786 2275 cap.
2818 2203 2914 2270 20,
2939 2210 2996 2259 et
3019 2203 3276 2272 Pontan.,
3307 2203 3372 2258 ad
3402 2203 3515 2259 Ma-

1910 2278 2087 2338 crob..
2112 2277 2293 2333 Satur.
2325 2294 2379 2345 v,
2404 2292 2525 2347 cap.
2556 2276 2646 2339 l7,
2672 2274 2792 2346 pag.
2818 2276 2948 2341 545,
2979 2275 3068 2347 ed.
3098 2275 3266 2331 Zeun.
3303 2275 3511 2331 ORELL.

1988 2349 2138 2415 Quod
2172 2350 2373 2417 ﬂectere
2400 2348 2577 2419 oculos
2624 2351 2783 2419 possit
2815 2348 2868 2401 in
2894 2363 2948 2401 se
2975 2346 3142 2419 lovis.
3177 2347 3268 2401 Sic
3299 2349 3514 2419 egregie

1912 2419 2088 2475 locum
2119 2422 2355 2475 restituit
2384 2418 2671 2473 Meursius.
2698 2420 2869 2473 Antea
2892 2418 3168 2488 legebatur
3195 2438 3207 2473 :
3230 2418 3367 2489 quod
3392 2419 3520 2488 [lec-

1912 2501 2016 2545 tere
2043 2491 2219 2546 oculos
2247 2492 2405 2557 possit
2433 2490 2552 2544 inde
2577 2489 2741 2543 Jovis.
2772 2490 2976 2545 OnsLL.

1983 2563 2028 2615 0
2057 2565 2262 2632 egregia
2304 2579 2495 2617 merces
2531 2561 2718 2630 culpas.
2738 2562 2891 2627 Quod
2916 2566 2967 2615 in
2991 2561 3321 2615 membranis
3338 2569 3513 2617 esset:

1909 2650 1939 2686 ο
1960 2651 2053 2703 gra
2076 2651 2289 2701 merces,
2317 2633 2623 2687 arbitrabar
2652 2633 2753 2703 legi
2778 2648 2971 2703 posse;
3003 2649 3032 2684 ο
3060 2633 3273 2703 grandis
3302 2649 3513 2689 nterces.

1905 2702 1982 2757 Ita
2015 2706 2228 2774 grandis
2257 2707 2475 2775 pecunia
2507 2721 2594 2772 ap.
2626 2702 2895 2757 Plautum.
2922 2702 3513 2775 Vitiegliommentarios
3532 2764 3547 2769 κ

1909 2773 2378 2849 νεείθιὶδιιοςμίι
2411 2777 2505 2830 lib.
2535 2791 2615 2842 ιιι,
2645 2790 2763 2845 cap.
2800 2775 2854 2842 7,
2886 2790 3008 2845 pag.
3047 2773 3177 2838 ‘289.
3208 2773 3513 2846 ed.Vcsal.)

2132 2866 2143 2872 ‘
3069 2845 3361 2900 Srrzwscn.

2132 2866 2143 2872 ’
3069 2861 3361 2901 DTEWECH.

1979 2918 2173 2973 XXIV.
2206 2950 2273 2960 -—
2325 2918 2606 2972 Veritatem
2655 2918 2919 2988 prapriam
2955 2918 3164 2972 intueri.
3207 2917 3338 2971 Mire
3385 2917 3504 2988 pla-7

207 2983 424 3062 prtprie'
451 2992 573 3047 laedi
604 2983 1001 3049 existimarent.
1058 2983 1304 3058 Plautus,
1346 2983 1399 3046 in
1431 2991 1793 3046 Curculione:
1825 2983 1870 3044 C
1906 2999 1995 3045 cet
2044 2992 2336 3045 Stewecliii
2384 2989 2724 3058 eonjectura:
2753 2983 2762 2988 ⁷
2788 2989 3048 3062 ceritatem
3100 2983 3423 3062 promptam}
3455 2987 3505 3042 id

692 3084 849 3134 Nemo
872 3085 985 3133 heic
1010 3084 1255 3147 prohibet,
1283 3095 1375 3131 nec
1398 3090 1549 3140 vetat,

286 3144 414 3209 Quin
437 3146 566 3209 quod
591 3146 743 3209 palam
765 3155 841 3198 est
866 3144 1061 3205 venale,
1087 3148 1128 3194 si
1149 3153 1409 3206 argentum
1428 3154 1523 3205 est,
1546 3155 1698 3193 emas.

295 3208 442 3273 [emo
460 3208 532 3257 ire
551 3208 847 3273 quemquam
872 3210 1064 3273 publica
1091 3209 1314 3271 prohibet
1340 3208 1437 3267 via,

298 3268 415 3335 Qum
440 3286 502 3319 ne
530 3268 619 3335 per
641 3268 839 3321 fluidum
859 3268 1052 3335 septum
1073 3268 1215 3320 lactat
1240 3272 1483 3335 semitam.

296 3332 412 3379 )um
438 3340 490 3381 te
513 3334 763 3384 abstineas
780 3332 946 3398 nupta.
970 3335 1133 3394 vidua,
1160 3334 1371 3398 virgine,

292 3404 572 3459 .uveutute,
592 3399 761 3459 pueris
786 3395 975 3457 liberis,
1002 3410 1108 3446 ama
1129 3396 1256 3460 quod
1278 3395 1435 3445 lubet.

201 3497 361 3575 Ergo,
386 3501 550 3557 modo
571 3504 894 3575 corporibus
916 3504 1111 3557 alienis
1138 3511 1191 3557 ct
1215 3503 1397 3557 liberis
1429 3502 1788 3566 abstinerent,

203 3571 469 3644 libidinem
498 3590 650 3628 suam
673 3571 897 3644 ’passim
926 3576 1207 3629 effundere
1248 3583 1493 3644 poterant
1524 3576 1641 3628 sine
1682 3576 1792 3628 ullo

200 3642 420 3700 illamire
451 3655 622 3701 metu.
648 3642 825 3715 Quare
844 3648 1082 3701 Sossiani
1107 3687 1121 3710 ,
1153 3642 1486 3714 quiancillas
1512 3660 1791 3713 compres-

200 3727 349 3775 Strat.
377 3718 671 3785 opinionem
701 3728 964 3787 gravatam
986 3721 1173 3777 potius,
1203 3734 1355 3785 quam
1379 3718 1596 3784 infamia
1617 3717 1791 3786 afﬂic-

201 3794 313 3857 tan,
351 3787 713 3843 Diocletianus
731 3798 784 3844 et
802 3789 1156 3843 Maximianus
1182 3788 1352 3857 linpp.
1371 3789 1783 3855 rescripscrunt.

198 3855 354 3925 Quam
400 3861 562 3930 igitur
590 3876 729 3914 cmca
774 3863 845 3914 sit
885 3860 1169 3930 prudentia
1220 3855 1492 3922 humana,
1538 3859 1619 3911 vel
1660 3858 1786 3912 hinc

196 3929 550 3985 manifestum.
585 3932 827 3986 HERALD.

257 4001 486 4056 Gentalis
527 4004 701 4057 lectuli
749 4004 1145 4073 expugnatione.
1197 4002 1254 4056 Β.
1290 4000 1591 4073 Cyprianus
1636 4018 1649 4057 :
1685 3999 1787 4055 Ille

194 4074 498 4147 patrimonii
546 4087 868 4147 expugnator
888 4072 1057 4128 alieni
1105 4073 1250 4147 Zeno
1286 4072 1634 4147 Veronensis,
1664 4088 1784 4127 ser-

193 4159 344 4198 mlllc
371 4144 440 4200 de
471 4144 730 4200 Patientia
761 4164 772 4198 ε
806 4145 992 4199 Verum
1025 4157 1195 4200 tanien
1229 4146 1280 4197 in
1310 4146 1422 4211 ipso
1453 4144 1625 4212 fructu
1652 4161 1778 4209 suo,

192 4232 282 4286 qua
321 4217 601 4285 expugnati
646 4219 860 4286 pudoris
907 4219 1064 4270 alieni
1093 4218 1205 4270 labe
1235 4217 1458 4285 gaudere
1487 4216 1778 4286 consuevit,

1889 4136 1937 4181 et
1968 4131 2075 4182 suis
2097 4124 2285 4181 diebus
2318 4135 2516 4179 tantum
2554 4124 2876 4177 vinculorum

1885 4197 1977 4270 Sic
1999 4200 2230 4270 eleganti
2273 4197 2584 4270 conjectura
2622 4195 2864 4270 reposuit
2894 4195 2943 4248 .l.
2970 4196 3205 4265 Lipsius,
3257 4196 3490 4270 Epistol.

1886 4263 2115 4336 Qnmstf,
2153 4270 2244 4323 lib.
2276 4285 2351 4333 Ill,
2375 4263 2541 4338 'cpist.
2577 4280 2685 4333 xv,
2715 4263 2881 4333 Oper.
2933 4263 3065 4321 tom‘.
3097 4281 3136 4332 ι,
3184 4263 3321 4339 ρειαί
3358 4269 3487 4338 552,

1909 3074 1991 3115 est
2018 3073 2258 3129 apertam
2288 3105 2301 3129 ,
2340 3073 2658 3116 cunetorum
2693 3061 2993 3127 expositam
3018 3061 3210 3115 oculis.
3245 3058 3381 3114 Vide
3411 3077 3505 3113 su-

1905 3149 1999 3201 pra
2023 3134 2088 3187 ad
2120 3134 2211 3187 lib.
2244 3151 2302 3198 ll,
2336 3149 2455 3198 cap.
2490 3131 2578 3186 57.
2610 3132 2817 3186 Onus.

1976 3203 2205 3259 Labores
2234 3206 2431 3276 generis
2461 3204 2694 3276 humani.
2719 3202 2941 3276 Labores
2973 3200 3220 3276 bochloco
3241 3216 3339 3271 pro
3360 3200 3505 3256 cala-

1902 3275 2202 3341 mitatibus,
2235 3272 2617 3339 incommodis,
2645 3282 2700 3326 ut
2723 3272 3043 3340 sarpissime.
3069 3274 3274 3327 URELL.

1976 3344 2059 3400 Ea:
2082 3349 2187 3401 avis
2212 3364 2319 3401 esse
2343 3348 2635 3416 progenitos
2660 3344 2932 3416 quosdam
2956 3344 3095 3416 deos.
3120 3344 3193 3397 Ita
3221 3342 3503 3416 verissime

1900 3418 2135 3471 restituit
2177 3420 2266 3473 ed.
2308 3413 2476 3485 Lugd.
2526 3416 2641 3470 Bat.
2675 3413 2871 3468 'Autea
2920 3413 3199 3482 legebatur
3225 3433 3236 3467 :
3266 3430 3349 3485 ira:
3373 3413 3504 3468 Jove

1898 3504 2008 3542 esse
2030 3492 2346 3559 progenitos.
2372 3483 2580 3545 Alludit
2603 3497 2782 3559 autem
2813 3486 3085 3539 Arnobius
3110 3486 3192 3539 vel
3214 3484 3281 3539 ad
3313 3483 3502 3540 Casto-

1899 3575 2011 3624 res,
2048 3557 2143 3614 vel'
2162 3563 2341 3629 potius
2385 3560 2452 3613 ad
2492 3560 2623 3617 deos
2651 3557 2849 3629 Syros,
2894 3572 3033 3629 quos
3059 3573 3271 3611 ororum
3313 3573 3499 3628 proge-

1898 3631 2034 3701 niem
2061 3627 2199 3685 dixit
2224 3647 2384 3701 supra
2412 3632 2503 3684 lib.
2538 3648 2575 3693 ι,
2606 3627 2726 3701 cap.
2760 3630 2851 3683 5U.
2882 3627 3086 3683 OnELL.

1968 3699 2233 3773 Cytherea:
2266 3699 2470 3757 Veneris
2491 3699 2784 3773 concretum
2807 3702 3057 3753 coaluisse
3076 3700 3368 3773 candorem.
3388 3700 3499 3754 Ma-

1893 3768 2133 3836 crobius,
2182 3789 2219 3828 ι.
2267 3785 2406 3838 sat.,
2458 3788 2578 3842 cap.
2630 3768 2873 3843 8.11am
2923 3769 3288 3843 (Saturnum)
3318 3842 3321 3843 ν
3352 3773 3497 3826 aiunt

1892 3843 2170 3898 abscidisse
2196 3844 2321 3897 Cwli
2359 3841 2535 3912 patris
2547 3842 2808 3911 pudenda,
2832 3841 3013 3910 quibus
3042 3842 3093 3895 in
3122 3841 3499 3910 maredejectis

1902 3912 2143 3970 Venerem
2200 3924 2565 3983 procreatam;
2614 3928 2729 3983 qua:
2762 3930 2793 3966 ιι
2832 3929 3019 3983 spuma
3042 3955 3054 3977 ,
3107 3914 3243 3983 unde
3279 3914 3493 3981 coaluit,

1890 3984 2177 4055 Aphrodite
2200 3980 2387 4039 nomen
2427 3980 2642 4051 accepit.
2679 3982 2779 4038 Ubi
2803 3980 2924 4037 vide
2952 3980 3417 4055 Potrtatpionsus

1962 4057 2237 4125 Numquid
2277 4054 2545 4126 parricidii
2576 4070 2731 4126 causa
2774 4055 2995 4106 vinctum
3024 4070 3132 4108 esse
3158 4054 3447 4109 Saturnum
3473 4096 3490 4123 ,

2946 4126 3216 4178 onderibus
3256 4126 3492 4181 relevari.

192 4285 382 4358 seuper
426 4289 610 4358 infelix
639 4285 731 4342 est.
785 4290 891 4343 Nec
938 4300 1137 4342 temere
1178 4287 1392 4358 genialis
1422 4286 1595 4340 lectuli
1621 4285 1777 4339 dixit.

291 4339 445 4439 'enitn
465 4339 942 4439 Vl'lQijll‘lnSignliltfill
958 4368 1011 4413 el
1032 4339 1468 4439 illSlllﬁyagrﬂqop
1488 4358 1779 4439 Ostia-Ap"-

2012 4341 2193 4439 Yesﬂal:
2224 4339 2369 4439 Νειηῇ
2390 4339 2841 4439 opinlio'veterpm
2874 4348 2992 4393 erat
3017 4339 3310 4423 Saturnum
3342 4339 3487 4409 suis,

187 4428 318 4486 leius
344 4430 514 4484 Miles.
542 4429 606 4484 ll.
639 4429 706 4483 Et
734 4428 765 4482 a
798 4447 931 4484 nexu
954 4432 1156 4500 quidem
1187 4428 1409 4483 Venereo
1439 4430 1654 4495 hospitis
1681 4437 1782 4482 tua:

182 4511 537 4572 temperate!
568 4503 713 4569 probi
747 4502 959 4556 Milonis
1001 4501 1253 4572 genialem
1295 4511 1463 4555 torum
1510 4500 1781 4571 religiosus

180 4573 400 4640 suspice.
431 4571 670 4629 lienam.

259 4643 583 4715 Subsessoris
621 4657 667 4700 et
711 4646 935 4700 adulteri
968 4660 1204 4715 persona.
1257 4643 1616 4715 SttbScssorcs
1648 4650 1783 4715 sunt

184 4712 506 4769 insidiantes
529 4718 846 4772 mulieribus
875 4719 940 4772 ad
965 4712 1775 4770 committendumadulterium.

182 4784 434 4858 Valerius
482 4786 643 4852 Mam.
677 4789 767 4843 lib.
804 4806 858 4855 ιι,
895 4805 1012 4858 cap.
1048 4789 1101 4850 1,
1139 4785 1225 4857 §5
1256 4804 1268 4840 :
1303 4785 1457 4839 Nulli
1485 4787 1619 4839 enim
1662 4795 1781 4858 tunc

178 4855 530 4912 subsessorum
549 4863 836 4914 alienorum
868 4855 1309 4915 matrimoniorum
1332 4857 1469 4911 oculi
1490 4856 1782 4910 metueban-

182 4938 288 4981 tur.
335 4927 433 4983 Ubi
464 4931 585 4987 vide
612 4933 784 5000 intpp.
815 4941 868 4986 ct
896 4931 1264 4995 Tattbmann.,
1299 4930 1365 4985 ad
1399 4928 1613 5000 Virgil.,
1648 4927 1777 4983 1E1).

181 5015 257 5063 x1,
286 5015 405 5069 pag.
436 5003 559 5057 974.
592 5002 795 5058 Οῐιειι.

257 5069 413 5125 Nota:
439 5076 608 5143 cujus.
639 5075 845 5131 Clo~sc
871 5093 883 5129 :
916 5071 1079 5141 Nota,
1114 5074 1289 5200 )bb’yoc,
1316 5074 1517 5133 σπῖλοςο
1546 5070 1740 5142 Papias
1765 5089 1779 5125 ε

257 5154 356 5200 ita.
383 5157 665 5200 peccatum.
695 5147 932 5200 dedecus.
965 5164 1112 5200 maca
1141 5166 1191 5200 ιι.
1216 5145 1418 5200 Nonius
1443 5162 1458 5200 ξ
1488 5142 1627 5198 Nota
1656 5142 1779 5196 dici-

184 5139 356 5208 Nota,
382 5139 665 5213 peccantur,
695 5147 932 5213 dedecus,
965 5139 1200 5201 uincula:
1216 5145 1418 5203 Nonius
1443 5162 1458 5201 ξ
1488 5139 1784 5198 Νοιιίάὶεἱ-

181 5224 267 5268 tur
288 5213 555 5284 probrum.
589 5217 830 5273 Lucilius
854 5261 870 5287 ,
903 5219 996 5274 lib.
1031 5234 1138 5273 xxx
1168 5236 1180 5272 :

277 5312 436 5370 Quem
458 5312 558 5361 scis
578 5313 704 5363 scire
724 5318 833 5362 tuas
853 5325 1027 5362 omnes
1045 5312 1378 5425 maculasqule,
1406 5318 1665 5373 notasque.

772 5420 781 5425 .
1332 5392 1341 5405 ⁴
1355 5390 1532 5423 LMENH.

1332 5390 1532 5423 LLMENH.

251 5483 487 5538 Amissis.
545 5483 621 5540 lta
668 5484 937 5541 Meursius
995 5492 1051 5541 et
1097 5484 1395 5540 Salmasius
1436 5484 1640 5554 optime
1687 5498 1786 5554 pro

179 5556 375 5611 antissi.
410 5556 615 5613 ORELL.

254 5626 664 5684 Maletractatio.
697 5627 837 5683 Infra
866 5627 959 5683 lib.
990 5644 1024 5683 v
1050 5647 1063 5681 :
1098 5627 1364 5683 Immunes
1394 5638 1562 5683 tamen
1602 5646 1633 5682 a
1661 5627 1787 5682 deo-

177 5715 296 5756 rum
325 5701 767 5757 maletrartatione
784 5717 873 5757 nec
897 5702 970 5756 sic
992 5701 1133 5757 estis.
1157 5701 1633 5758 Imaum—Com.
1653 5699 1789 5756 Tur-

1886 4410 1941 4466 id
1971 4422 2053 4468 est
2102 4413 2465 4469 Saturnalium
2498 4410 2688 4465 diebus
2735 4411 2929 4465 iterum
2970 4412 3123 4481 quasi
3146 4413 3307 4481 regni
3336 4427 3488 4466 com-

1886 4493 2070 4553 potem
2101 4500 2224 4540 esse
2246 4525 2261 4548 ,
2286 4492 2545 4539 creterum
2570 4496 2768 4553 annum
2817 4483 2869 4536 in
2903 4480 3097 4537 vinclis
3134 4480 3348 4553 haberi.
3380 4482 3491 4537 Lu-

1885 4551 2073 4610 cianus
2124 4558 2175 4611 in
2227 4553 2669 4611 ClironOSolon.:
2715 4551 2804 4610 Ἦν
2848 4553 2902 4609 δὲ
2953 4555 3009 4609 οὐ
3056 4551 3279 4615 πεδήτης
3310 4593 3326 4619 ,
3371 4553 3486 4611 οὐδὲ

1884 4630 2095 4702 sculptor”)
2127 4629 2321 4702 ’πλέωςΣ
2336 4624 2430 4681 οἷον
2456 4627 2602 4702 atavos
2628 4626 2672 4679 oi
2697 4628 3072 4702 _Cot7pd_q)0t.....
3101 4624 3481 4702 ἐπιδεὶρυιςεᾳι,

1885 4693 2009 4753 ἀ)ὖᾶ
2033 4706 2122 4760 τήν
2167 4703 2254 4775 μέν
2291 4699 2457 4775 ἅρπην
2481 4694 2617 4775 εἶχε.
2640 4693 3219 4775 πάνυ-ἓξσηοχμένηνχτὰ
3262 4694 3322 4775 δέ.
3359 4693 3484 4752 ἄλλα

1920 4771 2089 4846 maps;
2117 4768 2176 4824 τέ
2199 4769 2275 4835 ἦν,
2305 4768 2384 4824 rei
2418 4770 2676 4846 καρτιρρς.
2698 4772 2791 4846 ’καὶ
2820 4769 3093 4846 (Baeticam;
3128 4768 3481 4846 ἐνεσκεύᾳσῖρ.

1920 4791 2089 4846 αωρος·
2117 4792 2171 4824 τε
2199 4794 2275 4835 ην,
2305 4792 2384 4824 και
2418 4791 2676 4844 καρτερος.
2706 4791 2791 4822 και
2820 4791 3093 4840 ρασιΑικως
3128 4791 3481 4823 ενεσκευαστο.

1887 4791 2071 4897 ἓώιὶο
2110 4844 2357 4909 princeps
2394 4840 2844 4905 corruptissime:
2901 4839 3187 4909 Saturnum
3225 4838 3359 4891 etab
3407 4840 3485 4894 his

1888 4913 2067 4967 diebus
2108 4908 2261 4965 tantis
2288 4912 2603 4965 vinculorum
2636 4909 2941 4979 ponderibus
2966 4908 3173 4972 elevari,
3206 4909 3347 4963 unde
3374 4909 3483 4966 Ge-

1888 4984 2064 5037 lenius
2089 4984 2289 5039 l'ecerat
2319 5001 2331 5035 :
2366 4994 2414 5038 et
2455 4983 2561 5036 suis
2602 4981 2778 5036 diebus
2807 4981 2962 5034 tantis
3007 4979 3324 5033 vinculorum
3357 4998 3484 5048 pon-

1889 5054 2094 5109 deribus
2143 5055 2377 5109 relevari.
2410 5054 2675 5110 Meursius
2719 5060 2938 5107 autem:
2989 5060 3035 5104 et
3065 5050 3251 5123 aliquis
3293 5051 3368 5123 (id
3400 5062 3483 5107 est

1888 5128 2160 5199 aliquibus
2187 5128 2207 5199 )
2260 5127 2436 5199 diebus
2478 5125 2631 5199 tantis
2661 5121 3321 5199 uincti/eruntponderibus
3351 5123 3484 5177 rele—

1888 5192 2018 5254 vari.
2052 5192 2234 5254 Codex
2263 5215 2365 5253 ms.
2425 5197 2586 5251 habet
2615 5214 2628 5251 :
2668 5194 2739 5248 Et
2768 5194 2907 5248 ablui
2959 5192 3135 5247 diebus
3166 5196 3341 5262 tantis,
3372 5204 3481 5251 etc.

1889 5271 2031 5342 quod
2065 5280 2241 5325 tuetur
2266 5270 2564 5342 Salmasius
2585 5267 2685 5342 ,_in
2712 5264 3172 5342 ed.ALugd._Bat.,
3204 5265 3350 5342 etﬂad
3382 5265 3484 5342 Sos

1890 5336 2011 5403 lin..
2045 5356 2166 5411 cap.
2193 5342 2278 5407 15,
2310 5355 2429 5411 pag.
2463 5340 2588 5403 152,
2615 5339 2789 5393 locum
2816 5336 3190 5411 itaretingens
3212 5354 3225 5390 :
3251 5336 3319 5411 Et
3338 5337 3481 5393 ablui

1891 5413 2066 5467 diebus
2094 5408 2271 5476 statis,
2314 5408 2636 5465 uinculorum
2692 5408 3004 5480 ponderibus
3039 5419 3086 5461 et
3116 5410 3293 5480 levari.
3326 5411 3483 5464 ΑΜκὶ

1890 5486 2093 5539 dictmn
2128 5490 2277 5552 putat
2306 5482 2599 5537 Salmasius
2639 5479 2738 5551 pro
2768 5481 2981 5545 absolvi,
3015 5487 3075 5534 ut
3099 5479 3227 5534 dilui
3253 5495 3354 5550 pro
3378 5482 3483 5534 dis'

1890 5556 2015 5610 solvi
2043 5571 2129 5623 ap.
2160 5553 2474 5609 Ciceronem
2502 5593 2515 5617 ,
2560 5552 2629 5607 de
2668 5554 2911 5618 Amicit.,
2941 5566 3061 5620 cap.
3100 5566 3217 5623 nt,
3244 5552 3483 5623 amicitia:

1892 5621 2151 5681 diluenda:
2172 5626 2333 5695 magis
2353 5640 2506 5695 quam
2536 5623 2916 5688 discendendw,
2939 5625 3023 5679 cui
3046 5622 3171 5695 addi
3202 5632 3385 5695 potest
3409 5621 3487 5673 al-

1892 5706 1976 5755 ter
2004 5691 2282 5755 Ciceronis
2313 5691 2464 5756 locus
2497 5696 2656 5767 place
2682 5696 2932 5769 geminus
2960 5696 3029 5753 de
3062 5691 3247 5759 0ftic.,
3269 5691 3382 5751 lib.
3413 5701 3455 5745 ιι
3482 5726 3501 5757 ,
