3966 6068
218 238 361 303 i069

1543 241 1747 305 Linea
1788 194 2137 314 ausurus.

3386 238 3523 301 £070

214 360 297 417 illi
351 356 573 414 vulnera
626 352 870 433 orbitatis
920 359 1190 431 ingemere
1211 399 1225 425 ,
1275 366 1330 413 et
1377 370 1498 413 eum
1544 355 1828 428 eiulatibus
1853 359 1906 420 Α
1936 355 2108 412 tulere
2137 354 2400 426 prodigia,
2428 360 2706 423 poetarum
2735 364 2857 408 esse
2883 351 3158 423 principes
3181 360 3345 425 atque
3369 371 3527 427 reges

217 442 489 509 indecoris
537 446 641 505 lata
675 458 699 487 δ
729 450 976 506 incusare
1022 446 1295 505 crudelia:
1330 463 1427 503 vos
1456 448 1679 518 stupetis
1710 448 1827 502 elo~

214 540 450 618 quentia:
472 538 693 625 viribus,
720 540 944 615 etquod
975 538 1184 614 penilus
1211 538 1491 614 oportebat
1517 556 1582 597 ex
1609 537 1828 596 humani

215 637 429 711 generis
458 632 651 694 eoalitu
684 632 1191 708 tolli,percensetis,
1223 626 1490 691 ediscitis:
1522 646 1585 688 ac
1622 648 1690 688 ne
1718 632 1827 687 ulla

214 724 506 789 intercidat
541 724 813 787 oblivione
842 731 1061 787 curatis.
1097 724 1411 797 Vulnerari,
1444 727 1658 793 vexari,
1688 724 1826 782 bella

212 814 357 883 inter
382 840 442 882 se
462 838 651 897 gerere
667 816 931 881 lurialium
958 831 1324 881 memorantur
1343 822 1535 878 ardore
1560 819 1826 876 discrimi-

214 921 376 976 itum:
406 916 557 974 vobis
583 912 670 974 illa
698 927 780 973 est
805 910 1098 988 descriptio
1120 916 1401 987 voluptati,
1428 922 1587 985 atgue
1614 916 1672 968 ut
1698 912 1828 969 seri-

214 1024 431 1085 ptorum
472 1022 674 1069 tantam
716 1008 1019 1070 defendatis
1057 1004 1372 1081 audaciam,
1414 1004 1698 1083 allegorias
1737 1022 1826 1067 res

211 1096 357 1177 illas,
385 1116 441 1163 et
468 1096 726 1164 naturalis
754 1106 992 1164 scientiae
1020 1102 1323 1164 mentimini
1346 1120 1469 1163 esse
1495 1098 1788 1161 doctrinas.

286 1196 532 1259 XXXIV.
564 1196 669 1259 Sed
693 1202 821 1275 quid
847 1217 946 1273 ego
973 1202 1244 1273 neglectas
1269 1201 1498 1257 aliorum
1525 1212 1827 1271 conqueror

212 1284 572 1352 contumelias
614 1294 930 1351 numinum?
976 1290 1097 1366 ipse
1137 1282 1228 1350 ille
1257 1281 1488 1365 Jupiter,
1535 1290 1689 1365 cujus
1727 1305 1827 1348 vos

212 1392 415 1445 nomen
457 1380 604 1444 ell‘ari
637 1400 744 1443 non
775 1388 892 1443 sine
922 1394 1068 1443 metu
1099 1378 1279 1443 decuit
1308 1395 1363 1442 et
1390 1376 1556 1441 totius
1585 1385 1828 1456 corporis

213 1468 593 1543 concussione,
623 1466 825 1534 amasio
851 1486 1039 1550 captus
1063 1474 1131 1532 ab
1159 1486 1326 1532 uxore
1353 1468 1676 1532 describitur
1698 1490 1829 1531 con-

213 1567 354 1627 ﬁteri
380 1564 566 1643 culpas
592 1586 743 1641 suas,
788 1580 839 1628 et
867 1562 1015 1627 velut
1051 1560 1274 1627 demens
1312 1578 1375 1625 ac
1412 1568 1650 1635 nescius,
1693 1566 1826 1640 quas

212 1656 472 1719 amiculas
510 1658 754 1738 conjugi,
801 1676 933 1734 quas
964 1663 1118 1718 uxori
1153 1654 1521 1732 anteposuerit
1563 1660 1781 1732 pellices
1807 1701 1822 1727 ,

1931 448 2122 504 divinis
2152 447 2377 517 ingeniis
2407 445 2688 515 praeditos,
2712 445 2885 515 capita
2914 456 3039 500 esse
3065 447 3376 502 memoratis
3402 462 3529 504 sane

1928 542 2165 597 ctissima
2191 557 2203 593 :
2240 548 2554 608 tantumque
2584 537 2650 592 ab
2680 536 2858 592 olllcio
2890 534 3243 607 religionum,
3273 552 3407 607 quas
3445 540 3530 595 in-

1928 633 2149 701 ducitis,
2177 632 2460 697 evolastis,
2482 640 2540 685 ut
2563 629 2826 701 gravioris
2851 629 3106 699 ponderis
3130 630 3239 685 sint
3264 631 3405 702 apud
3430 647 3528 690 vos

1925 724 2091 787 verba
2117 740 2275 801 quam
2304 720 2541 784 caelitum
2572 726 2768 781 violata
2799 725 3119 782 sublimitas.
3159 716 3235 781 lla
3259 736 3387 797 ergo
3417 736 3529 784 non

1928 821 2141 891 decuit,
2173 820 2217 877 si
2243 817 2406 875 modo
2434 818 2572 873 ullus
2597 817 2821 873 deorum
2861 825 3007 874 esset
3030 818 3173 889 apud
3199 834 3294 874 vos
3324 830 3525 889 metus,

1927 914 2022 970 aut
2058 908 2103 969 si
2131 928 2251 969 esse
2282 906 2404 967 illos
2434 910 2639 981 uspiam
2670 911 3108 981 prmsumptionis
3137 922 3301 968 certa:
3329 911 3357 952 ι)
3394 929 3528 970 con-

1927 1006 2146 1063 lldentia
2188 1004 2517 1070 crederetis,
2570 1001 2971 1072 rogationibus,
3022 1003 3351 1073 plebiscitis,
3397 1021 3529 1062 con-

1925 1090 2188 1158 sultorum
2221 1106 2442 1156 senatus
2467 1106 2613 1155 metu
2645 1094 3010 1167 intercedere,
3043 1099 3371 1170 prohibere,
3405 1117 3529 1158 san-

1925 1188 2072 1261 cire,
2100 1208 2170 1251 ne
2198 1194 2320 1266 quis
2349 1188 2516 1250 vellet
2560 1186 2627 1248 de
2664 1186 2768 1247 diis
2807 1190 3008 1262 passim
3053 1192 3155 1247 nisi
3199 1192 3345 1264 quod
3383 1205 3532 1251 esset

1928 1286 2146 1362 plenum
2188 1280 2495 1357 religionis,
2538 1282 2713 1340 eli‘ari.
2754 1280 2866 1339 Nec
2895 1298 2925 1338 a
2954 1280 3108 1340 vobis
3136 1283 3328 1340 saltem
3366 1286 3530 1341 istum

1927 1390 2242 1439 meruerunt
2272 1390 2294 1419 ο
2328 1378 2591 1436 honorem
2617 1420 2630 1445 ,
2662 1385 2721 1432 ut
2750 1376 2945 1448 quibus
2971 1362 3242 1448 expellitis
3272 1391 3301 1432 a
3331 1378 3485 1435 vobis
3511 1420 3528 1448 ,

1926 1475 2131 1533 eisdem
2162 1474 2228 1529 ab
2257 1464 2343 1528 his
2372 1471 2583 1543 legibus
2612 1469 3002 1541 propulsaretis
3053 1470 3296 1540 injurias.
3332 1460 3531 1542 Meles.

1929 1567 2053 1624 latis
2082 1576 2208 1621 sunt
2241 1563 2382 1635 apud
2408 1576 2507 1619 vos
2550 1558 2660 1628 rei,
2702 1562 2794 1631 qui
2829 1560 2898 1616 de
2938 1562 3137 1617 vestris
3172 1564 3392 1633 sequius
3431 1565 3532 1621 ob-

1926 1656 2382 1715 murmuraverlnt
2410 1642 2614 1725 aliquid
2655 1652 2893 1723 regibus.
2936 1646 3305 1723 Magistratum
3339 1655 3390 1709 ln
3442 1670 3535 1710 or-

211 1757 508 1814 obduratus
554 1732 933 1814 inverecundia
981 1756 1284 1827 publicare:
1315 1770 1412 1811 vos
1442 1754 1566 1810 talia
1596 1755 1687 1826 qui
1730 1766 1824 1810 exs
1856 1732 1905 1804 Β
1932 1748 2114 1807 dinem
2145 1749 2394 1820 redigere
2421 1788 2436 1816 ,
2485 1753 2793 1803 senatorem
2833 1755 2924 1801 aut
2966 1746 3203 1805 convitio
3244 1749 3532 1821 prosequi,

1459 1860 1837 1928 LECTIONES
1865 1860 2285 1925 VARIANTES.

279 1969 305 1998 “
340 1967 491 2021 Facta
508 1967 629 2021 Sub.
653 1967 799 2021 male.

273 2028 302 2072 b
337 2028 633 2082 Certissima:
652 2043 742 2081 ms.

1974 1960 1995 1989 ε
2034 1952 2293 2009 Mererent
2314 1951 2419 2005 alii.

1573 2078 2139 2144 COMMENTARIUS.

218 2224 378 2282 graue
405 2216 692 2263 accesserat
720 2208 1064 2282 incentivum,
1095 2208 1434 2282 germanitate
1456 2204 1682 2282 _Augs_rsti
1710 2216 1820 2257 tur-

252 2283 339 2336 ida
364 2297 523 2352 supra
553 2282 780 2352 modum.
816 2280 969 2347 Quod
1002 2277 1253 2352 Zosimns
1273 2279 1342 2333 de
1370 2277 1561 2352 eodem
1592 2277 1817 2352 loquens

239 2363 287 2407 ta
311 2348 564 2423 exprimit
594 2362 624 2426 ξ
642 2348 851 2426 ἔχοντος
872 2355 952 2426 nul
976 2356 1065 2409 τήν
1090 2351 1331 2426 ὁμόζυγα
1350 2351 1480 2426 «ab;
1497 2355 1648 2426 τρῦτο
1667 2351 1817 2426 uitro»

215 2419 553 2498 ἐρεθίζὸυσαν.
585 2419 764 2478 ϐτξιῖοὶ
795 2423 1063 2503 vocabant
1094 2419 1366 2496 magna».
1393 2419 1581 2502 Conﬂ,
1612 2422 1703 2490 qui
1747 2421 1815 2473 de

219 2495 327 2549 hoc
376 2495 543 2550 verbo
574 2495 777 2547 multus
797 2502 916 2550 est.
962 2493 1304 2550 Rtttlterdus.
1335 2492 1400 2547 ad
1435 2491 1698 2550 Salvum.
1746 2489 1813 2546 de

219 2530 327 2549 ..νυ
381 2530 542 2550 ne..."
578 2530 777 2547 ...υηυο
799 2530 881 2547 νο.
962 2530 1282 2547 “unum.”
1335 2530 1400 2547 ..υ
1435 2530 1671 2546 mum...

213 2565 458 2621 Gubern.
490 2564 619 2629 Dei,
654 2570 777 2634 pag.
806 2565 872 2627 8,
1028 2534 1311 2619 Bremens’.
1343 2554 1547 2618 Onaso.
1686 2530 1698 2557 '

287 2637 382 2693 Illi
411 2637 645 2702 vulnera,
671 2645 777 2691 etc.
814 2635 890 2689 Ita
920 2634 1185 2691 Meursius
1208 2646 1264 2691 et
1288 2635 1585 2691 Salmasius
1610 2634 1809 2690 rectis-

214 2708 354 2765 sime
384 2722 483 2778 pro
513 2706 619 2761 Illa
647 2707 876 2760 vulnera.
905 2707 1110 2778 QRELL.

291 2772 442 2848 Quod
490 2781 689 2849 penitus
739 2777 1004 2849 oportebat
1050 2792 1114 2833 etc
1155 2777 1365 2831 humani
1392 2776 1588 2848 generis
1617 2772 1809 2829 caaliltt

218 2853 349 2907 tolli.
366 2850 666 2913 Gesnerus,
697 2851 747 2902 in
769 2848 1070 2916 Thesauro,
1089 2863 1277 2903 vocem
1304 2849 1521 2903 coalitus
1544 2848 1806 2916 explicat:

222 2924 373 2991 Quod
401 2923 602 2992 penitus
632 2923 897 2987 oportebat
927 2920 1039 2973 tolli
1062 2961 1076 2985 ,
1106 2936 1169 2974 ne
1212 2920 1498 2984 coalescat,
1541 2918 1694 2992 idest
1720 2918 1806 2992 in-

215 2982 525 3062 crebrescat,
556 2982 891 3061 conﬁrmetur
919 2982 1073 3062 inter
1094 2993 1343 3047 homines.
1376 2982 1494 3045 Sed
1518 2990 1695 3059 potius
1722 2982 1804 3062 in:
1837 2995 1882 3058 ρ

216 3058 627 3136 terpretandum
658 3058 873 3136 videtur
906 3080 920 3118 :
950 3060 1102 3128 Quod
1150 3064 1352 3133 penitus
1373 3062 1644 3136 oportebat
1693 3058 1806 3114 tolli

217 3152 281 3192 ea:
307 3134 523 3190 humani
544 3134 739 3206 generis
764 3135 1032 3206 societate,
1055 3136 1333 3206 consortio.
1358 3135 1476 3199 Quo
1497 3145 1806 3206 sensu_ver-

216 3206 348 3263 bum
383 3201 663 3260 coalescere
689 3215 915 3274 usurpat
941 3205 1146 3271 Livius,
1167 3205 1263 3260 lib.
1299 3221 1338 3271 l,
1371 3218 1491 3271 cap.
1523 3204 1556 3257 8
1589 3216 1602 3256 ς
1643 3201 1810 3256 Voca—

217 3285 372 3347 taque
401 3277 469 3331 ad
495 3277 769 3331 concilium
797 3278 1130 3348 multitudine
1151 3318 1166 3344 ,
1193 3291 1307 3348 qua:
1333 3277 1617 3348 coalescere
1634 3275 1690 3326 in
1720 3289 1813 3336 po-

256 3346 334 3403 uli
361 3350 514 3403 unius
537 3362 723 3417 corpus
767 3347 913 3401 nulla
937 3362 995 3403 re
1025 3346 1374 3418 prteter‘quam
1396 3346 1590 3417 legibus
1618 3353 1808 3418 posset.

256 3365 333 3403 uti
361 3365 514 3403 unius
537 3365 723 3417 corpus
767 3365 913 3401 nuua
937 3365 995 3403 re
1025 3365 1365 3418 prtererquam
1396 3365 1590 3417 tcgwus
1618 3365 1808 3416 posset.

217 3365 289 3478 Et
308 3436 426 3491 cap.
459 3421 523 3475 M
559 3439 571 3472 :
596 3418 682 3491 Ita
710 3434 818 3491 rem
844 3418 1127 3475 coalescere
1155 3417 1430 3472 concordia
1459 3432 1626 3491 posse.
1649 3416 1812 3471 Lam-

217 3488 586 3548 binus'autem
617 3489 683 3543 ad
708 3489 949 3560 Lucret.,
992 3505 1075 3556 tt.,
1124 3490 1263 3545 H29
1285 3532 1299 3551 ,
1332 3502 1453 3560 pag.
1478 3488 1587 3543 982
1607 3530 1620 3549 ,
1649 3498 1705 3543 et
1723 3503 1776 3541 vt
1800 3528 1812 3549 ,

219 3563 397 3633 1066,
448 3572 569 3633 pag.
618 3560 747 3616 85!.
794 3559 1096 3616 Coalescere
1127 3559 1441 3633 etrcoalitu’s
1478 3574 1666 3633 parum
1696 3572 1818 3614 esse

219 3632 412 3691 Latins
439 3631 669 3703 probare
712 3632 931 3696 studet,
966 3639 1021 3686 et
1049 3648 1146 3701 pro
1179 3632 1247 3703 iis
1271 3632 1522 3686 omnibus
1548 3631 1693 3703 locis
1732 3644 1817 3685 re-

218 3702 528 3777 ponendum
559 3702 887 3767 Coalescere,
921 3704 1160 3777 coalitus.
1200 3702 1536 3777 substantivi
1562 3702 1814 3777 coalitus,

219 3773 313 3840 iis,
366 3791 531 3831 unum
566 3784 810 3828 nostrum
865 3775 1173 3843 exemplum
1225 3775 1423 3827 citatur
1473 3775 1528 3827 in
1582 3773 1812 3827 Lexicis.

218 3846 359 3905 Hinc
390 3844 826 3902 Elmenhorstius
854 3850 910 3900 et
939 3846 1029 3899 alii
1059 3845 1400 3914 reponebam
1419 3853 1570 3899 coetu.
1602 3843 1811 3898 OncLL.

296 3918 648 3983 Percensetis,
682 3916 927 3969 sdiscitis.
961 3915 1203 3971 Ediscllis
1233 3917 1488 3986 primusc
1508 3915 1816 3986 Codarnsto

219 3990 454 4049 restituit
475 3987 837 4045 Stewechius.
881 3987 970 4041 Sic
1000 3990 1160 4058 paulo
1187 3984 1311 4058 post
1337 4002 1458 4057 cap.
1490 3986 1562 4042 56
1594 4005 1608 4042 :
1645 3984 1815 4039 Malea

220 4058 655 4189 :fctitagiszelogia
695 4068 741 4113 et
784 4057 1011 4129 quotidie
1034 4059 1271 4130 referatis
1299 4067 1347 4114 et
1373 4059 1615 4113 ediscatis
1642 4058 1815 4125 quoti-

259 4150 330 4188 te.
410 4146 444 4186 tt
482 4147 567 4188 ιιι..

259 4135 330 4188 ie.
358 4135 567 4188 Onam.

294 4203 619 4260 XXXIV.—
640 4204 802 4275 Cujus
844 4219 932 4275 vos
978 4216 1165 4257 nomen
1211 4200 1383 4268 effari.
1432 4201 1509 4255 Ita
1552 4198 1817 4255 Meursius

221 4291 330 4350 pro
353 4276 501 4350 cujus
526 4288 617 4330 nos
643 4272 830 4350 numen
855 4272 1025 4341 cﬂ'ari.
1054 4275 1266 4350 paena.

294 4342 511 4417 Amisit)
548 4358 732 4417 captus
750 4347 820 4400 ’ab
846 4362 1005 4401 mre
1029 4345 1351 4417 describitun
1375 4342 1608 4417 conﬁteri
1636 4342 1817 4413 culpas

223 4391 1015 4476 .un'I'iIJng'eaaaaza.
1030 4391 1653 4471 Eilis'tuif’sédloiina'
1669 4391 1817 4467 2.3;:
1842 4391 1898 4452 D

226 4492 334 4556 sio,
360 4491 473 4544 anis
494 4524 509 4552 ,
540 4489 899 4544 insolentiore
940 4496 1165 4543 utuntur
1184 4487 1346 4540 etiam
1375 4486 1639 4554 Apuleius
1670 4486 1819 4549 Μαίη

223 4577 323 4627 ιιι,
354 4572 478 4631 pag.
503 4561 645 4625 916,
676 4569 732 4615 et
759 4575 862 4625 vit,
892 4575 1018 4630 pag.
1050 4557 1180 4613 L88.
1205 4557 1292 4612 ed.
1318 4556 1823 4627 0ndendorpii.ubi

226 4632 353 4706 vide
382 4642 569 4698 notas,
600 4646 838 4706 non
869 4631 1198 4687 Prudentius
1217 4670 1232 4697 ,
1256 4642 1429 4683 carm.
1460 4646 1491 4683 x
1513 4669 1530 4697 ,
1555 4634 1680 4706 mpl
1703 4649 1823 4685 στι-

226 4705 409 4781 eius»,
441 4718 583 4758 vers.
618 4704 723 4779 182
755 4720 768 4757 :
1058 4720 1065 4729 ι
1183 4727 1195 4736 -

384 4792 585 4859 Nubunt
606 4795 801 4859 puellae,
825 4806 957 4859 saepe
981 4792 1213 4859 luduntur
1234 4790 1362 4859 dolis

384 4856 718 4919 Amasionum,
743 4856 1125 4919 comprimuntur
1143 4856 1414 4906 fraudibus.

229 4944 522 5003 Caeterum.
553 4954 611 5000 ut
640 4954 831 5000 monet
854 4945 1119 4999 Canterus
1137 4984 1153 5009 ,
1184 4942 1409 5013 respicit
1438 4941 1525 4996 hic
1551 4940 1824 4996 Arnobius

226 5017 294 5072 ad
319 5018 495 5071 locum
521 5017 670 5071 illum
695 5016 1041 5071 Homericum
1064 5014 1220 5070 Iliad.
1246 5029 1356 5081 nv,
1383 5028 1525 5067 vers.
1551 5013 1819 5068 312-5128.

226 5087 599 5158 Osann—Ita
631 5104 786 5157 pusus
809 5127 824 5153 ,
855 5087 1040 5158 pusio,
1071 5087 1317 5157 pumilus,
1352 5085 1589 5158 pumilio,
1615 5094 1668 5139 et
1694 5084 1817 5138 alia.

224 5157 434 5221 MEUtts.
470 5160 524 5212 in
550 5157 789 5229 Append.

303 5224 981 5284 Obduralus'i'nverecundia
1002 5228 1285 5301 publicare.
1310 5228 1645 5301 Obduratum
1674 5224 1827 5281 inve-

223 5301 491 5359 recundia
536 5301 777 5371 appellat
807 5317 965 5363 cum,
999 5299 1089 5370 qui
1139 5301 1206 5356 ad
1250 5299 1645 5371 impudentiam
1679 5306 1824 5371 totus

225 5373 521 5441 obduruit,
566 5368 623 5427 et
661 5374 751 5441 qui
782 5387 881 5434 os.
914 5368 1167 5439 frontem,
1200 5371 1254 5426 id
1282 5368 1365 5426 est
1392 5387 1453 5427 ea
1485 5368 1824 5441 omniqqui-

227 5444 334 5499 bus
361 5438 593 5513 prodere
628 5438 883 5513 se'pttdor
908 5438 1189 5513 consuevit
1210 5482 1225 5509 ,
1273 5443 1344 5497 ita
1389 5440 1647 5504 duravit,
1684 5438 1739 5493 ut
1769 5442 1821 5493 in

228 5514 336 5577 iis,
362 5512 595 5569 inullum
642 5512 813 5568 restet
854 5512 1205 5584 verecundae,
1246 5514 1480 5583 signum.
1516 5515 1649 5567 llinc
1692 5512 1825 5584 χάλ-

229 5605 363 5663 sssau,
402 5584 675 5663 saepe»,
687 5586 894 5663 λίθινονΑ
904 5586 1135 5663 (sistamus
1177 5583 1247 5639 de
1269 5586 1339 5639 im
1348 5586 1670 5663 pudetttibtts
1693 5583 1826 5663 dicit

231 5650 615 5732 Artemidorus
642 5650 740 5732 lib.
776 5673 829 5721 ι,
853 5650 1206 5732 Qneironrit.,
1233 5650 1360 5732 ean;
1385 5656 1552 5732 2d,_et
1581 5650 1824 5732 σιδηροῦς

233 5726 402 5788 homo
422 5770 437 5799 ,
462 5729 554 5800 qui
585 5728 730 5783 nulla
763 5726 984 5800 pudoris
1030 5726 1083 5781 vi
1128 5726 1337 5783 moveri
1364 5728 1549 5796 novit,
1580 5736 1632 5783 v.
1665 5726 1716 5784 cl
1767 5727 1823 5781 in

1921 2216 2081 2257 versu
2131 2197 2224 2254 illo
2250 2198 2561 2269 Sophocleo
2589 2160 2675 2271 ap.
2702 2199 2925 2257 Aristot.
2944 2241 2958 2267 ,
2985 2216 3043 2269 tt,
3068 2154 3255 2271 Rhet,
3278 2216 3398 2275 cap.
3420 2202 3526 2263 ἣδε

2169 2310 2271 2357 mea
2287 2301 2423 2355 σιδηρᾶ)
2450 2306 2509 2344 καὶ
2534 2310 2694 2357 capsis:
2708 2302 2883 2357 τοῦνομα,
3207 2286 3432 2348 HERALD.

1920 2377 2101 2447 Capita
2147 2394 2253 2433 esse
2281 2379 2569 2435 memoratis
2615 2381 2954 2435 stmctissima.
3004 2376 3046 2434 E
3093 2372 3403 2438 Graecorum
3447 2385 3529 2440 io-

1916 2449 2113 2519 Quendi
2151 2464 2350 2526 more,
2386 2449 2759 2526 que-nclatini
2792 2451 2906 2521 pari
2949 2460 3232 2509 venastate
3282 2454 3531 2526 frequen-

1917 2516 2115 2576 tarunt.
2149 2521 2353 2577 Seneca
2384 2516 2436 2574 in
2457 2516 2739 2591 Olidipode
2770 2536 2782 2572 :

2009 2634 2215 2683 Sacrate
2230 2633 2409 2692 dlveis,
2438 2635 2718 2696 proximum
2737 2633 2927 2684 Phwa
2945 2640 3107 2698 caput.
3132 2633 3352 2688 Hum).

1994 2736 2061 2793 Ut
2090 2738 2344 2810 gravioris
2362 2738 2611 2810 ponderis
2637 2736 2905 2810 sintapnd
2935 2755 3023 2794 vos
3052 2744 3222 2806 verba,
3247 2760 3399 2810 quant
3422 2763 3525 2802 cce-

1917 2809 2066 2887 litu_nt
2090 2806 2637 2887 'violatasublintitas.
2676 2806 2816 2887 Alii,
2846 2809 3015 2887 vorbi
3025 2826 3190 2887 causa
3216 2806 3482 2887 Meursius
3505 2860 3521 2887 ,

1914 2881 2129 2935 malunt
2162 2898 2175 2932 :
2207 2879 2399 2949 quibus
2420 2877 2647 2934 caelitum
2678 2882 2870 2935 violata
2900 2881 3210 2939 sublimitas.
3242 2884 3449 2943 ORELL.

1986 2948 2314 3006 Passim.....
2348 2948 2518 3017 effari.
2555 2949 2762 3005 Passim
2784 2993 2798 3017 ,
2826 2950 2878 3007 id
2906 2962 2990 3007 est
3014 2955 3132 3013 sine
3157 2955 3370 3011 delectu
3405 2959 3521 3015 dis-

1912 3022 2162 3095 crimine.
2200 3020 2332 3095 \lide
2356 3016 2529 3095 supra
2552 3022 2618 3077 ad
2647 3020 2741 3078 lib.
2778 3016 2855 3095 tr,
2886 3039 3013 3095 cap.
3046 3016 3097 3079 1.
3122 3024 3324 3082 Ossan.

1980 3091 2176 3161 E/fari.
2214 3092 2325 3146 Nec
2355 3110 2385 3147 a
2415 3092 2556 3147 vobis
2599 3095 2778 3147 saltem
2823 3091 2978 3149 istum
3032 3108 3324 3151 nteruerunt
3358 3098 3519 3154 Itono-

1913 3182 2042 3226 rem.
2057 3172 2163 3218 etc.
2183 3164 2277 3237 Sic
2289 3180 2320 3218 e
2338 3162 2528 3237 codice
2545 3172 2682 3237 msto
2698 3164 2875 3237 locttm
2894 3165 3129 3237 restituit
3150 3166 3518 3237 Stevvechius,

1915 3247 2191 3306 sequente
2217 3232 2304 3290 ed.
2339 3230 2513 3304 Lugd.
2544 3232 2660 3289 Bat.
2690 3234 2865 3293 Antea
2896 3235 3160 3292 edebatur
3189 3256 3203 3292 :
3234 3236 3427 3306 lsi/fari,
3461 3230 3522 3295 ac

1916 3325 1949 3361 α
1971 3305 2111 3362 vobis
2137 3306 2319 3360 saltem
2346 3308 2501 3360 istum
2520 3318 2770 3363 mererent
2797 3307 3066 3362 honorem.
3098 3306 3170 3363 At
3192 3305 3322 3364 vero
3352 3305 3519 3367 verba

1921 3378 2040 3435 haec
2064 3376 2298 3447 pendent
2320 3393 2425 3431 non
2453 3393 2483 3429 τι
2513 3378 2761 3449 proxime
2782 3378 3269 3449 antecedentibus,
3296 3380 3391 3436 sed
3410 3422 3425 3449 ,
3457 3392 3520 3437 ut

1920 3446 2273 3522 benemonet
2291 3446 2632 3522 Stewechius
2653 3491 2667 3513 ,
2693 3447 2975 3522 referenda
3004 3448 3067 3503 ad
3096 3466 3159 3513 ea
3183 3466 3337 3522 quas
3357 3446 3518 3522 paulo

1920 3524 2171 3591 superius
2224 3520 2438 3591 dixerat
2462 3536 2482 3591 :7
2522 3516 2611 3573 Ita
2641 3536 2762 3591 ergo
2807 3536 2909 3591 non
2940 3516 3145 3585 decuit,
3176 3516 3285 3579 etc.
3315 3516 3375 3578 lu
3431 3538 3519 3580 se-

1919 3588 2213 3662 quentibus
2260 3588 2512 3662 eapellitis
2559 3605 2659 3660 pro
2699 3588 2978 3657 expellaris
3019 3591 3259 3662 restituit
3308 3592 3513 3650 Meurs.

1920 3659 2071 3717 Idem
2102 3663 2250 3734 conj.
2284 3659 2632 3734 expelleretis,
2671 3663 2923 3729 pessime.
2951 3660 3225 3732 expellitis,
3261 3663 3299 3719 i.
3332 3679 3388 3734 q.
3421 3681 3518 3722 ex-

1921 3734 2126 3804 pellere
2150 3732 2358 3785 soletis.
2387 3731 2593 3804 Osann.

1995 3803 2282 3873 Majestatis
2308 3810 2424 3876 sunt
2455 3802 2596 3876 apud
2622 3816 2713 3876 eos
2747 3804 2822 3876 rei
2844 3840 2859 3867 ,
2888 3804 2977 3873 qui
3000 3804 3066 3856 de
3091 3804 3273 3859 uestris
3307 3809 3515 3876 sequius

1921 3875 2407 3944 obmurmuraueriut
2434 3873 2630 3944 aliquid
2653 3873 2872 3942 regibus.
2894 3876 3049 3928 .llanc
3068 3889 3286 3944 quoque
3316 3873 3513 3933 lectio-

1920 3961 2044 4002 nem
2095 3943 2432 3999 verissimam
2470 3942 2733 3999 debemus
2781 3942 3124 4009 Steweehio',
3174 3942 3268 4012 qui
3313 3961 3432 4001 eam
3482 3963 3515 4001 e

1919 4016 2048 4072 cod.
2069 4028 2172 4071 ms.
2196 4015 2249 4069 in
2278 4023 2480 4070 textum
2504 4012 2801 4084 revocarit.
2826 4014 2999 4070 Antea
3025 4014 3304 4084 legebatur
3331 4034 3345 4071 :
3366 4033 3513 4072 secus

1919 4087 2433 4143 obmurmurarerint.
2477 4083 2583 4139 Sed
2633 4086 2860 4155 multum
2906 4083 3130 4155 prastat
3168 4087 3381 4153 sequius
3407 4128 3422 4151 ,
3455 4088 3513 4144 id

1920 4169 2005 4213 cst
2049 4159 2311 4212 deterius.
2352 4156 2444 4211 Sic
2473 4154 2769 4223 Apuleius,
2803 4154 3021 4211 libevtu
3042 4195 3057 4223 ,
3089 4155 3221 4211 Met.
3255 4174 3267 4211 :
3301 4156 3511 4213 Placuit

1919 4228 2182 4283 Tltrasilla
2212 4226 2685 4297 schemaferalium
2714 4228 3046 4297 nuptiarum,
3072 4243 3163 4282 nec
3182 4229 3388 4297 sequius
3412 4230 3512 4284 ali-

1919 4300 2045 4372 quid
2066 4298 2377 4372 suspicatus.
2400 4295 2572 4372 Varro
2597 4296 2737 4366 apud
2756 4295 2986 4372 Nonium
3004 4299 3171 4372 verba
3194 4295 3478 4372 Ruminare
3491 4316 3513 4354 :

1925 4369 2045 4425 Non
2069 4372 2222 4423 modo
2245 4371 2424 4423 absens
2448 4369 2724 4439 quidquam
2748 4369 2810 4424 de
2841 4378 2888 4423 te
2913 4371 3118 4440 sequius
3138 4371 3401 4439 cogitabit,
3418 4373 3512 4426 sed

1928 4444 2079 4497 etiam
2100 4441 2447 4496 stltitinabitur
2472 4440 2856 4494 huntottitatettt.
2882 4440 3011 4507 Quae
3034 4442 3155 4495 loca
3182 4443 3371 4496 citavit
3390 4444 3509 4498 Ste-

1927 4514 2194 4570 wechins.
2217 4513 2484 4569 Caeterum
2515 4510 2583 4565 de
2606 4510 2902 4579 inajestatis
2926 4512 3152 4566 crimine
3178 4511 3396 4575 Paulus,
3413 4513 3507 4567 lib.

1926 4601 1980 4640 ν.
2014 4586 2367 4647 Sentetttiar.,
2400 4582 2481 4635 tit.
2505 4581 2576 4637 29
2595 4621 2610 4645 .
2645 4580 2721 4634 sit:
2746 4582 2919 4651 inquit
2944 4599 2963 4635 ;
2992 4581 3129 4651 Lege
3150 4579 3299 4634 Julia
3324 4584 3512 4653 majes-

1928 4658 2042 4709 tatis
2071 4665 2269 4710 tenetur
2293 4656 2373 4718 is,
2406 4653 2556 4721 cujus
2592 4664 2719 4717 ope,
2748 4653 2965 4705 consilio
2992 4652 3234 4706 adversus
3283 4653 3511 4720 impera-

1929 4737 2086 4781 torem
2125 4726 2202 4779 vel
2232 4722 2596 4793 retnpublicom
2617 4737 2764 4775 arma
2790 4731 2906 4776 sunt
2948 4733 3118 4783 mota,
3160 4727 3513 4792 exercitusque

1926 4798 2034 4866 ejus
2066 4797 2116 4849 in
2156 4795 2373 4849 insidias
2403 4792 2653 4866 deductus
2682 4803 2792 4854 est;
2817 4793 2965 4866 quive
2999 4794 3202 4864 injusstt
3233 4793 3511 4866 imperato-

1925 4864 1996 4921 ris
2030 4866 2215 4921 bellum
2243 4864 2451 4936 gesserit
2474 4864 2781 4936 delectumae
2806 4864 3056 4927 habuerit,
3074 4865 3352 4919 exercitum
3371 4881 3513 4936 corn-

1928 4938 2180 5007 parat'erit
2202 4975 2217 5003 ,
2249 4935 2641 4995 sollicitarer“,
2683 4935 2961 4989 deseruerit
2998 4937 3381 5007 imperatorem.
3414 4935 3511 4991 His

1925 5004 2077 5063 antea
2107 5010 2162 5061 in
2191 5016 2488 5077 perpetuum
2534 5020 2668 5071 aqua
2693 5017 2741 5060 et
2770 5007 2877 5076 igni
2921 5004 3333 5069 interdicebatur,
3378 5023 3512 5061 nunc

1925 5096 2041 5134 vero
2081 5078 2378 5133 humiliores
2402 5078 2574 5131 bestiis
2603 5078 2938 5145 obiiciuntur,
2968 5078 3048 5131 uel
3078 5078 3177 5131 nisi
3203 5088 3509 5143 exuruntur,

1925 5152 2235 5206 honestiores
2260 5149 2424 5219 capite
2453 5150 2752 5219 puniuntur.
2789 5148 2939 5214 Quod
2966 5150 3155 5202 crimen
3196 5164 3299 5201 itan
3343 5149 3514 5201 solum

1926 5226 2064 5291 facta
2085 5263 2098 5287 ,
2123 5223 2212 5276 sed
2234 5231 2283 5273 et
2311 5218 2471 5274 uerbis
2494 5221 2664 5291 impiis
2692 5230 2737 5273 et
2768 5218 3051 5273 maledictis
3068 5221 3288 5291 stramime
3306 5233 3513 5273 exacer-

1925 5290 2093 5349 batur.
2147 5293 2278 5347 Vide
2324 5291 2415 5347 Fr.
2462 5290 2959 5359 Lintltmbrogium,
3003 5290 3069 5345 ad
3114 5290 3246 5360 Leg.
3300 5293 3513 5345 unicam

1924 5364 2057 5420 Cod.
2095 5384 2107 5417 :
2136 5365 2195 5418 Si
2224 5364 2337 5433 quis
2376 5366 2502 5431 imp.
2537 5362 2884 5416 maledixert't.
2914 5361 3115 5417 Οίιςιι.
3143 5374 3201 5417 et
3220 5361 3476 5416 ELIENII.

1999 5432 2296 5490 Senatorum
2322 5445 2411 5487 aut
2433 5434 2655 5488 convicia
2676 5433 3240 5505 ρνοωηαὶοδθυαιωω
3270 5432 3405 5505 adeo
3420 5436 3517 5505 ~ili--

1924 5506 2154 5561 violntos
2198 5507 2507 5560 duriset-vari
2563 5501 2846 5558 voluerunt
2874 5505 3229 5574 imperatores
3257 5501 3520 5557 Arcadius

1924 5588 1981 5633 et
2008 5577 2297 5643 Hortarius,
2318 5584 2376 5631 ut
2396 5576 2618 5632 eosdem
2636 5575 2882 5645 Corporis
2904 5575 2989 5632 sui
3034 5585 3247 5643 partem
3262 5588 3385 5645 esse
3400 5586 3530 5641 pro-

1927 5649 2107 5704 testati
2134 5647 2244 5702 sint
2262 5642 2287 5710 ,⁷
2309 5657 2363 5702 et
2378 5646 2622 5718 quisquis
2638 5642 2760 5702 illos
2783 5650 2866 5702 vel
2882 5642 3259 5707 interfecerit,
3278 5642 3364 5694 vel
3383 5644 3542 5718 dicto

1926 5721 2013 5778 vel
2041 5719 2185 5777 facto
2210 5710 2430 5788 laeserii,
2460 5710 2583 5776 etim
2604 5757 2620 5785 ,
2664 5726 2849 5789 utpote
2876 5718 3185 5788 maiestatis
3214 5724 3409 5779 reum,
3444 5710 3558 5784 qh-
