3966 6068
451 285 579 341 1071

1561 273 1840 331 annos"
1868 237 2234 332 mensus
2273 271 2548 332 osurus

3622 269 3768 330 1072

448 400 558 452 suis
590 412 711 453 esse
741 394 1002 450 decrestis
1027 389 1542 464 periculosissimum
1582 392 1775 460 poenis.
1817 391 2046 447 Carmen
2078 393 2242 470 A—illa
2277 394 2592 457 mimorum,
2621 398 2784 461 atque
2803 389 3002 446 exoleti
3024 391 3237 462 generis
3262 388 3591 446 multitudo?
3613 389 3767 446 Non-

445 491 646 543 malum
690 487 1032 542 conscribere
1057 526 1072 550 ,
1115 499 1223 555 quo
1254 486 1388 537 fama
1422 483 1643 538 alterius
1672 484 2050 552 coinquinatur

447 590 502 636 et
533 583 670 644 vita,
703 578 1152 634 decemviralibus
1181 577 1329 630 scitis
1351 575 1585 630 evadere
1609 576 1851 630 noluistis
1875 576 2050 644 impu-

445 687 516 727 ne
541 689 555 724 :
583 686 648 726 ac
677 687 744 726 ne
774 684 984 726 vestras
1014 684 1172 723 aures
1204 668 1445 723 convicio
1472 669 1662 736 aliquis
1694 669 2052 737 petulantiore

443 766 715 835 pulsaret,
745 764 812 818 de
843 763 1114 818 atrocibus
1153 763 1405 815 formulas
1435 761 1791 815 constituistis
1821 761 2048 830 injuriis.

444 857 559 913 Soli
591 865 717 910 sunt
745 855 886 924 apud
918 869 1016 908 vos
1037 855 1214 922 superi
1239 853 1572 917 inhonorati,
1596 853 2049 921 contemptibiles,

443 951 610 1005 viles:
643 950 693 1003 in
721 963 855 1018 quos
879 947 966 1017 jus
995 955 1077 999 est
1103 962 1130 997 a
1157 945 1306 998 vobis
1330 943 1544 1009 datum,
1569 959 1688 1013 qua:
1714 945 1937 1013 quisque
1959 958 2052 996 vo-

442 1043 606 1099 luerit
635 1043 846 1097 dicere:
877 1037 1260 1108 turpitudinum
1289 1037 1469 1105 jacere
1488 1078 1503 1102 ,
1535 1052 1666 1106 quas
1692 1034 1858 1089 libido
1883 1034 2051 1089 conli-

442 1135 618 1200 xerit,
651 1147 811 1202 atque
843 1128 1226 1199 excogitaverit
1255 1129 1475 1183 formas.
1513 1129 1576 1182 Et
1609 1129 1864 1183 incuriam
1897 1128 2051 1183 nobis

443 1226 724 1282 intendere
765 1234 872 1277 tam
914 1222 1188 1276 inl’amium
1230 1236 1335 1275 non
1377 1221 1697 1275 erubescitis
1737 1221 2047 1285 numinum,

444 1333 564 1374 cum
607 1318 678 1372 sit
717 1317 917 1370 rectius
956 1314 1126 1369 multo
1155 1313 1285 1368 deos
1316 1328 1437 1368 esse
1466 1330 1571 1367 non
1603 1312 1855 1380 credere,
1888 1330 2048 1384 quam

443 1426 567 1466 esse
599 1411 720 1464 illos
751 1409 886 1462 tales
913 1450 928 1472 ,
963 1407 1162 1477 talique
1191 1406 1585 1460 existimatione
1617 1407 1839 1462 sentire.

518 1502 738 1557 XXXV.
785 1501 893 1557 Sed
950 1501 1122 1570 poetis
1155 1499 1528 1552 tantummodo
1584 1500 1745 1554 licere
1796 1499 2051 1557 voluistis

444 1596 691 1666 indignas
717 1593 783 1649 de
807 1593 912 1647 diis
946 1592 1185 1657 fabulas,
1219 1599 1273 1644 et
1311 1590 1570 1660 ﬂagitiosa
1618 1590 1847 1646 ludibria
1895 1608 2047 1646 com-

2158 499 2226 539 ne
2255 485 2320 537 ad
2346 499 2499 538 nsum
2529 491 2768 553 quzestus
2795 482 2877 537 sui
2905 483 3197 538 abutuntur
3212 482 3313 538 diis
3341 483 3538 538 vestris
3558 525 3574 548 .
3599 492 3658 538 et
3684 484 3759 539 le-

2159 576 2372 630 nocinia
2403 575 2740 644 voluptatum
2769 590 2833 629 ex
2863 575 3075 644 injuriis
3121 575 3348 630 attrahit
3392 575 3764 632 contumeliis-

2157 685 2261 739 que
2286 669 2523 723 divinis?
2549 668 2752 724 Sedent
2778 680 2832 723 et
2859 669 2912 722 in
2953 669 3276 738 spectaculis
3317 669 3543 738 publicis
3579 683 3764 724 sacer-

2157 765 2344 819 dotum
2369 764 2633 830 omnium,
2659 765 3174 832 magistratuumque
3199 762 3444 833 collegia,
3479 764 3765 831 pontifices

2159 858 2395 922 maxim‘,
2436 866 2490 911 et
2522 856 2739 910 maximi
2779 856 3066 921 curiones;
3103 855 3294 910 sedent
3323 854 3624 924 quindecim
3657 853 3764 911 viri

2159 950 2408 1016 laureati,
2433 959 2487 1004 et
2517 949 2690 1003 diales
2714 963 2836 1002 cum
2863 932 3108 1017 apicibus
3136 947 3414 1010 ﬂamines:
3449 947 3640 1002 sedent
3664 962 3764 1002 au-

2156 1057 2316 1112 gures
2343 1044 2666 1111 interpretes
2704 1040 2900 1094 divinae
2941 1040 3136 1093 mentis
3167 1048 3222 1094 et
3257 1038 3549 1092 voluntatis
3576 1081 3592 1104 ,
3624 1054 3761 1094 ncc-

2157 1151 2262 1190 non
2294 1147 2348 1190 et
2375 1145 2535 1190 castae
2570 1134 2836 1204 virgines,
2872 1133 3112 1203 perpetui
3157 1133 3394 1187 nutrices
3435 1141 3489 1187 et
3532 1146 3761 1188 conser-

2155 1229 2385 1282 vatrices
2425 1226 2593 1296 ignis;
2647 1225 2798 1280 sedet
2843 1237 3070 1279 cunetus
3116 1224 3344 1293 populus
3390 1232 3445 1279 et
3488 1233 3757 1290 senatus;

2155 1319 2521 1374 consulatibus
2545 1318 2710 1373 functi
2741 1328 2917 1386 patres
2939 1361 2954 1385 ,
2989 1317 3094 1372 diis
3125 1317 3354 1387 proximi
3383 1327 3546 1387 atque
3583 1333 3762 1389 augu-

2154 1413 2376 1468 stissimi
2409 1426 2599 1482 reges;
2629 1409 2846 1481 etquod
2876 1410 3138 1464 nefarium
3171 1419 3318 1465 esset
3339 1411 3560 1476 auditu,
3582 1411 3766 1481 gentis

2154 1505 2243 1560 illa
2272 1505 2503 1576 genitrix
2534 1503 2737 1558 Martia:
2757 1542 2772 1564 .
2800 1501 3100 1572 regnatoris
3121 1509 3175 1556 et
3197 1501 3376 1571 pepuli
3415 1502 3759 1572 procreatrix

2155 1616 2344 1655 amans
2373 1599 2600 1654 saltatur
2633 1597 2844 1662 Venus,
2879 1605 2934 1651 et
2959 1610 3055 1666 per
3083 1593 3308 1650 allectus
3348 1609 3543 1650 omnes
3584 1610 3764 1651 mere-

444 1694 696 1751 minisci?
717 1691 859 1761 Quid
884 1689 1195 1760 pantomimi
1214 1690 1412 1754 vestri,
1439 1688 1564 1758 quid
1593 1689 1902 1757 histriones,
1928 1693 2058 1761 quid
2087 1686 2134 1745 B
2165 1693 2333 1748 triciaa
2367 1691 2588 1747 vilitatis
2615 1689 2880 1762 impudica
2918 1688 3237 1759 exprimitur
3283 1687 3584 1744 imitatione
3632 1689 3765 1744 bac-

1822 1783 2390 1842 COMMENTARIUS.

443 1907 535 1962 dio
581 1901 880 1958 feriendum
929 1896 1425 1956 condemnaverint.
1460 1897 1616 1951 bonis
1662 1897 1778 1966 ejus
1807 1899 2057 1955 omnibus

445 1979 574 2031 fisco
600 1974 842 2029 addictis.
903 1971 1020 2023 V'id.
1057 1970 1183 2039 Leg.
1238 1985 1295 2033 v,
1344 1968 1467 2022 cod.
1502 1970 1568 2022 ad
1601 1968 1662 2022 L.
1693 1967 1799 2022 Jul.
1835 1971 2051 2039 majest.

445 2049 738 2105 Srswscu.
757 2053 811 2096 et
842 2043 1088 2097 ELMENH.

515 2119 728 2173 Carmen
770 2117 958 2167 malum
1003 2110 1338 2167 conscribere.
1393 2119 1496 2162 etc.
1534 2110 1641 2164 Lex
1691 2127 1761 2163 xu
1805 2110 2042 2165 Tabula-

441 2207 559 2245 rum
596 2194 667 2240 ita
699 2195 956 2252 concepta
988 2193 1088 2236 est:
1115 2181 1195 2235 SI.
1228 2180 1403 2252 QUlS.
1445 2181 1764 2252 (ilAllVlEN.
1786 2181 2042 2252 liCCEN-

441 2258 706 2316 TASSIT.
745 2250 1168 2310 ACT‘trasstT.
1201 2251 1330 2304 tLtiN
1382 2250 1646 2305 nusstr.
1680 2251 1885 2317 ovoo.
1920 2254 2042 2308 AL-

442 2332 624 2386 TElil.
653 2324 1051 2383 FLAliITlUM.
1082 2321 1314 2376 FAXIT.
1345 2321 1662 2376 CAI’ITAL.
1701 2323 1896 2378 ES'I'O.
1926 2327 2040 2392 Qua

441 2404 508 2457 de
538 2405 653 2469 lnge.
680 2401 891 2461 Cicero,
925 2397 1024 2469 lib.
1079 2409 1154 2457 tv,
1187 2393 1254 2446 de
1286 2395 1540 2469 Bepttlil.,
1591 2394 2040 2469 ap:__1_\llgu$llll.,

440 2475 508 2528 de
539 2463 657 2526 Civ.
697 2469 790 2522 Dei
820 2510 834 2531 ,
882 2467 977 2521 lib.
1009 2469 1077 2528 ti,
1131 2479 1250 2531 cap.
1286 2466 1319 2516 9
1355 2483 1367 2516 :
1425 2463 1633 2517 Nostra:
1663 2464 1758 2519 ΧΠ
1804 2465 2038 2531 Tabulre,

440 2561 556 2598 cum
587 2556 870 2609 perpaucas
910 2555 990 2591 res
1021 2536 1188 2600 capite
1215 2537 1524 2609 sanxissent,
1572 2536 1626 2588 in
1660 2540 1738 2588 Itis
1765 2537 1902 2609 hanc
1923 2554 2048 2605 quo-

437 2633 537 2683 que
585 2607 909 2683 sanciendam
943 2618 1246 2683 putaverunt
1267 2623 1312 2683 :_
1337 2607 1379 2659 si
1403 2608 1549 2683 .quis
1568 2608 1900 2683 actitavisset,
1945 2611 2049 2661 sive

440 2677 644 2739 carmen
667 2681 973 2736 condidisset
1001 2720 1014 2743 ,
1070 2677 1204 2745 quod
1231 2677 1500 2746 infantiam
1521 2679 1706 2746 faceret
1733 2679 2050 2746 ﬂagitiumve

438 2757 607 2811 alteri.
643 2755 726 2808 Et.
752 2768 871 2818 cap.
906 2749 970 2803 12
998 2767 1008 2800 :
1046 2747 1285 2820 Romani,
1315 2749 1454 2820 sicut,
1490 2749 1542 2820 in
1588 2749 1677 2820 illa
1708 2751 1769 2799 de
1790 2749 2050 2820 republica

437 2826 780 2892 disputatione
806 2819 1261 2893 gloriaturscipio
1281 2859 1296 2883 ,
1336 2818 1542 2893 probris
1570 2828 1615 2870 et
1638 2818 1852 2893 injuriis
1867 2831 2046 2888 poeta-

435 2888 551 2951 runt
581 2888 855 2966 subjectum
883 2895 1030 2966 vitam
1051 2890 1235 2942 habere
1259 2888 1553 2966 noluerunt,
1577 2891 1745 2966 capite
1771 2892 1924 2966 etiam
1953 2908 2048 2966 piu-

435 2970 537 3022 uiri
559 2959 859 3026 sanEientes,
882 2962 981 3016 tale
1003 2976 1207 3012 carmen
1247 2959 1463 3014 condere
1492 2960 1534 3012 si
1559 2962 1672 3029 quis
1700 2961 1927 3015 auderet.
1961 2962 2046 3014 Si-

2160 1900 2361 1955 dictnm
2388 1913 2484 1966 pro
2509 1899 2794 1952 attrahunt.
2823 1897 3039 1952 attrahit
3067 1914 3081 1962 ;
3115 1896 3234 1952 scil.
3269 1896 3482 1967 aliquis.
3513 1905 3570 1952 ut
3597 1911 3764 1964 supra

2157 1972 2325 2036 inquit
2344 2013 2357 2030 .
2392 1971 2744 2040 interrogabit.
2769 1969 2892 2023 Mihi
2935 1968 3138 2040 codicis
3163 1968 3322 2040 lectio
3345 1969 3558 2040 videtur
3585 1971 3764 2024 veris.

2157 2045 2314 2106 sima,
2347 2051 2402 2096 et
2428 2039 2639 2094 attrahit
2667 2041 2890 2094 omnino
2931 2039 3270 2094 referendum
3299 2042 3364 2092 ad
3394 2039 3574 2093 exoleti
3600 2057 3766 2110 gene-

2147 2115 2220 2167 ris
2249 2113 2545 2176 multitudo,
2591 2112 2729 2178 quod
2759 2120 2938 2166 autem
2988 2126 3093 2164 non
3123 2111 3366 2180 intelligo
3391 2111 3454 2164 de
3480 2111 3766 2166 histrioni-

2148 2185 2249 2239 bus
2279 2194 2336 2239 et
2388 2184 2660 2238 actoribus
2707 2184 2959 2248 scenicis,
3001 2183 3246 2251 quamvis
3292 2198 3386 2235 eos
3411 2182 3509 2234 hoc
3540 2185 3767 2238 nomine

2147 2257 2387 2325 appellet
2415 2254 2591 2323 capite
2632 2264 2894 2325 sequente
2920 2294 2936 2318 ,
2964 2252 3058 2325 sed
3111 2254 3286 2322 potius
3315 2252 3383 2308 de
3417 2254 3766 2325 multitudine

2148 2323 2515 2392 spectatorum
2549 2326 2694 2379 molli
2749 2337 2802 2380 et
2832 2324 3151 2378 eﬂ'wminata
3181 2325 3474 2389 omniaque
3509 2323 3763 2392 voluptat-

2150 2406 2262 2450 tum
2296 2396 2562 2449 lenocinia
2590 2395 2938 2462 cupidissime
2959 2394 3272 2464 arripit-nte.
3307 2395 3469 2449 Tales
3496 2395 3640 2448 enim
3671 2395 3769 2449 ho-

2151 2470 2324 2520 mines
2353 2468 2598 2521 exoletos
2625 2467 2729 2521 dici
2776 2466 3115 2522 Ostendimus
3145 2480 3309 2532 supra
3337 2466 3402 2519 ad
3433 2466 3524 2520 lib.
3552 2482 3609 2520 ιι.
3634 2482 3762 2534 cap.

2149 2539 2238 2592 45.
2267 2540 2470 2592 Stemus
2499 2538 2676 2606 itaque
2707 2539 2874 2592 nostri
2905 2537 3006 2609 loci
3038 2537 3122 2589 hic
3152 2540 3290 2591 erit:
3323 2535 3510 2590 Nonne
3539 2536 3765 2609 (panto—

2155 2611 2281 2662 mini
2315 2611 2412 2670 illi,
2451 2609 2742 2662 histriones
2769 2650 2782 2671 ,
2820 2607 2991 2678 mimi)
3017 2609 3086 2660 ad
3107 2625 3256 2660 usum
3271 2619 3493 2671 quaestus
3516 2607 3624 2660 suis
3641 2610 3768 2662 abu-

2155 2691 2334 2732 tuntur
2364 2679 2477 2733 Diis
2505 2681 2702 2738 vestris.
2731 2692 2777 2732 et
2805 2679 3024 2748 (exple-ti
3045 2680 3255 2746 generis
3283 2678 3590 2747 multitudo)
3614 2680 3765 2734 leno-

2152 2751 2288 2804 cinia
2318 2752 2639 2816 voluptatum
2662 2767 2724 2804 ea:
2763 2749 2967 2821 injuriis
2990 2751 3201 2802 attrahit
3221 2750 3640 2821 contumeliisque
3675 2752 3766 2805 di-

2152 2821 2324 2875 vinis?
2362 2823 2471 2875 lloc
2501 2823 2715 2891 quidem
2749 2820 2908 2887 paulo
2931 2820 3120 2874 durius
3142 2835 3261 2876 esse
3290 2836 3393 2874 nou
3427 2820 3624 2875 inﬁtias
3650 2823 3766 2877 ive-

2151 2893 2275 2954 rim,
2336 2901 2572 2946 attamen
2626 2892 2888 2962 Arnobio,
2945 2891 3191 2961 scriptori
3249 2907 3355 2947 non
3379 2894 3509 2946 satis
3538 2892 3757 2962 limata,

2150 2963 2277 3016 talia
2309 2963 2690 3018 condonanda.
2725 2961 2929 3018 ORELL.

436 3039 579 3093 tnilis
611 3039 694 3092 lex
722 3052 777 3089 x.
803 3033 935 3115 Cod.
959 3031 1258 3115 [Ιιεῗρώιβη
1292 3031 1373 3113 (ξε.
1406 3032 1638 3115 Ιὶιηιῡεοὶε¹
1659 3031 1878 3085 libellis:
1916 3032 2020 3087 Uni
2031 3067 2040 3071 -
2074 3052 2118 3115 (ς
2227 3035 2626 3100 Quindecimviri
2649 3035 2884 3115 laureati.
2934 3033 3338 3115 Quindecimviri
3375 3033 3763 3115 siliyllinor-um

434 3110 567 3164 versi
593 3109 679 3176 qui
710 3107 922 3179 famosis
951 3103 1137 3179 libellis
1179 3103 1398 3179 inimicis
1426 3103 1532 3154 suis
1552 3103 1697 3179 _velut
1745 3114 2045 3179 venenatum

432 3173 691 3245 quoddam
710 3173 865 3231 telum
888 3174 1175 3244 injecerint:
1203 3173 1255 3224 lii
1276 3174 1451 3237 etiant,
1476 3175 1561 3241 qui
1585 3174 1835 3245 famosam
1863 3177 2043 3231 seriem

433 3243 724 3318 scriptionis
745 3243 1026 3315 impudenti
1049 3245 1223 3318 agnita
1241 3245 1456 3318 lectione
1478 3261 1576 3297 non
1601 3243 1741 3296 illico
1760 3247 2043 3318 discerpse-

431 3316 558 3382 rint,
585 3322 660 3372 vrl
689 3320 912 3388 ﬂammis
940 3316 1254 3388 exusserint,
1269 3316 1346 3388 vel
1368 3317 1605 3388 lectorem
1629 3317 1888 3384 cognitum
1919 3334 2039 3382 pro-

432 3386 695 3453 diderint,
728 3389 946 3441 ultorem
994 3387 1097 3439 suis
1127 3387 1402 3440 cervicibus
1425 3386 1654 3456 gladium
1684 3388 2035 3456 reformident.

431 3464 678 3518 ELIENII.
701 3457 916 3514 Carmen
940 3457 1133 3508 malum
1158 3457 1335 3523 itaque
1354 3457 1643 3521 fame-um,
1666 3458 2034 3523 criminosum,

429 3533 790 3594 maledicum,
846 3529 1007 3598 quale
1054 3543 1120 3578 ne
1177 3528 1314 3598 quis,
1339 3528 1602 3579 scriberet
1649 3539 1862 3580 cautum
1922 3540 2041 3583 erat

429 3619 588 3673 pinna
611 3601 799 3671 capitis
821 3597 876 3653 et
907 3598 1080 3659 iustis,
1111 3597 1576 3678 testeﬂnrutioii.
1609 3612 1695 3666 ep.
1728 3599 1907 3660 1.152.
1928 3616 2034 3669 sq.:

522 3733 778 3795 Poenaque
800 3665 1615 3795 l.ata..nialo.qquiiiiilfiIgg-tiiiiie
1641 3743 1942 3795 quemquam

524 3789 746 3844 Descrihi
776 3807 786 3840 :
816 3803 1015 3841 vertere
1040 3789 1234 3840 modum
1267 3789 1530 3839 formidine
1553 3789 1692 3840 fustis

523 3857 595 3906 Ad
614 3855 1009 3906 benedicendum
1034 3852 1480 3916 delectandumque
1501 3853 1706 3903 redacti.

425 3939 531 3998 Ubi
561 3939 669 3992 vid.
711 3948 818 3990 vet.
849 3936 1034 3991 Schol.
1068 3933 1224 3987 Conf.
1273 3935 1555 4001 SaVurOlL,
1584 3935 1648 3989 ad
1688 3935 1902 4002 Sidon.,
1935 3938 2030 3992 lib.

425 4029 465 4072 ι.
489 4013 646 4082 epist.
684 4025 756 4071 χι,
787 4023 902 4077 pag.
929 4005 1021 4061 78.
1043 4005 1302 4082 _Fo_rner.,
1339 4007 1412 4082 ad
1452 4004 1759 4082 Casstodor.
1799 4008 2028 4082 V_a_riar.,

425 4075 631 4142 lihfxr,
661 4096 746 4150 ep.
784 4075 856 4146 xi,
888 4094 1013 4150 pag.
1042 4077 1169 4150 7077.
1194 4076 1285 4150 rd.
1330 4075 1737 4150 Ge:.ev;Lips..
1767 4078 1831 4131 ad
1857 4078 2026 4134 Tacit.

425 4153 587 4216 Hist.,
623 4146 709 4214 tv;
735 4151 826 4206 45.
863 4146 1061 4204 Finiec.
1096 4149 1161 4201 ad
1194 4146 1322 4217 Leg.
1380 4164 1478 4202 XII.
1515 4148 1644 4202 Tal).
1680 4149 1856 4215 Vinc.;
1888 4150 2025 4206 Gra-

429 4227 568 4280 vina.
595 4223 838 4288 de'Orig.
867 4220 984 4275 .lur.
1018 4234 1138 4288 pag.
1177 4219 1299 4281 167,
1325 4235 1478 4287 seqq.
1513 4217 1714 4274 ORELL.

500 4295 562 4348 In
609 4311 733 4357 quos
769 4294 859 4362 jus
884 4303 952 4346 est
975 4307 1007 4343 a
1028 4292 1166 4362 vobis
1191 4292 1384 4343 datum.
1415 4291 1486 4344 lta
1515 4294 1711 4362 corrig.
1737 4291 1887 4346 Fulv.
1923 4293 2024 4348 Ur-

425 4365 576 4418 sinus
607 4376 659 4416 et
691 4361 1204 4434 Gelenius._Editio
1234 4365 1482 4429 princops
1524 4361 1686 4416 habet
1712 4381 1723 4414 :
1754 4363 1818 4416 In
1845 4366 2022 4434 quovis

424 4445 498 4488 est
529 4452 558 4486 a
589 4433 723 4486 vobis
751 4433 945 4484 datum.
973 4428 1177 4484 OBELL.

499 4504 834 4569 Con/inurit.
867 4503 939 4556 lta
969 4501 1251 4554 Meursius.
1285 4501 1455 4553 Antea
1483 4503 1770 4567 conﬁxerit.
1811 4503 2017 4561 ORELL.

500 4575 739 4629 Formas.
767 4573 912 4628 Idem
939 4572 1200 4625 Meur~ius
1222 4571 1274 4644 in
1305 4572 1524 4638 Critico,
1559 4574 1652 4628 lib.
1694 4590 1781 4637 vn,
1816 4591 1933 4644 cap.
1962 4580 2016 4643 9,

424 4649 718 4718 legendum
733 4645 1038 4718 suspicatur
1067 4643 1316 4718 forias._id
1336 4643 2015 4718 estquisquilias,stercora,

424 4715 662 4774 Nonius.
698 4717 962 4770 Forum...
996 4725 1216 4768 stercora
1241 4715 1534 4784 liquidiora,
1569 4717 1708 4770 unde
1738 4717 1912 4785 [ariete
1936 4715 2014 4773 la?

425 4792 602 4844 trime.
643 4786 845 4849 Forire,
879 4795 1119 4841 ventrem
1165 4785 1481 4838 deonerare.
1527 4785 1725 4840 Forioli
1772 4789 2015 4845 homines

424 4863 618 4930 quibus
649 4861 800 4912 alvus
831 4859 972 4912 fluxa
998 4865 1080 4912 est
1106 4865 1161 4930 et
1190 4858 1356 4930 nimis
1377 4857 1550 4911 molis.
1610 4858 1717 4913 Sed
1747 4873 1850 4914 n0n
1879 4876 2014 4930 opus

427 4928 690 4985 habemus
721 4931 858 4995 turpi
885 4931 985 4981 hnc
1012 4929 1291 4980 vocabulo.
1322 4928 1524 4982 ORELL.

498 5001 712 5056 XXXV.
747 5031 818 5040 —
845 4999 984 5066 Quid
1011 5000 1301 5053 histriones.
1331 5001 1646 5056 Simillimus
1691 5001 1839 5056 locus
1880 5001 2008 5057 Ter-

424 5072 629 5127 tulliuni
677 5072 728 5124 in
771 5073 1078 5140 Apologet..
1129 5085 1246 5138 cap.
1298 5072 1361 5124 15
1406 5089 1418 5123 :
1466 5071 1572 5124 Sed
1617 5083 1662 5124 et
1707 5073 2008 5127 histrionum

424 5143 608 5198 littera:
634 5158 830 5194 omnem
870 5142 1148 5214 foeditatem
1202 5158 1372 5214 eorum
1403 5141 1691 5214 designant.
1724 5143 1883 5214 Luget
1913 5145 2010 5199 Sol

423 5215 586 5282 ﬁlium
629 5215 881 5284 jactatum
933 5213 997 5265 de
1046 5213 1190 5273 caelo,
1225 5212 1510 5265 laetantibus
1555 5214 1714 5275 vobis,
1755 5212 2009 5284 et'Cybele

423 5297 675 5352 pastorem
696 5286 918 5350 suspirat
941 5285 1263 5354 fastidiosum
1281 5301 1381 5336 non
1414 5285 1811 5354 erubescentibus
1845 5285 2001 5340 vobis.

424 5355 490 5425 {sit
514 5356 770 5408 sustinetis
799 5355 940 5407 lovis
970 5356 1132 5425 elogia
1146 5356 1340 5407 cantari
1357 5367 1399 5406 et
1421 5353 1456 5406 J
1462 5371 1696 5421 unonem,
1736 5355 1999 5412 Venerem.

422 5421 705 5478 Minervam
734 5443 766 5478 a
799 5437 1008 5484 pastore
1030 5421 1275 5492 j'utlicari.
1311 5427 1550 5481 Emesa.

497 5493 682 5567 Nonne
721 5497 786 5548 ad
809 5513 954 5549 usuin
981 5509 1202 5564 quasstus
1229 5499 1308 5549 sui
1353 5501 1632 5551 abutuntur
1673 5499 1772 5552 diis
1798 5501 1994 5567 vestris,

418 5577 466 5621 et
495 5566 747 5620 lenocinia
767 5567 1084 5629 voluptatum
1113 5569 1395 5636 exiniuriis
1420 5570 1628 5623 attrahit
1656 5573 1999 5626 contumeliis-

415 5655 514 5706 que
539 5637 742 5692 divinis.
761 5637 834 5691 lta
865 5651 957 5689 ms.
984 5636 1237 5691 Gelenius
1258 5640 1344 5691 ed.
1377 5641 1623 5706 abutitur,
1654 5642 1915 5707 referens,
1942 5652 1998 5696 ut

416 5720 471 5763 et
498 5724 728 5778 sequens
779 5708 1010 5773 attrahit,
1060 5709 1126 5760 ad
1181 5710 1532 5776 praecedentia
1564 5713 1759 5766 verba:
1812 5715 1997 5768 exoleti

415 5781 612 5856 generis
663 5777 952 5834 multitudo.
1005 5777 1268 5836 Heraldus
1316 5783 1525 5836 attrahit
1561 5792 1710 5854 putat
1749 5785 1994 5841 absolute

2152 3104 2410 3159 lihrortnn
2441 3108 2694 3160 custodes
2721 3124 2734 3160 :
2757 3107 2844 3174 qui
2865 3108 2966 3159 etsi
2992 3105 3206 3160 tandem
3231 3104 3505 3174 sexaginta
3531 3105 3756 3173 fuerint,

2150 3177 2409 3230 remansit
2433 3189 2611 3232 tamen
2659 3178 2708 3230 in
2744 3177 2825 3230 his
2864 3176 3168 3245 quindecim
3202 3177 3544 3241 vocabulum,
3577 3192 3626 3229 ut
3651 3179 3756 3233 ob-

2148 3256 2330 3301 servat
2355 3247 2593 3303 Servius.
2637 3247 2880 3302 Laurenti
2927 3256 3126 3307 autem.
3157 3247 3304 3311 quia.
3335 3263 3455 3302 com
3491 3248 3645 3301 ludos
3669 3265 3760 3304 va.

2148 3319 2228 3389 rie
2274 3321 2516 3372 coronati
2571 3327 2897 3386 spectarent.
2931 3333 3061 3372 sane
3110 3318 3604 3386 Quindecimviros,
3655 3323 3758 3389 qui

2145 3388 2433 3459 Sibyllinas
2514 3402 2688 3444 sortes
2733 3389 3052 3455 tractabant,
3114 3389 3266 3444 lauro
3322 3390 3576 3444 coronari
3628 3388 3759 3446 erat

2146 3461 2534 3527 (equissimum.
2574 3461 2816 3516 HERALD.

2219 3529 2330 3584 Diis
2357 3533 2579 3603 proximi
2626 3544 2776 3603 atque
2817 3531 3174 3603 augustissimi
3194 3548 3354 3600 reges.
3395 3531 3614 3603 Regum
3651 3550 3757 3588 noo

2143 3602 2287 3654 mine
2359 3602 2768 3670 uppellabantnr
2825 3602 2898 3656 iis
2948 3602 3328 3672 temporibus,
3391 3602 3755 3671 imperatores

2141 3675 2346 3748 [ornatui
2371 3688 2666 3743 eet-umque
2696 3674 2807 3727 ﬁlii.
2842 3673 3186 3748 Tertullian.,
3228 3674 3296 3727 de
3319 3675 3590 3748 Spectac.,
3620 3690 3750 3748 cap.

2139 3743 2210 3797 30
2233 3741 2357 3796 :Tot
2389 3741 2614 3812 spectant
2639 3747 2905 3812 reges.qui
2929 3748 2980 3797 in
3008 3745 3190 3798 caelum
3216 3741 3405 3813 recepti
3435 3741 3756 3802 nuntiaban-

2139 3823 2233 3890 tur_
2270 3826 2590 3890 consecratos
2616 3814 2810 3890 (intuli.
2848 3817 3199 3881 imperatores
3248 3815 3386 3870 divis
3405 3816 3755 3890 adscriptas)

2136 3895 2190 3938 et
2220 3885 2526 3942 laetantius
2551 3885 2896 3940 de'Mortibus
2924 3897 3217 3955 persecut.,
3245 3901 3363 3956 cap.
3398 3885 3488 3948 19.
3521 3888 3591 3942 dc
3623 3885 3754 3942 Dio;

2135 3956 2364 4010 cletiano
2392 3976 2404 4011 :
2451 3957 2582 4010 Tant
2612 3957 2954 4016 descenditur.
2985 3969 3031 4010 et
3057 3959 3216 4012 rheda
3263 3975 3350 4026 per
3379 3958 3633 4011 civitatem
3666 3977 3753 4015 ae-

2135 4035 2342 4081 teranus
2370 4043 2460 4081 rex
2491 4032 2629 4098 foras
2658 4039 2958 4097 exportatur
2995 4032 3048 4081 in
3095 4031 3412 4098 patriamque
3438 4028 3748 4084 dimittitur.

2133 4098 2275 4168 Conl‘
2323 4101 2497 4168 quica
2547 4099 2615 4154 de
2668 4117 2727 4154 re
2760 4102 2960 4152 multus
2991 4107 3107 4164 est,
3164 4101 3254 4154 ΕΖ.
3289 4101 3623 4168 Spanltena.,
3677 4103 3752 4158 de

2132 4167 2398 4242 Pra'stant
2443 4180 2522 4242 et
2553 4187 2650 4224 usu
2711 4171 3020 4242 numismat.
3073 4167 3340 4226 disserta.’
3373 4169 3464 4235 12,
3491 4179 3625 4226 tom.
3656 4189 3746 4242 tt.,

2131 4255 2250 4309 pag.
2288 4241 2413 4301 599.
2444 4241 2574 4296 edit.
2608 4242 2782 4296 Amst.
2813 4239 3020 4296 Onus.

2200 4311 2508 4383 Regnatoris
2537 4323 2584 4366 et
2605 4314 2802 4384 populi.
2828 4313 3102 4382 Virgilius,
3129 4312 3281 4378 Ain"
3326 4329 3400 4368 γι.
3432 4315 3541 4370 852
3569 4333 3584 4369 :

2050 4454 2105 4514 Β
2227 4427 2298 4477 Tu
2318 4441 2500 4491 regere
2524 4428 2729 4489 imperio
2753 4425 2972 4489 pepulos.
2991 4424 3229 4486 Romane,
3253 4435 3521 4478 memento.
3545 4425 3727 4480 Omen.

2201 4540 2434 4594 Saltatur
2492 4539 2775 4593 Venus.....
2807 4538 3026 4593 saltatur
3071 4547 3118 4590 et
3148 4553 3336 4606 magna
3366 4537 3541 4590 Mater.
3598 4538 3746 4596 Sal-

2125 4619 2259 4675 tare,
2304 4610 2648 4685 ἐπιδεικτικῶς
2690 4611 3122 4685 mastrucam,
3171 4609 3366 4664 dicitur
3403 4607 3466 4662 de
3515 4607 3741 4680 mimis,

2121 4683 2492 4750 pantomimis,
2518 4683 2608 4751 qui
2657 4681 3069 4750 gesticulalimte
3098 4689 3356 4751 motuque
3385 4695 3648 4734 tnannum
3681 4694 3746 4739 et

2120 4749 2314 4821 pedum
2345 4769 2439 4821 per
2467 4749 2790 4821 multiplices
2825 4754 3019 4821 liguras
3039 4759 3094 4804 et
3131 4749 3403 4804 schemata
3427 4751 3527 4804 sub
3551 4755 3744 4808 eauti-

2116 4823 2194 4878 cis
2220 4823 2494 4877 hi~toriam
2527 4833 2617 4876 aut
2659 4823 2892 4878 fabulam
2944 4822 3310 4876 imitabantur.
3349 4822 3436 4876 Sic
3467 4821 3660 4875 llurat.
3696 4842 3736 4891 ι,

2117 4906 2218 4949 sat.
2259 4912 2306 4947 v.
2332 4895 2460 4949 dtcit
2482 4897 2672 4948 saltare
2694 4891 2943 4964 Cyclopa.
2977 4901 3031 4946 et
3053 4891 3328 4958 Juvenal.,
3359 4901 3557 4960 sat.vl,
3589 4893 3696 4950 63.

2209 5009 2564 5059 Cheironomon
2587 5007 2768 5056 Ledam
2790 5006 2920 5057 molli
2945 5007 3154 5057 saltante
3176 5003 3417 5070 Bathyllo.

2207 5071 2384 5120 Tuccia
2407 5072 2585 5121 vesicae
2611 5084 2706 5119 non
2731 5071 2955 5132 imperat.

2111 5175 2210 5232 Ubi
2244 5175 2354 5230 vid.
2385 5174 2631 5245 Ruperti.
2665 5175 2740 5230 De
2772 5174 2864 5228 tali
2894 5175 3153 5230 saltatore
3180 5185 3336 5230 vetus
3365 5174 3730 5245 Epigramma

2110 5249 2162 5302 in
2197 5249 2415 5301 Anthol.
2449 5251 2568 5315 lat.,
2598 5247 2656 5302 P.
2691 5247 2981 5301 Burmanni
3009 5263 3077 5313 tt,
3113 5247 3206 5302 lib.
3237 5263 3325 5316 tu,
3357 5247 3460 5302 178
3481 5289 3497 5315 ,
3530 5249 3650 5304 vol.
3686 5267 3728 5319 ι,

2107 5334 2230 5390 pag.
2263 5321 2388 5373 622.
2421 5337 2433 5373 :

2199 5454 2292 5504 Tot
2312 5453 2512 5517 linguae,
2539 5453 2894 5517 quotmembra
2913 5454 3016 5517 viro
3038 5467 3048 5500 :
3075 5453 3309 5517 mirabilis
3331 5466 3411 5505 ars
3431 5462 3530 5517 est,

2293 5514 2413 5575 Quae
2438 5514 2804 5566 facit—articulos
2827 5528 2915 5565 ore
2939 5515 3122 5566 silente
3146 5516 3295 5581 loqui.

2101 5643 2257 5706 Vide,
2291 5644 2378 5712 qui
2421 5643 2520 5698 hac
2550 5643 2617 5698 de
2643 5660 2703 5698 re
2735 5645 2936 5700 multus
2962 5654 3077 5712 est,
3122 5644 3321 5715 Rigalt.
3341 5687 3354 5707 .
3382 5645 3448 5700 ad
3474 5647 3722 5704 Artemi-

2099 5715 2600 5794 dqm_‘OttgirgcriL,
2627 5715 2722 5771 lib.
2746 5732 2782 5783 ι,
2811 5731 2932 5787 cap.
2964 5717 3051 5784 76,
3087 5717 3195 5772 vol.
3223 5733 3279 5783 η,
3314 5732 3435 5788 pag.
3464 5717 3559 5786 57,
3593 5737 3718 5794 seq.

2097 5785 2186 5842 ed.
2220 5785 2376 5842 Reill‘.
2407 5785 2608 5842 Onus.
