3966 6068
170 231 312 291 1085

1472 301 1480 308 ,
1564 220 1766 291 manu
1802 219 2125 303 QUINTUS.

3331 213 3472 299 ιοιισ

169 346 353 405 buisse
383 339 659 399 terrenis?
685 336 889 408 Quibus
915 337 1111 403 deinde
1152 336 1394 408 partibus
1424 336 1762 395 vinculorum
1791 343 1844 413 ᾼ
1868 350 2015 395 mum
2034 334 2258 397 credere
2285 343 2391 404 est,
2413 334 2588 409 ipsum
2620 333 2858 397 remedia
2888 333 3050 403 scire,
3074 332 3271 407 quibus
3298 334 3472 401 averti

175 439 289 498 illa:
316 436 529 508 injecta:
555 442 680 489 sunt
697 431 997 487 nexiones?
1019 430 1307 487 soliditatis
1332 430 1595 486 habebant
1612 429 1771 501 quid-

168 532 353 606 quam,
377 537 470 586 aut
505 542 573 584 ex
599 524 748 581 duris
778 524 990 580 ossibus
1021 524 1320 579 informata:
1345 521 1559 579 fuerant
1582 538 1770 578 eorum

174 640 389 691 manus,
415 635 535 694 qua:
580 618 879 689 constringi
912 616 1140 688 laqueis,
1174 625 1227 673 el
1257 614 1521 677 nodorum
1552 624 1773 687 possent

171 714 564 795 illigatiopibus
577 711 853 767 coerceri?
879 710 995 767 Non
1019 709 1163 767 enim
1180 709 1420 781 requiro,
1448 724 1558 764 non
1590 711 1767 781 exigo,

168 823 239 866 an
260 807 462 879 aliquid
492 805 764 878 potuerint
787 802 887 859 fari
912 802 1190 867 ebrietatis
1214 803 1541 859 alienatione
1572 811 1768 859 nutan-

169 914 295 969 tes;
327 916 395 957 an
422 898 563 955 Jove
610 897 800 964 invito,
832 896 920 952 vel
970 895 1145 967 potius
1177 895 1381 962 nescio,
1414 894 1769 966 protrahendi

171 995 241 1051 ad
271 1002 444 1051 terras
472 990 591 1065 ejus
620 990 783 1049 ritum
809 989 1089 1060 quisquam
1110 988 1341 1065 potuerit
1362 988 1638 1061 publicare
1663 1004 1679 1057 ;
1700 988 1768 1047 il-

172 1086 275 1145 lud
306 1086 482 1145 solum
514 1082 700 1141 audire
736 1081 1004 1150 desidero,
1036 1095 1132 1136 cur
1169 1080 1215 1136 si
1257 1079 1474 1139 Faunus
1521 1089 1575 1137 et
1612 1080 1770 1143 Picus

169 1186 297 1235 sunt
322 1175 489 1233 divini
517 1173 735 1247 generis
755 1182 810 1228 et
841 1171 1148 1243 potestatis,
1182 1187 1290 1227 non
1314 1172 1416 1242 ipsi
1447 1172 1624 1243 potius
1651 1172 1767 1228 edi-

175 1270 305 1327 dere
330 1267 591 1341 quterenti
608 1264 682 1333 id,
703 1264 844 1343 quod
867 1264 934 1320 ab
953 1266 1067 1336 ipso
1085 1264 1218 1321 Jove
1232 1265 1584 1337 periculosius
1599 1264 1767 1321 Numa

172 1360 425 1434 cupiebat
452 1356 681 1413 audire?
702 1357 783 1411 An
813 1355 1072 1431 numquid
1098 1355 1307 1427 Jupiter
1334 1356 1481 1412 solus
1514 1356 1673 1427 hujus
1690 1356 1769 1425 rei

172 1451 457 1509 scientiam
510 1458 753 1516 noverat,
788 1449 854 1505 ab
884 1447 1001 1519 ipso
1051 1448 1195 1505 enim
1228 1448 1481 1505 decidunt
1517 1448 1764 1517 fulmina,

174 1556 236 1602 ut
263 1544 596 1603 imminentia
628 1558 920 1615 procurare
950 1542 1175 1612 alicujus
1198 1542 1391 1599 debeat
1423 1543 1665 1599 scientia:
1689 1542 1769 1599 di-

170 1640 396 1710 sciplina
416 1639 440 1693 i
460 1638 542 1693 An
588 1652 711 1693 cum
762 1638 875 1707 ipse
901 1636 1167 1707 jaculetur
1208 1634 1305 1693 hos
1334 1635 1508 1706 ignes,
1536 1635 1767 1715 aliorum

1876 430 2104 501 possint,
2132 443 2251 499 qua:
2306 442 2400 499 per
2449 426 2686 482 fulminis
2726 425 2929 503 jactum
2976 422 3030 490 in
3079 422 3328 491 humanis
3359 423 3476 487 fieri

1873 521 2210 577 constituerit
2238 521 2419 575 rebus.
2452 520 2562 576 lloc
2590 527 2670 575 est
2696 520 2838 579 enim
2866 518 3045 583 dicere
3073 517 3202 579 :illo
3231 516 3365 577 ritus
3384 532 3478 589 ge,-

1876 630 2009 672 nere
2055 616 2164 671 iras
2220 630 2370 671 meas
2398 613 2682 684 placabitis
2712 630 2727 683 ;
2760 622 2814 667 et
2840 612 3104 683 siquando
3136 626 3231 682 per
3258 609 3472 682 fulgura

1873 707 2248 778 signiﬁcavero
2296 704 2493 777 aliquid
2538 707 2843 773 imminere,
2886 705 3040 763 facile
3071 703 3188 770 hoc,
3224 713 3278 758 et
3307 702 3469 775 illud,

1874 802 2092 877 utquod
2123 800 2239 858 lieri
2270 801 2452 869 statui,
2472 800 2630 858 inane
2662 800 2825 869 tiatet
2853 808 3472 867 vacuum,etsacroruin

1873 896 1925 959 vi
1948 903 2226 955 vanescat.

1948 990 2035 1055 lii.
2071 989 2177 1057 Sed
2211 989 2592 1058 concedamus,
2624 998 2682 1047 ut
2723 986 2940 1058 dicitur,
2972 989 3143 1063 ipsum
3187 988 3474 1069 adversum

1874 1097 1933 1139 se
1956 1082 2145 1140 Jovem
2172 1082 2409 1139 remedia
2442 1082 2639 1151 scisse,
2668 1091 2828 1152 atque
2855 1093 3024 1153 artes,
3054 1081 3253 1153 quibus
3280 1082 3346 1139 iri
3371 1077 3470 1139 ob-

1874 1177 2013 1233 viam
2045 1177 2160 1239 suis
2190 1178 2676 1252 significationibus
2706 1177 3062 1244 conveniret;
3093 1177 3327 1237 etiamne
3356 1189 3476 1231 ere-

1872 1269 2064 1327 demus
2089 1270 2255 1333 Deum
2286 1273 2520 1331 numinis
2545 1272 2675 1328 tanti
2700 1281 2927 1328 tractum
2959 1286 3081 1327 esse
3098 1270 3175 1325 'ad
3206 1280 3399 1337 terras,
3420 1277 3476 1326 et

1883 1363 1938 1419 in
1967 1364 2250 1421 verrucula
2292 1365 2447 1433 collis
2481 1366 2637 1423 unius
2692 1380 2814 1421 cum
2866 1364 3193 1431 homunculo
3220 1372 3472 1428 stantem,

1872 1455 2238 1521 altercubilem
2265 1457 2606 1512 conseruisse
2634 1455 2967 1515 sermonem?
2996 1454 3060 1515 Et
3088 1469 3334 1526 quaenam
3359 1453 3470 1524 illa,

1872 1562 2080 1619 qu.eso,
2112 1548 2292 1605 divina
2341 1564 2429 1605 res
2461 1548 2578 1615 fuit,
2611 1565 2729 1623 qua!
2760 1548 2824 1607 ad
2860 1547 3088 1623 imperio
3114 1562 3293 1602 rerum
3324 1554 3473 1603 tanto

1870 1622 2060 1697 Jovem
2077 1640 2337 1713 compulit
2363 1639 2602 1705 avocari,
2625 1622 2678 1695 et
2704 1622 3014 1713 mortalium
3035 1652 3161 1715 sese
3184 1637 3473 1695 denuntia-

164 1736 243 1790 sit
272 1733 452 1805 operis
489 1732 649 1800 scire,
680 1731 874 1809 quibus
916 1729 1091 1787 modis
1139 1730 1425 1787 conveniat
1466 1730 1573 1787 iras
1621 1732 1758 1800 ejus,
1795 1744 1842 1831 β
1870 1733 2109 1797 tionibus
2135 1733 2377 1795 sistere?
2400 1733 2542 1791 mola
2579 1731 2733 1801 falsa,
2768 1733 2913 1799 thus,
2940 1731 3180 1805 sanguis,
3206 1730 3473 1789 verbenas

161 1835 323 1899 atque
374 1826 585 1887 animos
639 1822 988 1901 temperare?
1021 1823 1231 1897 Etenim
1266 1837 1454 1881 revera
1501 1821 1754 1883 stultissi-

1857 1839 1979 1878 rum
2018 1825 2250 1892 sufﬁcio,
2286 1834 2340 1882 et
2383 1826 2664 1880 nominum
2698 1820 3015 1893 terribilium
3066 1820 3377 1889 tremores?
3406 1830 3464 1879 ει

1517 1957 2083 2017 COMMENTARIUS.

236 2104 456 2163 Edidere
492 2105 757 2175 quaerenti.
800 2105 996 2163 Annon
1022 2100 1309 2175 legendum
1340 2099 1580 2157 edixere?
1610 2098 1752 2173 quod

158 2189 304 2235 esset
330 2175 737 2248 signiﬁcantius.
768 2175 969 2231 ORELL.

232 2249 311 2303 An
340 2244 588 2317 numquid
624 2245 829 2317 Jupiter
858 2248 993 2301 solus
1021 2246 1174 2316 huius
1203 2244 1274 2298 rei
1306 2244 1568 2317 scientiam
1598 2259 1751 2298 nove-

153 2331 261 2387 rat,
290 2329 420 2384 etc.,
450 2315 561 2373 etc.
593 2315 859 2385 integrum
884 2319 1061 2371 locum
1087 2315 1167 2371 Sic
1190 2317 1291 2385 legi
1321 2316 1430 2369 vult
1452 2315 1749 2371 Meursius:

156 2394 241 2444 An
272 2389 517 2459 numquid
546 2388 753 2456 Jupiter
784 2391 922 2443 solus
952 2390 1104 2457 hujus
1136 2389 1207 2441 rei
1242 2388 1505 2459 scientiam
1544 2398 1752 2440 noverat

154 2463 247 2533 (ab
278 2463 389 2533 ipso
411 2457 567 2533 venint
587 2460 871 2533 decidunt),
902 2459 1118 2533 fulmina
1138 2457 1541 2533 _ut_‘immi_nentia
1568 2473 1750 2525 procu-

152 2529 263 2588 rari
290 2529 511 2603 alicujus
536 2532 744 2585 debeant
772 2529 997 2603 scientia:
1019 2529 1314 2603 disciplina.
1344 2530 1550 2603 OBELL.

232 2600 479 2667 Noverat,
505 2604 566 2656 ab
590 2604 702 2671 ipso
724 2604 855 2655 enim
876 2602 1114 2655 decidunt
1137 2600 1371 2668 fulmina,
1406 2613 1452 2651 ut
1482 2600 1748 2652 imminen-

154 2677 230 2730 tia
255 2691 529 2744 procurare
558 2674 779 2743 alicujus
810 2673 983 2725 debeat
1008 2674 1229 2725 scientia:
1257 2671 1748 2744 d_i_sciplina.Proba

153 2740 338 2811 lectio,
370 2760 469 2800 nec
496 2761 614 2799 eam
644 2740 930 2798 sollicitare
959 2744 1244 2796 debebant.
1274 2742 1453 2811 Neque
1481 2743 1622 2795 enim
1651 2740 1750 2795 im-

152 2818 414 2873 minentia
447 2815 665 2870 fulmina
697 2825 1072 2884 procurantur,
1102 2814 1196 2867 sed
1237 2829 1353 2883 quae
1391 2827 1487 2884 per
1529 2812 1750 2884 fulmina

151 2887 594 2960 signiﬁcabantur
623 2882 937 2960 imminere.
956 2886 1071 2960 Mos
1100 2903 1112 2934 :
1147 2884 1211 2937 Et
1234 2883 1500 2960 siquando
1528 2882 1751 2960 per‘ful-

156 2953 289 3029 qdra
319 2958 671 3082 significauero
698 2957 892 3025 aliquid
922 2957 1202 3011 imminere.
1237 2955 1476 3009 liEnALD.
1503 2985 1564 2993 —-
1596 2953 1746 3008 Fulv.

154 3020 341 3087 Ursin.
374 3031 447 3084 sci
476 3070 489 3083 .
529 3030 671 3087 coni.
702 3044 716 3085 ζ
750 3027 824 3081 ΑΙ)
872 3028 983 3087 ipso
1029 3028 1160 3080 enim
1205 3027 1466 3078 imminent
1508 3024 1745 3087 fulmina.

214 3048 341 3085 PSHL
374 3046 489 3084 SC".

154 3103 422 3157 Meursius
453 3095 827 3155 totnnrloeum
869 3095 946 3152 sic
982 3100 1107 3165 legit
1136 3105 1189 3150 et
1232 3097 1593 3165 interpuugit:
1634 3095 1749 3149 No-

154 3183 294 3227 verat
335 3171 420 3247 (ab
463 3172 574 3247 ipso
618 3171 757 3247 enini
793 3168 1051 3239 decidunt)
1092 3169 1309 3238 fuluu'na
1351 3178 1405 3220 ut
1442 3168 1754 3221 imminentia

155 3242 429 3315 procurari
460 3242 691 3296 debeant.
722 3242 926 3296 Onam“

233 3315 464 3368 Aliorum
508 3315 571 3366 sit
611 3314 776 3383 operis
818 3316 963 3367 scire.
1019 3308 1525 3383 Upet‘t'siticluntltltlt
1570 3320 1752 3365 censet

154 3384 497 3457 Stewechius
535 3382 799 3457 tamquam
837 3386 1104 3454 glossema
1131 3392 1183 3436 et
1219 3382 1751 3451 interpretamentum

154 3456 382 3513 librarii.
403 3455 605 3512 OnsLL.

234 3527 413 3596 Ipsum
454 3527 677 3581 remedia
718 3528 865 3581 scire.
906 3524 1052 3579 Scire
1092 3525 1205 3579 sine
1246 3523 1406 3578 dubio
1438 3536 1749 3596 corruptum

156 3595 421 3656 estNam
451 3599 551 3653 hoc
578 3599 797 3652 minime
815 3597 1117 3661 ridiculum,
1148 3596 1395 3649 eumdem
1424 3595 1633 3660 Jovem,
1664 3595 1752 3663 qui

157 3670 467 3726 hominibus
508 3671 676 3725 iuiltat
715 3669 994 3723 fulminum
1032 3668 1287 3737 ausim-iu,
1320 3668 1478 3721 etiam
1516 3667 1748 3721 remedia

154 3743 299 3797 scire
337 3741 403 3795 ad
450 3756 511 3796 ea
557 3757 677 3812 qua:
725 3741 1091 3812 signiﬁcantur
1139 3737 1446 3812 fulmznibns
1494 3755 1752 3812 avurruu-

154 3814 351 3880 cauda,
400 3811 492 3866 sed
542 3808 645 3866 hbe
690 3808 977 3865 absurdum
1039 3810 1165 3863 dicit
1218 3809 1504 3873 Arnobius,
1565 3808 1749 3864 Jmcnt

154 3885 333 3956 ipsum
364 3883 611 3956 docuisse
642 3882 917 3956 mortales,
964 3883 1154 3956 quibus
1187 3881 1343 3956 I‘Cllils‘
1376 3883 1610 3956 putentia
1656 3896 1751 3936 sua

158 3951 227 4037 in
248 3954 471 4010 nihilum
506 3954 673 4037 redigi
716 3953 901 4035 possit,
936 3951 1232 4037 quiuiuimo
1261 3951 1392 4037 ritus
1424 3955 1584 4037 etiam
1616 3967 1749 4036 con-

157 4027 399 4083 stituisse
444 4035 497 4081 et
535 4022 857 4079 ccrimbnias
900 4023 1199 4086 ordinasse,
1234 4024 1424 4093 quibus
1464 4022 1752 4078 adstrictus

157 4113 271 4153 non
312 4098 478 4167 possit
507 4097 621 4166 ipse
652 4096 870 4165 exsequi
915 4104 1094 4167 postea
1124 4094 1745 4167 suamindignationem.

158 4164 340 4237 Quare
368 4164 648 4238 legendum
677 4178 768 4220 aut
793 4164 921 4221 cum
947 4165 1174 4238 ll_craldo
1203 4170 1251 4238 in
1276 4164 1427 4220 Curis
1450 4165 1707 4238 secundis
1734 4184 1746 4220 :

156 4236 386 4295 remedia
415 4236 645 4305 sciscere,
687 4247 779 4293 aut
816 4254 935 4292 Clllll
968 4236 1030 4292 C.
1074 4237 1312 4300 Bartliio,
1347 4238 1398 4289 in
1432 4236 1745 4307 Adversum,

160 4311 257 4366 lib.
294 4326 380 4373 Lv,
413 4326 531 4379 cap.
569 4310 656 4379 i3,
690 4325 807 4379 pag.
839 4308 982 4363 2618
1009 4323 1123 4378 seq.
1157 4325 1168 4360 :
1203 4307 1431 4379 remedia
1461 4307 1676 4374 sancire,
1720 4324 1750 4363 e

160 4397 269 4453 quo
310 4398 405 4452 per
443 4378 821 4453 compendium
864 4383 1063 4450 scripto
1104 4379 1232 4432 scirc
1278 4378 1527 4433 facillime
1570 4379 1748 4435 enasci

164 4450 377 4524 poterat
400 4451 547 4507 scire.
579 4450 782 4506 Οιιιειι..

242 4543 382 4599 .ileas
402 4545 526 4598 iras.
555 4543 626 4598 ita
652 4542 945 4600 Salmasius
966 4558 1029 4597 ex
1059 4541 1437 4599 emendatione
1463 4540 1678 4598 Menrsii
1706 4544 1759 4601 in

164 4613 412 4686 Append.
442 4616 617 4671 Editio
641 4616 889 4685 princeps
916 4636 928 4670 :
956 4613 1101 4667 Meas
1128 4613 1242 4686 ltus.
1267 4613 1519 4668 Gelenius
1543 4630 1557 4669 :
1587 4612 1758 4671 Minas

165 4684 281 4740 has.
305 4686 409 4740 Sed
439 4688 595 4757 paulo
622 4684 745 4741 ante
772 4705 783 4740 :
821 4686 1013 4757 Quibus
1040 4684 1204 4738 modis
1234 4686 1495 4738 cortveniat
1521 4685 1622 4738 iras
1650 4688 1760 4756 ejus

163 4770 316 4828 atque
342 4756 535 4812 animos
566 4770 860 4826 temperare.
893 4756 1099 4811 ORELL.

240 4828 307 4881 Et
334 4829 378 4881 si
400 4829 601 4898 quando
632 4848 719 4897 per
745 4828 951 4900 fulgura
979 4827 1328 4900 signiﬁcarem
1358 4826 1552 4896 aliquid
1583 4828 1756 4883 immi-

164 4916 302 4955 nere.
334 4900 552 4970 Proprie
574 4899 882 4971 signiﬁcare,
908 4909 963 4952 ut
988 4899 1191 4971 Graecis
1220 4901 1492 4970 σημαίνειν,
1516 4910 1567 4954 et
1594 4900 1756 4970 signi-

160 4972 428 5043 ﬁcationes
459 4972 637 5037 modo,
671 4972 977 5042 διοσημεῖαι.
1014 4970 1252 5043 ΙΙΕιιΑιι).

240 5041 307 5096 Et
337 5058 600 5097 sacrorum
629 5045 675 5098 vi
707 5039 959 5097 vanescat.
1007 5041 1097 5097 S.c
1143 5042 1372 5095 restituit
1399 5039 1650 5108 Cuiacius
1688 5057 1755 5099 ex

165 5131 297 5181 ms.,
327 5113 414 5168 ubi
447 5113 637 5183 legitur
679 5132 690 5166 :
738 5113 804 5167 Et
831 5129 1092 5167 sacrorum
1119 5122 1369 5166 vanescat.
1403 5111 1579 5167 Editio
1609 5113 1757 5182 prin-

163 5201 293 5255 ceps
319 5203 333 5241 :
368 5184 433 5238 Et
474 5202 676 5239 sacrum
702 5195 957 5250 vanescat,
987 5185 1197 5238 vitiose.
1227 5184 1287 5255 (Σ.
1323 5183 1618 5249 Barthius,
1646 5185 1757 5238 Ad-

164 5254 395 5324 versar.,
428 5256 517 5311 lib.
558 5272 647 5322 LV,
678 5273 797 5325 cap.
838 5258 924 5322 15,
972 5271 1089 5327 pag.
1127 5254 1306 5310 26H):
1340 5255 1402 5309 Et
1432 5256 1563 5310 sacri
1593 5257 1638 5327 vi
1668 5272 1756 5309 va-

164 5337 355 5381 nescat.
398 5327 617 5381 Sacrum
655 5331 772 5383 scil.
814 5328 946 5381 ritus
984 5328 1120 5398 ipse.
1155 5336 1221 5398 fut
1269 5328 1490 5383 traditus
1532 5342 1561 5380 ιι
1599 5326 1749 5383 Jove.

166 5399 450 5458 lleraldus.
493 5399 546 5454 in
590 5398 748 5453 Curis
788 5397 1037 5453 secundis
1077 5416 1088 5451 :
1138 5397 1300 5453 Sacro
1344 5408 1622 5452 evanescat.
1667 5399 1756 5453 lil-

164 5469 529 5524 nicnhorstius
558 5489 569 5525 :
598 5468 665 5523 Et
693 5487 892 5523 cassum
919 5474 1079 5540 fatum
1105 5481 1356 5534 vanescat,
1383 5469 1567 5524 deletis
1591 5472 1753 5531 verba

165 5540 522 5609 prascedentia
546 5553 589 5596 et
613 5558 841 5595 vacuum.
868 5541 1129 5595 Meursius
1152 5540 1202 5593 in
1225 5540 1536 5610 Appendice
1558 5551 1677 5611 post
1698 5558 1750 5597 v.

163 5626 427 5683 sacrorum
482 5622 627 5679 putat
677 5613 941 5667 excidisse
984 5611 1273 5675 peractione
1314 5621 1403 5666 aut
1455 5613 1558 5667 tale
1602 5613 1748 5683 quid.

168 5679 335 5749 Usum
364 5683 511 5753 verbi
544 5684 800 5753 simplicis
832 5698 1092 5737 vanescere
1127 5696 1544 5753 proievanescere
1571 5679 1752 5741 multis

165 5751 428 5831 exemplis
458 5751 688 5812 illustrat
710 5754 769 5809 L.
792 5756 1124 5822 lli’inemann.
1147 5752 1212 5813 ad
1233 5752 1497 5824 Lactant.,
1519 5752 1647 5825 inst.
1673 5772 1749 5833 Iv,

529 3030 671 3097 conj.
702 3044 716 3085 ζ
750 3024 824 3081 ΑΙ)
872 3028 983 3096 ipso
1029 3028 1160 3080 enim
1205 3027 1466 3078 imminent
1508 3024 1745 3097 fuIntina.
1777 3024 1821 3088 C

1785 4419 1836 4511 ιι

1857 2100 2062 2228 capﬁS,
2094 2116 2218 2228 pagg
2245 2101 2370 2185 449.
2406 2101 2608 2185 Οιιιξμ.

2006 2214 2017 2225 .
2050 2204 2118 2214 —
2211 2174 2405 2228 emedia
2459 2190 2608 2228 scisse

1954 2171 2019 2227 li.
2050 2171 2118 2214 -ἒ
2162 2171 2405 2228 Remedia
2459 2174 2635 2231 scisse.
2689 2171 2862 2228 Scisse
2909 2186 2937 2225 a
2986 2171 3169 2239 scisco,
3227 2171 3458 2228 sciscere.

1858 2243 2118 2300 Videmus
2140 2245 2340 2315 itaque,
2376 2246 2427 2299 in
2456 2261 2576 2313 cap.
2609 2243 2937 2313 praecedenti
2964 2256 3059 2309 pro
3082 2242 3307 2298 remedia
3333 2243 3462 2299 scire

1855 2315 2143 2385 legendum
2172 2332 2296 2371 esse
2332 2334 2346 2371 :
2384 2317 2627 2371 Remedia
2666 2318 2900 2369 sciscere.
2931 2316 3236 2385 Sicsupra.
3271 2316 3364 2370 lib.
3397 2329 3458 2381 ﬂ,

1855 2384 1991 2443 c.i9
2022 2405 2036 2444 :
2068 2388 2301 2453 Antiquis
2321 2387 2645 2451 opinionibus
2675 2389 2856 2440 scitum
2887 2398 2983 2441 est.
3004 2384 3103 2440 Ubi
3124 2384 3264 2439 male
3290 2386 3460 2454 conji-

1854 2459 2003 2512 ciunt
2026 2459 2263 2512 nonnulli
2289 2461 2559 2512 sancitum.
2585 2460 2713 2510 Nam
2736 2460 2919 2512 scitum
2941 2474 2968 2509 ιι
2992 2458 3220 2510 sciscere.
3256 2458 3459 2512 ORELL.

1929 2528 1991 2582 In
2034 2532 2299 2584 verrucula
2343 2532 2487 2584 collis
2543 2531 2713 2582 unius.
2752 2528 2882 2583 Vide
2937 2544 3119 2596 supra,
3148 2528 3213 2585 ad
3265 2530 3355 2587 lib.
3400 2545 3457 2594 ll,

1852 2614 1973 2673 cap.
2013 2601 2204 2673 49.7et
2242 2601 2309 2655 de
2356 2602 2627 2673 locutione
2666 2616 2920 2673 sermones
2951 2616 3214 2673 conserere
3242 2598 3462 2654 Ouden-

1856 2668 2039 2741 dorp.,
2073 2672 2139 2725 ad
2167 2672 2405 2742 Apulei..
2438 2672 2561 2727 Met.
2592 2688 2643 2739 v,
2677 2687 2796 2741 pag.
2826 2671 2951 2725 549.
2972 2668 3175 2724 Οιιειι.

1930 2764 1991 2816 Et
2018 2780 2252 2835 quianam
2280 2767 2371 2819 illa
2395 2780 2564 2835 quaeso
2593 2766 2764 2819 divina
2801 2781 2880 2818 res
2911 2764 3029 2834 fuit,
3059 2779 3172 2835 qua:
3198 2763 3261 2835 ab
3292 2764 3456 2833 impe-

1852 2836 1931 2889 rio
1960 2834 2128 2889 rerum
2163 2847 2304 2891 tanto
2336 2834 2514 2891 Jovem
2544 2836 2786 2904 compulit
2818 2835 3046 2890 avocari.
3078 2834 3166 2890 Sic
3204 2834 3345 2893 edidi
3389 2852 3455 2890 ex

1855 2908 2236 2962 etnendatione
2264 2908 2567 2963 felicissima
2592 2907 2638 2965 J.
2665 2904 2730 2965 G.
2757 2905 2951 2961 Cra-vii
2978 2907 3029 2961 in
3059 2906 3294 2975 Epistula
3322 2906 3451 2971 9.58,

1854 2977 1919 3050 ad
1950 2977 2011 3031 N.
2040 2977 2315 3032 iiciusimu
2345 2980 2547 3050 Syllog.
2582 2979 2900 3042 Bnruutnn.,
2933 2977 3042 3039 vol.
3071 2994 3141 3041 tv,
3178 2994 3293 3046 pag.
3327 2978 3454 3033 552.

1856 3048 2026 3103 Antea
2058 3050 2354 3107 edebatur;
2386 3048 2458 3103 Ab
2487 3052 2675 3120 impetu
2699 3066 2868 3103 rerum
2896 3059 3057 3105 tanto.
3089 3050 3194 3113 Sed
3226 3051 3344 3119 quis
3369 3050 3455 3105 ille

1858 3120 2090 3190 impetus
2120 3136 2295 3176 rerum
2319 3123 2341 3174 ?
2369 3121 2571 3177 Οιιειι..

1932 3214 2233 3268 Mortaliunt
2259 3232 2367 3269 sese
2397 3216 2869 3269 denuntiationibus
2893 3215 3085 3268 sistere.
3122 3212 3458 3269 Denunciatia

1858 3288 2074 3357 proiirie
2097 3295 2182 3340 est
2214 3287 2601 3355 interpellatio,
2645 3303 2744 3356 qua
2777 3287 2896 3355 quis
2929 3301 3023 3357 per
3053 3286 3311 3357 oillciales
3346 3302 3460 3339 ma-

1854 3360 2111 3425 gistratus
2136 3360 2186 3411 in
2209 3357 2465 3424 judicium
2498 3367 2837 3426 provocatur.
2869 3356 3070 3411 Paulus
3100 3356 3273 3419 lCtus,
3302 3357 3394 3409 lib.
3423 3372 3457 3411 v

1856 3429 2100 3483 Sentent.
2134 3429 2241 3483 Tit.
2292 3444 2356 3492 v;
2413 3429 2650 3483 Brisson.
2676 3469 2689 3492 ,
2747 3429 2813 3483 de
2860 3428 3016 3481 Verb.
3047 3429 3196 3495 Sign.
3221 3467 3235 3492 ,
3262 3429 3351 3481 lib.
3384 3445 3456 3493 iv,

1858 3501 2041 3568 p.175.
2064 3500 2503 3554 ELIeuu.—lloc
2531 3501 2669 3566 loco,
2688 3510 2742 3553 ut
2763 3500 2898 3553 bene
2916 3499 3165 3553 observat
3193 3496 3453 3565 Prlorius,

1856 3570 2180 3625 denuuciatio
2213 3574 2351 3625 idem
2382 3584 2463 3625 est
2489 3572 2629 3641 quod
2673 3572 2926 3625 condictio
2977 3571 3116 3640 apud
3174 3569 3451 3640 Augures,

1858 3657 1978 3710 qua:
2006 3643 2223 3709 dicitur,
2257 3658 2377 3697 cum
2406 3644 2773 3705 denuntiatur,
2808 3652 2865 3696 ut
2894 3642 3012 3708 quis
3039 3654 3164 3696 ante
3191 3642 3329 3695 diem
3359 3651 3460 3696 ter-

1858 3712 1986 3784 tium
2018 3715 2083 3767 ad
2116 3714 2539 3784 inaugurandum
2592 3715 2748 3768 adsit.
2795 3713 2928 3767 Vide
2957 3713 3111 3769 Serv.
3146 3713 3210 3767 ad
3244 3712 3457 3783 Virgil.,

1854 3782 1980 3837 Ain.
2008 3802 2060 3838 ιιι
2088 3826 2101 3849 ,
2136 3782 2267 3850 117ξ
2289 3793 2342 3839 et
2372 3784 2596 3839 Gesner.
2625 3825 2638 3846 ,
2676 3786 2725 3838 io
2759 3784 3018 3839 'l‘lieSaur.
3045 3827 3059 3849 ,
3103 3800 3152 3837 v.
3180 3782 3452 3838 condictio.

1857 3854 2029 3933 [Etiam
2084 3870 2314 3933 sequens
2362 3860 2546 3933 sistere
2587 3858 2901 3933 vocabulum
2953 3855 3186 3933 forense.
3221 3857 3357 3933 C_ic.,
3387 3857 3455 3933 de

1854 3924 2009 3980 Ol'lic.
2034 3967 2049 3995 ,
2088 3924 2177 3995 ιιιξ
2207 3942 2325 3998 cap.
2362 3926 2466 3981 10:
2509 3926 2607 3982 Vas
2641 3931 2805 3998 [actus
2831 3938 2903 3982 est
2927 3927 3058 3980 alter
3087 3928 3196 4050 ejgs
3224 3927 3455 3980 sistendi.

3190 4013 3341 4050 RELL.

3190 4013 3341 4051 RELL.

1930 4086 2073 4161 Mala
2107 4090 2264 4158 salsa,
2297 4097 2397 4154 tus,
2427 4089 2656 4161 sanguis,
2687 4089 3017 4161 verbenarum
3048 4087 3252 4157 suﬁitio.
3281 4088 3455 4161 Sagax

1854 4169 1957 4223 est,
1983 4158 2077 4214 sed
2106 4175 2210 4215 non
2246 4158 2546 4214 necessaria
2596 4160 2903 4229 conjectura
2940 4159 3236 4213 d0ctissimi
3283 4158 3456 4213 Scali-

1853 4233 1965 4301 geri
2001 4248 2014 4283 :
2048 4242 2146 4303 tus,
2173 4231 2404 4303 sagmina
2431 4232 2781 4303 verbenarum,
2811 4230 3015 4301 suﬁitid.
3052 4229 3242 4285 Festus
3273 4247 3286 4284 :
3319 4230 3457 4302 Sag-

1855 4303 1994 4354 mina
2024 4301 2255 4355 dicebant
2288 4301 2465 4356 herbas
2508 4301 2770 4367 verbenas,
2801 4318 2918 4373 quia
2949 4318 3012 4359 ea:
3038 4302 3147 4357 loco
3169 4312 3343 4355 sancto
3375 4321 3461 4355 ar-

1842 4372 2133 4445 cebantur,
2177 4374 2351 4445 legatis
2380 4374 2811 4444 proﬁciscentibus
2841 4372 2908 4426 ad
2936 4375 3098 4443 [rudus
3141 4374 3454 4444 faciendam.

1865 4444 1952 4523 ubi
1975 4444 2095 4523 vide
2118 4444 2285 4523 intpp.
2321 4445 2551 4523 ideoque
2574 4446 2849 4523 conjungit
2875 4462 2935 4499 ca
2959 4461 3082 4500 cum
3108 4447 3353 4523 verbenis
3370 4446 3461 4499 Li.

1864 4517 2003 4589 vius,
2031 4515 2120 4570 lib.
2155 4515 2343 4589 t,‘cap.
2367 4516 2455 4571 24.
2492 4516 2595 4572 Sed
2626 4515 2809 4572 uestro
2838 4519 2955 4571 loco
3000 4518 3207 4587 sanguis
3251 4518 3461 4579 videtur

1864 4587 2030 4670 multo
2079 4589 2253 4670 aptiqs
2294 4587 2519 4670 'proiiter
2562 4604 2622 4641 ea
2664 4605 2781 4656 qum
2821 4595 3214 4670 prmcesserunt
3254 4605 3274 4670 :_
3318 4588 3456 4668 mola

1864 4606 2030 4641 ιιιιιιιο
2079 4606 2253 4656 aptius
2304 4606 2519 4713 propter
2562 4606 2622 4641 ea
2664 4606 2781 4656 qum.
2821 4606 3214 4670 praecesserunt
3254 4606 3265 4640 :
3318 4606 3453 4641 mora

1861 4659 2019 4721 salsa,
2052 4667 2148 4713 tus.
2204 4657 2299 4713 Ver
2336 4676 2541 4712 enarunt
2572 4675 2695 4713 usus
2724 4661 3033 4713 notissimus
3063 4674 3167 4712 non
3197 4659 3369 4713 solum
3402 4659 3453 4713 in

1861 4728 2029 4802 sacris
2048 4729 2359 4802 Fetiaiibus,
2385 4729 2477 4785 sed
2511 4732 2794 4802 lILCtL‘lcriS
2815 4731 3259 4802 quibuscumque.
3284 4728 3456 4802 Locus

1861 4800 2116 4854 classicus
2141 4810 2225 4855 est
2251 4799 2421 4856 Servii
2441 4802 2502 4854 ad
2523 4799 2670 4862 IEn..
2698 4816 2787 4863 xu.
2824 4799 2926 4855 {29
2951 4819 2963 4852 :
3006 4799 3226 4870 l"e1'bena
3251 4800 3456 4870 proprie

1861 4881 1933 4923 est
1976 4871 2131 4924 lierba
2178 4889 2357 4936 sacra,
2408 4874 2751 4941 rosmarinus,
2798 4880 2849 4927 ut
2884 4872 3029 4923 ιιιιιΙΙὶ
3065 4869 3267 4934 volunt,
3298 4872 3350 4923 id
3378 4878 3453 4923 cst

1859 4942 2143 5015 λιϐαιριτίς,
2163 4953 2363 5015 sumpta
2380 4943 2442 4996 de
2462 4943 2570 4998 loco
2596 4960 2741 4996 sacro
2758 4943 3013 5013 Capitolii.
3031 4958 3128 5013 qua
3146 4943 3459 5015 coronaban-

1860 5021 1942 5085 tur
1974 5013 2195 5067 Fctiales
2224 5013 2285 5066 eti
2301 5025 2443 5082 pater
2471 5024 2703 5083 patratus
2724 5057 2738 5081 ,
2786 5014 2974 5085 {cedem
3000 5015 3185 5083 [acturi
3214 5014 3294 5065 vel
3323 5013 3455 5067 bella

1857 5083 2122 5139 indicturi.
2152 5084 2367 5141 Abusive
2386 5096 2555 5139 tamen
2583 5090 2733 5141 etiam
2764 5083 2999 5141 verbenas
3022 5101 3256 5137 vocamus
3279 5101 3450 5137 omnes

1857 5158 2065 5224 frondes
2094 5167 2345 5222 sacratas,
2378 5168 2432 5209 ut
2464 5166 2533 5211 est
2556 5158 2753 5225 laurus,
2778 5158 2930 5220 oliva,
2955 5156 3033 5209 vel
3056 5167 3267 5226 myrtus.
3296 5154 3452 5209 Conf.

1861 5227 2097 5283 Donatus
2119 5229 2183 5282 ad
2202 5228 2417 5283 Terent.
2444 5228 2633 5294 Andr.,
2655 5240 2758 5284 act.
2788 5245 2862 5296 ιγ,
2892 5242 3038 5282 scen.
3070 5244 3144 5292 ιιι,
3180 5244 3321 5283 vers.
3358 5227 3409 5281 ii
3440 5243 3454 5293 ;

1860 5296 2040 5373 Voss,
2071 5299 2135 5354 ad
2163 5300 2348 5372 Virgil.
2380 5300 2563 5369 Eclog.
2598 5315 2709 5367 vin,
2740 5300 2846 5354 65:

1949 5432 2304 5505 Verbenasque
2326 5433 2467 5484 adole
2494 5436 2700 5497 pingues
2722 5438 2776 5483 et
2798 5432 3010 5483 mascula
3036 5433 3195 5483 thura.

1855 5550 1930 5619 et,
1966 5542 2050 5619 qui
2086 5542 2610 5619 ploraquehveterum
2640 5539 3189 5619 loca‘diligentis‘slme
3218 5541 3455 5619 collegit,

1854 5612 1940 5668 Jo.
1973 5612 2329 5683 Sauberttde
2352 5612 2563 5679 Sacr-ill,
2598 5628 2718 5683 cap.
2747 5613 2838 5677 2i,
2872 5628 2925 5676 ιι.
2958 5612 3094 5679 541,
3135 5627 3251 5683 seq.
3285 5612 3460 5673 Meuré

1855 5630 1940 5668 J0.
1973 5630 2220 5666 annuert.
2253 5630 2321 5665 oe
2352 5630 2563 5679 Sacra,
2598 5630 2657 5665 ca
2684 5633 2718 5665 ι.
2747 5630 2838 5677 21,
2872 5630 2925 5676 ν.
2958 5630 3055 5677 ost

1855 5684 1936 5742 sio
1958 5683 2132 5752 piaret
2158 5700 2171 5738 :
2218 5681 2557 5738 Vcrbenm'um
2579 5630 2829 5752 stt/lectio.
2854 5683 3055 5739 ORELI..

1987 5754 2209 5825 ominum
2242 5756 2541 5825 terribilium
2571 5750 2831 5827 [l'8ttt0l'88.
2866 5754 3091 5833 lVonu'na
3114 5750 3392 5823 terribilia,
3414 5751 3471 5823 ιιι
