4158 6260
1672 457 2292 546 ELENCHUS
2369 461 2803 552 RERUM

1109 827 1344 916 QUAE
1402 824 1524 902 IN
1587 826 1816 901 HOC
1871 827 2435 906 VOLUMINE
2494 831 3345 913 CONTINENTUB.

576 1675 942 1734 DODWELLI
971 1676 1391 1733 Dissertationes
1424 1674 1762 1746 Cyprianicze
1793 1681 1920 1728 tres.

583 1770 769 1826 SIXTI
799 1785 950 1840 papze
975 1767 1020 1822 ll
1039 1769 1300 1839 Epistolae
1329 1767 1510 1824 dubiae
1531 1783 1652 1823 cum
1679 1765 1924 1836 Dionysii
1950 1763 2186 1819 Alexan-

722 1861 862 1917 drini
884 1860 1249 1931 Fragmentis.

581 1955 762 2014 Sancti
810 1954 1109 2011 DlONYSlI
1139 1954 1350 2012 romani
1389 1953 1658 2026 pontiﬁcis
1698 1953 1962 2010 adversus
1989 1945 2185 2009 Sabel-

724 2047 896 2103 lianos
926 2048 1330 2117 Fragmentum.

581 2139 877 2196 DlONYSll
915 2139 1387 2196 ALEXANDRlNl
1413 2140 1651 2212 episcopi
1679 2138 1745 2194 ad
1765 2139 2076 2210 Dionysium
2098 2153 2186 2193 ro-

731 2248 948 2288 manum
981 2233 1326 2304 Fragmenta.

662 2324 962 2382 Concilium
986 2341 1268 2382 romanum
1298 2328 1350 2382 in
1380 2342 1539 2382 causa
1572 2327 1811 2399 Dionysii
1834 2321 2188 2384 Alexandrini

725 2419 794 2474 de
826 2418 1237 2474 Sabellianismo
1268 2421 1502 2475 accusati
1533 2417 1772 2476 habitum
1797 2433 1939 2476 anno
1968 2429 2184 2488 ccum,

731 2521 974 2581 tempore
997 2512 1238 2584 Dionysii
1267 2528 1439 2583 papae.

580 2603 764 2660 Sancti
793 2603 1060 2660 FELlClS
1092 2621 1240 2674 papae
1270 2604 1530 2675 Epistolze
1559 2606 1740 2661 dubiae
1769 2617 2020 2678 quatuor.

582 2698 660 2752 De
688 2706 877 2753 sancto
908 2695 1350 2753 EUTYCHIANO
1380 2713 1533 2770 papa:
1560 2699 1796 2754 decretis
1825 2699 2127 2765 adscriptis.

580 2789 638 2844 S.
668 2787 1097 2847 EUTYCHIAN]
1123 2805 1274 2860 papae
1301 2789 1618 2846 Exhortatio
1646 2791 1714 2847 ad
1746 2793 2092 2862 presbyteros
2121 2806 2189 2848 ex

721 2885 942 2954 antiquo
967 2883 1153 2940 codice
1179 2876 1460 2940 Vaticano.

581 2975 640 3033 S.
669 2974 1096 3034 EU’I‘YCHIANI
1123 2991 1275 3049 papae
1301 2975 1543 3049 Epistola
1568 2986 1622 3033 et
1648 2976 1868 3036 decreta
1892 2976 2074 3036 dubia.

2290 1671 2367 1728 De
2393 1672 2614 1730 decreto
2636 1673 2796 1732 unico
2825 1673 2969 1747 quod
2995 1671 3157 1732 CAlO
3198 1674 3543 1746 adscribitur,
3569 1677 3714 1734 circa
3741 1678 3891 1736 ordi-

2431 1766 2662 1822 nandos.

2289 1853 2424 1911 CAll
2457 1873 2607 1928 papm.
2633 1858 2874 1930 Epistola
2901 1858 2968 1915 ad
2988 1859 3226 1916 Felicem
3251 1860 3588 1933 episcopum.

2288 1937 2718 2010 COMMODIANI
2747 1951 3130 2010 lnstructiones
3153 1953 3412 2012 adversus
3458 1954 3708 2011 Gentium
3757 1955 3894 2012 deos

2429 2059 2528 2114 pro
2569 2043 2865 2101 christiana
2890 2044 3177 2116 disciplina
3208 2063 3221 2101 :
3253 2061 3350 2116 per
3381 2045 3589 2103 litteras
3633 2061 3893 2104 versuum

2431 2139 2652 2206 primas.

2291 2229 2569 2286 ANTONII
2608 2230 2840 2288 Carmen
2867 2233 3129 2290 adversus
3155 2242 3368 2306 gentes.

2289 2322 2475 2378 Sancti
2515 2318 2864 2380 VICTORINI
2905 2325 3178 2397 martyris,
3199 2325 3603 2397 petavionensis
3629 2327 3893 2400 episcopi,

2434 2415 2818 2488 Fragmentum
2849 2415 2918 2474 de
2951 2417 3174 2474 Fabrica
3213 2418 3422 2473 mundi.

2291 2510 2472 2566 Sancti
2537 2508 2881 2565 VICTORINI
2941 2510 3160 2567 Scholia
3217 2512 3270 2566 in
3321 2510 3684 2582 Apocalypsin
3748 2509 3897 2566 beati

2433 2600 2679 2656 Joannis.

2292 2693 2643 2751 MAGNETIS
2684 2694 3092 2767 Fragmentum.

2293 2787 2570 2844 ARNOBII
2617 2789 2729 2844 Afri
2761 2789 3191 2860 Disputationum
3235 2790 3492 2846 adversus
3535 2797 3725 2862 gentes
3765 2789 3896 2846 libri

2433 2893 2662 2953 septem.

2363 2974 2701 3046 Appendices
2727 2984 2784 3033 et
2810 2975 3017 3034 indices
3041 2976 3112 3033 ad
3133 2977 3357 3036 Arnobii
3381 2976 3552 3034 libros
3581 2986 3811 3050 septem.

2225 5713 2536 5781 Suocursale,
2560 5729 2622 5768 au
2643 5716 3112 5781 Petit-Montrouge,
3138 5717 3562 5781 del’imprimerie
3585 5717 3650 5769 de
3666 5717 3826 5779 Siron,

2652 5793 2744 5833 rue
2765 5781 2857 5835 des
2881 5779 3090 5847 Νοῐθέει
3111 5781 3191 5847 37:
3212 5780 3242 5832 δ
3264 5779 3420 5834 Ρπίθ·
3679 5832 3738 5874 Γ.
3795 5851 3840 5874 ,η

3685 5854 3738 5896 υ
3795 5854 3834 5896 υ

3624 5907 3709 5968 η)
3767 5914 3815 5970 θη

3611 5985 3662 6022 ,η

3587 6005 3662 6107 Χῗ
3721 6005 3788 6093 \'

3917 6019 3934 6070 Χ
