4158 6260
392 382 1451 399 *Μ’-Βρεζε-ᾜῌἏ

594 549 2255 718 DISSERTATIO
2348 550 3125 716 PRIMA

2503 393 3202 404 mm

824 886 1104 1031 AD
1175 880 1898 1033 SANCTI
1939 882 2466 1034 CYPR

1265 880 1898 1032 ιΑΝΟΤΙ
1939 882 2831 1034 CYPRIAN
2839 892 2907 1033 Ι

1208 1161 1860 1320 EPISTllLAM
1895 1160 2472 1345 OG’MVAM,

1466 1417 1795 1477 AUCTORE
1838 1418 1926 1474 DO
1935 1417 2229 1474 DWEl.LO
2244 1460 2258 1484 ,

199 1589 310 1654 DE
353 1585 826 1664 VISIONIBUS,
871 1584 1138 1661 UTQUE
1180 1581 1571 1646 VISIONUM
1620 1580 1946 1646 SUARUM
1978 1582 2235 1643 FIDEM
2280 1581 2908 1646 COMPROBARINT
2953 1585 3342 1664 VETERES,
3378 1606 3520 1652 κτα.
3608 1552 3613 1557 ι

812 1760 1803 1804 -------εΰ

1824 1756 1917 1799 οε

1883 1756 2849 1801 ®==-—-——-———

2854 1779 2895 1791 η

211 1942 241 2016 §
269 1943 325 1999 Ι.
372 1940 722 1998 Permansisse
756 1942 978 1999 visiones
999 1953 1045 1998 et
1065 1948 1202 1998 dona
1224 1941 1525 2014 prophetica
1554 1956 1586 1994 a
1624 1949 1815 2009 tempo-
1841 1938 1896 1998 Α
1992 1941 2092 1988 tate
2118 1934 2462 1989 commendari
2488 1950 2589 1988 non
2625 1941 2843 2005 poterat.
2874 1964 2941 1974 —
2970 1935 2999 2006 §
3050 1934 3133 1991 50.
3175 1935 3408 1993 Visiones
3426 1938 3520 2008 ju-

279 2034 420 2089 ribus
443 2035 804 2104 Apostolorum
846 2051 1006 2105 usque
1038 2035 1106 2088 ad
1141 2032 1459 2105 Cyprianum
1494 2049 1559 2087 ea:
1599 2042 1808 2086 auctore

283 2128 679 2201 Apocalypseos,
709 2126 974 2183 Hermete.
998 2159 1068 2170 —-
1090 2127 1118 2199 ᾗ
1144 2129 1201 2182 2.
1234 2126 1492 2203 (Σιεηιειιιε
1514 2124 1750 2181 Romano
1769 2132 1816 2179 et

291 2229 496 2275 auctore
520 2219 699 2275 Esdrte
738 2218 1055 2291 Apocryphi.
1096 2249 1169 2260 —
1205 2218 1233 2291 §
1272 2221 1326 2275 ὅ.
1366 2218 1592 2290 lgnatio.
1619 2214 1812 2288 —§l.

291 2311 577 2377 Quadrato,
600 2309 841 2381 Philippi
857 2311 1291 2380 ﬁliabus,Atnuiia
1310 2308 1751 2380 Philadelphiensi
1771 2316 1817 2364 et

290 2399 603 2473 Polgcarpo.
632 2432 702 2445 ——
723 2401 751 2474 ς
771 2402 824 2458 5.
851 2401 1060 2458 Iustino
1086 2401 1336 2473 Martyre.
1360 2400 1472 2472 ——§
1493 2402 1545 2457 6.
1576 2400 1818 2455 Melitone

291 2491 870 2557 Sardensi,Alea:andro
890 2492 1118 2565 Phryge,
1145 2493 1339 2557 Attalo,
1365 2494 1679 2564 oliisque.—
1702 2491 1730 2563 §
1760 2492 1815 2545 7.

293 2583 517 2649 Irena'o.
541 2584 663 2657 -ᾗ
695 2586 749 2640 8.
776 2583 1035 2656 Perpetua
1054 2594 1100 2639 et
1124 2585 1338 2640 Saturo.
1366 2584 1490 2639 Non
1524 2585 1681 2650 fuisse
1701 2585 1819 2639 illos

294 2677 661 2733 Hontanistas.
680 2709 751 2719 —
770 2678 798 2749 δ
817 2680 871 2734 9.
898 2677 1089 2734 Verum
1116 2695 1217 2732 non
1241 2688 1334 2740 est.
1350 2678 1584 2732 relictum
1614 2676 1821 2733 Monta-

295 2770 451 2824 nistis
470 2769 533 2823 ab
548 2768 773 2824 Ecclesia
800 2770 1185 2839 prophetiarunt
1207 2769 1364 2839 [uisse
1403 2778 1727 2840 prwtextum.
1750 2799 1821 2811 —

290 2861 437 2934 510.
477 2861 669 2918 Contra
698 2871 812 2928 post
847 2862 1118 2932 imperium
1156 2860 1424 2917 Commodi
1444 2903 1457 2926 ,
1488 2877 1546 2916 eo
1582 2862 1694 2933 ipso
1734 2878 1824 2917 ar-

292 2962 539 3024 gumento
565 2956 848 3024 refularunt
876 2952 1312 3009 Montanistarum
1334 2954 1624 3024 prophetias
1646 2955 1824 3009 catho-

295 3044 419 3106 liei,
441 3045 579 3113 quod
612 3061 742 3100 verte
767 3047 1051 3116 prophetia:
1093 3048 1284 3101 donum
1321 3048 1375 3100 in
1413 3045 1644 3103 Ecclesia
1685 3045 1818 3102 Per-

292 3143 502 3204 petuum
547 3136 780 3207 futurum
819 3147 981 3203 esset;
1021 3154 1139 3193 cum
1174 3149 1344 3194 tanien
1386 3138 1824 3195 Montanistarum

291 3227 429 3282 illud
432 3228 550 3298 jam
572 3230 753 3301 fuisset
774 3230 1178 3303 extinctum.—-§
1201 3231 1224 3285 ι
1244 3233 1259 3286 Ι
1278 3273 1289 3285 .
1311 3230 1337 3285 1
1346 3241 1397 3285 ta
1414 3231 1644 3288 Asterius
1661 3231 1827 3287 Urba-

294 3336 415 3379 nus.
434 3318 885 3393 Epiphanius.—-§
904 3320 1085 3386 12,13.
1103 3321 1293 3376 Auctor
1304 3323 1547 3377 Actorum
1561 3322 1827 3395 Perpetuw

1989 2044 2170 2083 venum
2216 2038 2358 2082 erant
2412 2028 2653 2098 propriaz.
2694 2058 2768 2070 -—
2802 2027 2829 2100 §
2892 2030 2983 2095 41,
3010 2030 3100 2084 42.
3159 2031 3296 2098 Quid
3322 2031 3387 2086 de
3414 2032 3519 2087 illis

1991 2122 2308 2177 sentiendum
2336 2122 2423 2191 qui
2457 2123 2751 2193 prophetias
2791 2122 2909 2177 illas
2952 2125 3277 2189 antiquorum
3302 2126 3524 2180 ludibrio

1993 2214 2280 2267 habuerint.

1993 2303 2089 2377 §L
2112 2335 2178 2345 —
2193 2304 2308 2359 Non
2327 2313 2407 2360 est
2423 2305 2564 2374 quod
2591 2304 2677 2359 hic
2699 2305 3068 2373 rabbinorum,
3089 2308 3407 2377 aliorumve,
3433 2313 3525 2382 qui

1921 2401 2203 2467 prophetia
2258 2405 2482 2467 egerunt
2524 2398 2931 2469 visionibusque
2958 2399 3323 2470 prOpheticis,
3373 2417 3528 2456 com-

1920 2490 2232 2560 pilationem
2274 2491 2440 2544 lector
2467 2500 2734 2558 expectet.
2767 2490 2875 2545 Nos
2900 2508 2963 2545 ea
2997 2500 3201 2546 tantum
3241 2495 3530 2562 seligemus

1920 2595 2041 2651 qua:
2067 2580 2135 2634 ab
2159 2578 2385 2635 eruditis
2430 2581 2831 2649 prmtermissa,
2885 2583 3193 2639 nondumve
3236 2585 3369 2640 satis
3414 2586 3532 2641 ani-

1922 2672 2200 2728 madversa
2252 2683 2398 2736 sunt,
2430 2674 2572 2742 quod
2604 2674 2802 2739 sciam,
2829 2690 2950 2744 qua:
2983 2686 3160 2731 tamen
3192 2677 3259 2731 ad
3292 2678 3434 2733 illius
3462 2678 3532 2735 de

1923 2781 2031 2836 quo
2069 2766 2278 2836 agimus
2306 2765 2486 2821 seaculi
2517 2763 2797 2821 historiam
2825 2766 3029 2837 aliquid
3075 2769 3400 2824 videbuntur
3429 2770 3529 2825 lia-

1923 2856 2053 2912 bere
2081 2857 2363 2912 momenti.
3106 2930 3116 2939 _

1994 2948 2132 3003 Male
2159 2951 2338 3018 itaque
2367 2947 2568 3003 faciunt
2595 2948 2794 3004 eruditi
2823 2952 3053 3021 quiquae
3086 2950 3270 3023 legunt
3301 2953 3353 3007 itt
3387 2953 3530 3008 illius

1924 3040 2110 3096 sazculi
2151 3039 2461 3095 auctoribus
2488 3040 2558 3094 de
2608 3040 2943 3107 visionibus,
2991 3056 3056 3097 ea
3105 3044 3170 3097 ad
3217 3043 3527 3100 Montanum

1926 3136 2148 3192 trahunt
2177 3145 2338 3207 atque
2364 3138 2741 3203 montanistas,
2771 3138 2925 3208 quasi
2954 3154 3083 3193 vero
3109 3139 3176 3193 ab
3208 3140 3339 3210 ipsis
3365 3156 3537 3211 usque

1926 3229 2295 3300 apostolorum
2331 3228 2662 3299 temporibus
2682 3230 2918 3284 visiones
2970 3230 3023 3284 in
3057 3229 3295 3286 Ecclesia
3323 3231 3541 3288 defece-

1929 3323 2058 3389 rint,
2101 3326 2387 3391 omnisque
2417 3337 2600 3376 carum
2640 3331 2932 3392 praeteritus
2961 3323 3013 3376 in
3043 3323 3273 3379 ecclesia
3306 3339 3531 3394 suspec-

298 3418 347 3466 et
374 3410 798 3485 Felicitatis.—§
821 3414 905 3469 η.
944 3411 1174 3469 Visiones
1191 3413 1400 3470 Natalis
1415 3425 1463 3470 et
1488 3415 1819 3487 Potamieme,
1852 3420 1900 3482 B
1930 3426 2013 3471 tus
2041 3414 2202 3470 fuerit
2224 3427 2389 3486 atque
2418 3415 2775 3485 improbatus,
2806 3416 3047 3487 solisque
3075 3418 3419 3473 montanistis
3447 3434 3534 3475 re-

298 3508 457 3578 deque
492 3507 791 3563 Alexandro
834 3507 1336 3581 Hierosolymorum,
1383 3508 1616 3565 Fabiano
1647 3510 1827 3567 Roma:

298 3601 662 3656 constituendis
692 3599 983 3670 Episcopis.
1002 3600 1123 3673 —§
1155 3601 1241 3657 15.
1264 3601 1507 3673 Agnoscit
1534 3604 1827 3674 prophetias

305 3691 566 3762 Origenes.
590 3720 663 3729 —
686 3688 715 3761 ς
739 3689 827 3745 16.
880 3689 1178 3745 Declinatur
1219 3692 1559 3746 testimonium
1590 3692 1829 3767 Gregorii

304 3780 530 3852 Nysscni
550 3781 615 3837 de
634 3780 696 3838 S.
726 3779 971 3853 Gregorio
994 3780 1487 3856 Thaumaturgo.—-7
1516 3786 1649 3857 §l7.
1690 3785 1829 3843 Visio

310 3874 539 3947 Dionysii
580 3875 936 3930 Alexandrini.
968 3875 1090 3948 —§
1129 3876 1212 3938 l8.
1259 3878 1349 3941 l9,
1386 3877 1476 3942 20,
1516 3879 1604 3934 21.
1661 3878 1829 3936 Visio-

307 3984 395 4023 nes
422 3968 583 4039 ipsius
627 3966 898 4040 Cypriani.
945 3968 1073 4041 -ξ
1124 3969 1215 4024 22.
1267 3969 1406 4026 Visio
1436 3971 1543 4026 alia
1599 3972 1832 4045 Dionysii

308 4059 778 4132 Alexandrini.—§
792 4059 884 4115 25.
919 4059 1147 4116 Visiones
1171 4063 1343 4133 palam
1363 4064 1618 4119 enuntiari
1645 4067 1829 4135 solitte,

312 4151 472 4222 idque
486 4163 601 4207 ante
628 4164 876 4210 eventum.
904 4184 975 4194 ——
1004 4153 1143 4227 524.
1180 4155 1246 4211 Ut
1273 4158 1468 4225 fraudi,
1497 4158 1553 4211 in
1582 4159 1834 4213 uisionum

308 4256 592 4315 pratum,
630 4248 923 4303 subventum
961 4250 1045 4304 sit.
1073 4278 1143 4290 —
1162 4248 1190 4322 ᾗ
1208 4248 1301 4315 25,
1332 4250 1426 4314 26,
1455 4250 1545 4305 27.
1578 4250 1655 4306 De
1680 4270 1835 4325 argu-

307 4339 492 4395 mentis
515 4338 691 4410 quibus
702 4341 1002 4412 probaretur
1018 4342 1269 4397 visionum
1287 4342 1435 4412 ﬁdes,
1456 4346 1731 4414 praesertim
1752 4347 1834 4400 in-

307 4429 562 4488 trinsecis.
596 4430 801 4486 Donum
835 4433 1202 4505 cogitationum
1245 4434 1730 4506 patefaciendarum.
1765 4468 1835 4478 —

312 4522 455 4594 με,
485 4523 580 4591 29,
604 4524 698 4581 30.
743 4524 1055 4582 Futurorum
1109 4527 1563 4598 prtedicendorum.
1612 4529 1833 4599 Futura,

307 4630 426 4687 qus:
478 4616 614 4670 vires
671 4617 857 4688 alioqui
926 4627 1122 4673 creatas
1172 4635 1275 4674 non
1302 4621 1617 4688 excederent,
1644 4622 1708 4677 ab
1734 4623 1838 4678 alio

312 4719 508 4777 tamen,
533 4720 871 4781 praeterquam
900 4709 1008 4767 Deo
1034 4712 1269 4782 pradici,
1300 4730 1363 4768 ea:
1390 4713 1532 4769 illius
1572 4716 1666 4770 levi
1696 4718 1838 4787 prin-

1929 3508 2108 3563 lictus.
2139 3506 2281 3562 Nihil
2325 3517 2408 3561 est
2436 3508 2658 3562 omnino
2701 3522 2798 3562 cur
2844 3507 2916 3562 ita
2956 3509 3212 3564 sentiant.
3255 3508 3440 3565 Potius
3480 3511 3533 3565 in

1929 3602 2075 3656 omni
2104 3600 2198 3656 illo
2223 3600 2528 3664 intervallo,
2559 3602 2631 3655 ab
2665 3601 2924 3671 apostolis
2971 3600 3039 3656 ad
3071 3602 3399 3674 Cyprianum
3442 3619 3535 3659 us-

1930 3709 2054 3766 que,
2095 3700 2390 3764 perpetuus
2429 3703 2544 3748 erat
2586 3694 2851 3748 visionum
2903 3708 3065 3763 usus,
3108 3711 3430 3766 semperque
3468 3698 3539 3752 ab

1934 3787 2173 3843 Ecclesia
2202 3787 2478 3857 probatus.
2510 3786 2623 3842 Sub
2638 3788 2792 3856 primi
2818 3788 3000 3842 smculi
3031 3788 3192 3844 linem
3222 3791 3421 3860 scripta
3444 3790 3535 3847 illa

1933 3890 2044 3946 est,
2094 3894 2254 3950 quam
2306 3878 2565 3951 habemus
2608 3879 2994 3951 Apocalypsis,
3026 3882 3142 3937 sive
3170 3881 3236 3937 ab
3267 3884 3534 3952 apostolo,

1934 3986 2029 4027 seu
2060 3971 2196 4027 forte
2225 3987 2254 4024 a
2292 3969 2499 4026 Joanne
2539 3972 2894 4043 presbytero,
2925 3988 3047 4043 quae
3074 3983 3249 4029 tatnen
3281 3975 3457 4030 omnis
3483 3977 3543 4030 in

1936 4063 2205 4119 visionum
2245 4072 2563 4134 argumento
2602 4076 2869 4120 versatur.
2920 4065 3121 4120 Eodem
3155 4066 3374 4121 circiter
3405 4077 3539 4121 tem-

1940 4170 2070 4227 pore
2096 4154 2377 4210 Pastorem
2405 4170 2560 4209 suum
2609 4156 2825 4226 scripsit
2857 4154 3103 4215 llermes.
3134 4156 3234 4211 sub
3258 4153 3540 4214 Clemente

1937 4248 2083 4304 enim
2111 4248 2397 4318 scripsisse
2418 4258 2629 4303 constat
2659 4265 2727 4303 ex
2753 4249 2891 4303 libro
2919 4247 3091 4318 primo
3122 4249 3324 4305 Vision.
3347 4292 3361 4317 ,
3394 4267 3449 4306 η.
3478 4251 3536 4306 2.
3632 4298 3637 4303 ,

1937 4339 2050 4396 Nec
2090 4351 2174 4396 est
2199 4339 2342 4410 quod
2389 4354 2665 4394 moremur
2707 4340 3010 4395 recentiora
3053 4341 3142 4396 illa
3189 4340 3536 4413 Pontiﬁcalis,

1939 4434 2236 4489 carminum
2289 4431 2548 4488 adversus
2587 4431 2884 4489 Macionem
2922 4442 3014 4490 aut
3057 4450 3176 4506 qua:
3232 4436 3311 4491 Pii
3342 4452 3540 4495 nomen

1940 4526 2189 4582 feruntur
2222 4526 2570 4596 epistolarum
2620 4525 2685 4581 ad
2726 4526 2935 4583 Justum
2980 4526 3364 4596 Viennensem,
3414 4532 3541 4589 Iidei

1941 4618 2122 4676 omnia
2149 4627 2442 4689 suspectas,
2496 4619 2823 4675 testimonia.
2858 4620 3027 4691 Hujus
3055 4636 3191 4691 opus
3217 4636 3339 4678 cum
3369 4622 3543 4679 tribus

1941 4722 2155 4771 constet
2198 4713 2370 4783 libris,
2419 4714 2624 4785 primus
2666 4714 2931 4770 visionum
2965 4715 3178 4771 titulum
3208 4732 3318 4786 pra:
3338 4732 3398 4771 se
3419 4716 3543 4781 fert,

312 4801 492 4873 cipiis,
530 4818 631 4858 non
665 4813 918 4872 poterant.
970 4835 1041 4845 —
1087 4805 1115 4875 §
1143 4806 1233 4861 51.
1292 4804 1490 4862 Eodem
1524 4809 1693 4877 redit,
1742 4810 1844 4864 sive
1868 4810 1914 4874 C
1944 4814 2199 4876 totusque
2236 4814 2321 4861 est
2364 4806 2416 4861 in
2458 4821 2525 4861 eo
2554 4816 2893 4876 argumento.
2924 4806 2982 4860 ln
3014 4806 3251 4861 secundo
3287 4807 3447 4861 etiam
3476 4806 3545 4861 de

311 4911 347 4948 η
393 4891 503 4948 Deo
541 4895 652 4962 ipso
690 4896 999 4960 immediate,
1032 4898 1077 4951 si
1105 4898 1208 4953 sive
1256 4898 1423 4952 media
1467 4897 1642 4969 aliqua
1695 4916 1840 4954 crea-

318 4997 439 5042 tura
465 4989 686 5043 revelata
732 4991 941 5062 fuerint.
976 4990 1097 5063 -—§
1151 4990 1242 5047 3‘2.
1291 4990 1641 5063 Hypotheseos
1687 4994 1841 5065 hujus

314 5096 434 5133 cum
466 5081 817 5151 phwnomenis
841 5083 1105 5143 consensio
1124 5085 1351 5140 veritatis
1377 5097 1728 5164 argumentum
1745 5097 1838 5143 est.

1945 4900 2333 4972 prophetarum
2406 4900 2800 4969 spiritunmque
2869 4913 3121 4954 verorum
3182 4897 3548 4969 falsorumque

1944 4991 2290 5047 distinctione
2334 4990 2445 5060 agit
2488 5006 2556 5044 ex
2602 4989 2849 5055 professo
2900 4989 3175 5061 (Mandat.
3202 5031 3216 5056 ,
3263 4990 3348 5054 Η,
3404 4991 3473 5043 12
3501 4988 3542 5061 ).

1946 5082 2215 5151 Quorsum
2273 5080 2426 5146 illud,
2468 5082 2567 5136 nisi
2614 5095 2866 5136 verorum
2906 5096 3121 5152 quoque
3165 5081 3547 5152 prophetarum

321 5202 392 5213 -—
416 5172 446 5246 ᾗ
472 5174 565 5230 35.
594 5166 678 5231 Es:
703 5176 923 5230 aliarum
953 5177 1341 5247 prophetiarum
1395 5180 1498 5249 fide
1541 5189 1597 5235 ut
1625 5181 1845 5235 aliarum
1950 5173 2091 5231 dOna
2135 5187 2375 5242 eousque
2404 5174 2456 5227 in
2491 5172 2731 5228 Ecclesia
2781 5174 3144 5243 permansisse
3188 5174 3549 5230 credidisset?

325 5263 477 5332 ﬁdem
515 5267 883 5322 adstruxerim.
905 5298 975 5309 —-
1004 5268 1033 5343 ς
1060 5271 1149 5326 3i.
1204 5268 1447 5325 Verorum
1485 5272 1847 5343 prophetarum
1957 5269 2110 5325 Hunc
2139 5266 2452 5323 Blondellus
2484 5266 2746 5321 larvatum
2779 5266 3093 5337 prophetam
3141 5268 3551 5321 somniatorem-

326 5360 499 5412 omnis
519 5376 621 5416 non
643 5364 850 5433 fuerunt
876 5363 1316 5435 prophetica.—§
1343 5364 1433 5427 55,
1462 5364 1660 5430 36,57.
1684 5365 1853 5434 Aliqui
1960 5379 2065 5434 que
2102 5361 2367 5432 appellat,
2415 5360 2913 5415 mOntanisticarutn
2951 5360 3394 5430 superstitionum
3429 5375 3554 5426 gur-

321 5452 687 5520 prOphetarum
714 5469 905 5509 errores
938 5471 1054 5508 cum
1092 5472 1211 5510 vera
1242 5455 1508 5526 prophetia
1555 5458 1853 5526 consistunt,

304 5553 373 5616 _ct
414 5544 629 5617 quinam
652 5547 751 5601 illi.
775 5548 904 5620 -ς
938 5548 1024 5603 58.
1056 5547 1349 5617 Prophetiie
1391 5550 1572 5604 ueritas
1617 5566 1679 5605 ea:
1720 5568 1857 5606 com-

1958 5456 2117 5527 gitem
2146 5453 2388 5527 (Apolog.
2414 5469 2507 5524 pro
2533 5452 2678 5508 Sent.
2714 5451 3040 5523 Hieronym.,
3067 5470 3120 5522 p.
3151 5452 3238 5515 16,
3272 5451 3384 5522 17).
3405 5451 3555 5508 Idem

1964 5557 2143 5605 tamen
2174 5546 2373 5603 ibidem
2413 5555 2622 5616 patrum
2652 5546 2810 5601 aliter
2844 5546 3190 5602 sentientium
3238 5546 3412 5617 elogia
3462 5561 3559 5616 pro

322 5636 588 5692 νωιίού
615 5638 700 5692 cui
722 5656 773 5695 se
799 5640 1102 5710 adjunxeral
1131 5639 1399 5711 propheta,
1429 5641 1623 5695 unitate
1649 5642 1862 5712 probata
1965 5657 2116 5701 more
2162 5656 2260 5698 suo
2304 5640 2644 5697 coacervavit
2672 5637 2961 5695 admodum
3005 5638 3323 5703 honoriﬁca,
3364 5648 3416 5693 et
3443 5637 3561 5708 qui-

327 5736 427 5784 at.
469 5758 545 5771 —
589 5726 621 5802 δ
663 5727 754 5786 39.
804 5730 1028 5798 Quorum
1097 5732 1377 5805 prophetia:
1429 5749 1602 5789 omnes
1647 5735 1863 5806 fuissent
1969 5738 2092 5795 dem
2137 5753 2167 5793 a
2228 5733 2623 5792 montanisticis
2682 5729 3154 5803 superstitionibus
3205 5730 3563 5787 alienissimo-

321 5823 590 5889 obscura,
620 5838 798 5879 eorum
824 5823 956 5895 ﬁdes
981 5825 1128 5883 aliter
1146 5825 1247 5883 nisi
1271 5842 1337 5882 ea:
1357 5826 1724 5884 communionis
1748 5829 1867 5884 uni-

580 5916 858 5983 Ρηιιοι..
898 5918 975 5978 ν.

1972 5844 2113 5887 rum.
2157 5828 2233 5884 Ita
2268 5826 2401 5884 nihil
2429 5827 2484 5883 in
2513 5838 2579 5883 eo
2619 5823 3054 5882 montanisticum
3102 5821 3346 5894 reperire
3374 5829 3564 5893 potuc-
