4158 6260
613 262 676 319 ll
1633 256 2001 318 DODWELLI
2040 254 2494 318 DISSERTATIO
2537 249 2957 317 CYPRIANICA
3843 258 3913 316 l2

611 387 741 437 runt
764 376 1105 436 montanistis
1142 375 1312 434 cozevi
1339 380 1544 448 patres,
1578 376 1780 447 quique
1806 375 1925 431 illas
1951 375 2209 447 supersti—
2235 376 2289 436 Α
2314 373 2477 442 ﬁlias,
2505 391 2570 431 ex
2602 374 2709 431 illis
2738 372 3019 445 probabile
3042 380 3128 431 est
3155 387 3276 446 quae
3304 372 3523 445 scripsit
3549 372 3617 429 ad
3639 372 3910 430 Victorem

613 475 790 530 tiones
819 474 979 545 primi
1007 466 1349 529 damnarunt.
1381 468 1593 526 iudicet
1618 470 1788 527 lectOr
1810 471 2119 544 φιλαρχαῖος
2135 468 2221 524 cui

621 568 693 623 sit
719 569 894 638 potius
920 566 1215 622 ﬁdendum.

694 659 723 731 §
760 659 817 714 2.
839 691 909 701 -
930 659 1167 716 Hermeti
1191 659 1424 715 diximus
1449 673 1689 716 coaevum
1729 673 1852 715 esse
1881 656 2219 715 Clementem

614 755 916 811 Romanum
948 754 1304 826 eumdemque
1335 753 1601 810 donorum
1642 753 2084 826 propheticorum
2126 766 2221 822 pa-

611 857 851 902 tronum.
885 846 1189 903 Istiusmodi
1236 846 1382 903 enim
1412 846 1554 903 dona
1599 842 1766 921 luisse
1810 845 2005 916 quibus
2032 854 2221 914 super-

611 937 835 994 biehant
858 940 1168 995 schismatis
1190 947 1461 1006 auctores,
1492 950 1560 993 ex
1586 927 1690 993 illis
1718 935 1834 1008 ejus
1864 928 2043 994 verbis
2064 928 2221 992 facile

609 1031 899 1103 colligitur.
920 1029 1057 1088 ’Ἦτω
1083 1035 1163 1094 τίς
1187 1034 1397 1097 πιστὸς,
1417 1032 1522 1091 η’τω
1541 1029 1759 1093 δυνατὸς
1778 1039 1964 1103 γνῶσιν
1985 1032 2217 1097 ἐξειπεῖν,

609 1126 718 1185 ἤτω
762 1127 916 1199 σοφὸς
958 1126 1009 1179 ἐν
1035 1123 1208 1201 δικαίᾳ
1252 1145 1418 1202 κρισει
1468 1121 1665 1195 (Clem.
1708 1116 1796 1179 Al.
1861 1118 2134 1194 διακρίσει,
2166 1126 2222 1175 et

602 1217 830 1290 rectius)
850 1219 1031 1292 λόγων.
1065 1216 1193 1290 (Ep.
1225 1234 1240 1273 t
1267 1216 1336 1271 ad
1365 1215 1626 1282 Corinth.,
1657 1208 1687 1287 ς
1723 1206 1812 1279 48,
1843 1221 1890 1268 et
1920 1212 1984 1268 ea:
2010 1211 2217 1268 Asteria

611 1311 842 1381 Urbano,
894 1314 983 1368 lib.
1016 1329 1049 1369 v
1069 1356 1083 1381 ,
1114 1328 1164 1369 c.
1195 1313 1313 1384 17.)
1343 1312 1462 1368 Non
1493 1312 1603 1367 alio
1649 1319 1901 1381 spectant
1934 1309 2069 1366 haec
2116 1323 2219 1364 no-

608 1408 758 1463 mina
785 1423 945 1479 quam
972 1407 1040 1463 ad
1071 1407 1213 1463 dona
1258 1407 1473 1462 illorum
1522 1415 1828 1476 temporum
1875 1403 2216 1474 prophetica.

608 1504 785 1563 Πίστις
829 1501 918 1557 illa
960 1500 1030 1556 de
1074 1516 1177 1571 qua
1218 1500 1438 1572 gloriari
1490 1506 1761 1570 poterant,
1809 1510 1918 1551 non
1962 1496 2068 1551 alia
2104 1500 2222 1550 erat

608 1609 772 1663 quam
803 1593 1187 1648 miraculorum
1217 1592 1305 1646 illa
1350 1606 1509 1661 quam
1546 1591 1694 1665 λόγον
1732 1591 1960 1651 πίστεως
1985 1587 2222 1658 appellat

608 1685 923 1757 Apostolus,
973 1699 1081 1755 quo
1119 1685 1241 1739 loco
1284 1682 1423 1738 dona
1470 1682 1565 1752 Sp.
1617 1682 1674 1739 S.
1720 1683 1857 1756 λόγοι
1895 1680 2038 1752 apud
2068 1678 2220 1735 illum

2324 466 2656 540 Polycrates.
2720 467 2979 538 Quadrati
3056 467 3308 543 διαδοχήν
3372 469 3585 524 Atnmia
3641 467 3913 523 Philadel-

2325 556 2568 628 phiensis
2583 567 2638 615 et
2659 559 2773 629 ipsa
2801 572 3013 631 quoque
3031 558 3368 630 prophetissa
3388 559 3457 616 ad
3482 552 3719 616 Montani
3739 569 3914 616 ortum

2325 653 2655 708 continuavit
2683 651 2934 727 (Asterius
2966 652 3203 710 Urbanus
3229 671 3318 724 ap.
3351 653 3561 720 Euseb.,
3592 655 3678 708 ubi
3708 652 3911 724 supra).

2325 745 2619 817 Polycarpo
2678 745 2747 801 de
2811 760 2910 800 suo
2953 747 3213 818 martyrio
3259 748 3495 801 omnium
3546 745 3916 818 propheticum

2323 825 2560 891 oblatum
2604 848 2750 906 esse,
2800 845 2966 894 testes
3011 824 3138 899 sunt
3184 836 3503 909 eiceptione
3543 839 3778 909 majores
3816 838 3919 910 ipsi

2324 926 2591 1000 Smyrnaei
2621 929 2674 983 in
2703 944 2766 985 ea
2796 944 2956 1000 quam
3002 930 3073 986 de
3102 931 3221 1001 ejus
3266 932 3523 1003 martyrio
3560 930 3826 987 dederunt
3851 931 3919 988 ad

2325 1020 2770 1077 Philomelienses
2794 1023 3044 1093 epistola.
3077 1022 3230 1079 Hunc
3259 1024 3541 1080 Ductorem
3565 1024 3920 1094 apostolicum

2324 1108 2487 1171 iidem
2552 1124 2712 1186 atque
2779 1116 3149 1189 propheticum
3215 1118 3527 1188 appellant,
3580 1116 3921 1187 fatenturque

2323 1205 2457 1260 nihil
2488 1206 2609 1263 esse
2635 1206 2703 1263 ab
2729 1216 2794 1263 eo
2845 1209 3158 1278 praedicwm
3187 1211 3317 1281 quin
3348 1219 3491 1266 esset
3525 1218 3719 1265 eventu
3772 1224 3923 1264 com-

2324 1300 2630 1371 probatum.
2675 1300 2800 1373 (Ap.
2830 1299 3043 1369 Euseb.,
3073 1301 3211 1357 Hist.
3240 1302 3410 1368 Ecct.,
3441 1318 3512 1366 tv,
3543 1301 3660 1373 15.)
3689 1309 3791 1358 Πᾶν
3818 1305 3922 1378 γὰρ

2324 1391 2520 1471 ῥῆμαὸ
2560 1397 2743 1466 ἀφῆκεν
2772 1397 2828 1450 ἐκ
2866 1402 2960 1452 τοῦ
3003 1396 3263 1469 στόματος
3300 1398 3463 1452 αὐτοῦ
3518 1400 3604 1450 καί
3641 1397 3922 1458 ἐτελειώθη.

2323 1488 2590 1560 inquiunt,
2620 1493 2705 1544 καὶ
2749 1489 3151 1550 τελειωθήσεται.
3185 1489 3338 1545 Hunc
3366 1490 3470 1545 An.
3501 1502 3927 1560 cxutt.passum

2324 1593 2446 1635 esse
2465 1578 2602 1646 vult,
2635 1590 2690 1635 et
2716 1580 2933 1650 quidem
2954 1581 3188 1636 maxima
3214 1579 3707 1647 verisimilitudine,
3735 1588 3927 1637 noster

2326 1669 2722 1726 eruditissimus
2756 1670 3102 1727 Cestriensis.

609 1774 854 1831 audiunt.
903 1782 1097 1836 Γνῶσις
1124 1788 1234 1829 non
1261 1772 1516 1844 quaelibet
1540 1782 1655 1828 erat
1676 1772 1935 1843 cognitio,
1968 1771 2064 1828 sed
2089 1786 2219 1827 vero
2247 1772 2296 1832 B
2400 1760 2429 1832 §
2470 1760 2524 1817 5-
2552 1792 2624 1802 —
2650 1760 2728 1818 De
2754 1761 2962 1819 Justino
2990 1763 3221 1836 Martyre
3248 1764 3388 1820 idem
3436 1765 3597 1821 habet
3636 1764 3925 1821 Eusebius.

605 1868 988 1941 mysteriorum
1015 1866 1109 1922 illa
1137 1882 1296 1937 quant
1323 1866 1376 1920 in
1405 1865 1674 1921 hmreticis
1697 1880 1764 1921 eo
1792 1864 2012 1920 nomine
2032 1879 2223 1935 supcr-

2333 1855 2527 1929 Γρὰφει,
2554 1854 2746 1923 inquit,
2776 1858 2846 1916 ὡς
2874 1852 2952 1912 ὅτι
2973 1861 3062 1913 καὶ
3084 1859 3250 1934 μέχρι
3290 1861 3377 1915 καὶ
3420 1860 3582 1916 αὐτοῦ
3612 1860 3933 1935 χαρίσματα

610 1960 883 2021 hientibus
907 1958 1240 2032 ψευδώνυμον
1283 1966 1468 2032 γνῶσιν
1515 1957 1657 2014 idem
1705 1967 1863 2013 vocat
1903 1957 2218 2028 Apostolus.

610 2054 811 2110 Eadem
834 2055 1006 2124 σοφία,
1030 2067 1191 2123 quam
1211 2060 1266 2107 et
1280 2051 1428 2125 λόγον
1450 2053 1634 2125 σοφίας
1651 2059 1943 2121 nuncupat.
1960 2048 2221 2127 Διάκρισις

609 2149 768 2222 λόγων
795 2146 985 2202 eadem
1011 2154 1096 2201 est
1120 2160 1237 2215 qua:
1265 2143 1593 2220 οιδιάκρισις
1622 2144 1948 2215 πνευμάτων,
1969 2157 2077 2212 quo
2095 2155 2221 2197 sen-

607 2254 671 2295 su
700 2240 842 2294 dona
866 2238 961 2308 Sp.
992 2236 1048 2293 S.
1094 2236 1275 2308 λόγους
1320 2236 1621 2307 appellatos
1662 2249 1785 2290 esse
1822 2232 2081 2289 diximus.
2108 2231 2222 2287 Nisi

604 2334 745 2390 forte
771 2328 957 2408 λόγων
987 2345 1085 2402 pro
1138 2332 1395 2403 λογισμῶν
1442 2329 1845 2400 intelligamus,
1893 2342 2001 2398 qtto
2056 2327 2219 2383 etiam

608 2443 770 2485 sensu
819 2425 1074 2505 διάκρισιν
1120 2425 1426 2498 πνευμάτων
1473 2422 1542 2479 de
1588 2423 1971 2493 cogitationum
2007 2421 2218 2477 revela-

608 2520 759 2575 tione
796 2516 1294 2586 interpretabimur.
1332 2515 1427 2570 His
1457 2513 1690 2570 fortasse
1716 2515 2052 2585 temporibus
2078 2526 2221 2569 coae-

608 2625 708 2665 vus
737 2617 853 2665 erat
880 2615 1068 2663 auctor
1098 2607 1358 2662 librorum
1384 2605 1573 2661 Esdrae
1599 2605 2072 2676 Apocryphorum,
2090 2620 2211 2674 quo.

606 2720 728 2761 rum
761 2715 967 2775 partem
993 2703 1152 2772 longe
1181 2702 1471 2757 maximam
1494 2697 1699 2754 faciunt
1730 2698 1783 2753 id
1810 2711 1982 2769 genus
2014 2698 2223 2752 visione

610 2808 774 2871 atque
799 2797 1188 2853 revelationes.
1995 2867 2005 2873 .

685 2890 715 2962 ᾗ
748 2893 889 2945 5.-
925 2887 1209 2942 Proximus
1235 2892 1317 2940 est
1336 2884 1602 2955 lgnatius;
1632 2883 1688 2938 in
1716 2897 1823 2953 quo
1850 2881 1903 2938 id
1938 2882 2114 2952 ipsum
2136 2896 2222 2937 re-

612 2981 957 3056 prehendunt
981 2980 1037 3035 hi
1069 2977 1408 3048 antiquitatis
1436 2976 1601 3032 momi
1622 3018 1637 3041 ,
1661 2974 1804 3047 quod
1834 2984 1920 3032 est
1948 2973 2223 3047 propheti-

613 3077 694 3133 cis
724 3076 873 3131 hisce
903 3071 1061 3128 donis
1087 3071 1287 3142 magis,
1332 3085 1494 3140 quam
1533 3070 1724 3124 volunt
1770 3068 1883 3136 illi,
1932 3065 2219 3139 propitius.

2324 1950 2612 2024 προφητικά
2641 1946 2912 2022 διέλαμπεν
2939 1949 3105 2022 (Hist.
3128 1950 3443 2018 Eccles.,tv,
3472 1951 3582 2022 18).
3620 1952 3786 2008 Recte
3810 1952 3933 2022 qui—

2324 2039 2447 2095 dem
2476 2040 2586 2095 ille.
2617 2039 2813 2099 Justini
2834 2040 2902 2097 ad
2924 2042 3270 2114 Tryphonem
3296 2045 3457 2101 verba
3478 2053 3606 2101 sunt
3627 2046 3753 2101 illa:
3782 2049 3935 2123 Παρά

2324 2136 2427 2209 γὰρ
2454 2135 2572 2204 ἡμῖν
2594 2138 2683 2189 καί
2706 2136 2870 2211 μέχρι
2904 2142 2995 2190 νῦν
3022 2143 3312 2213 προφητικὰ
3340 2143 3653 2216 χαρίσματὰ
3691 2143 3848 2197 ἐστιν’
3879 2143 3934 2207 ἐξ

2324 2221 2385 2279 οὗ
2413 2227 2506 2280 καὶ
2533 2226 2683 2281 αὐτοὶ
2702 2228 2929 2282 συνιέναι
2956 2228 3196 2301 ὀφείλετε.
3229 2228 3306 2286 ὅτι
3335 2233 3402 2287 τὰ
3440 2231 3599 2287 πάλαι
3630 2234 3681 2286 ἐν
3703 2239 3777 2306 τῷ
3802 2234 3934 2306 γένει

2324 2316 2467 2386 ὑμῶν
2495 2312 2619 2372 ὄντα
2647 2318 2719 2376 εἰς
2757 2319 2895 2388 ἡμᾶς
2934 2321 3191 2390 μετετέθη.
3227 2319 3459 2392 (Dialag.
3490 2337 3607 2375 cum
3630 2319 3928 2394 Tryphon.,

2326 2408 2383 2479 p.
2410 2410 2536 2475 508,
2568 2408 2644 2481 ο.)
2678 2410 2878 2466 Eodem
2924 2421 3109 2482 postea
3160 2429 3291 2469 usus
3316 2420 3400 2471 est
3423 2414 3685 2472 adversus
3713 2412 3934 2473 Judzeos

2327 2514 2666 2575 argumento,
2690 2516 2815 2575 post
2834 2505 3035 2562 Christi
3065 2507 3379 2576 adventum,
3405 2507 3583 2565 nullos
3609 2508 3777 2564 fuisse
3790 2509 3935 2580 apud

2326 2597 2565 2662 Judaeos,
2595 2596 2663 2652 de
2693 2613 2802 2666 quo
2829 2596 2977 2668 ipsos
3018 2613 3205 2654 eorum
3235 2616 3426 2656 sensus
3456 2609 3624 2656 testes
3653 2601 3891 2672 appellat
3917 2620 3931 2656 :

2327 2691 2508 2759 μηκέτι
2528 2691 2577 2742 ἐν
2606 2697 2679 2762 τῷ
2699 2691 2829 2761 γένει
2852 2691 2995 2762 ὐμων
3021 2692 3157 2748 κατὰ
3199 2694 3258 2748 τὸ
3291 2693 3504 2749 παλαιόν
3533 2692 3641 2756 ἴθος
3670 2700 3939 2772 προφήτας

2326 2785 2644 2856 γενήσεσθαι.
2664 2780 2791 2859 ὅπερ
2815 2788 2905 2839 καὶ
2925 2780 3040 2856 ὄψει
3069 2786 3188 2857 ὑμῖν
3211 2784 3330 2841 ἰδεῖν
3349 2785 3480 2843 ἔστι.
3497 2788 3606 2860 μετ’
3630 2790 3815 2844 ἐκεῖνον
3830 2793 3939 2867 γὰρ

2327 2871 2494 2935 οὐδεὶς
2520 2872 2646 2935 ὅλως
2670 2878 2934 2948 προφήτης
2979 2876 3106 2951 παρ’
3142 2878 3261 2948 ὑμῖν
3289 2880 3574 2953 γεγένηται.
3615 2879 3775 2952 (Pag.
3805 2881 3938 2950 514,

2330 2982 2380 3034 c,
2416 2964 2498 3038 υ.)
2527 2965 2900 3023 Permansisse
2927 2978 3106 3024 autem
3147 2969 3290 3039 apud
3322 2973 3403 3025 sui
3438 2985 3653 3041 quoque
3679 2972 3940 3043 temporis

2326 3059 2652 3115 christianos
2678 3061 2993 3117 earumdem
3023 3077 3279 3117 sensuum
3309 3062 3617 3119 testimonio
3630 3064 3939 3132 conﬁrmat,

611 3169 670 3226 In
697 3168 727 3240 §
755 3168 811 3235 7,
844 3165 946 3236 Ep.
978 3164 1045 3219 ad
1093 3162 1430 3234 Philadelph.
1473 3176 1625 3219 suam
1677 3162 1846 3231 ipsius
1886 3160 2222 3232 prephetlam

2333 3153 2523 3209 eadem
2552 3153 2674 3210 ἰδεῖν
2716 3171 2852 3211 voce
2883 3170 3011 3212 usus
3041 3176 3052 3211 :
3087 3162 3174 3213 καὶ
3199 3159 3454 3235 παρ’ἠμῖν
3509 3161 3647 3216 ἐστὶν
3693 3157 3815 3215 ἰδεῖν
3851 3163 3943 3216 καὶ

621 3266 1048 3324 commemorat,
1077 3271 1237 3328 quam
1259 3256 1361 3312 sibi
1384 3271 1515 3312 vere
1541 3256 1835 3312 revelatam
1865 3253 2034 3310 fuisse
2060 3254 2229 3309 Deum

617 3358 797 3428 ipsum
831 3355 1022 3410 testem
1051 3352 1306 3422 appellat.
1337 3353 1395 3406 Ei
1422 3352 1522 3426 γὰρ
1555 3349 1777 3423 (inquit)
1803 3350 1939 3405 κατὰ
1966 3350 2140 3422 σάρκα
2163 3346 2228 3422 μέ

615 3471 749 3511 τινες
775 3447 1010 3505 ἐθέλησαν
1030 3445 1288 3504 πλανῆσαι
1308 3458 1321 3473 ⁸
1352 3443 1478 3498 ἀλλά
1518 3444 1579 3498 τὸ
1618 3447 1827 3514 πνεῦμα
1841 3441 1913 3496 ὀὐ
1950 3438 2229 3507 πλανᾶται,

617 3548 720 3601 ἀπὸ
746 3548 860 3599 θεοῦ
885 3539 960 3596 ὅν.
991 3536 1122 3596 οἶδεν
1144 3542 1248 3616 γάρ
1280 3537 1431 3593 πόθεν
1473 3536 1716 3613 ἔρχεται,
1746 3539 1833 3591 καί
1867 3541 1971 3590 ποῦ
2017 3535 2228 3607 ὑπάγει,

618 3645 708 3696 καὶ
732 3643 799 3697 τά
827 3639 1036 3715 κρυπτά
1065 3637 1267 3709 ἐλέγχει
1291 3649 1306 3663 ·
1350 3633 1654 3709 ἐκραύγασα
1682 3631 1875 3704 μεταξὺ
1908 3629 1995 3684 ὧν.
2027 3628 2232 3684 ἐλάλουν

621 3732 815 3805 μεγάλη
843 3737 996 3803 φωνῇ·
1025 3733 1100 3800 τῷ
1119 3724 1387 3796 ἐπισκόπῳ
1424 3724 1745 3799 προσέχετε,
1774 3723 1862 3776 καὶ
1896 3727 1969 3792 τῷ
1995 3718 2231 3796 πρεσϐυ-

620 3825 797 3900 τερίῳ,
826 3824 913 3876 καὶ
936 3818 1209 3903 διακόνοις.
1239 3818 1286 3871 οἱ
1328 3815 1383 3872 δέ
1427 3816 1713 3875 πτίσαντές
1748 3834 1810 3888 με
1848 3816 1916 3875 ὡς
1956 3811 2236 3890 προειδότα

622 3917 712 3972 τὸν
734 3915 986 3990 μερισμὸν
1014 3918 1160 3967 τινῶν
1189 3910 1349 3983 λέγειν
1374 3913 1565 3963 ταῦτα.
1584 3909 1795 3984 Μάρτυς
1822 3904 1877 3961 δέ
1898 3927 1984 3978 μοι
2008 3906 2235 3977 (rectius

627 4007 798 4064 editio
819 4005 1145 4075 interpolata
1184 4001 1514 4073 suifragante
1542 4000 1706 4057 etiam
1729 4010 1914 4056 vetere
1942 4001 2238 4071 interprete

627 4101 943 4164 Usseriano,
971 4099 1030 4154 El
1052 4096 1107 4153 δέ
1136 4096 1457 4153 ὑποπτεύετέ
1481 4114 1544 4168 με
1578 4096 1648 4156 ὡς
1675 4095 2007 4170 προμαθόντα
2034 4095 2121 4149 τὸν
2145 4112 2234 4165 με·-

630 4196 814 4272 ρισμὸν
841 4197 989 4248 τινῶν
1016 4190 1176 4265 λέγειν
1214 4193 1406 4254 ταῦτα,
1432 4189 1642 4264 Μάρτυς
1674 4183 1802 4258 μοι)
1830 4187 1879 4240 ἐν
1918 4181 1958 4258 ᾧ
2005 4182 2236 4257 δέδεμαι,

630 4285 711 4344 ὅτι
737 4288 840 4342 ἀπὸ
883 4286 1079 4360 σαρκός
1127 4284 1438 4358 ἀνθρωπίνης
1475 4283 1570 4336 οὐκ
1620 4277 1796 4354 ἐίίνων.
1829 4281 1888 4335 τό
1932 4277 1987 4334 δὲ
2032 4284 2240 4350 πνεῦμα

628 4382 913 4455 ἐκήρυσσεν
941 4377 1098 4448 λέγων
1124 4372 1265 4431 τάδε·
1301 4377 1468 4449 χωρὶς
1492 4378 1586 4428 τοῦ
1616 4372 1925 4438 ἐπισκόπου,
1955 4374 2058 4426 etc.
2090 4367 2238 4425 Idem

632 4471 703 4526 de
731 4471 845 4524 suis
875 4468 928 4522 id
958 4481 1130 4537 genus
1154 4462 1313 4519 donis
1341 4468 1393 4518 in
1422 4462 1451 4536 ᾗ
1482 4463 1540 4530 4,
1568 4464 1667 4533 Ep.
1690 4464 1757 4519 ad
1785 4464 2088 4518 Trallianos
2110 4462 2236 4516 illa:

2333 3249 2531 3311 θηλείας
2555 3252 2643 3305 καί
2672 3246 2916 3324 ᾅρσενάς,
2946 3255 3258 3328 χαρίσματα
3284 3254 3387 3308 ἀπὸ
3416 3258 3509 3308 τοῦ
3536 3254 3826 3327 πνεύματος
3845 3260 3941 3309 τοῦ

2334 3346 2449 3399 θεοῦ
2492 3341 2737 3416 ἔχοντας.
2785 3342 2945 3416 (Pag.
2991 3344 3119 3410 515,
3153 3345 3234 3416 B.)
3262 3342 3393 3401 Tum
3438 3360 3567 3417 ergo
3598 3346 3941 3402 manifestum

2336 3434 2435 3490 fuit
2463 3435 2775 3491 christianis
2814 3436 2979 3493 fuisse
3024 3438 3314 3508 prophetas
3352 3453 3513 3508 quam
3553 3437 3756 3494 ludatis
3793 3439 3945 3496 deie—

2337 3528 2501 3583 cisse.
2526 3526 2829 3598 Utrumque
2855 3527 2927 3582 ita
2956 3528 3324 3593 manifestum,
3356 3537 3414 3584 ut
3440 3532 3742 3600 argumenti
3766 3530 3943 3586 vicem

2337 3618 2607 3675 sustinere
2653 3631 2839 3690 posset
2883 3620 3147 3676 adversus
3189 3620 3580 3676 adversarium.
3630 3621 3947 3693 Eademque

2339 3714 2751 3784 argumentandi
2783 3714 2955 3769 forma
2979 3730 3112 3772 usus
3139 3723 3224 3770 est
3249 3712 3564 3786 Apostolus,
3594 3714 3738 3782 ϐοὶ,
3772 3730 3851 3783 nt,
3879 3714 3941 3779 2,

2342 3824 2438 3880 per
2464 3808 2712 3881 spiritum
2759 3810 2904 3865 enim
2935 3810 3368 3866 extraordinaria
3416 3808 3649 3880 Spiritus
3687 3809 3828 3865 (ltitia
3866 3810 3943 3865 in—

2342 3899 2677 3972 telliguntur.

2416 3992 2445 4065 ᾗ
2474 3993 2528 4048 6.
2555 4022 2627 4035 --
2650 3993 2762 4051 Sub
2794 3995 2955 4051 linem
2976 3993 3140 4051 Marci
3166 3994 3234 4052 de
3259 3990 3511 4052 Mclitune
3525 3994 3785 4052 Sardeusi
3814 3995 3946 4050 illud

2341 4086 2605 4142 habemus
2634 4086 2936 4159 Polycratis
2968 4088 3306 4158 Encomium,
3339 4090 3483 4162 quod
3498 4090 3594 4162 Sp.
3618 4078 3678 4147 S.
3708 4087 3943 4157 uitiatus,

2344 4190 2537 4234 cuncta
2568 4181 2818 4250 gesserit,
2850 4182 2936 4238 τόν
2963 4184 3013 4237 ἐν
3043 4183 3171 4256 ἁγίῳ
3202 4189 3457 4257 πνεύματι
3495 4187 3667 4240 πάντα
3710 4180 3949 4241 πολιτευ-

2347 4275 2566 4345 σάμενον
2617 4271 2739 4346 (Ap.
2785 4273 2999 4345 Euseb.,
3037 4275 3174 4332 Hist.
3204 4276 3377 4345 Eccl.,
3405 4280 3494 4334 lib.
3524 4295 3591 4351 v,_
3616 4275 3734 4347 Ἃ).
3763 4278 3822 4334 ln
3851 4294 3948 4335 ea-

2345 4367 2469 4422 dem
2500 4368 2877 4438 persecutiunc
2896 4371 3198 4428 Alexander
3215 4372 3396 4446 Phryx
3421 4373 3618 4430 dicitur
3631 4377 3723 4430 οὐκ
3735 4371 3953 4450 ἄμοιρος

2345 4461 2699 4517 Δποστολικοῦ
2738 4467 3075 4539 χαρίσματος
3113 4465 3219 4537 (Ex
3257 4464 3356 4536 Ep.
3397 4464 3634 4539 Ludgun.
3660 4479 3707 4521 et
3769 4465 3948 4521 Visun.

629 4567 709 4621 Mr)
737 4562 796 4617 οὐ
826 4558 1049 4632 δύναμαι
1069 4559 1141 4613 τά
1170 4558 1449 4634 ἐπουράνια
1471 4555 1704 4634 γράψας
1736 4556 1863 4612 ἀλλά
1888 4555 2143 4629 φοϐοῦμαι
2167 4559 2228 4629 μὲ

2344 4572 2434 4626 ap.
2480 4552 2694 4621 Euseb.,
2728 4556 2816 4610 lib.
2846 4574 2898 4624 v,
2928 4552 3009 4630 i).
3054 4554 3113 4612 In
3173 4559 3262 4613 illa
3291 4559 3587 4629 apostolica
3612 4560 3779 4630 gratia
3812 4558 3952 4615 hanc

631 4656 829 4715 νηπίοις
866 4647 1013 4708 οὖσιν
1060 4651 1180 4723 ὑμῖν
1216 4649 1410 4720 βλάϐην
1452 4651 1670 4724 παραθῷ
1699 4664 1713 4679 ⁶
1741 4652 1832 4704 καὶ
1874 4648 2246 4721 συγνωμονειτέ

635 4767 739 4819 μοι,
775 4750 970 4818 μήποτε
998 4744 1059 4797 οὐ
1084 4740 1373 4801 δυνηθέντες
1403 4748 1651 4816 χωρῆσαι
1680 4741 2125 4817 στραγγαλωθῆτεε
2156 4745 2247 4797 καὶ

629 4841 734 4916 γὰρ
759 4840 860 4912 ἐγὼ
888 4836 947 4892 οὐ
976 4835 1167 4900 καθότι,
1195 4837 1282 4888 καί
1307 4831 1584 4904 δυνάμενος
1609 4834 1678 4888 τὰ
1706 4834 2006 4908 ἐπουράνια,
2036 4834 2124 4887 καί
2150 4835 2247 4894 τὰς

631 4933 937 4991 τοποθεσίας
960 4933 1055 4990 τὰς
1080 4924 1371 5001 ἀγγελικάς,
1391 4930 1480 4983 καὶ
1497 4929 1593 4988 τάς
1619 4927 1906 4988 συστάσεις
1928 4928 2026 4987 τάς
2052 4928 2245 5004 ἄρχον-

629 5028 800 5089 τικὰς,
828 5024 997 5100 ὁρατά
1027 5042 1082 5078 τε
1110 5024 1197 5076 καὶ
1221 5021 1445 5095 ἀόρατα·
1494 5023 1641 5097 παρὰ
1693 5026 1849 5077 τοῦτο
1902 5018 1997 5081 ἤδη
2023 5023 2111 5076 καὶ
2138 5042 2243 5094 μα·

631 5120 783 5178 θητής
820 5120 943 5188 εἰμι.
972 5114 1082 5169 Nec
1112 5128 1241 5169 vero
1265 5114 1595 5184 singularem
1628 5112 1795 5169 luisse
1836 5114 1937 5169 hac
1980 5116 2033 5168 in
2079 5128 2243 5170 causa

637 5208 924 5279 lgnatiutn,
948 5221 1016 5262 ex
1045 5205 1165 5260 aliis
1182 5204 1454 5260 constabit
1474 5204 1620 5258 illius
1646 5204 1747 5260 aevi
1779 5206 2167 5261 monumentis.

712 5298 743 5369 ᾖ
769 5297 1160 5370 4.-ίεηοιίυιιι
1185 5296 1427 5366 proxime
1442 5296 1995 5367 excepitQuadratus,
2011 5298 2100 5368 qui
2116 5310 2245 5367 apo-

637 5389 833 5460 logiam
860 5404 958 5458 pro
985 5387 1296 5444 cltristianis
1334 5386 1608 5443 Hadriano
1662 5389 1878 5443 dicavit.
1936 5389 2088 5444 llunc
2133 5401 2236 5444 una

634 5498 762 5538 cum
791 5480 1025 5552 Philippi
1058 5481 1271 5537 ﬁliabus
1295 5495 1430 5552 quas
1456 5480 1514 5537 S.
1539 5482 1714 5537 Lucas
1743 5484 2115 5551 praphetissas
2135 5497 2236 5552 ap-

632 5576 828 5647 pellat,
882 5575 1195 5644 pr0phetica
1247 5574 1420 5644 ipsum
1479 5588 1692 5645 quoque
1742 5574 1915 5644 gratia
1962 5575 2234 5632 illustrem

630 5670 802 5727 fuisse
847 5667 1035 5725 scribit
1090 5667 1354 5725 Eusebius
1389 5666 1560 5740 (Hist.
1616 5660 1847 5734 ἕωλοι,
1892 5683 1973 5735 tn,
2003 5669 2117 5741 37).
2166 5670 2235 5726 Et

630 5759 847 5834 quidem
889 5758 1005 5816 htcc
1034 5773 1203 5829 usque
1249 5766 1488 5829 tempora
1540 5757 1783 5827 attigisse
1830 5756 1952 5814 illas
1996 5758 2233 5832 Philippi

2349 4646 2721 4720 propheticam
2748 4664 2871 4706 esse
2901 4651 3282 4706 includendam
3305 4653 3416 4721 jam
3434 4652 3665 4707 vidimus
3692 4669 3758 4707 ex
3788 4652 3954 4708 simili

2351 4741 2754 4814 Smyrnmorum
2798 4741 2865 4797 de
2895 4742 3192 4814 Polycarpo
3247 4744 3386 4809 loco,
3422 4744 3511 4798 ubi
3540 4745 3655 4800 haec
3679 4746 3788 4800 duo
3816 4760 3953 4800 con-

2343 4834 2646 4905 iunguntur
2674 4834 2799 4905 (Ap.
2850 4831 3067 4901 Euseb.,
3113 4836 3207 4901 ib.,
3230 4832 3311 4906 3).
3345 4834 3748 4892 Rcvclationem
3772 4836 3954 4892 Attalo

2348 4927 2542 4983 factum
2557 4928 2625 4984 de
2656 4927 2932 4983 Alcibiade
2959 4942 3354 4985 commemorat
3386 4928 3629 4987 Ecclesia
3660 4931 3950 5001 gallicana.

2350 5018 2791 5093 Frequentesqne
2833 5023 3061 5078 aliorum
3091 5012 3323 5080 diversis
3350 5026 3408 5080 in
3437 5026 3697 5082 Ecclesiis
3714 5027 3954 5097 prophe-

2349 5115 2454 5169 tias
2486 5114 2643 5171 tidem
2693 5118 3090 5173 montanisticis
3132 5118 3239 5174 illis
3264 5119 3332 5176 de
3370 5124 3653 5192 prophetia
3684 5123 3955 5193 praetexti-

2347 5205 2450 5261 bus
2494 5205 2712 5274 fecisse,
2765 5208 2956 5263 auctor
3012 5218 3099 5265 est
3158 5209 3448 5267 Eusebius.
3499 5211 3576 5268 Ita
3623 5214 3768 5270 enim
3816 5215 3948 5270 ille:

2345 5299 2585 5356 πλεῖσται
2621 5294 2709 5356 οὖν
2738 5304 2823 5357 καί
2849 5301 3287 5382 παραδοξοποιΐαί
3315 5313 3409 5362 τοῦ
3437 5311 3570 5364 θείου
3619 5314 3955 5389 χαρίσματος

2344 5395 2502 5450 εἰσέτι
2530 5394 2645 5451 τότε
2673 5397 2806 5451 κατά
2843 5388 3115 5472 διαφόρους
3144 5396 3415 5462 ἐκκλησίας
3443 5403 3812 5474 ἐκτελονμεναι,
3829 5404 3955 5457 πίσ-

2345 5508 2423 5541 τιν
2470 5490 2618 5565 παρά
2668 5489 2866 5551 πολλοῖς
2901 5494 2995 5545 τοῦ
3037 5494 3296 5566 κᾴκείνους
3337 5492 3669 5577 προφητεύειν
3694 5475 3952 5573 παρεῖχον

2343 5577 2587 5647 (Euseb.,
2629 5579 2724 5647 ib.,
2752 5598 2800 5635 c.
2826 5580 2905 5649 4).
2949 5580 3027 5637 Ita
3076 5586 3525 5649 montanistarutn
3566 5586 3807 5644 nondum
3837 5597 3955 5646 erat

2344 5672 2601 5822 progrius
2641 5662 2733 5730 hic
2783 5680 3112 5749 praetextus,
3162 5688 3221 5735 ut
3270 5676 3527 5739 hactenus
3570 5682 3956 5743 existimarunt

2345 5778 2443 5821 cru
2484 5762 2566 5820 iti.

2345 5762 2566 5821 eruditi.
