4158 6260
588 306 661 365 ιε
1553 293 1917 355 DODWELLI
1956 268 2423 353 DISSERTATIO'
2450 284 2868 344 CYPRIANICA
3806 280 3879 338 is

576 421 842 495 δέχεσθαι,
873 419 960 475 καί
1001 416 1078 475 δεῖ
1126 418 1176 473 ἐν
1221 416 1460 493 ἐκκλησίᾳ
1488 419 1825 494 χαρίσματα,
1853 422 1964 476 πῶς
2010 414 2181 468 οὐκέτι

2297 409 2521 464 visiones
2570 413 2689 460 erat
2726 400 3144 473 complexurus;
3199 410 3505 472 quanquam
3554 404 3766 454 certum
3813 396 3884 453 sit

581 521 713 586 μετὰ
737 514 1009 577 Μοντανὸν,
1051 515 1137 565 καὶ
1163 510 1479 586 Πρίσκιλλαν,
1528 513 1616 564 καί
1658 508 1966 581 Μαξιμίλλαν
1995 505 2186 579 ἔχουσι

578 609 886 682 «posterae;
919 599 1022 681 ἆρα
1044 604 1263 680 ἤργησεν
1287 605 1319 661 ri
1345 605 1543 680 χάρις;
1575 603 1664 656 οὐκ
1690 605 1841 676 ἀργεῖ
1877 598 1931 655 δὲ
1968 602 2012 662 ἡ,
2024 600 2185 672 χάρις

581 699 632 751 ἓν
659 696 781 772 ἁγίᾳ
806 695 1065 770 ἐκκλησίᾳ.
1093 700 1163 767 μὴ
1187 696 1400 769 γένοιτο.
1432 696 1487 748 Ei
1512 691 1566 747 δὲ
1595 693 1690 753 ἕως
1729 693 1865 751 τινὸς
1896 694 2185 766 προφῆται)-

582 811 682 844 σαν
706 788 752 842 oi
775 788 1244 863 προφητεύσαντες,
1277 790 1365 841 καὶ
1389 785 1557 840 οὐκέτι
1598 784 2025 860 προφητεύουσιν.
2059 782 2186 836 ἀλλὰ

581 881 700 939 οὔτε
722 882 1014 960 Πρίσκιλλα,
1040 879 1162 935 οὔτε
1182 879 1462 952 Μαξιμίλλα
1489 881 1849 954 προφήτευσαν
1874 878 2005 948 μετά
2029 877 2186 945 (κατὰ

579 976 746 1031 scrib.
778 977 796 1043 )
846 976 941 1034 τὰς
989 974 1297 1049 προφητείας
1322 978 1417 1033 τὰς
1437 968 1523 1026 διὰ
1548 977 1648 1025 τῶν
1690 968 1846 1042 ἁγίων
1869 967 2184 1025 ’Δποστόλων

577 1070 631 1123 ἐν
656 1078 720 1140 τῇ
748 1066 874 1141 ἁγίᾳ
900 1066 1147 1139 ἐκκλησίᾳ
1173 1062 1570 1134 δοκιμασθείσας
1604 1060 1777 1132 (uter.
1810 1076 1992 1124 XLVIII,
2028 1058 2056 1131 ᾗ
2083 1058 2118 1112 2

582 1160 749 1217 Plane
779 1160 895 1214 haec
922 1159 1298 1230 Epiphaniano
1326 1158 1525 1214 saeculo
1564 1171 1669 1211 non
1702 1154 2049 1217 conveniunt,
2079 1167 2186 1223 quo

576 1253 688 1325 jam
736 1253 788 1308 in
832 1251 1081 1308 confesso
1119 1259 1236 1306 erat
1274 1249 1390 1304 ltzee
1439 1251 1750 1326 χαρίσματα
1800 1260 2040 1317 eousque
2076 1258 2186 1300 non

579 1360 953 1419 permanasse.
1002 1344 1266 1399 Existimo
1324 1344 1490 1414 igitur
1545 1358 1612 1398 ex
1666 1340 1969 1412 antiquiore
2006 1339 2188 1410 aliquo

579 1441 850 1509 scriptore
892 1438 1044 1493 illum
1079 1438 1192 1492 luee
1234 1437 1482 1507 imperite
1507 1434 1883 1506 descripsisse.

655 1532 684 1605 §
709 1531 954 1587 12.——Ad
976 1529 1221 1586 eamdem
1242 1529 1468 1583 formam
1488 1536 1893 1599 argumentatur
1914 1533 2067 1582 vetus
2093 1524 2188 1580 ille

584 1635 793 1691 auctor,
826 1625 1151 1693 quicumque
1179 1622 1296 1687 fuit,
1326 1633 1624 1691 martyrum
1651 1632 2139 1687 contemporanens
2168 1657 2184 1682 ,

582 1726 827 1773 actorum
854 1714 1136 1784 Perpetuae
1172 1722 1226 1768 ct
1256 1713 1574 1767 Felicitatis.
1614 1712 1664 1767 Is
1691 1712 1802 1779 ubi,
1831 1710 1992 1764 allato
2018 1709 2189 1765 Joelis

2289 502 2430 557 hanc
2457 498 2955 569 interpretationem
2983 494 3048 550 ad
3073 503 3307 549 mentem
3338 490 3648 547 Maximilla:
3667 504 3885 547 accom-

2288 593 2493 651 modari
2528 609 2632 647 non
2664 605 2844 664 posse.
2878 590 3008 659 Qua:
3039 590 3181 646 enim
3212 597 3333 658 post
3358 603 3419 643 se
3446 587 3741 653 συντέλειαν
3770 585 3885 642 fore

2288 688 2519 755 dixerat,
2543 703 2664 744 eam
2691 701 2906 741 omnem
2935 700 3157 756 prorsus
3190 683 3486 754 prophetiae
3515 698 3670 737 usum
3701 681 3889 737 exclu-

2289 798 2468 838 suram
2499 796 2720 837 necesse
2754 790 2889 837 erat.
2943 780 3006 834 5°
3050 779 3188 834 Cum
3233 776 3334 833 hac
3378 777 3493 847 ipsa
3540 783 3887 847 argumenta-

2291 873 2437 929 tione
2457 914 2474 938 ,
2528 882 2654 928 ante
2680 887 2853 927 annos
2879 871 2946 926 ad
2973 870 3254 926 minimum
3283 868 3471 925 decem
3495 909 3512 936 ,
3543 868 3596 923 in
3624 878 3767 922 secta
3797 866 3891 922 illa

2286 965 2579 1022 refellenda
2606 980 2736 1021 usus
2767 967 2940 1022 fuerat
2960 964 3206 1020 Asterius
3238 961 3525 1029 Urbanus;
3558 959 3681 1031 quis
3702 957 3892 1014 credat

2289 1058 2481 1113 eadem
2502 1055 2975 1127 argumentatione
3016 1070 3237 1110 usurum
3260 1062 3423 1109 sectae
3451 1060 3735 1121 patronum
3761 1049 3784 1103 ?
3822 1047 3889 1103 ἆυ

2290 1149 2347 1205 ld
2387 1151 2549 1206 etiam
2598 1165 2667 1205 ex
2714 1148 2907 1204 eodem
2962 1147 3182 1204 Urbano
3210 1154 3421 1202 constat
3472 1143 3541 1200 de
3590 1142 3733 1199 facto
3768 1141 3893 1198 illos

2288 1255 2504 1297 omnem
2552 1257 2703 1296 suam
2755 1240 3140 1312 prophetarum
3187 1237 3589 1295 successionem
3631 1235 3685 1290 in
3725 1234 3893 1289 Maxi-

2289 1333 2436 1388 milla
2468 1331 2791 1389 terminasse
2811 1375 2827 1400 ,
2868 1346 2966 1387 nec
3007 1332 3170 1387 alium
3203 1330 3447 1402 quemvis
3469 1337 3590 1401 pust
3617 1326 3763 1382 illam
3791 1325 3895 1382 ad-

2291 1425 2502 1480 misisse
2543 1440 2934 1480 successorem.
2993 1423 3196 1479 Eadem
3246 1423 3714 1494 argumentatione
3762 1434 3898 1475 usus

2290 1516 2625 1588 Epiphanius
2672 1516 2843 1591 (Hier.
2888 1532 3091 1584 vam,
3142 1515 3281 1587 δε),
3327 1525 3452 1586 post
3500 1515 3643 1570 illius
3686 1514 3901 1570 obitum

2292 1611 2560 1665 nemiuem
2588 1611 2749 1665 alium
2795 1626 2826 1665 a
2856 1609 3204 1665 montanistis
3223 1608 3292 1664 ad
3322 1624 3418 1664 sua
3450 1624 3621 1679 usque
3651 1619 3899 1677 tempora

2291 1709 2531 1776 agnitum
2586 1720 2709 1762 esse
2750 1707 3054 1761 confirmat.
3106 1703 3248 1758 Fieri
3288 1703 3449 1774 igitur
3486 1718 3595 1757 non
3634 1709 3811 1773 potest
3838 1706 3906 1756 ut.

585 1811 727 1876 loco,
762 1807 1067 1879 probasset,
1100 1807 1171 1860 ita
1196 1822 1301 1860 non
1330 1805 1564 1861 deiicere
1593 1822 1622 1860 a
1651 1805 1712 1859 ξ’.
1736 1804 1800 1860 Τ.
1832 1804 1938 1859 illis
1966 1804 2029 1858 N.
2055 1804 2188 1859 Tes-
2217 1814 2265 1874 B
2294 1798 2623 1853 montanista
2652 1798 2906 1855 Saturum
2933 1798 3363 1867 Perpetuamque
3408 1797 3460 1851 in
3501 1795 3901 1867 prophetarum

586 1900 811 1958 tumenti
842 1900 1151 1971 prephetias
1175 1940 1190 1966 ,
1224 1909 1281 1953 ut
1302 1900 1410 1954 sint
1441 1899 1615 1969 potius
1640 1914 1709 1954 ex
1737 1897 1966 1953 adverso
1992 1896 2092 1952 sub
2118 1895 2183 1951 N.

584 1995 651 2053 T.
676 1994 914 2067 potiores
945 1992 1325 2064 expectandae;
1369 1991 1487 2047 bare
1513 1990 1709 2048 deinde
1735 1989 2008 2061 subjungit
2033 1988 2086 2043 in
2117 1988 2187 2043 ilo

584 2086 719 2154 1am,
740 2101 900 2156 quam
930 2084 1068 2150 dixi,
1096 2084 1452 2140 sententiam:
1480 2102 1499 2136 ι
1532 2084 1715 2155 Itaque
1732 2094 1785 2140 et
1815 2098 1936 2150 nos,
1965 2082 2054 2152 qui
2083 2084 2190 2138 sic-

584 2188 645 2234 ut
674 2178 1020 2250 prophetias,
1070 2178 1140 2232 ita
1179 2186 1235 2233 et
1273 2178 1512 2234 visiones
1558 2193 1731 2233 novas
1757 2178 1961 2247 pariter
1997 2190 2189 2244 repro-

583 2271 780 2327 missas
826 2279 881 2326 et
919 2270 1261 2341 agnoscimus
1313 2280 1369 2325 et
1427 2270 1805 2335 honoramus;
1852 2281 2188 2347 exterasque

585 2366 817 2420 virtutes
864 2364 1099 2435 Spiritus
1140 2364 1321 2420 Sancti
1361 2364 1428 2420 ad
1471 2365 1886 2421 instrumentum
1928 2368 2190 2427 Ecclesiae

587 2466 903 2527 repulamus
931 2495 946 2521 ,
995 2457 1082 2510 cui
1112 2466 1162 2510 et
1194 2454 1390 2510 missus
1435 2465 1519 2511 est
1546 2456 1689 2511 idem
1719 2458 1897 2512 omnia
1928 2459 2189 2516 donativa

583 2551 974 2609 administrans
1002 2551 1054 2603 in
1095 2549 1344 2604 omnibus
1369 2589 1385 2614 ,
1418 2556 1577 2618 prout
1602 2549 1891 2619 unicuique
1917 2550 2192 2609 distribuit

586 2643 875 2710 Dominus,
906 2640 1212 2697 neceSSario
1238 2649 1294 2695 et
1319 2639 1634 2710 digerimus,
1669 2648 1723 2694 et
1751 2641 1817 2694 ad
1840 2641 2069 2712 gloriam
2098 2644 2189 2699 Dei

588 2736 826 2792 lectione
850 2734 1209 2790 celebramus.
1251 2731 1320 2788 Ut
1359 2748 1426 2787 ne
1454 2748 1555 2804 qua
1589 2742 1681 2788 aut
1705 2733 2070 2799 imbecillitas,
2101 2746 2195 2790 aut

591 2827 902 2900 desperatio
933 2826 1055 2881 ﬁdei
1084 2867 1098 2891 ,
1152 2825 1294 2896 apud
1337 2833 1552 2881 veteres
1576 2834 1783 2880 tantum
1811 2828 2042 2884 aestimet
2070 2844 2194 2899 gra-

596 2922 728 2977 tiam
763 2918 1071 2975 Divinitatis
1102 2927 1475 2972 eouversatam
1498 2959 1511 2982 ,
1556 2917 1670 2974 sive
1708 2930 2045 2991 martyrum,
2077 2921 2194 2977 sive

591 3015 651 3071 in
692 3011 1081 3069 revelationum
1119 3011 1428 3081 dignatione
1456 3028 1471 3065 :
1506 3026 1629 3066 cum
1657 3026 1875 3081 semper
1900 3013 2041 3069 Deus
2063 3028 2194 3084 ope—

591 3115 748 3165 retur
776 3120 898 3177 quae
940 3103 1294 3173 repromisit,
1346 3118 1452 3157 non
1498 3103 2194 3162 credentibnsintestimo-

2291 1890 2471 1945 album
2502 1891 2767 1947 retulerit.
2806 1890 2860 1946 Id
2890 1891 3081 1946 saltem
3111 1906 3177 1946 ex
3223 1890 3313 1944 illa
3345 1890 3577 1945 altorum
3604 1903 3905 1961 argumen-

2293 1985 2495 2040 tatione
2523 1984 2788 2041 concedat
2814 1986 2985 2042 lector
3005 2000 3228 2042 necesse
3252 1994 3337 2041 est
3354 2025 3370 2051 ,
3395 1985 3487 2056 qui
3519 1986 3594 2040 ita
3617 1999 3910 2055 argumen-

2293 2088 2434 2135 tetur
2466 2094 2577 2134 non
2620 2094 2741 2135 esse
2772 2094 2840 2134 eo
2873 2081 3093 2135 nomine
3123 2094 3220 2150 pro
3270 2078 3593 2134 montanista
3623 2078 3912 2134 aestiman-

2291 2171 2442 2226 dum.
2491 2171 2602 2226 Nec
2645 2180 2825 2226 tamen
2852 2170 3001 2226 aliud
3048 2172 3329 2241 proferunt
3354 2174 3445 2243 qui
3472 2170 3632 2227 aliter
3659 2168 3911 2225 sentiunt

2289 2264 2392 2318 viri
2420 2278 2551 2319 sane
2578 2262 2797 2319 eruditi.
2830 2262 2955 2320 Scio
2994 2262 3249 2334 equidem
3281 2262 3581 2334 lubensque
3610 2262 3850 2319 concedo
3886 2303 3909 2332 ,

2292 2357 2346 2412 in
2376 2368 2484 2412 tota
2505 2359 2605 2413 hac
2633 2357 2702 2413 de
2730 2357 3137 2428 prophetiarum
3171 2358 3530 2429 perpetuitate
3554 2367 3910 2430 argumenta-

2292 2450 2439 2505 tione
2478 2449 2832 2505 hallucinatos
2859 2465 2982 2506 esse
3003 2459 3217 2506 veteres
3241 2492 3258 2519 ,
3292 2466 3393 2506 nec
3413 2450 3479 2505 ad
3506 2466 3694 2505 eorum
3716 2459 3913 2507 aucto-

2294 2544 2506 2599 ritatem
2538 2545 2882 2601 minuendam
2914 2544 3064 2614 facit,
3094 2546 3236 2616 quod
3266 2545 3316 2601 id
3343 2561 3513 2616 genus
3534 2549 3738 2603 erroris
3763 2547 3913 2604 alios

2296 2635 2718 2707 frequentesque
2766 2651 3148 2708 agnoscamus.
3181 2637 3293 2694 Nec
3335 2639 3481 2694 enim
3516 2638 3660 2693 aliud
3701 2638 3910 2696 habue-

2296 2737 2423 2782 runt
2458 2730 2742 2789 sententia:
2773 2743 2886 2783 suae
2925 2728 3332 2784 fundamentum
3359 2745 3518 2799 quam
3551 2740 3735 2786 textus
3777 2732 3909 2788 illos

2301 2833 2439 2888 quos
2488 2820 2748 2886 diximus,
2774 2820 2919 2876 unde
2951 2831 3170 2877 rectene
3193 2822 3556 2892 argumentati
3583 2833 3742 2891 sunt,
3789 2841 3907 2882 non

2294 2910 2363 2966 de
2390 2911 2701 2967 testimonio
2727 2927 2947 2979 eorum,
3001 2913 3095 2969 sed
3129 2929 3257 2969 vero
3299 2913 3370 2969 de
3403 2913 3609 2984 judicio
3641 2926 3722 2970 est
3752 2931 3911 2988 qus:-

2296 3006 2421 3070 stio,
2443 3006 2495 3060 in
2519 3021 2622 3076 qua
2650 3006 2855 3063 nullum
2882 3007 3082 3064 habent
3106 3024 3135 3063 a
3159 3023 3252 3063 sua
3276 3016 3540 3065 vetustate
3565 3010 3904 3079 praesidium.

2297 3100 2452 3170 Quod
2493 3118 2628 3160 vero
2676 3103 2802 3160 inde
2829 3103 3005 3162 infero
3028 3147 3044 3172 ,
3088 3105 3158 3162 de
3206 3106 3350 3162 facto
3382 3106 3503 3162 illos
3527 3108 3815 3177 agnovisse
3845 3109 3907 3163 in

595 3197 746 3254 nium
778 3238 793 3262 ,
824 3194 1171 3252 credentibus
1217 3194 1268 3248 in
1299 3194 1615 3250 beneficium
1643 3194 1735 3269 (In
1764 3196 2028 3269 Prmfat.).
2070 3219 2088 3252 ι
2117 3199 2198 3256 Eo
2224 3199 2269 3263 (ς
2301 3209 2401 3251 suo
2431 3211 2644 3268 quoque
2663 3200 2862 3254 saeculo
2887 3199 3218 3271 prophetias,
3243 3201 3296 3257 id
3321 3203 3432 3272 jam
3465 3205 3520 3257 in
3552 3202 3693 3259 facto
3718 3219 3909 3260 versa-

593 3289 818 3348 omnino
844 3296 1054 3359 spectat
1080 3295 1188 3341 tota
1220 3302 1283 3341 ea
1306 3286 1602 3356 disputatio
1631 3303 1697 3343 ne
1729 3288 1902 3344 fraudi
1931 3301 2077 3345 esset
2102 3306 2192 3347 se-

595 3381 807 3438 cuturis
835 3379 1134 3434 visionibus
1163 3377 1307 3445 quod
1336 3379 1539 3434 ultimis
1572 3380 1830 3436 Ecclesia:
1860 3384 2197 3454 temporibus

590 3472 716 3529 illas
748 3472 888 3528 Deus
913 3470 1150 3526 revelare
1181 3469 1428 3540 dignatus
1450 3472 1540 3527 sit.
1568 3471 1624 3526 Id
1653 3488 1720 3528 ne
1745 3482 1910 3540 esset,
1941 3475 2043 3531 hoc
2094 3476 2194 3533 sibi

595 3569 935 3645 probandum
966 3568 1215 3640 sumpsit,
1243 3568 1445 3622 ultimis
1474 3570 1730 3625 esseillas
1759 3573 2028 3643 prmcipue
2061 3584 2196 3630 tem-

595 3664 842 3736 poribus,
872 3676 1197 3730 semperque
1234 3664 1301 3715 ad
1329 3664 1853 3720 consummationem
1895 3682 2064 3737 usque
2093 3684 2196 3725 ex-

594 3754 913 3829 pectandus.
958 3754 1213 3808 Poterant
1256 3769 1318 3810 ea
1364 3753 1609 3811 fortassis
1638 3756 1897 3814 adversus
1939 3760 2199 3818 Ethnicos

600 3850 744 3907 dicta
798 3847 965 3904 videri
999 3889 1013 3914 ,
1067 3855 1316 3918 poterant
1341 3848 1502 3902 etiam
1530 3849 1790 3907 adversus
1819 3855 2192 3912 montanistas.

598 3940 795 4001 Contra
838 3940 1191 3997 montanistas
1243 3940 1418 4009 potius
1466 3941 1606 3997 dicta
1654 3944 1978 4001 crediderim
2006 3987 2023 4014 ,
2073 3949 2199 4018 quia

595 4056 717 4113 qua:
746 4040 953 4096 dixerat
979 4080 993 4103 ,
1023 4053 1084 4093 ea
1113 4036 1509 4106 Scripturarum
1545 4039 1851 4096 testimonio
1899 4044 2197 4101 confirma-

598 4134 700 4190 vit.
751 4131 809 4187 id
861 4145 993 4186 sane
1022 4128 1364 4184 manifestum
1384 4131 1471 4186 est
1496 4147 1617 4201 quae
1644 4131 1730 4187 hic
1757 4135 2057 4204 protulerat
2079 4152 2201 4193 esse

600 4223 747 4296 apud
793 4237 921 4277 suos
975 4221 1028 4276 in
1074 4220 1362 4288 confesso,
1414 4222 1555 4293 quod
1585 4239 1617 4279 a
1659 4227 1985 4284 montanista
2037 4230 2199 4287 scribi

605 4318 828 4374 omnino
854 4328 962 4370 non
989 4322 1218 4384 poterat.

681 4410 710 4482 §
741 4405 1141 4465 15.-—Notetur
1162 4407 1305 4462 enim
1336 4408 1581 4477 inprimis
1608 4412 1804 4481 scripta
1833 4426 1956 4470 esse
1976 4414 2044 4471 ab
2071 4428 2200 4470 auc-

608 4515 729 4561 tore
773 4514 915 4554 anno
967 4497 1178 4552 Domini
1215 4513 1338 4561 ccn,
1369 4498 1421 4553 id
1449 4513 1552 4566 εει,
1582 4516 1724 4557 anno
1746 4504 1816 4559 ab
1845 4505 1992 4561 obitu
2037 4507 2203 4563 Maxi-

2297 3286 2461 3357 bitur,
2493 3289 2563 3345 de
2587 3306 2694 3361 quo
2723 3292 3090 3348 testimonium
3122 3308 3311 3350 eorum
3334 3294 3436 3350 erit
3457 3309 3557 3365 pro
3582 3309 3681 3350 suo
3705 3298 3910 3352 saeculo

2298 3383 2688 3441 certissimum.

2375 3474 2403 3548 ς
2436 3475 2707 3533 14.-8εᾶ
2739 3485 2795 3532 ιιι
2815 3477 3061 3542 eo,unde
3080 3477 3319 3550 digressa
3348 3490 3452 3547 est,
3482 3479 3670 3536 redeat
3695 3481 3905 3547 oratio,

2299 3570 2486 3625 eadem
2516 3586 2618 3642 qua
2649 3585 2820 3640 passre
2845 3582 2969 3627 sunt
2992 3572 3258 3642 Perpetua
3275 3581 3329 3627 et
3357 3573 3612 3629 Felicitas
3637 3614 3655 3642 ,
3710 3573 3907 3631 Severi

2300 3664 2700 3733 persecutione,
2743 3665 3106 3721 occurrebant
3154 3674 3210 3721 et
3254 3665 3359 3720 alia
3406 3665 3673 3721 visionum
3713 3680 3903 3722 exem-

2301 3758 2389 3826 pla
2429 3757 2644 3828 (Auctor
2674 3759 2966 3830 incognitus
2995 3760 3117 3815 adv.
3157 3758 3448 3815 Ammonis
3502 3760 3721 3814 heresin
3745 3801 3761 3827 ,
3811 3777 3905 3831 ap.

2305 3848 2520 3917 Euseb.,
2542 3849 2683 3904 Hist.
2707 3852 2856 3915 eecl.,
2891 3867 2944 3915 v,
2971 3849 3087 3919 28).
3122 3850 3329 3906 Natalis
3353 3852 3598 3921 inprimis
3623 3851 3911 3907 confesso-

2300 3942 2377 3997 ris
2405 3941 2492 3996 illa
2521 3942 2623 3997 sub
2643 3958 2870 3998 romano
2901 3943 3155 4012 pontiﬁce
3177 3943 3507 4016 Zephyrino,
3537 3960 3639 4014 qua
3656 3943 3725 4027 ab
3748 3945 3909 4000 Arte.

2301 4033 2476 4090 monis
2509 4035 2704 4090 haeresi
2724 4035 2793 4090 ad
2822 4035 3147 4092 catholicam
3177 4037 3473 4092 Eeelesiam
3504 4047 3791 4093 revocatus
3815 4045 3906 4092 est

2305 4125 2517 4193 (Euseb.
2554 4168 2569 4194 ,
2619 4125 2757 4182 Hist.
2785 4130 2937 4196 εδει,
2967 4144 3043 4194 νι,
3072 4129 3153 4200 5).
3197 4128 3336 4184 Tum
3364 4129 3709 4185 Potamitenae
3736 4129 3858 4184 alite
3886 4169 3907 4199 ,

2303 4220 2499 4293 quibus
2527 4236 2634 4277 non
2664 4221 2926 4278 Basilides
2952 4223 3135 4288 modo,
3170 4224 3267 4278 sed
3304 4234 3357 4278 et
3411 4225 3503 4277 alii
3547 4224 3909 4282 Alexandrini

2304 4314 2488 4384 plures
2513 4314 2580 4369 ad
2613 4314 2771 4370 [idem
2800 4314 3150 4371 ehristianam
3174 4315 3425 4371 conversi
3456 4325 3603 4371 sunt.
3626 4315 3905 4374 Praeterea

2305 4408 2667 4463 revelationes
2687 4408 3032 4479 visionesque
3070 4409 3223 4474 aliae,
3260 4424 3488 4479 quarum
3521 4409 3693 4480 prima
3719 4411 3910 4479 jussus

2305 4506 2391 4554 est
2416 4498 2725 4554 Alexander
2772 4516 2803 4555 e
2853 4497 3194 4570 Cappadocia
3238 4508 3296 4554 ut
3326 4499 3378 4555 in
3411 4499 3756 4557 Palaesunam
3803 4501 3909 4556 mi—

610 4591 779 4653 millac
807 4588 1022 4644 circiter
1048 4604 1216 4649 xxm;
1247 4588 1552 4646 decessisse
1581 4593 1723 4646 enim
1770 4595 1915 4650 illam
1963 4597 2206 4656 diximus
2230 4597 2283 4657 D
2309 4602 2491 4662 grate!
2529 4590 2769 4664 (Ειίδεθη
2793 4593 2887 4661 ξὺσ,
2918 4610 2963 4665 ες
2991 4591 3105 4665 Η),
3146 4593 3380 4650 secunda
3407 4603 3567 4665 atque
3600 4595 3754 4650 lerlia
3783 4610 3910 4652 cum

605 4697 751 4740 anno
776 4679 937 4747 Marci
964 4679 1153 4733 ultimo
1176 4720 1191 4746 ,
1220 4679 1270 4732 id
1295 4689 1398 4745 est,
1438 4681 1589 4736 Dom.
1619 4697 1836 4739 caxxtx.
1867 4688 2029 4757 Atqui
2059 4706 2121 4745 ea
2152 4692 2197 4746 si

606 4790 740 4832 vera
774 4773 960 4828 fuisset
985 4771 1344 4842 prophetissa,
1363 4788 1469 4829 non
1495 4774 1605 4844 jam
1634 4776 1774 4832 altus
1796 4788 1913 4834 erat
1943 4784 2203 4853 propheta

606 4864 995 4937 expectandus.
1029 4864 1129 4931 Qui
1157 4865 1317 4934 igitur
1343 4866 1480 4921 alios
1501 4868 1677 4924 adhuc
1703 4876 2027 4942 expectavit,
2056 4892 2202 4933 sem-

602 4975 701 5032 per
724 4957 1086 5027 espectandos
1115 4957 1462 5027 existimavit,
1490 4960 1604 5016 ﬁeri
1631 4977 1736 5018 non
1769 4975 1945 5033 potest
1977 4978 2033 5023 ut
2058 4970 2202 5027 illam

605 5070 708 5125 pro
748 5069 873 5108 vera
906 5050 1248 5123 prophetissa
1281 5039 1530 5109 hatherit
1554 5096 1570 5121 .
1602 5073 1702 5113 nec
1732 5060 1962 5130 proinde
1987 5074 2198 5120 monta-

605 5148 748 5204 nista
775 5159 898 5200 esse
924 5146 1114 5212 potuit.
1137 5143 1466 5214 Quamquam
1493 5148 1636 5203 enim
1669 5165 1732 5205 ea
1761 5151 1985 5208 haeresis
2015 5165 2202 5225 postea

610 5239 665 5294 in
691 5237 869 5293 varias
897 5234 1094 5292 deinde
1120 5245 1294 5291 sectas
1320 5237 1601 5295 distributa
1630 5240 1823 5307 fuerit;
1849 5244 1901 5298 in
1933 5261 2000 5301 eo
2025 5255 2205 5305 tamen

607 5343 800 5386 omnes
847 5325 1241 5386 conveniebant
1273 5367 1288 5394 ,
1336 5329 1536 5398 primas
1567 5332 1685 5387 illas
1710 5335 2075 5404 mulierculas,
2104 5357 2203 5411 pro

606 5417 964 5491 prophetissis
992 5416 1158 5472 fuisse
1180 5422 1574 5487 agnoscendus.
1597 5423 1823 5479 Notctur
1858 5427 1924 5481 2°
1953 5437 2012 5484 ut
2034 5445 2200 5487 sensu

601 5507 988 5579 benignissimo
1035 5508 1340 5565 Maximillae
1371 5512 1535 5566 verba
1570 5515 2010 5586 interpretemur,
2050 5524 2200 5580 etde

598 5601 919 5661 mulieribus
967 5603 1323 5672 prophetissis
1350 5645 1364 5670 ,
1401 5621 1506 5659 non
1534 5606 1604 5661 de
1632 5608 1763 5664 viris
1804 5613 2087 5683 prephetis
2115 5617 2199 5672 in-

600 5697 909 5765 telligamus
939 5709 956 5748 :
988 5710 1057 5748 ne
1079 5696 1149 5750 ita
1177 5695 1395 5767 quidem
1429 5698 1569 5756 hanc
1584 5702 1953 5771 praefationem
1991 5724 2019 5762 a
2046 5727 2201 5767 mon-

603 5791 799 5853 tanista
836 5784 999 5845 scribi
1039 5786 1301 5859 potuisse.
1339 5791 1624 5865 Perpetua:
1658 5796 1803 5855 enim
1844 5801 2198 5872 prophetissa:

2308 4700 2443 4741 voce
2488 4662 2696 4742 cteleSti
2741 4701 2903 4756 quam
2944 4662 3019 4768 ΒΡ
3046 4662 3130 4741 t'l:
3164 4687 3440 4756 appellant
3466 4662 3678 4751 Judaei,
3712 4685 3910 4757 quibus

2308 4780 2500 4836 moniti
2526 4789 2653 4836 sunt
2677 4796 2798 4837 cum
2827 4780 3098 4853 Episc0po
3114 4796 3215 4836 suo
3228 4779 3729 4853 Hierosolymitani,
3758 4795 3907 4835 eum-

2307 4874 2428 4930 dem
2479 4876 2846 4932 Alexandrum
2888 4884 2946 4930 ut
2993 4875 3045 4928 in
3105 4874 3485 4944 Episcopatnm
3535 4873 3909 4929 admitterent.

2307 4968 2420 5024 Sub
2469 4969 2757 5024 Maximino
2803 4969 2890 5023 vel
2941 4967 3215 5023 Gordiano
3254 4965 3529 5022 Fabianus
3572 4965 3910 5022 revelatione

2303 5059 2494 5116 Divina
2523 5059 2696 5115 factus
2724 5070 2805 5116 est
2838 5059 3136 5130 Episcopus
3165 5055 3381 5126 (Euseb.
3407 5098 3422 5122 ,
3450 5056 3589 5111 Hist.
3621 5055 3743 5110 ecct.
3761 5097 3778 5121 ,
3807 5071 3861 5110 vr
3888 5096 3905 5122 ,

2306 5153 2421 5223 29),
2472 5152 2568 5221 Sp.
2598 5155 2658 5206 S.
2702 5152 2755 5206 in
2789 5151 2939 5206 illum
2971 5192 2988 5218 ,
3034 5149 3300 5205 columbae
3323 5149 3504 5219 specie
3532 5146 3757 5218 delapso
3782 5187 3800 5213 ,
3840 5146 3913 5201 ad

2306 5244 2551 5301 eamdem
2597 5244 2761 5315 plane
2808 5245 3035 5300 formam
3061 5259 3166 5315 qua
3201 5244 3256 5298 in
3287 5239 3622 5299 Salvatorem
3652 5239 3909 5311 delapsus

2306 5336 2503 5393 fuerat.

2384 5430 2412 5502 ς
2442 5431 2603 5487 15.--
2629 5428 2745 5485 Sub
2771 5429 3066 5496 Gordiano,
3091 5428 3173 5486 vel
3198 5428 3372 5498 potius
3404 5428 3634 5484 fortasse
3658 5422 3909 5495 Philippo

2308 5539 2438 5579 suos
2462 5524 2725 5581 adversus
2773 5524 2989 5580 Celsum
3024 5534 3202 5580 tomos
3230 5523 3516 5594 scripsisse
3545 5518 3754 5578 videtur
3781 5518 3908 5573 Ori-

2304 5634 2508 5688 genes;
2560 5633 2661 5675 nec
2707 5621 2851 5674 enim
2893 5620 3079 5680 στάσις
3112 5618 3199 5673 illa
3231 5622 3388 5689 cujus
3414 5614 3660 5673 meminit
3688 5628 3743 5682 p.
3777 5610 3905 5680 120,

2303 5710 2373 5766 ad
2398 5726 2568 5782 remp.
2599 5711 2882 5768 referenda
2911 5719 2995 5767 est
3021 5710 3039 5781 (
3062 5708 3179 5765 Lib.
3201 5727 3280 5780 ut,
3309 5712 3426 5766 adu.
3458 5704 3645 5779 Cels.),
3673 5713 3731 5759 ut
3755 5712 3910 5774 puta-

2307 5806 2383 5861 vit
2434 5805 2701 5880 interpres
2733 5848 2747 5873 ,
2799 5805 2897 5863 sed
2942 5805 3010 5862 ad
3047 5815 3226 5864 sectas
3278 5803 3456 5875 potius
3484 5800 3904 5861 christianorum
