4230 6212
317 318 386 375 17
1439 311 1526 367 DE
1564 300 1948 365 VISIONIBUS
1985 300 2457 365 PROPHETICIS.
3541 298 3609 358 18

315 430 433 489 Jam
483 437 667 488 autem
706 431 881 505 χρόνῳ
932 431 1123 487 πλείονι
1167 427 1599 501 persecutionem
1632 422 1775 493 passi
1808 434 1912 475 non
1939 417 1993 479 Α
2016 419 2125 490 jam
2177 430 2332 477 antea
2383 423 2614 479 futuram
2669 423 3020 483 intellexerat.
3072 427 3139 483 Et
3168 427 3384 498 quidem
3415 427 3504 484 illa
3544 427 3613 483 de

311 534 473 582 erant
515 522 836 585 christiani,
882 537 1042 593 quam
1097 522 1260 575 etiam
1313 522 1471 577 πάλαι
1540 516 1709 571 fuisse
1757 514 1908 569 dicit.

309 616 558 688 Longam
587 616 728 670 illam
760 628 949 684 pacem
976 614 1199 669 omnino
1227 613 1488 668 den0tare
1519 609 1732 665 videtur
1758 607 1913 677 cujus

308 710 559 765 meminit
582 708 888 781 Cyprianus
917 706 1007 779 (de
1026 705 1249 777 Lupa);
1283 703 1624 760 intervallum
1659 702 1910 756 nimirum

307 817 341 858 a
391 801 774 872 persecutione
816 800 1003 855 Severi
1053 799 1119 853 ad
1156 798 1303 853 illam
1346 798 1518 852 Decii.
1567 796 1680 851 Hoc
1728 804 1907 849 autem

305 901 556 964 tempore
583 892 899 963 prophetica
926 890 1066 946 dona
1096 889 1235 959 apud
1268 889 1593 945 christianos
1635 887 1871 959 viguisse
1894 928 1909 952 ,

274 1002 279 1006 ‘
307 987 466 1043 teatis
491 986 608 1054 ipse
633 995 716 1039 est
747 983 818 1039 de
848 998 951 1039 suo
972 992 1215 1052 tempore
1241 982 1346 1037 fide
1371 981 1722 1053 dignissimus
1750 1021 1766 1046 ,
1818 980 1910 1049 qui

306 1089 364 1135 et
435 1093 548 1134 rem
613 1092 831 1132 onmem
901 1076 1343 1146 propheticorum
1400 1075 1665 1130 donorum
1726 1072 1911 1142 paucis

306 1169 558 1226 absolvit.
589 1167 720 1226 Οὔτε
750 1177 851 1225 τῶν
880 1177 971 1229 τῆς
997 1170 1221 1229 πίστεως
1253 1168 1523 1243 ἀλλοτρίων
1550 1165 1909 1242 παραπλήσιόν

305 1291 359 1324 τι
384 1275 491 1327 τοῖς
529 1270 817 1343 προφήταις·
862 1268 1196 1327 πεποιήκασι.
1226 1260 1342 1319 οὔτε
1387 1266 1621 1336 νεώτεροι
1662 1263 1749 1314 καὶ
1779 1261 1911 1331 μετά

305 1367 397 1421 τήν
421 1360 586 1420 ἰησοῦ
617 1358 886 1433 ἐπιδημίαν
922 1359 1219 1432 ἱστόρηνται
1261 1361 1312 1412 ἐν
1336 1356 1595 1417 Ἰουδαίοις
1622 1358 1753 1416 τινὲς
1781 1376 1908 1431 προ-

308 1455 675 1529 φητεύσαντες.
705 1455 764 1508 τὸ
804 1454 903 1529 γὰρ
932 1450 1072 1525 ἅγιον
1098 1456 1305 1522 πνεῦμα
1345 1450 1664 1523 ὡμολόγηται
1691 1451 1910 1509 ἑκεινους

307 1549 722 1605 καταλελοιπέναι
762 1546 1122 1605 ἀσεϐήσαντας
1154 1547 1225 1605 εἰς
1267 1547 1354 1600 τὸν
1390 1546 1516 1609 θεὸν,
1550 1546 1637 1596 καὶ
1664 1544 1750 1598 τὸν
1781 1562 1909 1616 προς

306 1646 609 1718 φυτευθέντα
656 1641 762 1695 ὑπὸ
806 1647 909 1695 τῶν
945 1639 1070 1714 παρ’
1095 1640 1269 1699 αὐτοῖς
1296 1642 1565 1713 προφητῶν
1600 1634 1616 1705 (
1648 1631 1764 1688 Lib.
1811 1648 1907 1697 vn,

303 1754 360 1807 ρ.
392 1734 525 1808 557)
562 1734 703 1789 Idem
739 1748 904 1803 supra
926 1731 993 1786 de
1021 1731 1226 1786 Iudaeis
1254 1729 1498 1785 Justinus
1526 1738 1746 1798 martyr.
1781 1727 1910 1782 Per-

2018 515 2384 571 unanimitatis
2409 516 2621 572 defectu
2650 517 2772 574 talis
2797 528 2913 574 erat
2932 521 3145 589 qualem
3170 521 3508 591 descripsitA
3520 534 3615 590 po-

2016 608 2207 673 stolus,
2232 626 2333 680 qua
2384 612 2497 682 ipsa
2545 627 2758 683 quoque
2785 613 3027 669 cordium
3064 617 3271 671 occulta
3328 614 3609 671 manifesta

2015 702 2391 759 redderentur.
2422 706 2546 760 Erat
2580 715 2635 761 et
2681 706 2782 761 alia
2828 709 3086 762 revelatio
3133 724 3293 779 quam
3348 708 3413 763 ad
3444 708 3610 762 inini-

2016 809 2161 849 mum
2210 795 2465 851 famulum
2500 797 2581 868 (se
2623 813 2685 853 ea
2717 799 3064 868 proculdubio
3119 815 3254 855 voce
3307 800 3611 872 denotarat)

2016 886 2322 941 mandatam
2369 889 2463 953 ait,
2497 889 2584 944 die
2627 890 2723 954 illi,
2753 891 2943 960 inquit,
2989 880 3210 947 securus
3238 893 3328 958 sit,
3353 893 3475 963 quia
3508 906 3609 961 pax

2016 987 2239 1034 ventura
2271 989 2372 1035 est.
2403 980 2518 1036 .lam
2542 981 2700 1052 longe
2729 982 2955 1038 aberant
2994 998 3021 1036 a
3056 985 3200 1054 pacis
3247 999 3343 1055 spe
3371 1000 3491 1040 cum
3524 984 3610 1038 illa

2015 1072 2276 1128 scriberet
2301 1071 2619 1145 Cyprianus.
2645 1074 2756 1132 Nec
2786 1087 2961 1132 tamen
2991 1077 3430 1134 dissimulandum
3457 1093 3614 1148 prop-

2018 1176 2166 1221 terea
2219 1167 2477 1233 credidit,
2528 1170 2656 1237 qttiu
2691 1170 2868 1238 potius
2914 1171 3082 1239 ipsam
3138 1169 3276 1225 hanc
3324 1170 3607 1240 epistolam

2017 1260 2179 1315 fuisse
2208 1259 2461 1316 fratribus
2481 1262 2782 1332 legendam.
2803 1262 2879 1318 Ita
2902 1274 3106 1319 certum
3131 1263 3198 1318 de
3225 1275 3421 1319 eventu
3447 1263 3613 1318 fuisse

2014 1362 2247 1418 constat,
2284 1351 2396 1407 fore
2426 1354 2774 1409 nihilominus
2802 1354 2943 1426 quod
2975 1357 3298 1425 promissum
3326 1365 3462 1411 erat.

2086 1444 2213 1500 Orta
2237 1446 2608 1515 persecutione
2632 1449 2876 1503 secessit.
2894 1448 2949 1503 Id
2970 1464 3183 1520 quoque
3216 1460 3272 1505 nt
3300 1450 3607 1521 Dionysium

2016 1536 2206 1593 fecisse
2236 1539 2589 1603 ostendimus,
2618 1541 2697 1596 sic
2742 1542 2849 1594 Deo
2897 1542 3098 1611 pariter
3144 1552 3367 1598 auctore
3397 1552 3612 1597 conStat

2014 1630 2206 1686 fecisse
2221 1630 2568 1703 Cyprianum.
2585 1652 2603 1685 ε
2620 1634 2679 1688 Ει
2706 1632 2955 1702 audietis,
2977 1636 3169 1706 inquit,
3190 1634 3612 1705 omnia,qnando

2012 1722 2079 1777 ad
2108 1738 2202 1778 vos
2245 1725 2497 1779 reducem
2532 1741 2619 1781 tne
2652 1727 2906 1781 Dominus
2938 1726 3144 1792 fecerit,
3174 1730 3262 1799 qui
3294 1738 3351 1781 ut
3378 1727 3604 1783 secede-

301 1805 378 1899 git
407 1805 585 1882 antirm
617 1825 878 1895 Origenes
908 1842 922 1879 :
953 1834 1141 1896 Σημεῖα
1168 1822 1221 1880 δὲ
1269 1830 1363 1880 τοῦ
1414 1823 1559 1897 ἁγίου
1611 1825 1902 1896 πνεύματος

2015 1831 2119 1871 rem
2146 1816 2305 1886 jussit
2332 1815 2458 1891 (Ep.
2494 1819 2571 1887 χ).
2618 1836 2639 1870 ι
2688 1817 2833 1873 Idem
2882 1821 2933 1873 in
2981 1835 3068 1888 ep.
3097 1836 3186 1886 xv,
3238 1820 3525 1889 multisque
3557 1818 3609 1872 in

301 1922 418 1978 κατ’
454 1923 633 2000 ἀρχὰς
677 1924 767 1993 μὲν
812 1928 905 1980 τῆς
929 1916 1095 1978 Ἰησοῦ
1147 1915 1502 1978 διδασκαλίας.
1537 1917 1669 1987 μετὰ
1716 1913 1770 1969 δέ
1818 1920 1908 1974 τήν

301 2014 551 2086 ἀνάληψιν
580 2016 740 2069 αὐτοῦ
762 2012 969 2067 πλείονα
998 2009 1272 2071 ἐδεικνυτο,
1320 2008 1535 2084 ὕστερον
1563 2005 1616 2061 δέ
1635 2008 1903 2063 λάττοντα.

302 2108 433 2166 πλὴν
459 2111 547 2161 καί
566 2112 655 2160 νῦν
681 2105 755 2161 ἔτι
779 2103 905 2177 ἴχνη
934 2106 1075 2160 ἐστιν
1105 2107 1267 2159 αὐτοῦ
1292 2104 1416 2180 παρ’
1446 2103 1652 2175 ὀλίγοις,
1684 2104 1777 2162 τὰς
1806 2102 1907 2174 ψυ-

302 2203 414 2273 χὰς
432 2207 506 2272 τῷ
532 2198 662 2274 λόγῳ
682 2201 767 2252 καὶ
791 2205 905 2257 ταῖς
934 2196 1047 2252 κατ’
1066 2198 1220 2252 αὐτὸν
1246 2197 1467 2272 πράξεσι
1492 2196 1903 2270 κεκαθαρμένοις.

302 2290 454 2359 Quod
486 2303 587 2344 suo
617 2299 862 2358 tempore
891 2286 1116 2357 vestigia
1148 2286 1412 2340 duntaxat
1437 2298 1723 2353 supereSse
1736 2284 1901 2351 dicat,

303 2386 369 2441 ad
414 2385 582 2455 prima
633 2383 718 2438 illa
742 2382 1022 2438 christiani
1072 2380 1251 2437 cultus
1276 2378 1567 2449 primordia
1616 2378 1667 2432 in
1710 2386 1906 2448 pente-

303 2487 449 2534 coste
478 2474 832 2547 proculdubio
882 2473 1141 2543 respexit,
1166 2480 1330 2542 utque
1358 2471 1527 2525 voluit
1568 2485 1690 2526 cum
1730 2468 1905 2525 chris-

303 2569 573 2624 tiauorum
620 2567 881 2637 cujusque
923 2565 1127 2621 ordinis
1175 2564 1483 2620 communia
1529 2563 1657 2617 olim
1709 2562 1908 2618 fuerint

303 2661 410 2716 sub
435 2658 697 2731 apostolis
752 2657 887 2713 dona
916 2656 1050 2724 haec,
1087 2672 1207 2729 qua:
1233 2658 1497 2724 diximus,
1552 2654 1865 2727 prephetica
1886 2698 1901 2721 ,

300 2754 413 2826 jam
442 2754 729 2809 illustrium
768 2751 1026 2807 duntaxat
1060 2750 1327 2822 primique
1371 2749 1546 2804 meriti
1576 2749 1902 2804 christiano-

304 2862 425 2902 rum
458 2845 598 2900 facta
627 2859 747 2901 esse
774 2844 1004 2915 propria.

384 2937 413 3009 §
440 2936 524 2992 16.
535 2966 602 2978 —
613 2936 903 3008 Benignum
917 2936 1002 2991 hic
1017 2936 1285 3006 praeberet
1302 2944 1672 3005 argumentum
1692 2935 1775 2990 vel
1797 2948 1902 2989 una

302 3029 399 3085 illa
442 3027 682 3095 Gregorii
711 3027 1094 3099 Thaumaturgi
1116 3071 1131 3093 ,
1164 3028 1407 3098 Origeuis
1438 3026 1706 3097 discipuli,
1742 3026 1846 3082 vita
1870 3040 1899 3080 a

298 3118 546 3193 Nysseno
566 3119 869 3190 conscripta
891 3136 907 3176 :
931 3120 985 3173 ni
1008 3119 1058 3173 id
1090 3130 1382 3174 metuerem
1405 3133 1474 3173 ne
1500 3119 1747 3174 certioris
1776 3116 1899 3173 fidei

2013 1908 2253 1980 ejusdem
2299 1911 2405 1964 vita
2461 1910 2704 1967 Pontius.
2750 1912 2937 1983 Lap~is
2963 1928 3254 1983 pacem,eo
3283 1913 3607 1978 inconsulto,

2015 2010 2219 2058 temere
2247 2016 2628 2059 concesserant
2687 2004 3007 2076 presbyteri.
3040 2005 3113 2059 De
3164 2020 3230 2060 eo
3270 2006 3453 2067 etiam,
3483 2005 3610 2076 quid

2013 2095 2232 2161 faceret,
2284 2096 2449 2151 Deum
2498 2097 2678 2151 habuit
2731 2098 3052 2152 monitorem
3086 2115 3099 2154 :
3138 2116 3156 2149 ι
3188 2096 3463 2167 Castigare
3510 2111 3612 2151 nos

2013 2188 2191 2259 itaque
2208 2187 2383 2243 divina
2400 2203 2627 2244 censura
2642 2205 2743 2245 nec
2765 2190 3012 2246 noctibus
3029 2193 3245 2256 desinit,
3270 2206 3369 2249 nec
3395 2190 3605 2246 diebus.

2015 2281 2218 2337 Pro-ter
2274 2292 2566 2338 nocturnas
2609 2283 2752 2337 enim
2801 2285 3060 2350 visiones,
3112 2301 3208 2356 per
3253 2284 3368 2340 dies
3396 2298 3613 2353 quoque

2017 2375 2270 2445 impletur
2296 2377 2438 2447 apud
2467 2392 2564 2432 nos
2586 2379 2788 2446 Spiritu
2818 2388 3002 2434 sancto
3031 2394 3316 2448 puerorum
3350 2378 3611 2432 innocens

2014 2476 2163 2535 artas,
2191 2484 2313 2539 qua:
2340 2471 2392 2523 in
2411 2470 2585 2523 extasi
2618 2469 2760 2524 videt
2785 2470 2978 2537 oculis,
3010 2480 3065 2526 et
3090 2470 3257 2535 audit,
3291 2480 3347 2525 et
3375 2469 3614 2541 loquitur

2010 2563 2208 2632 quibus
2241 2577 2340 2617 nos
2367 2563 2629 2617 Dominus
2658 2579 2879 2618 monere
2906 2573 2960 2620 et
3006 2565 3271 2620 instruere
3297 2565 3601 2635 dignatur.»

2009 2657 2256 2727 Quinque
2306 2657 2604 2729 presbyteri
2633 2658 2908 2727 lapsorum
2956 2659 3199 2727 patroni,
3227 2675 3361 2730 quas
3394 2658 3470 2713 illi
3495 2642 3623 2714 tur;

2013 2752 2114 2807 bas
2159 2751 2430 2817 dederint,
2457 2751 2658 2822 ubique
2687 2762 2897 2808 constat
2953 2767 3018 2808 ex
3049 2753 3290 2822 ejusdem
3340 2752 3606 2817 epistolis.

2009 2842 2066 2899 ld
2097 2845 2258 2900 etiam
2285 2845 2334 2900 ei
2378 2860 2407 2899 a
2440 2844 2665 2899 Domino
2708 2846 2912 2901 caelesti
2959 2846 3166 2900 visione
3211 2854 3368 2900 antea
3397 2844 3606 2900 revela-

2013 2946 2124 2992 tum
2157 2945 2260 2993 est.
2302 2956 2320 2988 t
2356 2937 2702 3003 Persecutio,
2745 2938 2937 3008 inquit,
2971 2948 3055 2993 est
3087 2940 3201 2994 haec
3249 2940 3372 3000 alia.
3406 2946 3462 2992 et
3501 2937 3606 2992 alia

2008 3030 2233 3086 tentatio
2259 3047 2274 3097 ;
2304 3040 2359 3085 et
2388 3031 2623 3100 quinque
2674 3030 2757 3086 isti
2809 3031 3106 3103 presbyteri
3141 3031 3271 3085 nihil
3305 3030 3448 3086 aliud
3481 3040 3613 3085 sunt

2008 3137 2169 3192 quam
2215 3123 2451 3193 quinque
2508 3128 2770 3192 primores
2818 3124 2918 3186 illi,
2951 3125 3040 3193 qui
3072 3124 3251 3178 edicm
3279 3139 3450 3192 nuper
3493 3138 3607 3178 ma-

296 3217 665 3272 monnmentis
712 3215 872 3272 ﬁdem
926 3215 1288 3284 delraberem,
1312 3217 1356 3271 si
1402 3217 1686 3273 incertiora
1734 3217 1895 3273 etiam
1925 3216 1971 3279 C
2002 3216 2316 3286 gistt-atibus
2339 3214 2552 3271 fuerant
2579 3215 2812 3284 capulati
2840 3214 2968 3287 (Ep.
3000 3215 3112 3288 η).
3166 3235 3184 3268 ι
3222 3217 3296 3270 Ita
3346 3214 3609 3271 intellexit

296 3323 698 3364 coacervarem.
730 3307 917 3364 Hausit
939 3309 1028 3363 illa
1053 3308 1327 3380 Nyssenus
1356 3325 1458 3364 non
1499 3326 1531 3366 e
1559 3311 1756 3367 comvis
1783 3326 1900 3365 mo-

296 3402 599 3468 numentis,
654 3401 750 3455 sed
803 3416 931 3457 vero
964 3415 1029 3456 ex
1077 3402 1209 3456 orali
1248 3402 1565 3473 plerumque
1593 3403 1898 3469 traditione,

294 3509 409 3550 nec
432 3495 518 3549 illa
552 3494 772 3565 propius
813 3511 970 3564 quam
999 3510 1064 3550 ex
1096 3495 1270 3563 unius,
1298 3495 1364 3550 ad
1393 3497 1698 3562 minimum,
1731 3497 1903 3550 :etatis

292 3587 596 3642 intervallo
619 3586 866 3641 deducta.
902 3586 972 3641 Ea
999 3588 1043 3642 si
1070 3602 1250 3642 coram
1289 3588 1619 3657 accepisset,
1655 3603 1753 3642 nec
1779 3602 1894 3642 rem

292 3687 511 3750 gestam
533 3680 689 3733 aliter
708 3693 866 3747 quam
894 3686 1042 3747 gesta
1068 3689 1171 3745 est,
1206 3679 1497 3751 ratiociniis
1523 3680 1772 3734 nimirum
1794 3680 1906 3734 suis

291 3772 736 3842 conjecturisque
760 3779 990 3835 auctam,
1015 3773 1245 3842 posteris
1291 3779 1733 3842 repraesentaSset
1751 3812 1766 3836 ,
1799 3786 1904 3825 non

291 3864 548 3920 viderem
563 3878 695 3919 sane
714 3878 811 3919 cur
828 3863 1088 3936 Nysseno,
1104 3881 1199 3920 cur
1211 3864 1384 3920 cuivis
1400 3864 1635 3934 probata:
1654 3864 1774 3918 ﬁdei
1790 3864 1907 3919 viro

287 3970 564 4012 assensus
606 3964 748 4011 esset
798 3956 1164 4027 denegandus.
1212 3956 1360 4010 Talia
1392 3969 1515 4010 sunt
1558 3968 1735 4011 autem
1788 3971 1908 4027 qua:

284 4050 579 4107 hactenus
608 4050 939 4120 protulimus,
968 4065 1196 4120 qumque
1247 4051 1501 4120 deinceps
1552 4048 1904 4118 proferemus.

376 4141 415 4215 ᾖ
451 4141 538 4197 17.
561 4171 632 4182 -—
654 4142 826 4208 Quare
879 4142 1126 4212 suppleat
1148 4142 1263 4213 ejus
1299 4141 1476 4198 locum
1503 4141 1639 4195 alius
1667 4143 1783 4211 ejus
1809 4143 1908 4198 sub

279 4235 540 4305 Origene
591 4235 1009 4306 condiscipulus,
1052 4236 1336 4307 Dionysius
1366 4234 1786 4290 Alexandrinus.
1814 4235 1910 4292 Hic

278 4329 401 4385 sub
431 4327 598 4384 finem
632 4328 886 4401 Philippi,
911 4329 1193 4399 ingruente
1238 4328 1604 4393 Alexandriae,
1636 4328 1814 4398 papuli
1854 4328 1907 4384 in

274 4422 637 4479 christianos
688 4420 996 4477 ferocientis
1046 4422 1268 4491 impetu,
1305 4423 1697 4491 persecutione,
1726 4422 1909 4479 divino

273 4516 516 4573 monitu
564 4515 750 4586 fugere
789 4515 971 4586 jussus
1019 4525 1121 4580 est,
1151 4517 1236 4571 cui
1281 4526 1334 4571 et
1364 4514 1502 4587 fugae
1528 4515 1668 4571 viam
1716 4525 1910 4586 praeter

2010 3319 2282 3378 recteque,
2342 3315 2399 3361 ut
2436 3306 2666 3374 videtur,
2696 3306 2971 3362 Pamelius
3022 3326 3035 3362 :
3075 3326 3093 3358 ι
3132 3307 3352 3363 Videtur
3374 3307 3504 3362 tnihi
3531 3307 3610 3361 al-

2009 3398 2195 3454 ludere
2238 3398 2304 3453 ad
2365 3399 2627 3455 visionem
2677 3399 2982 3469 quampiam
3039 3400 3091 3452 in
3142 3414 3246 3469 qua
3296 3398 3612 3469 apparuisse

2014 3495 2260 3550 videntur
2289 3510 2409 3550 cum
2460 3494 2863 3565 magistratibus
2902 3495 3137 3564 quinque
3200 3493 3484 3562 primores,
3518 3494 3610 3562 qui

2010 3589 2243 3646 edicwm
2267 3599 2455 3645 contra
2485 3590 2766 3660 episcopos
2796 3604 2898 3644 una
2932 3590 3286 3659 publicarent.
3322 3608 3343 3642 ι

2089 3679 2117 3752 §
2148 3682 2323 3735 l9.——
2352 3680 2655 3737 Secundam
2684 3680 2832 3735 illam
2860 3681 2941 3736 sui
2976 3681 3232 3751 temporis
3253 3682 3353 3735 sub
3374 3679 3528 3737 Gallo
3553 3692 3610 3736 et

2012 3772 2309 3828 Volusiano
2356 3772 2789 3844 persecutionem
2815 3772 2928 3844 jam
2977 3786 3133 3828 antea
3187 3789 3251 3829 ex
3279 3774 3608 3830 revelatione

2013 3864 2193 3919 divina
2223 3864 2544 3929 didicerant,
2573 3864 2749 3936 deque
2798 3882 2859 3921 ea
2890 3866 3143 3936 populum
3186 3866 3380 3921 litteris
3419 3866 3611 3921 etiam-

2015 3975 2141 4015 nttm
2191 3958 2504 4014 extantibus
2574 3959 2901 4015 monendum
2956 3960 3357 4015 existimarunt.
3410 3960 3485 4013 Ita
3544 3956 3611 4012 ad

2016 4052 2228 4122 plebem
2273 4051 2678 4107 Tbibaritanam
2729 4050 3027 4123 Cyprianus
3077 4068 3089 4103 :
3127 4070 3147 4102 ι
3180 4050 3312 4105 Nam
3344 4065 3464 4104 cum
3503 4050 3611 4104 Do-

2014 4144 2147 4197 mini
2196 4143 2514 4198 instruentis
2540 4142 2851 4214 dignatione
2891 4141 3209 4213 instigetnur
3244 4144 3466 4213 saepius,
3491 4157 3611 4196 am-

2013 4236 2156 4306 plius
2183 4244 2237 4290 et
2263 4236 2672 4301 admoneamur,
2710 4234 2779 4290 ad
2804 4243 3038 4290 vestram
3080 4251 3294 4306 quoque
3324 4237 3613 4291 conscien-

2015 4330 2143 4384 tiam
2195 4329 2581 4385 admonitionis
2635 4339 2835 4385 nostrae
2884 4329 3300 4385 Sollicitudinem
3367 4329 3612 4401 perferre

2013 4421 2293 4477 debemus.
2321 4421 2474 4477 Scire
2497 4421 2641 4477 enim
2669 4421 2876 4477 debetis
2917 4431 2970 4478 et
2994 4437 3091 4493 pro
3120 4430 3270 4479 cet-to
3299 4422 3524 4479 credere
3547 4438 3612 4478 ac

2015 4523 2223 4583 tenere,
2243 4529 2527 4585 prazssurae
2552 4514 2694 4572 diem
2722 4531 2884 4588 super
2902 4525 3064 4588 caput
3084 4532 3203 4573 esse
3230 4518 3461 4588 coepisse
3480 4517 3609 4591 (Ep.

270 4609 618 4681 opinionem
647 4610 876 4679 aperuit.
905 4608 981 4663 lta
1010 4609 1078 4666 de
1111 4626 1170 4665 se
1224 4611 1336 4681 ipse
1362 4611 1415 4665 in
1447 4626 1539 4666 sua
1570 4613 1636 4667 ad
1687 4612 1909 4667 Germa—
1930 4610 1986 4672 D
2014 4606 2141 4677 LVI),
2161 4607 2534 4673 etcaDeinde,
2565 4609 2748 4680 paucis
2782 4609 3110 4679 interpositis
3140 4627 3154 4664 :
3184 4629 3203 4662 ι
3228 4609 3337 4665 Nec
3365 4620 3613 4681 putemus

268 4718 423 4760 num
455 4703 688 4773 epistola
713 4719 729 4756 :
753 4706 1084 4766 κελεύσαντός
1104 4726 1190 4777 μοι
1204 4714 1520 4779 μεταστῆναι
1544 4713 1637 4762 τοῦ
1656 4712 1806 4771 Θεοῦ,
1830 4708 1917 4762 καί

265 4799 619 4880 παραδόξως
648 4797 1089 4867 ὁδοποιήσαντος,
1132 4807 1235 4854 etc.
1284 4800 1462 4868 (Apud
1506 4798 1718 4868 Euseb.,
1770 4798 1911 4854 Hist.

265 4895 516 4961 eadem,
545 4907 623 4959 γι,
668 4892 788 4965 40).
825 4893 951 4949 Hac
992 4908 1119 4947 vera
1161 4906 1299 4954 esse,
1360 4893 1526 4948 Deum
1594 4894 1766 4963 ipsum
1803 4903 1912 4948 tes-

264 4999 387 5048 tem
442 4988 738 5061 appellat:
780 4992 880 5063 ἐγὼ
925 4989 980 5046 δὲ
1012 4994 1097 5045 καὶ
1141 4992 1348 5045 ἐνώπιον
1375 4997 1469 5047 τοῦ
1497 4993 1630 5055 θεοῦ,
1645 4991 1798 5057 λαλῶ,
1829 4992 1917 5044 καὶ

264 5087 449 5147 αὐτὸς
505 5078 645 5139 οἶδεν
682 5080 762 5138 ὅτι
795 5084 856 5138 οὐ
903 5081 1158 5156 ψεύδομαι
1184 5099 1196 5111 ·
1263 5080 1378 5137 οὐδὲ
1425 5085 1544 5155 μίαν
1584 5081 1665 5138 ἐπ’
1691 5086 1917 5155 ἐμαυτοῦ

261 5178 642 5255 βαλλὸμινος.
672 5179 805 5232 ἆθεεί
843 5181 1125 5250 πεποίημαι
1168 5183 1258 5236 τὴν
1283 5182 1460 5251 φυγήν.
1487 5175 1623 5242 Quid
1647 5176 1732 5230 hic
1758 5174 1919 5230 facie-

258 5284 418 5329 mus
440 5268 474 5323 ?
499 5267 636 5323 Viro
660 5269 1000 5329 sanctissimo
1046 5284 1115 5325 ne
1143 5270 1323 5338 jurato
1343 5268 1557 5340 quidem
1591 5266 1919 5323 credemus?

344 5361 383 5434 ς
410 5359 530 5419 18.
554 5387 624 5399 -
646 5358 727 5416 Ad
752 5360 865 5432 ipsa
883 5361 995 5431 jam
1026 5359 1282 5432 Cypriani
1313 5369 1553 5430 tempora
1577 5360 1913 5424 devenimus,

258 5456 449 5532 cuius
477 5453 540 5512 si
578 5453 738 5508 unius
778 5454 1080 5511 testimonia
1121 5455 1486 5519 consulamus,
1516 5468 1617 5509 nec
1640 5452 1743 5508 erit
1786 5466 1918 5508 sane

257 5550 433 5629 quod
463 5546 821 5617 dubitemus,
850 5548 1015 5605 fuisse
1041 5547 1275 5603 visiones
1302 5547 1540 5618 aliasque
1579 5545 1911 5618 prophetias,

256 5661 381 5707 nec
416 5642 623 5701 fuisse
643 5639 807 5696 etiam
836 5641 956 5696 illas
975 5640 1368 5697 veracissimas.
1402 5638 1461 5694 ln
1490 5639 1590 5695 bac
1616 5638 1729 5710 ipsa
1752 5652 1912 5709 quam

259 5748 621 5806 maqu
641 5735 869 5808 epistola
915 5736 1159 5805 meminit
1184 5733 1407 5791 visionis
1436 5733 1584 5805 prius
1624 5733 1784 5803 longe
1821 5746 1915 5788 os-

254 5856 461 5907 ωηςω
486 5843 679 5909 quam
708 5839 999 5906 tempestas
1024 5829 1286 5885 vastitatis
1307 5829 1450 5885 illius
1475 5827 1729 5896 oriretur,
1755 5840 1917 5897 quam

2017 4700 2144 4755 talia
2168 4715 2289 4756 esse
2306 4716 2425 4771 quae
2454 4702 2700 4764 veniunt,
2721 4702 2895 4771 qualia
2928 4701 3143 4757 fuerunt
3167 4703 3253 4757 illa
3284 4718 3404 4771 qua:
3437 4714 3612 4757 trans-

2017 4793 2213 4847 ierunt.
2267 4791 2491 4849 Gravior
2538 4808 2679 4847 nunc
2705 4802 2759 4848 et
2810 4792 3039 4847 ferocior
3089 4808 3261 4862 pugna
3311 4792 3608 4857 imminet,»

2017 4898 2123 4944 etc.
2144 4887 2352 4942 Rursus
2369 4886 2508 4941 idem
2524 4902 2643 4941 eum
2660 4885 2865 4957 synodo
2877 4884 3174 4957 Cyprianus
3186 4886 3251 4940 ad
3266 4886 3573 4940 Cornelium
3596 4901 3611 4938 :

2024 4998 2043 5032 ι
2080 4977 2184 5034 Sed
2216 4978 2359 5033 enim
2386 4992 2508 5032 cum
2535 4977 2810 5031 videamus
2848 4977 2989 5031 diem
3039 4992 3225 5031 rursus
3274 4977 3498 5032 alterius
3528 4978 3614 5032 iu-

2019 5071 2324 5128 festationis
2364 5069 2794 5141 appmpinquare
2840 5070 3091 5140 cmpisse,
3118 5078 3175 5125 et
3214 5070 3419 5125 crebris
3446 5078 3613 5139 atque

2021 5163 2252 5219 assiduis
2283 5161 2687 5218 ostensionibus
2716 5163 3129 5228 admoneamur,
3160 5170 3218 5216 ut
3246 5162 3312 5216 ad
3340 5169 3617 5216 certamen

2017 5257 2160 5328 quod
2184 5256 2337 5312 nobis
2370 5254 2539 5310 hostis
2557 5253 2765 5323 indicit,
2795 5256 2988 5311 armati
3013 5266 3068 5311 et
3090 5246 3257 5327 parati
3280 5255 3470 5317 simus,
3503 5253 3617 5323 ple-

2020 5349 2143 5407 bem
2167 5350 2328 5404 etiam
2353 5348 2509 5403 nobis
2525 5348 2596 5404 de
2612 5348 2789 5404 divina
2814 5349 3124 5421 dignatione
3137 5349 3501 5417 commissam,
3522 5363 3619 5404 ex-

2022 5442 2417 5499 hortationibus
2449 5443 2652 5498 nostris
2677 5453 3072 5515 paremus,etc.
3106 5442 3229 5513 (Ep.
3263 5440 3429 5513 ιιν).›
3463 5442 3620 5499 Post-

2023 5551 2086 5593 ea
2107 5554 2119 5590 :
2146 5535 2667 5609 «Obtemperandum
2684 5544 2770 5593 est
2790 5552 3024 5608 namque
3036 5535 3434 5591 ostensionibus
3456 5544 3621 5604 atque

2022 5631 2477 5690 admonitionibus
2522 5632 2703 5703 iustis,
2734 5640 2794 5686 ut
2837 5650 2869 5688 a
2900 5629 3207 5700 pastoribus
3238 5643 3368 5685 oves
3397 5628 3450 5682 in
3483 5630 3621 5696 peri-

2025 5726 2147 5784 culo
2177 5741 2283 5783 non
2310 5727 2656 5792 deserantur,
2684 5736 2790 5782 etc.
2829 5744 2849 5778 ι
2886 5722 3097 5777 Rursus
3127 5739 3140 5775 :
3179 5719 3427 5778 «Placuit
3451 5715 3630 5779 nobis,

2026 5822 2233 5897 Spiritu
2286 5831 2473 5882 sancto
2518 5828 2851 5891 suggerente
2902 5822 2959 5873 et
2986 5815 3223 5875 Domino
3276 5825 3373 5891 per
3402 5808 3640 5865 visiones
