4158 6260
213 331 285 388 21

1393 338 1483 398 DE
1523 336 1910 400 VISIONIBUS
1947 337 2419 407 PROPHETICIS.
3484 361 3554 417 22

214 451 386 519 velis,
409 451 602 523 passis
632 452 861 509 fortasse
888 455 1122 524 capillis,
1151 455 1218 512 ad
1250 456 1467 514 modum
1495 456 1845 530 Sibyllarum,
1877 459 1926 522 Α
1955 459 2082 516 dum
2110 465 2472 535 suspicionem
2491 468 2700 533 attinet,
2720 470 3048 530 alienissima
3062 484 3179 531 erat
3203 483 3334 532 aetas
3358 489 3553 547 puero-

218 548 664 621 prophetarent.
693 546 805 604 Nec
831 548 993 604 aliter
1014 549 1232 622 Agabns
1285 552 1477 607 famem
1507 551 1654 606 illam
1702 566 1852 607 mcu-

219 642 515 698 menicam
548 640 821 712 prmdixit,
853 658 974 712 quae
1006 643 1302 715 imperante
1331 643 1557 702 Claudio
1583 644 1844 716 contigit;

219 756 339 812 qua
372 753 565 795 tamen
595 739 953 810 pra‘dictione
994 741 1181 798 moniti
1218 742 1396 797 statim
1431 750 1718 812 antequam
1772 738 1850 794 fa-

223 848 351 888 mes
387 832 508 902 ipsa
563 833 866 898 evenisset,
917 833 1174 890 subsidiis
1200 835 1526 903 pecuniariis
1564 833 1850 888 subvenie-

227 924 391 986 bant,
426 923 495 978 ad
527 923 774 980 eamdem
808 924 968 994 plane
996 924 1220 979 formam
1248 941 1352 996 qua
1375 925 1704 998 Cyprianum
1732 924 1848 994 jam

225 1018 481 1072 vidimus
527 1018 892 1088 persecutioni
943 1019 1194 1074 similiter
1241 1019 1510 1088 praedicta:
1554 1020 1848 1074 etiamnum

227 1111 436 1165 futura
457 1119 811 1166 occurentem
845 1110 985 1179 (Act.
1018 1127 1095 1177 χι,
1121 1111 1210 1176 28,
1235 1111 1327 1176 29,
1363 1112 1478 1184 50).
1502 1111 1666 1168 Erant
1703 1112 1846 1168 enim

228 1203 479 1276 publica:
518 1216 575 1258 ut
621 1205 911 1275 plurimum
958 1204 1293 1261 calamitates
1343 1207 1741 1276 prophetiarum
1773 1208 1844 1262 is-

232 1299 502 1353 tiusmodi
550 1308 947 1369 argumentum,
1013 1299 1099 1354 vel
1130 1314 1483 1370 personarum
1525 1300 1712 1357 saltem
1746 1315 1846 1370 pu-

230 1390 531 1450 blicarum.
557 1390 667 1446 Ista
699 1392 754 1448 S.
789 1391 934 1446 Pauli
961 1391 1171 1448 vincula
1202 1392 1844 1464 prazdixitAgabus,Act.

231 1501 349 1549 xxI,
395 1485 492 1549 10,
548 1485 638 1540 fl.
662 1484 1030 1540 Prwdixerunt
1057 1496 1110 1540 et
1132 1484 1220 1540 alii
1248 1485 1519 1555 discipuli,
1551 1502 1602 1540 ν.
1623 1488 1677 1550 oi;
1705 1501 1844 1556 pra:-

233 1578 376 1633 dilil
424 1585 638 1652 πνεῦμα
697 1582 831 1635 κατὰ
881 1580 1044 1642 πόλιν,
1105 1594 1222 1648 cap.
1269 1595 1337 1633 xx
1367 1621 1381 1641 ,
1415 1577 1507 1644 25,
1562 1579 1615 1636 id
1660 1589 1763 1643 est,
1791 1588 1848 1634 ut

238 1684 340 1740 ego
401 1671 656 1736 arbitror,
700 1675 1038 1746 πνευματικοὶ
1085 1670 1418 1740 singularum
1468 1670 1844 1737 ecclesiarum,

241 1777 366 1830 qua
391 1777 456 1817 ea
498 1762 662 1817 etiam
710 1773 868 1818 mtute
914 1761 1207 1818 secundum
1253 1762 1497 1817 civitates
1546 1761 1845 1818 distributae

1955 571 2092 622 rum,
2124 573 2257 628 quos
2286 560 2536 633 Cypriani
2561 565 2761 620 saeculo
2784 568 3135 637 prophetasse
3153 571 3264 639 jam
3296 570 3548 628 vidimus.

2027 649 2055 722 ς
2088 651 2253 708 25-
2278 655 2486 712 Fraude
2517 658 2694 728 itaque
2720 661 3066 726 remota,alia
3091 672 3267 720 tamen
3295 673 3551 734 suppete-

1952 742 2083 799 bant
2123 761 2438 818 argumenla
2496 752 2692 820 quibus
2735 768 2762 805 a
2817 753 2926 809 Deo
2952 765 3172 814 auctore
3229 759 3551 828 proﬂuxisse

1953 836 2272 904 probaretur
2299 855 2360 895 ea
2392 843 2695 911 prophetia,
2727 846 2810 900 vel
2834 847 2976 902 enim
3025 848 3132 902 alio
3187 849 3334 905 edito
3381 853 3550 906 mira-

1952 928 2074 983 culo
2103 944 2161 985 se
2190 946 2217 983 a
2250 931 2362 986 Deo
2393 936 2614 988 missum
2666 938 2926 1006 propheta
2965 939 3354 1007 confirmabat,
3407 943 3552 1012 quod

1951 1023 2162 1091 signum
2196 1025 2476 1096 prophetae
2510 1029 2709 1084 veteris
2756 1034 3062 1087 testamenti
3114 1035 3406 1104 scriptores
3457 1051 3556 1106 ap-

1953 1113 2188 1182 pellant;
2223 1116 2306 1169 vel
2339 1118 2649 1173 intrinsecis
2681 1121 2978 1188 proliltetia:
3020 1126 3352 1194 argumentis
3379 1141 3409 1180 a
3441 1127 3554 1182 Deo

1953 1208 2096 1263 illam
2125 1225 2408 1266 emanasse
2441 1212 2723 1280 probabat.
2771 1215 2825 1270 Si
2858 1217 3119 1271 miraculo
3165 1234 3223 1273 se
3268 1233 3553 1275 commen-

1951 1299 2082 1355 dare
2112 1302 2305 1368 vellet,
2331 1303 2477 1358 aliud
2509 1307 2710 1360 donum
2745 1306 2968 1363 haberet
2995 1324 3216 1366 necesse
3247 1311 3385 1378 erit,
3410 1317 3554 1380 quod

1951 1403 2129 1449 tamen
2154 1411 2259 1449 non
2288 1407 2391 1461 est,
2419 1412 2484 1452 ex
2511 1399 2784 1469 Evangelii
2808 1403 3135 1470 oeconomia,
3159 1407 3553 1460 necessarium.

1951 1485 2368 1542 Intrinsecorum
2398 1499 2575 1544 autem
2603 1501 3080 1560 argumentorum,
3135 1512 3255 1564 qua:
3298 1512 3364 1552 co
3418 1512 3555 1568 pra:-

1950 1579 2108 1648 cipue
2137 1581 2451 1649 spectabant
2481 1592 2540 1637 ut
2583 1585 2969 1641 revelationem
3024 1588 3168 1642 illam
3225 1590 3550 1660 probarent,

1949 1680 2155 1728 natura:
2184 1675 2328 1729 vires
2357 1690 2650 1746 superare,
2693 1687 3008 1750 natnrmque
3063 1681 3288 1750 proinde
3345 1685 3554 1739 auctori

1950 1767 2051 1821 soli
2076 1767 2435 1836 tribuendam,
2459 1770 2566 1824 duo
2588 1781 2744 1826 erant
2769 1788 2986 1843 genera.
3011 1774 3108 1829 Vel
3131 1775 3274 1831 enim
3311 1779 3552 1836 occultas

237 1865 388 1911 sunt.
445 1855 520 1910 Ita
567 1855 801 1926 denique
871 1867 1265 1924 postremorum
1335 1863 1635 1925 temporum
1705 1871 1844 1926 prae-
1877 1857 2229 1918 Bhominum
2257 1865 2609 1934 cogitationes
2633 1865 3010 1935 proferebant,
3064 1869 3152 1923 vel
3185 1869 3361 1924 futura
3416 1885 3553 1926 con-

238 1948 372 2004 dicti
403 1956 525 2003 sunt
568 1963 785 2004 errores
836 1948 879 2020 (l
912 1947 1070 2014 ‘I‘im.,
1103 1945 1175 2018 iv)
1209 1966 1222 2001 :
1252 1954 1456 2020 πνεῦμα
1507 1948 1666 2003 etiam
1700 1948 1752 2004 in
1780 1963 1846 2004 eo

243 2041 368 2096 loco
393 2041 461 2096 de
499 2050 862 2096 conventnnm
911 2040 1191 2111 prophetis
1246 2040 1508 2110 intelligo,
1559 2054 1693 2110 quos
1722 2056 1843 2096 cum

245 2135 382 2189 dicit
425 2134 541 2189 base
570 2137 735 2208 ῥητῶς
767 2133 1102 2204 priedixisse,
1137 2133 1188 2190 id
1231 2149 1424 2203 nempe
1455 2134 1648 2201 innuit,
1677 2133 1846 2190 diser-

255 2227 326 2281 tis
355 2225 472 2280 hazc
502 2225 676 2280 verbis
724 2240 845 2282 esse
891 2227 1166 2296 praedicta,
1200 2234 1397 2295 praeter
1436 2225 1690 2284 usitatum
1721 2242 1848 2297 pro-

247 2318 554 2386 phetiarum
585 2333 794 2372 morem
825 2333 946 2387 qua:
990 2316 1251 2388 symbolis
1290 2326 1346 2372 ut
1376 2318 1660 2386 plurimum
1687 2319 1845 2375 intel-

247 2414 390 2469 lectu
406 2411 743 2468 difficillimis
763 2423 918 2469 erant
950 2415 1225 2470 involuta).
1250 2414 1306 2469 Id
1327 2415 1518 2470 saltem
1549 2414 1845 2470 verisimil-

251 2505 433 2562 limum
454 2515 541 2560 est
556 2509 890 2577 privatorum
917 2507 1094 2562 nullas
1119 2518 1363 2578 receptas
1391 2523 1513 2564 esse
1537 2507 1846 2578 prophetias

253 2601 410 2670 quise
429 2600 646 2670 publico
664 2603 896 2657 examini
915 2617 1020 2658 non
1042 2603 1383 2673 probassent.
1403 2603 1482 2658 lta
1505 2613 1654 2659 certe
1681 2606 1732 2658 in
1751 2620 1847 2674 pu-

255 2695 400 2748 blico
429 2708 630 2749 munus
649 2708 800 2750 suum
827 2697 1137 2752 exercuisse
1163 2697 1399 2753 vidimus
1427 2697 1704 2768 Ignatium.
1736 2697 1846 2752 Pu-

253 2784 454 2842 blicum
502 2787 556 2840 in
612 2803 758 2842 osum
805 2789 1115 2858 prophetias
1143 2805 1270 2846 suas
1291 2791 1529 2846 scribere
1560 2789 1695 2860 jussi
1724 2800 1848 2846 sunt

250 2878 495 2948 ejusdem
509 2880 997 2952 smenlipropbetze.
1028 2883 1087 2939 S.
1116 2883 1373 2951 Joannes,
1391 2883 1844 2954 pseudo-Esdras,

252 2969 345 3040 qui
383 2970 500 3024 veri
537 2971 808 3040 prophetae
851 2988 1133 3042 personam
1164 2975 1390 3031 induere
1411 2977 1598 3040 voluit,
1633 2985 1686 3032 et
1713 2975 1846 3032 Iler-

252 3065 644 3136 mas.Cypriani
663 3066 822 3124 etiam
847 3077 1091 3138 tempore
1109 3069 1280 3140 palam
1294 3080 1348 3125 et
1364 3071 1417 3124 in
1433 3070 1567 3124 facie
1586 3070 1844 3126 Ecclesiae

253 3157 726 3212 couimunicabant
754 3172 880 3214 suas
908 3159 1164 3216 visiones.
1197 3160 1471 3216 \‘isionem
1502 3161 1648 3216 illam
1681 3160 1847 3228 ipsius

1951 1954 2227 2023 tiogentia.
2295 1956 2498 2012 Horum
2549 1969 2876 2029 utrumque,
2937 1974 3004 2014 ex
3057 1959 3198 2014 illius
3253 1962 3554 2031 przesertim

1951 2047 2133 2102 swculi
2163 2048 2464 2121 principiis,
2488 2050 2589 2105 soli
2622 2050 2730 2106 Deo
2760 2051 3056 2120 proprium,
3079 2065 3373 2124 omnesque
3401 2067 3556 2109 crea-

1952 2148 2190 2194 turarum
2224 2141 2368 2196 vires
2419 2143 2726 2212 superabat.
2786 2142 2942 2198 Prius
2997 2143 3282 2212 equidem;
3330 2145 3455 2215 quia
3506 2146 3554 2202 is

1950 2230 2099 2286 solus
2128 2230 2566 2305 καρδιογνώστης,
2598 2250 2777 2290 rerum
2805 2243 2966 2305 atque
2991 2235 3234 2292 cordium
3263 2245 3552 2306 scrutator,

1951 2324 2034 2382 cui
2063 2327 2243 2380 omnia
2274 2336 2400 2381 sunt
2427 2328 2567 2382 nuda
2609 2338 2771 2399 atque
2798 2331 3272 2404 τετραχηλισμένα.
3323 2330 3558 2388 Proinde

1950 2432 2145 2474 arcana
2181 2419 2275 2474 Dei
2302 2435 2463 2475 nemo
2518 2423 2846 2492 investigare
2899 2433 3110 2493 poterat
3163 2424 3266 2478 nisi
3322 2422 3554 2492 Spiritus

1954 2511 2051 2567 Dei
2095 2511 2138 2581 (I
2190 2511 2336 2579 Con,
2379 2527 2446 2580 ιι,
2501 2512 2612 2584 ff).
2681 2514 2942 2582 Spiritum
2993 2515 3154 2569 etiam
3199 2513 3552 2570 discretorem

1951 2604 2340 2675 cogitationum
2369 2615 2422 2661 et
2451 2606 2812 2661 intentionum
2846 2605 3026 2662 cordis
3055 2606 3290 2676 appellat
3320 2607 3553 2676 Aposto-

1951 2697 2034 2752 lus
2070 2696 2253 2767 (IIeb.,
2287 2714 2360 2765 tv,
2387 2698 2502 2766 12).
2545 2699 2646 2767 Qui
2668 2715 2796 2771 ergo
2819 2700 3021 2755 alienas
3045 2701 3399 2771 cogitationes
3423 2715 3552 2772 ape-

1953 2802 2168 2860 ruerat,
2227 2793 2272 2846 is
2302 2793 2388 2849 ubi
2421 2792 2624 2849 fraudis
2671 2793 2849 2849 omnis
2871 2795 3110 2864 suspicio
3137 2805 3345 2850 remota
3400 2805 3550 2862 erat,

1955 2898 2060 2940 non
2091 2883 2200 2938 alio
2225 2898 2385 2954 quam
2413 2884 2598 2940 divino
2623 2884 2826 2955 Spiritu
2857 2883 3069 2940 afﬂatus
3097 2885 3436 2941 credebatur.

2025 2975 2052 3048 §
2083 2976 2260 3031 26.-
2286 2976 2476 3032 Fuisse
2501 2989 2681 3034 autem
2710 2979 2849 3033 inter
2873 2980 3248 3050 πνευματικοὺς
3288 2978 3548 3035 Ecclesia:

1951 3070 2129 3138 quieo
2151 3069 2313 3124 etiam
2341 3081 2523 3124 essent
2553 3070 2694 3125 dono
2727 3071 2968 3141 praediti,
3017 3079 3230 3126 constat
3275 3087 3341 3126 ex
3400 3073 3552 3142 Apo-

1955 3160 2096 3215 stolo
2121 3175 2140 3216 I
2169 3158 2320 3228 Con,
2365 3177 2481 3227 xw,
2503 3162 2595 3228 24,
2625 3162 2697 3218 25
2726 3182 2738 3220 :
2777 3182 2795 3214 ι
2836 3162 2891 3218 Si
2921 3172 3123 3230 autem,
3150 3164 3339 3232 inquit,
3363 3179 3555 3220 omnes

251 3251 303 3308 in
345 3251 516 3306 exilio
564 3253 818 3306 omnibus
867 3254 1166 3309 innotuisse
1216 3253 1326 3322 jam
1380 3252 1738 3319 ostendimus,
1774 3253 1846 3307 uti
1874 3249 1920 3312 C
1956 3253 2307 3322 prophetent,
2355 3255 2520 3310 intret
2547 3266 2723 3312 autem
2772 3258 2892 3326 quis
2933 3257 3163 3312 infidelis
3207 3258 3292 3313 vel
3339 3258 3546 3312 idiota:

249 3344 408 3400 etiam
441 3353 496 3400 et
519 3344 638 3399 illas
663 3345 730 3400 de
761 3346 994 3400 instante
1022 3347 1416 3415 persecutione.
1454 3345 1615 3414 quue
1644 3361 1708 3403 ex
1734 3346 1845 3415 ipsa

246 3437 514 3492 visionum
532 3438 815 3492 mentione
843 3453 974 3493 sane
993 3437 1396 3507 abruptissima,
1423 3439 1708 3508 colligitur,
1733 3448 1845 3498 tum

252 3529 304 3584 in
332 3528 432 3583 hac
463 3530 724 3599 epistola,
749 3539 861 3586 tum
893 3532 942 3584 in
976 3547 1061 3602 ep.
1098 3547 1165 3586 χι.
1204 3531 1272 3586 de
1301 3532 1537 3602 quinque
1573 3530 1849 3601 presbyte-

249 3621 350 3684 ris,
375 3629 485 3674 tum
517 3622 570 3675 in
603 3637 694 3691 ep.
727 3638 849 3676 uix
883 3622 949 3677 de
981 3622 1252 3678 Florentio
1295 3623 1552 3694 I’upiano.
1585 3624 1658 3678 lla
1703 3634 1848 3678 certe

249 3715 610 3785 perstrinxit,
663 3731 765 3771 nec
821 3718 980 3772 ullam
1041 3733 1290 3787 umquam
1346 3719 1550 3783 καθεξῆς
1607 3719 1846 3787 exponit,

249 3811 401 3878 quasi
429 3825 544 3865 rem
587 3823 1043 3867 commemoraret
1063 3813 1171 3882 jam
1204 3812 1455 3868 omnibus
1483 3812 1843 3880 notissimam,

251 3918 477 3974 qumque
504 3903 644 3958 adeo
681 3906 995 3960 narratione
1038 3922 1142 3960 non
1171 3906 1453 3975 indigeret.

323 3995 552 4066 §%.—
577 3995 729 4064 Quod
756 4012 879 4051 cum
908 3999 976 4052 ita
1007 4011 1065 4051 se
1085 3998 1327 4061 haberet,
1355 3997 1464 4066 jam
1495 3997 1697 4067 optime
1723 4011 1848 4052 cau-

258 4094 374 4140 tum
407 4085 690 4143 videbatur
709 4105 776 4143 ne
806 4089 898 4159 qui
931 4088 1269 4144 falsariorum
1313 4089 1421 4144 doli
1466 4089 1711 4144 fidelibus
1743 4091 1848 4145 im-

255 4192 548 4251 ponerent.
598 4181 838 4252 Inprimis
888 4186 1032 4238 enim
1079 4185 1206 4239 nulli
1265 4184 1332 4239 ad
1383 4184 1486 4239 hoc
1529 4199 1721 4240 munus
1752 4185 1848 4239 ad-

254 4274 396 4328 mitti
423 4278 832 4344 potueruntnisi
874 4293 1099 4348 quorum
1152 4279 1352 4347 optima
1398 4288 1539 4338 esset
1579 4279 1852 4334 exisrima-

254 4365 352 4428 tio,
386 4366 599 4435 vitaque
643 4367 710 4421 ab
753 4371 898 4422 omni
940 4370 1141 4424 fraudis
1179 4373 1495 4437 astutiazque
1543 4372 1847 4440 suspicione

253 4455 602 4512 alienissima.
634 4458 707 4514 Ita
737 4458 932 4515 factum
962 4471 1019 4516 ut
1045 4463 1346 4532 prOphetm,
1377 4464 1522 4518 omni
1548 4464 1852 4533 suspicione

256 4559 490 4614 remota,
511 4551 580 4605 de
607 4553 720 4621 ejus
747 4553 1002 4609 duntaxat
1027 4571 1148 4611 esse
1175 4556 1452 4626 prophetia
1477 4557 1845 4626 judicandum.

1953 3345 2290 3400 convincitur
2328 3347 2396 3401 ab
2447 3348 2728 3414 omnibus,
2777 3348 3105 3419 dijudicatur
3155 3350 3221 3404 ab
3275 3350 3548 3406 omnibus.

1951 3436 2172 3491 Occulta
2226 3439 2370 3494 enim
2422 3440 2602 3496 cordis
2654 3442 2771 3510 ejus
2820 3443 3104 3497 manifesta
3157 3441 3423 3498 ﬂuntzet
3474 3443 3548 3497 ita

1951 3528 2152 3586 cadens
2186 3529 2236 3584 in
2266 3530 2453 3587 faciem
2480 3534 2726 3588 adorabit
2774 3536 2940 3590 Deum
2963 3575 2977 3599 ,
3023 3536 3374 3604 pronuntians
3403 3534 3550 3604 quod

1952 3637 2078 3676 vere
2111 3621 2253 3678 Dens
2289 3624 2341 3678 in
2387 3625 2538 3681 vobis
2578 3632 2666 3683 sit.
2707 3647 2726 3680 ι
2761 3629 2818 3683 1η
2868 3628 2968 3683 hoc
3014 3627 3248 3684 Infidelis
3295 3629 3550 3698 exemplo

1951 3724 2158 3772 certum
2183 3729 2298 3772 erat
2323 3719 2454 3773 nihil
2477 3723 2558 3791 agi
2585 3723 2822 3791 potuisse
2851 3737 2916 3777 ex
2945 3722 3218 3788 condicto,
3241 3730 3298 3777 ut
3327 3721 3552 3792 proinde

1951 3809 2314 3866 certissimum
2344 3822 2524 3879 esset,
2568 3815 2656 3884 qui
2691 3816 2760 3870 ita
2807 3816 3162 3886 cogitationes
3211 3816 3328 3887 ejus
3371 3815 3550 3872 mani-

1952 3899 2207 3971 festaret,
2242 3918 2346 3959 non
2381 3905 2487 3959 alio
2519 3906 2635 3962 illas
2656 3949 2670 3974 ,
2695 3923 2853 3977 quam
2883 3910 3062 3963 divino
3095 3909 3298 3979 Spiritu
3329 3909 3546 3964 afﬂante

1951 3995 2228 4052 didicisse.
2283 3997 2450 4069 Hujus
2502 4001 2688 4071 gratia:
2735 4003 2987 4072 frequens
3032 4003 3091 4056 fit
3146 4003 3199 4057 in
3255 4002 3549 4058 Salvatoris

1953 4090 2176 4146 historia
2223 4095 2428 4149 mentio
2467 4095 2556 4164 (S.
2609 4095 2765 4162 Mat.,
2809 4113 2887 4163 Ix,
2927 4098 2983 4163 2,
3024 4098 3092 4163 4;
3125 4112 3225 4163 xu,
3251 4097 3355 4161 25;
3388 4096 3544 4161 Lua,

1954 4200 2011 4255 γ,
2045 4185 2148 4253 22;
2177 4202 2252 4252 VI,
2286 4187 2349 4255 8;
2381 4204 2456 4253 XI,
2488 4187 2604 4260 17),
2638 4204 2668 4243 a
2697 4206 2804 4260 quo
2830 4192 2989 4268 χάριν
3017 4192 3130 4245 ἀντὶ
3179 4190 3403 4269 χάριτος
3458 4204 3552 4244 ac-

1953 4284 2098 4352 cepit
2116 4283 2376 4338 Eerlesia.
2399 4283 2596 4338 Eadem
2619 4297 2747 4339 usus
2769 4292 2851 4338 est
2873 4285 2925 4337 in
2951 4284 3172 4338 Ananiae
3189 4293 3244 4339 et
3265 4283 3548 4352 Sapphiraa

1956 4377 2092 4430 utin
2121 4375 2357 4430 Simonis
2383 4374 2542 4430 etiam
2592 4375 2728 4446 Magi
2753 4391 2916 4431 causa
2965 4375 3025 4432 S.
3076 4375 3289 4431 Petrus.
3343 4375 3417 4430 De
3461 4376 3548 4432 Si-

1954 4484 2114 4524 mone
2143 4469 2213 4523 ita
2248 4488 2260 4524 :
2292 4472 2323 4529 ἡ
2364 4467 2552 4548 καρδία
2581 4491 2676 4526 σου
2707 4472 2799 4526 οὐκ
2825 4468 2963 4527 ἔστιν
2999 4472 3163 4526 εὐθεῖα
3199 4472 3410 4525 ἐνώπιον
3454 4475 3550 4526 τοῦ

1953 4563 2065 4616 Θεοῦ
2093 4559 2255 4632 (Act.,
2287 4577 2402 4626 VIII,
2438 4562 2550 4633 21).
2597 4562 2802 4618 Rursus
2829 4567 2949 4624 :Et’g
2985 4566 3086 4638 γὰρ
3136 4564 3294 4635 χολὴν
3344 4567 3556 4636 πικρίας

257 4637 375 4695 Hoc
405 4652 587 4696 autem
610 4643 884 4712 judicandi
914 4662 1130 4710 munus,
1163 4657 1219 4701 nt
1259 4664 1416 4718 quam
1448 4649 1849 4704 accuratissime

1957 4658 2042 4710 καὶ
2066 4655 2352 4728 σύνδεσμον
2375 4654 2574 4718 ἀδικίας
2603 4654 2706 4732 ὁρῶ
2747 4677 2804 4711 σε
2843 4653 2984 4712 ὄντα.
3036 4656 3093 4711 111
3150 4669 3309 4710 causa
3362 4655 3553 4709 Elima:

261 4743 633 4803 prmtaretur,
666 4739 866 4805 Optima
899 4738 1059 4792 etiam
1091 4749 1245 4794 erant
1268 4740 1318 4793 in
1345 4739 1556 4809 publico
1581 4740 1849 4809 praesidia.

255 4821 499 4882 Aderant
524 4828 668 4882 enim
701 4837 758 4883 et
783 4829 878 4882 alii
909 4830 1204 4900 prophetae,
1231 4831 1454 4886 aderant
1477 4842 1530 4886 et
1553 4832 1847 4902 propheta-

255 4933 376 4976 rum
402 4919 636 4989 judices,
656 4921 748 4992 qui
775 4922 918 4976 dono
932 4934 1114 4978 essent
1135 4925 1477 4982 discernendi
1501 4927 1730 4996 Spiritus
1761 4927 1850 4983 in-

262 5013 478 5080 structi,
521 5014 622 5084 ipsi
652 5016 814 5070 etiam
860 5014 1017 5070 {anne
1067 5017 1420 5085 proculdubio
1469 5017 1850 5088 integerrime.

262 5103 468 5162 ﬂorum
511 5108 558 5162 si
588 5124 710 5162 eum
761 5109 942 5179 aliquo
991 5120 1251 5181 pugnaret
1281 5126 1401 5166 cum
1446 5110 1496 5166 id
1526 5111 1578 5166 in
1605 5111 1853 5168 confesso

265 5212 430 5269 eiset,
459 5203 712 5258 eumdem
743 5203 833 5259 Dei
856 5203 1112 5273 Spiritum
1142 5205 1244 5259 sibi
1269 5219 1516 5260 essenon
1549 5220 1704 5275 posse
1735 5222 1858 5262 coni

263 5292 532 5361 triarium;
583 5297 742 5366 plane
785 5298 1112 5363 sequebatur
1156 5299 1266 5367 jam
1318 5300 1494 5354 locum
1523 5315 1644 5355 esse
1683 5300 1859 5368 suspi-

263 5386 448 5443 cioni.
489 5387 818 5460 Quamquam
864 5394 1006 5446 enim
1057 5403 1264 5448 certmn
1321 5403 1437 5448 erat
1465 5393 1643 5448 omnia
1691 5390 1861 5448 divini

265 5480 511 5551 Spiritus
536 5480 669 5539 dona
689 5500 811 5541 esse
843 5487 1044 5555 pariter
1068 5487 1387 5552 infallibilia;
1419 5487 1468 5542 id
1496 5496 1671 5542 tamen
1695 5487 1854 5542 etiam

261 5583 496 5642 certum,
549 5579 724 5648 quoad
783 5580 1339 5650 credibilitatis,qua:
1393 5591 1605 5646 vocant,
1637 5584 1858 5648 motiva,

261 5668 500 5727 certiora
519 5685 642 5728 esse
661 5682 981 5743 argumenta
1012 5688 1109 5727 cur
1145 5688 1285 5728 unus
1312 5673 1626 5729 crederetur
1651 5673 1863 5730 afﬂatus

261 5775 428 5832 quam
453 5776 550 5820 cur
573 5764 684 5831 alii;
701 5766 1010 5838 iustumque
1035 5781 1154 5822 esse
1184 5768 1355 5840 utqui
1389 5772 1566 5824 minus
1593 5779 1866 5826 essetcre-

259 5851 471 5926 dibilis,
495 5856 540 5912 is
565 5871 598 5912 a
625 5857 956 5916 credibiliori
981 5859 1266 5930 judicetur.
1287 5860 1442 5930 Quod
1455 5863 1614 5920 etiam
1646 5863 1712 5920 ad
1731 5863 1872 5923 frau-

1961 4748 2130 4818 magis
2171 4747 2231 4803 S.
2263 4748 2460 4803 Paulus
2491 4749 2627 4817 (Act.
2663 4765 2776 4813 χιιι,
2809 4749 2862 4815 9,
2895 4747 3006 4818 10).
3059 4747 3112 4803 Is
3166 4749 3308 4804 enim
3360 4749 3553 4818 plenus

1959 4840 2052 4911 Sp.
2100 4839 2332 4904 Sancto,
2382 4855 2490 4896 non
2543 4840 2672 4894 illud
2721 4840 2883 4895 modo
2932 4841 3134 4908 Elymze
3165 4839 3394 4904 factum,
3452 4836 3550 4892 sed

1961 4934 2204 4989 dolosam
2245 4934 2406 4987 etiam
2468 4931 2703 4988 indolem
2773 4932 3157 5000 reprehendit,
3225 4945 3553 5002 quamquam

1960 5035 2120 5080 antea
2149 5025 2337 5094 ignoti.
2390 5024 2556 5080 Usum
2599 5025 2760 5080 etiam
2816 5023 3046 5078 vidimus
3086 5023 3380 5094 lgnatium,
3425 5038 3552 5080 cum

1960 5116 2426 5172 schismaticorum
2477 5116 2688 5170 occulta
2740 5114 2965 5170 consilia
3019 5115 3224 5184 primus
3276 5116 3338 5170 in.
3375 5115 3552 5170 lucem

1962 5208 2205 5279 protulit.
2233 5208 2300 5262 Et
2329 5207 2545 5278 quidem
2587 5208 2774 5263 nescio
2795 5223 2974 5263 annon
3005 5207 3108 5264 hoc
3134 5207 3362 5264 fortasse
3391 5208 3554 5263 fuerit

1961 5299 2160 5356 donum
2223 5298 2526 5372 διακρίσεως
2576 5304 2879 5376 πνευμάτων
2929 5303 3082 5373 cujus
3129 5302 3370 5357 meminit
3412 5311 3558 5370 Apo-

1965 5395 2158 5448 stolus.
2214 5392 2484 5449 Affinibus
2532 5405 2682 5451 certe
2730 5396 2911 5452 verbis
2959 5397 3041 5452 usi
3091 5403 3216 5451 sunt
3265 5395 3558 5467 scriptores

1963 5486 2100 5542 sacri
2128 5485 2180 5540 in
2207 5484 2311 5540 hoc
2337 5486 2456 5556 ipso
2500 5486 2733 5558 Spiritus
2780 5488 3015 5560 negotio.
3071 5488 3273 5542 Dicitur
3327 5492 3556 5567 κριτικὸς

1965 5579 2314 5651 ἐνθυμήσεων,
2362 5587 2468 5636 etc.
2499 5579 2655 5644 Heln,
2700 5597 2770 5649 Iv,
2827 5579 2916 5645 12,
2963 5581 3305 5652 ἁνακριτικὸς.
3359 5580 3560 5648 ICor.,

1970 5687 2080 5739 xtv,
2107 5671 2196 5739 24,
2231 5680 2285 5728 et
2311 5687 2440 5728 vero
2482 5672 2713 5745 Spiritus
2763 5688 2862 5744 pro
2911 5672 3074 5728 corde
3118 5671 3560 5744 cogitationibus-

1971 5779 2075 5835 que
2103 5779 2234 5820 usus
2271 5765 2607 5839 frequentior
2635 5773 2721 5825 est
2761 5779 2923 5835 quam
2963 5773 3018 5822 ut
3043 5764 3113 5823 de
3150 5779 3218 5823 eo
3262 5764 3564 5822 monendus

1973 5856 2044 5915 sit
2067 5856 2259 5915 lector.
