4230 6212
633 266 703 321 25
1636 248 2008 318 ooo’wsLLI
2047 257 2498 316 DISSER'I‘ATIO
2546 259 2957 319 CYPRIANICA
3867 269 3939 325 at

635 394 659 437 ετ
709 381 930 455 §27.-—
948 380 1063 437 Duo
1090 390 1269 437 autem
1296 387 1448 435 erant
1475 379 1752 435 hominum
1792 390 2247 450 genera’qnorum
2278 374 2329 436 Α
2356 387 2578 446 possent
2603 378 2707 433 nisi
2739 394 2804 434 ex
2831 379 2918 435 illa
2956 393 3116 436 causa
3156 380 3379 454 intelligi
3406 381 3567 439 futuri
3596 383 3680 439 cui
3715 383 3940 441 aliarum

634 478 991 543 cegitationes
1032 477 1105 531 ita
1150 475 1489 547 pateﬁerent.
1527 474 1617 529 Vel
1658 472 1802 528 enim
1828 473 2055 528 aliorum
2109 485 2237 541 pro-

632 570 921 642 phetarum
980 571 1332 639 cogitationes
1357 568 1725 640 patefecerunt
1744 583 1865 621 cum
1896 565 2089 636 quibus
2111 563 2236 618 nnl-

635 663 747 718 lum
794 663 892 731 ipsi
921 663 1304 718 commercium
1337 661 1640 727 habebant,
1684 675 1751 713 ex
1792 674 1899 729 quo
1922 672 2111 728 magna
2140 671 2233 711 ac-

640 759 806 813 cessit
833 757 911 812 rei
942 756 1211 825 pratdicla:
1236 755 1594 809 conﬁrmatio.
1621 755 1694 808 Ita
1722 752 1791 807 de
1816 751 2099 806 Timotheo
2128 764 2232 805 non

635 864 743 905 una
800 859 917 903 erat
964 849 1060 905 sed
1097 848 1279 902 multa:
1310 849 1554 918 interque
1588 859 1647 901 se
1674 844 2074 901 consentientes
2105 858 2232 912 pro-

632 941 836 1012 phetiae
863 942 931 997 de
963 942 1020 999 S.
1048 941 1212 996 Paulo
1241 943 1545 1014 πνευμάτων
1572 943 1706 995 κατὰ
1734 939 1923 998 πόλεις.
1972 946 2031 991 ut
2072 950 2230 1005 supra

636 1034 894 1089 vidimus.
923 1034 1019 1089 His
1046 1044 1223 1088 autem
1253 1033 1427 1103 major
1454 1043 1573 1088 erat
1595 1031 1897 1098 adjtibcnda
1928 1029 2061 1084 ﬁdes
2088 1028 2230 1097 quod

635 1140 742 1181 non
770 1126 1125 1181 lmmanornm
1171 1126 1465 1192 duntaxat,
1525 1124 1617 1180 sed
1672 1124 1974 1178 divinorum
2020 1137 2235 1193 quoque

634 1232 954 1275 arcanorum
988 1221 1190 1274 conscii
1244 1219 1576 1274 viderentur.
1637 1217 2002 1272 Humanarum
2051 1225 2230 1271 autem

633 1312 1016 1381 cogitationum
1065 1312 1170 1365 duo
1194 1322 1350 1367 erant
1369 1326 1564 1378 genera
1596 1325 1716 1381 quae
1748 1309 1848 1364 hoc
1875 1309 2019 1363 dono
2049 1318 2233 1365 essent

631 1404 1051 1459 manifestanda.
1112 1404 1209 1459 Vel
1252 1405 1397 1459 enim
1452 1404 1689 1459 ﬁdelium
1745 1413 1897 1457 erant
1944 1403 2086 1469 ilhc,
2145 1403 2231 1457 vel

630 1495 951 1551 inﬁdelium.
1017 1496 1314 1552 Iuﬁdelinm
1351 1497 1601 1566 equidem
1629 1501 1672 1549 si
1714 1497 1836 1566 quis
1876 1495 2019 1551 malo
2048 1496 2232 1551 animo

628 1589 685 1641 in
711 1590 1116 1643 ecclesiasticos
1141 1597 1440 1644 conventus
1468 1588 1770 1657 irrepsisset
1794 1630 1808 1653 ,
1849 1588 1934 1642 vel
1966 1585 2228 1657 prodendi

631 1693 792 1735 causa
815 1720 830 1744 ,
867 1679 950 1733 vcl
981 1679 1213 1733 ludibrio
1244 1679 1587 1750 exponendi,
1618 1680 1701 1736 vel
1733 1688 1790 1733 ut
1833 1680 2106 1732 mundano
2136 1676 2223 1732 af-

2342 475 2582 530 omnium
2615 490 2899 531 causarum
2922 478 3233 549 complexio
3251 479 3320 536 de
3345 478 3484 536 facto
3511 487 3657 537 esset
3676 480 3935 537 obnoxia.

2342 565 2474 621 Eam
2505 575 2684 622 autem
2724 583 2829 622 non
2861 568 3022 623 aliam
3050 569 3393 626 crediderunt
3420 570 3734 638 chrisnani,
3780 587 3941 644 quam

2342 663 2598 731 primum,
2628 663 2892 733 optimum
2927 665 3330 734 maximumque
3356 666 3548 722 Deum.

2413 753 2441 825 §
2466 753 2991 812 ill—Crediderunt
3021 757 3285 828 imprimis
3311 774 3416 813 non
3444 775 3572 815 casu
3604 758 3798 815 factum
3822 774 3944 818 esse

2342 847 2636 915 mundum,
2679 857 2739 904 ut
2768 850 3020 906 volebant
3055 851 3326 921 epicurei,
3375 852 3471 907 sed
3522 860 3668 907 certa
3709 851 3940 923 quadam

2341 943 2702 1012 providentia,
2733 943 3042 1014 factumque
3080 944 3376 1000 etiamnum
3408 945 3598 1001 eadem
3650 945 3763 1017 regi
3810 960 3941 1015 pro-

2345 1034 2579 1090 videntia
2608 1050 2709 1105 qua
2743 1034 2917 1091 factus
2942 1044 3043 1090 est.
3077 1034 3437 1092 Crediderunt
3477 1036 3677 1092 deinde
3707 1036 3937 1091 liberum

2340 1126 2623 1181 arbitrium
2655 1127 2787 1181 nulli
2829 1142 2953 1182 esse
2980 1120 3339 1183 causze'alteri
3387 1128 3488 1182 nisi
3534 1128 3645 1183 Deo
3691 1129 3792 1182 soli
3836 1126 3940 1182 ob-

2344 1220 2587 1273 noxium.
2636 1218 2873 1274 Proinde
2915 1217 3007 1273 fati
3030 1234 3221 1273 omnes
3250 1219 3374 1275 illos
3401 1234 3593 1275 sensus
3632 1219 3724 1290 qui
3754 1228 3940 1275 essent

2338 1326 2366 1364 a
2399 1313 2637 1381 supremi
2669 1312 2759 1367 llei
2784 1312 3005 1367 decreto
3035 1311 3315 1379 distincti,
3346 1314 3561 1380 penitus
3589 1312 3932 1382 rejiciebant,

2338 1403 2455 1458 sive
2500 1403 2878 1474 epicureorum
2913 1403 3063 1458 illum
3092 1418 3121 1457 a
3154 1403 3515 1459 materialium
3545 1417 3828 1459 causarum
3857 1402 3939 1457 in-

2338 1494 2553 1550 lluentia
2582 1495 2829 1565 petitum,
2849 1495 2964 1549 sive
2990 1495 3385 1566 astrologorum
3412 1495 3559 1549 illum
3582 1511 3611 1549 a
3635 1494 3937 1552 cmlestium

2336 1588 2571 1643 siderum
2601 1590 2716 1643 sive
2740 1597 2889 1642 motu
2920 1586 3235 1653 deductum,
3260 1588 3376 1641 sive
3402 1586 3567 1642 etiam
3599 1585 3933 1641 causalitate.

2335 1679 2388 1736 Si
2413 1695 2543 1752 ergo
2569 1681 2670 1737 soli
2703 1680 2812 1735 Deo
2854 1680 3085 1736 liberum
3117 1678 3397 1735 arbitrium
3448 1679 3743 1734 obnoxium
3791 1677 3938 1734 fece—

627 1772 793 1829 fectni
851 1774 1268 1843 gratilicaretnr,
1353 1775 1405 1828 id
1456 1774 1629 1843 ipsum
1685 1773 1888 1845 Spiritu
1948 1773 2224 1829 revelantc
2254 1772 2303 1832 B
2331 1773 2460 1840 rint,
2493 1775 2649 1844 plane
2678 1776 2924 1846 sequitur
2972 1784 3263 1830 eventuum
3316 1788 3505 1829 eorum
3553 1770 3935 1827 certitudinem

626 1863 993 1935 prodebatur;
1048 1864 1189 1920 unde
1237 1865 1402 1920 ﬁebat
1452 1874 1513 1919 ut
1561 1865 1605 1919 si
1655 1880 1722 1920 ex
1779 1880 1966 1920 eorum
2004 1878 2228 1919 numero

621 1958 850 2023 fuisset,
899 1974 1038 2029 quos
1081 1958 1253 2014 Grmci
1295 1962 1738 2033 εὐγνωμονοῦντας
1781 1960 2086 2031 appellant,
2119 1974 2225 2013 non

625 2060 736 2106 tam
771 2060 1118 2107 suecenseret
1147 2051 1532 2121 prodentibus,
1557 2069 1715 2122 quam
1745 2055 1796 2107 in
1827 2067 2015 2108 eorum
2049 2052 2229 2122 potius

625 2144 1042 2200 admirationem
1072 2156 1375 2214 raperetur,
1409 2154 1466 2199 nt
1495 2145 1545 2200 in
1574 2145 1834 2215 prazdicto
1879 2145 1999 2200 loco
2048 2145 2227 2201 innui-

622 2246 716 2292 tur
749 2236 1004 2308 Epistolm
1049 2238 1113 2291 ad
1162 2238 1490 2294 Corinthios.
1543 2237 1806 2294 Fidelinm
1852 2247 2033 2292 autem
2082 2239 2229 2309 cogi-

625 2330 859 2386 tationes
899 2330 1288 2401 prodebantur,
1311 2331 1354 2385 si
1378 2332 1471 2400 qui
1499 2342 1682 2386 essent
1705 2332 1755 2386 in
1786 2332 1989 2385 clerum
2018 2330 2225 2386 adscri-

626 2421 817 2487 bendi,
851 2431 906 2476 nt
951 2423 1003 2477 in
1033 2423 1284 2491 exemplo
1305 2422 1613 2485 Timothei;
1664 2423 1748 2478 vel
1800 2425 1846 2477 si
1882 2438 1985 2494 qua
2038 2422 2227 2479 fraude

622 2514 707 2569 usi
757 2522 968 2579 essent,
1024 2524 1077 2567 nt
1132 2514 1185 2568 in
1228 2514 1435 2569 Anauia
1469 2523 1518 2569 et
1567 2504 1867 2584 Sapphira;
1925 2515 2009 2570 vel
2062 2515 2225 2571 etiam

625 2605 861 2672 insidiis,
884 2615 943 2660 ut
958 2605 1149 2661 ludam
1171 2606 1405 2676 prodidit
1433 2607 1772 2661 insidiantem
1799 2608 1911 2676 ipse
1934 2607 2222 2670 Dominus;

621 2698 710 2754 vel
734 2698 841 2753 alio
867 2698 1099 2769 denique
1127 2700 1357 2754 l‘nrtas~e
1402 2701 1593 2770 quovis
1635 2702 1848 2756 occulto
1902 2699 2125 2770 ﬂagitio.
2168 2699 2224 2755 ld

624 2791 770 2847 enim
834 2792 1007 2861 ipsum
1062 2792 1413 2860 reprehendit
1473 2793 1523 2847 in
1578 2793 1787 2848 Anania
1854 2803 1910 2848 et
1961 2792 2225 2862 Sapphira

625 2884 797 2955 (Ach,
825 2901 877 2949 v,
905 2888 956 2950 4,
992 2884 1048 2955 9)
1076 2885 1134 2940 S.
1166 2886 1356 2940 Petrus
1399 2886 1541 2956 quod
1581 2886 1696 2941 ausi
1746 2895 1930 2942 essent
1978 2900 2084 2941 non
2126 2885 2225 2942 ho-

624 2978 863 3032 minibus
906 2979 1155 3045 mentiri,
1207 2979 1302 3034 sed
1335 2980 1480 3045 Deo;
1533 2980 1674 3050 quod
1701 2980 1959 3051 Spiritum
2009 2982 2224 3038 Domini

622 3078 915 3126 tentarent.
965 3070 1127 3140 Quasi
1156 3071 1206 3126 id
1235 3072 1652 3142 exprobrasset,
1700 3074 1841 3143 quod
1884 3088 2005 3128 cum
2053 3074 2116 3128 iis
2164 3088 2225 3129 se

2333 1870 2423 1939 qui
2452 1869 2536 1923 vel
2562 1869 2631 1923 ab
2656 1868 2774 1939 ipso
2801 1868 2975 1925 libero
3002 1869 3250 1935 arbitrio,
3268 1867 3397 1923 vela
3415 1866 3729 1922 conditione
3754 1864 3933 1936 aliqua

2335 1976 2430 2032 per
2476 1961 2705 2016 liberum
2754 1961 3036 2017 arbitrium
3075 1960 3324 2032 ponenda
3374 1958 3710 2029 penderent,
3760 1972 3791 2012 a
3823 1956 3936 2013 Deo

2333 2053 2453 2108 solo
2492 2067 2615 2108 esse
2640 2053 2709 2108 de
2740 2053 2884 2108 facto
2909 2053 3302 2109 deducendam.
3344 2052 3498 2122 Quod
3547 2066 3680 2107 vero
3717 2050 3786 2105 ad
3817 2065 3933 2105 ma-

2335 2145 2605 2201 tcrialium
2660 2161 2942 2201 causarum
2989 2157 3216 2201 eventus
3270 2146 3496 2211 attinet,
3552 2152 3803 2213 poterant
3852 2142 3930 2197 illi

2331 2249 2509 2295 motus
2540 2240 2861 2295 universalis
2888 2242 2995 2295 vim
3042 2240 3276 2309 aliquam
3309 2236 3678 2294 mechanieam
3726 2250 3927 2305 agnos-

2330 2347 2475 2387 cere.
2501 2331 2606 2387 Sed
2631 2346 2731 2386 nec
2753 2331 2824 2385 ita
2855 2332 3014 2386 talem
3042 2331 3186 2385 illam
3210 2337 3561 2400 agnoverunt,
3596 2336 3654 2382 ut
3682 2336 3935 2383 creatura

2329 2423 2540 2493 aliqua,
2574 2439 2694 2478 cum
2736 2438 2840 2493 qua
2872 2423 3027 2478 nobis
3077 2430 3159 2477 est
3207 2421 3628 2485 commercium,
3671 2420 3759 2474 vel
3816 2421 3935 2490 ipsa

2332 2516 2504 2585 possit
2556 2531 2622 2570 ex
2673 2514 2968 2570 universali
3028 2514 3119 2568 illo
3173 2523 3356 2569 motus
3407 2527 3713 2575 consensu,
3757 2511 3935 2567 futura

2331 2610 2697 2680 contingentia
2723 2624 3075 2680 cognoscere,
3098 2609 3181 2663 vel
3214 2608 3369 2664 nobis
3394 2608 3649 2664 indicare.
3684 2607 3933 2665 lndicare

2330 2711 2480 2758 certe
2506 2703 2653 2757 nulla
2686 2704 2860 2771 potuit
2889 2703 2989 2756 nisi
3019 2701 3428 2767 intellectualis,
3461 2717 3621 2773 quam
3654 2701 3935 2758 christiani

2331 2796 2581 2866 angelum
2634 2796 2990 2866 appellamus.
3047 2796 3118 2851 At
3162 2796 3405 2866 quicum
3441 2796 3597 2850 nobis
3648 2804 3935 2850 versantur

2328 2889 2569 2961 angelos,
2624 2904 2720 2945 eos
2764 2891 2929 2945 certis
2953 2898 3326 2945 creaturarum
3369 2889 3660 2959 provinciis
3679 2890 3934 2960 assigna-

2329 2982 2495 3047 bant,
2544 2984 2922 3038 universorum
2972 2983 3370 3052 provinciarum
3417 2983 3593 3055 λόγον,
3640 2983 3928 3052 praesidem

2328 3076 2741 3143 existimabant,
2776 3084 2832 3129 ut
2861 3073 3085 3144 proinde
3112 3073 3448 3145 angelorum.
3479 3088 3617 3144 quos
3646 3073 3777 3137 dixi,
3803 3087 3929 3127 cum

625 3166 858 3223 cretihus
889 3166 1292 3235 adjuuxissent,
1348 3167 1399 3221 in
1447 3167 1640 3234 quibus
1689 3165 1924 3236 Spiritus
1949 3166 2087 3220 dona
2120 3158 2293 3237 ipsiC
2328 3168 2486 3223 nobis
2535 3166 2905 3235 versantinm,
2954 3166 3136 3221 nullus
3202 3166 3373 3220 motui
3422 3165 3712 3220 universali
3767 3164 3928 3219 fuerit

626 3268 997 3331 agnoverant;
1031 3260 1278 3327 interque
1306 3260 1407 3315 alia
1452 3261 1578 3315 illud
1608 3276 1822 3332 quoque
1867 3278 1972 3331 quo
2027 3277 2221 3317 arcana

623 3351 1033 3413 revelarentur;
1087 3351 1186 3420 ipsi
1244 3361 1421 3409 tamen
1453 3354 1664 3409 occulta
1695 3368 1789 3407 soa
1823 3354 2020 3424 ﬂagitia
2055 3355 2223 3410 latere

622 3457 788 3515 posse
831 3444 1135 3514 sperarim,
1187 3460 1356 3514 seque
1405 3460 1466 3501 ea
1525 3446 1743 3514 impune
1790 3446 2011 3501 laturos.
2060 3446 2223 3516 quue

625 3538 799 3607 ipsum
819 3550 1069 3605 maguum
1091 3536 1441 3605 proculdubio
1464 3537 1688 3591 incussit
1704 3536 2035 3591 occultorum
2058 3537 2219 3591 etiam

619 3629 945 3700 ﬂagitiorum
978 3638 1212 3695 metum,
1238 3645 1359 3685 cum
1394 3630 1567 3686 nullas
1616 3630 1811 3686 deinde
1863 3631 2097 3685 latebras
2136 3645 2222 3686 se-

621 3737 782 3778 curas
812 3722 924 3777 fore
956 3721 1389 3789 intellexissent,
1423 3738 1477 3776 v.
1614 3722 1723 3778 Nec
1759 3731 1843 3777 est
1867 3722 2009 3792 quod
2042 3723 2095 3777 in
2120 3723 2221 3780 hac

619 3814 736 3884 ipsa
766 3814 1119 3870 ratiocinandi
1150 3814 1322 3869 forma
1347 3814 1432 3870 vel
1456 3814 1557 3885 ipsi
1586 3814 1728 3869 athei
1752 3824 2005 3884 poterunt
2028 3816 2220 3871 merito

623 3906 1052 3977 reprehendere.

697 3998 727 4070 ς
755 3997 1253 4054 28.—Erattamen
1283 3999 1498 4054 ctaliud
1520 4000 2218 4071 argumentunnetquidem

612 4091 721 4163 ipsi
754 4091 1051 4161 prophetia:
1079 4091 1221 4147 dono
1244 4092 1594 4147 intrinsecum
1619 4135 1633 4156 .
1680 4107 1786 4161 quo
1817 4092 2218 4162 prophetiarum

618 4198 837 4240 suarum
896 4183 1056 4239 ﬁdem
1129 4194 1341 4240 veteres
1408 4184 1832 4246 conﬁrmabant.
1911 4184 2214 4239 futurorum

615 4292 817 4349 nempe
839 4279 1265 4349 contingentium
1295 4279 1593 4349 praedictio.
1645 4279 1776 4347 Qua:
1802 4277 2018 4347 quidem
2068 4287 2214 4333 certa

617 4385 777 4434 esse,
821 4380 877 4426 et
921 4388 949 4424 a
1004 4371 1119 4425 Deo
1165 4382 1387 4426 auctore
1431 4371 1595 4427 luisse
1642 4372 1910 4428 intellecta
1954 4381 2066 4435 est,
2092 4387 2213 4427 cum

613 4462 789 4532 ipsam
817 4462 1192 4517 conﬁrmasset
1231 4472 1480 4518 eventus.
1509 4463 1744 4532 Eratque
1783 4463 1899 4518 haec
1924 4477 2217 4533 argumen-

2328 3262 2610 3329 admotns,
2658 3272 2715 3316 ut
2752 3261 2920 3331 possit
2948 3276 3015 3316 ex
3042 3260 3356 3315 causalitate
3385 3275 3479 3313 sua
3525 3259 3593 3314 de
3628 3258 3930 3314 futurorum

2327 3356 2751 3426 contingentium
2809 3364 3006 3411 eventu
3053 3354 3317 3424 judicare.
3374 3350 3483 3408 Sed
3543 3366 3642 3407 nec
3693 3365 3790 3406 eos
3840 3350 3916 3405 ita

2328 3450 2682 3518 incorporeos
2701 3455 3035 3519 agnoverunt
3061 3458 3118 3501 ut
3166 3455 3387 3517 possent
3425 3445 3604 3500 omnia
3643 3454 3821 3499 creata
3872 3444 3926 3499 in

2328 3535 2552 3606 speculo
2615 3534 2878 3590 creatoris
2928 3532 3147 3588 intueri.
3210 3532 3317 3588 Nec
3368 3531 3547 3587 omnia
3597 3540 3777 3586 creata
3824 3529 3932 3586 illis

2328 3630 2667 3685 innotescere
2691 3627 3061 3693 crediderunt,
3094 3626 3196 3681 nisi
3223 3641 3341 3696 qua:
3380 3626 3519 3679 Dens
3546 3625 3649 3679 illis
3676 3622 3923 3679 revelare

2325 3722 2578 3793 dignatus
2599 3731 2779 3785 esset,
2820 3736 2922 3776 nec
2971 3721 3133 3776 etiam
3183 3720 3364 3775 omnia
3417 3718 3524 3774 illis
3573 3719 3812 3773 revelare
3856 3716 3928 3773 de

2325 3813 2469 3871 facto
2493 3829 2615 3871 esse
2642 3814 2941 3885 dignatum.
2974 3812 3287 3883 Mysterium
3315 3811 3384 3866 de
3439 3809 3809 3865 incarnatione
3850 3808 3925 3864 ab

2329 3907 2565 3963 Ecclesia
2587 3905 2839 3961 didicisse
2883 3906 3102 3975 angelos
3133 3904 3284 3959 testis
3308 3911 3393 3957 est
3431 3900 3719 3972 Apostolus
3752 3898 3922 3972 (Eph.

2324 4014 2403 4065 ιιι,
2437 3998 2560 4070 10).
2604 3998 2726 4053 Tria
2758 3997 2919 4052 etiam
2942 4040 2958 4064 ,
3001 4007 3129 4053 ante
3159 3995 3582 4051 incarnationem
3613 3993 3915 4050 daemonem

2325 4093 2547 4149 latuisse
2571 4135 2586 4159 ,
2620 4101 2894 4148 auctorem
2929 4091 3190 4147 habemus
3219 4091 3483 4162 Ignatium
3534 4087 3761 4163 (Ignat.,
3815 4089 3922 4159 Ep.

2323 4185 2391 4238 ad
2419 4182 2642 4255 Ephes.,
2688 4184 2863 4257 §19).
2890 4182 2995 4239 Sed
3048 4198 3153 4238 non
3200 4191 3356 4237 vacat
3400 4182 3547 4237 hisce
3598 4191 3656 4236 ut
3696 4182 3925 4252 singulis

2322 4275 2692 4331 immoremur.

2397 4369 2425 4441 §
2459 4368 2624 4424 50.—
2644 4369 2837 4438 Liquet
2858 4368 3096 4432 interim,
3124 4366 3246 4422 data
3275 4365 3375 4421 hac
3400 4364 3709 4438 hypothesi,
3739 4366 3922 4424 futura

2321 4464 2689 4532 contingentia
2710 4503 2726 4529 ,
2755 4462 2868 4517 sive
2898 4478 2928 4516 a
2967 4462 3140 4517 libero
3167 4459 3424 4526 arbitrio,
3456 4460 3570 4515 sive
3599 4459 3669 4515 ab
3698 4460 3919 4516 univer-

612 4554 751 4608 tatio
810 4567 873 4608 ex
928 4552 1345 4608 christianornm
1398 4553 1678 4624 principiis
1719 4554 2045 4609 certissima.
2093 4552 2293 4622 lpseD
2319 4557 2421 4612 sali
2468 4565 2652 4618 motu,
2700 4555 3024 4626 pendentia,
3065 4553 3334 4610 neminem
3359 4567 3548 4623 posse,
3582 4553 3682 4608 nisi
3705 4566 3924 4609 summo

612 4646 759 4703 Dens
792 4661 858 4702 eo
890 4654 1145 4715 provocat
1169 4647 1308 4715 apud
1359 4646 1551 4701 Isaiam
1596 4645 1759 4716 (Iam,
1801 4661 1911 4709 xu,
1942 4645 2058 4718 25).
2105 4646 2218 4703 Nec

611 4755 751 4797 vero
800 4739 954 4795 alteri
1006 4755 1166 4809 quam
1204 4740 1315 4795 Deo
1364 4739 1525 4794 tribui
1577 4739 1645 4794 de
1692 4740 1835 4794 facto
1882 4740 2055 4810 potuit
2101 4740 2218 4796 hrcc

614 4832 921 4889 futurorum
969 4833 1395 4904 contingentium
1453 4833 1792 4903 praescientia
1828 4848 1895 4888 ex
1939 4833 2217 4903 principiis

614 4928 1061 4983 christianorum.
1112 4925 1183 4982 Ut
1212 4927 1355 4981 enim
1385 4927 1576 4983 demus
1610 4926 1811 4981 multos
1838 4942 1961 4982 esse
1988 4936 2216 4983 eventus

613 5022 704 5091 qui
765 5022 908 5077 vires
955 5030 1327 5077 creaturarum
1380 5036 1486 5077 non
1537 5021 1901 5087 excederent;
1954 5034 2213 5076 concessa

614 5123 795 5171 tamen
844 5114 965 5180 illa,
999 5130 1158 5185 quam
1181 5114 1457 5169 christiani
1487 5115 1793 5183 tuebantur,
1824 5114 2169 5185 providentia
2195 5155 2211 5181 ,

613 5216 773 5263 erant
814 5205 1168 5262 nihilominus
1214 5207 1345 5261 certi
1394 5205 1609 5277 quidam
1643 5214 1869 5261 eventus
1897 5205 1985 5276 qui
2012 5204 2212 5260 nullam

614 5300 893 5356 habebant
939 5315 1157 5356 causam
1203 5314 1233 5354 a
1260 5308 1451 5355 natura
1482 5300 1933 5367 determinatam,
1992 5315 2055 5355 ex
2107 5314 2213 5370 qua

611 5402 867 5464 poterant
895 5404 1052 5450 antea
1101 5392 1390 5464 cognosci;
1445 5401 1501 5448 et
1546 5405 1675 5448 vero
1727 5393 1819 5463 qui
1863 5409 1972 5447 non
2011 5409 2080 5450 ex
2107 5410 2211 5450 una

610 5483 793 5554 aliqua
812 5498 996 5552 causa,
1028 5486 1121 5543 sed
1149 5502 1217 5542 ex
1244 5485 1485 5541 omnium
1515 5499 1786 5541 consensu
1811 5485 2209 5557 complexuque

608 5574 882 5630 orirentur
930 5576 1164 5650 (quales
1208 5587 1368 5636 erant
1419 5580 1509 5650 qui
1557 5577 1827 5648 publicum
1890 5579 2208 5649 spectabant

598 5666 896 5739 plerique),
938 5669 1064 5726 illos
1089 5672 1172 5727 vel
1200 5673 1358 5727 unius
1394 5685 1575 5728 causa:
1609 5669 1876 5737 delectus,
1910 5672 1991 5726 vel
2038 5672 2200 5729 etiam

592 5757 759 5815 unius
801 5760 1184 5842 interpositio,
1218 5767 1453 5826 incertos
1480 5765 1644 5835 fecit,
1701 5772 1761 5823 ut
1810 5763 2037 5840 proinde
2091 5780 2199 5825 non

2323 4649 2413 4703 illo
2463 4647 2574 4702 Deo
2625 4647 2903 4702 revelante
2950 4660 3296 4717 cognoscere.
3342 4644 3448 4701 Sed
3482 4660 3581 4700 nec
3609 4646 3655 4700 si
3710 4656 3922 4703 motum

2320 4741 2470 4797 illum
2503 4741 2863 4797 universalem
2892 4740 3304 4811 cognovissent,
3339 4740 3420 4795 vel
3466 4742 3537 4795 ita
3585 4750 3805 4810 possent
3847 4741 3920 4800 de

2319 4848 2609 4893 eventuum
2636 4837 2792 4891 istius
2812 4835 2958 4890 modi
2983 4834 3309 4891 certitudine
3335 4833 3598 4903 judicare.
3630 4834 3741 4890 Nec
3767 4834 3919 4890 enim

2318 4931 2392 4985 ita
2431 4929 2692 4985 mundum
2739 4928 3046 4983 universum
3081 4925 3394 4982 mechanico
3421 4941 3449 4979 a
3483 4926 3594 4981 Deo
3638 4926 3751 4997 regi
3796 4938 3922 4980 ere-

2319 5021 2552 5087 debant,
2587 5032 2645 5077 ut
2680 5037 2787 5076 non
2816 5018 3107 5090 aliquando
3133 5029 3321 5075 contra
3352 5028 3555 5074 motum
3595 5018 3742 5073 illum
3791 5017 3921 5072 uni-

2318 5114 2616 5179 versalem,
2671 5113 2871 5182 saepius
2913 5120 3094 5167 tamen
3122 5120 3319 5183 prater
3346 5110 3495 5166 illum
3516 5152 3530 5177 ,
3579 5110 3719 5165 Deus
3748 5110 3922 5167 inter-

2314 5219 2521 5276 ponere
2565 5213 2623 5261 et
2672 5204 2834 5261 vellet
2887 5214 2944 5260 et
2983 5204 3220 5271 soleret;
3270 5215 3459 5259 contra
3509 5201 3803 5272 equidem,
3858 5204 3915 5260 in

2318 5298 2594 5354 miraculis
2625 5315 2637 5352 :
2669 5306 2868 5369 prteter
2914 5297 3062 5354 illum
3085 5340 3100 5363 ,
3133 5298 3345 5369 quoties
3391 5296 3556 5354 vellet
3607 5297 3919 5354 ordinarias

2317 5392 2480 5447 etiam
2546 5392 2843 5447 electorum
2893 5406 3087 5462 preces
3142 5388 3422 5446 exaudire.
3487 5388 3711 5447 Frustra
3763 5389 3917 5446 enim

2316 5493 2499 5541 essent
2526 5484 2733 5554 piorum
2762 5499 2952 5554 preces
2982 5495 3041 5540 ut
3078 5484 3399 5556 plurimum,
3432 5498 3533 5552 pro
3572 5483 3729 5538 bonis
3769 5497 3919 5554 pm-

2312 5577 2497 5633 sertim
2546 5576 2963 5647 temporalibus;
3014 5576 3059 5632 si
3106 5576 3241 5633 nihil
3288 5585 3472 5646 posset
3517 5576 3658 5629 Deus
3707 5582 3919 5644 praeter

2308 5670 2631 5729 universalis
2662 5679 2873 5726 naturae
2900 5685 3142 5739 cursum,
3171 5670 3291 5726 sine
3312 5667 3595 5735 miraculo,
3624 5677 3916 5737 praestare.

2303 5766 2490 5825 Toties
2518 5766 2666 5826 enim
2690 5763 2898 5824 edenda
2925 5774 3109 5823 essent
3129 5762 3428 5824 istiusmodi
3453 5758 3733 5832 miracula,
3764 5775 3916 5833 quo-
