4230 6212
381 243 450 300 25
1518 241 1603 296 DE
1644 239 2024 300 VISIONIBUS
2061 241 2533 303 PROPHETICIS.
3611 250 3684 305 26

381 359 483 415 ties
533 358 805 416 bonorum
855 363 1042 413 essent
1096 368 1285 427 preces
1333 355 1634 412 audienda.
1714 355 1869 424 Quod
1936 358 1980 411 si
2010 357 2059 419 Α
2088 359 2506 428 expectandum.
2550 359 2777 433 Quoque
2806 363 3006 433 saepius
3049 366 3347 437 prophetiis
3375 365 3494 437 ejus
3517 379 3682 422 even-

383 458 584 523 prteter
644 448 1002 505 universalem
1049 447 1202 503 illum
1249 456 1451 503 motuin
1504 448 1669 502 multa
1726 449 1867 503 Deus
1924 458 1980 503 ct

381 543 518 598 velit
564 550 818 612 prmstare
864 540 1208 611 soleretque;
1250 541 1494 610 sequitur
1531 554 1595 595 ex
1638 540 1764 605 illo,
1797 541 1841 594 si
1893 540 1978 596 vel

382 635 623 691 maxime
643 633 999 699 innotuisset,
1031 632 1162 687 nihil
1190 646 1311 688 esse
1339 632 1406 687 de
1436 630 1631 687 futuris
1658 634 1976 704 contingen-

382 729 523 784 tibus
549 738 699 783 certo
729 725 1205 797 pronuntiandum.

453 822 483 895 §
513 824 600 879 51.
624 851 699 862 --
724 821 878 890 Quod
920 821 968 876 si
1009 820 1156 886 lucc,
1192 827 1249 874 ut
1272 826 1484 874 creatas
1515 818 1658 875 vires
1682 834 1747 875 ex
1782 829 1972 874 natura

376 929 475 972 sua
504 930 609 970 non
641 922 999 986 superarent,
1031 929 1136 968 non
1166 923 1347 968 tamen
1382 924 1603 983 possent
1628 929 1656 966 a
1686 924 1933 968 creatura
1956 955 1971 980 ,

380 1009 487 1066 nisi
522 1010 631 1063 Deo
659 1009 978 1074 revelante,
1013 1008 1301 1079 cognosci;
1335 1006 1387 1063 id
1417 1023 1580 1063 unum
1625 1009 1837 1064 abunde
1864 1008 1975 1064 suf-

378 1104 514 1173 ficit,
547 1114 602 1160 ut
621 1104 840 1175 quoties
871 1103 1181 1158 hominibus
1203 1103 1563 1158 innotuissent
1587 1144 1603 1170 ,
1653 1106 1763 1158 Deo
1794 1115 1971 1160 tamen

374 1212 589 1253 summo
616 1206 803 1253 essent
841 1195 1037 1252 merito
1070 1194 1375 1249 tribuenda.
1428 1193 1538 1249 Nec
1568 1195 1709 1250 enim
1742 1194 1793 1249 id
1823 1210 1973 1265 qua:-

374 1289 645 1354 rendum,
704 1289 914 1343 Deusne
963 1288 1110 1357 ipse,
1162 1302 1231 1341 an
1259 1287 1377 1357 ejus
1396 1286 1551 1357 jussu
1601 1288 1972 1359 permissuque

374 1392 626 1440 creatura
657 1384 865 1454 aliqua,
893 1382 943 1438 ei
974 1390 1152 1437 tamen
1186 1381 1400 1437 subdita
1433 1381 1740 1436 hominibus
1772 1397 1835 1438 ea
1878 1397 1969 1438 re-

376 1477 625 1534 velaret?
654 1477 784 1541 sed,
814 1491 883 1531 an
902 1518 918 1543 ,
958 1490 1024 1532 eo
1050 1476 1272 1532 nolente
1292 1518 1308 1544 ,
1343 1476 1423 1531 vis
1447 1474 1621 1546 aliqua
1651 1477 1969 1532 contraria?

375 1570 436 1627 In
468 1587 530 1628 eo
557 1572 703 1628 enim
749 1581 998 1627 versatur
1025 1572 1230 1627 erroris
1257 1570 1573 1642 periculum.
1618 1571 1813 1642 Atqui,
1844 1570 1967 1627 data

372 1664 497 1734 hac,
523 1680 682 1737 quam
716 1665 1248 1736 reprzesentavimus,
1299 1664 1620 1737 hypothesi;
1654 1665 1706 1720 id
1756 1676 1964 1721 eertum

2087 459 2174 506 tus
2200 454 2637 525 reSpondisseut,
2682 472 2747 512 eo
2794 458 2995 513 certius
3045 463 3328 516 constabat
3378 476 3484 515 non
3533 461 3683 517 casui

2084 546 2231 614 haec,
2289 549 2382 602 sed
2443 565 2569 605 vero
2600 550 2763 606 certis
2792 552 2968 607 causis
3009 568 3129 610 esse
3176 555 3479 611 tribuenda.
3541 553 3677 611 Cum

2085 653 2213 692 vero
2242 638 2469 695 duorum
2497 651 2682 697 essent
2709 658 2967 713 generum
3003 648 3301 717 pr0phetite
3323 691 3336 714 ,
3368 649 3489 703 alia:
3518 649 3680 704 clara:

2081 731 2374 801 facilesque
2416 734 2692 790 intellectu
2715 777 2729 802 ,
2764 738 2816 791 in
2845 739 3041 807 quibus
3073 740 3215 794 nulla
3247 756 3370 797 esse
3400 751 3583 811 pOsset
3612 743 3681 799 de

2080 837 2211 877 vero
2265 824 2546 895 piOpbetze
2600 842 2763 883 sensu
2812 830 3110 898 dubitatio;
3168 833 3289 887 alite
3345 849 3531 890 rursus
3584 851 3681 906 pro

2078 918 2276 969 usitato
2325 918 2726 987 prophetiarttm
2772 923 3058 987 idiomate,
3109 926 3371 996 symbolis
3423 930 3680 999 mnigma-

2078 1008 2323 1081 libusque
2372 1012 2628 1067 involutm
2650 1055 2666 1081 ,
2698 1025 2752 1069 ut
2781 1029 2924 1088 :egre
2955 1017 3178 1089 intelligi
3212 1029 3395 1087 posset
3423 1036 3674 1092 quamam

2077 1104 2355 1171 proplietre
2405 1115 2548 1159 esset
2579 1115 2672 1161 aut
2718 1109 2953 1162 numinis
2982 1111 3253 1165 sententia
3283 1129 3296 1164 :
3328 1126 3392 1166 ex
3429 1113 3667 1183 priorum

2077 1196 2307 1251 veritate
2362 1196 2432 1252 de
2482 1200 2877 1269 posterioribus
2908 1211 3025 1257 erat
3073 1203 3675 1275 solidissimejudiCan-

2074 1287 2222 1344 dum.
2255 1290 2311 1346 Si
2341 1306 2529 1347 omnes
2550 1294 2794 1349 obscura:
2825 1306 3026 1362 essent,
3064 1308 3120 1353 ut
3146 1300 3199 1353 in
3230 1300 3465 1356 oraculis
3508 1302 3675 1373 Apol-

2074 1381 2200 1438 linis
2258 1384 2475 1451 Loxite,
2538 1399 2953 1461 nostrorumque
3017 1390 3402 1448 hodiernorutu
3473 1394 3673 1450 enthu-

2073 1480 2359 1534 siastarurn
2417 1480 2665 1547 deliriis;
2713 1483 2855 1537 nulla
2900 1484 3013 1553 jam
3045 1494 3200 1539 erant
3231 1487 3526 1543 intrinseea
3556 1504 3675 1545 cre-

2071 1571 2351 1626 dibilitatis
2403 1585 2763 1644 argumenta,
2834 1585 2889 1629 ut
2945 1576 3048 1631 nisi
3114 1576 3253 1633 forte
3299 1594 3422 1634 eum
3489 1580 3669 1637 locum

2071 1664 2377 1720 extrinseea
2434 1666 2813 1737 supplessent,
2872 1670 3217 1739 quantumvis
3244 1686 3392 1726 verte
3441 1683 3671 1729 essent:

374 1766 495 1814 erat
515 1757 823 1829 hujusmodi
872 1757 1234 1813 revelationes
1283 1772 1314 1812 a
1363 1757 1411 1811 vi
1467 1758 1643 1828 aliqua
1696 1758 1965 1814 contraria
1996 1764 2127 1823 Bat
2180 1758 2387 1812 nullum
2436 1768 2583 1814 certe
2634 1759 2906 1815 habebant
2960 1762 3235 1831 veritatis,
3282 1781 3387 1835 quo
3433 1781 3464 1821 a
3520 1765 3671 1825 falsis

370 1864 494 1907 esse
520 1865 629 1906 non
668 1864 848 1922 posse.
883 1849 996 1905 Nec
1036 1850 1181 1905 enim
1229 1858 1347 1905 erat
1394 1860 1639 1906 creatura
1669 1867 1823 1922 quae,
1858 1852 1968 1908 Deo

369 1943 623 2011 nolente,
652 1959 716 1999 ea
763 1953 946 2013 posset
973 1958 1332 2014 cognoscere;
1365 1959 1463 1999 nec
1494 1946 1787 2000 verisimile
1817 1957 1966 2011 erat,

370 2036 583 2107 angelis
605 2037 890 2091 contrariis
916 2045 971 2091 et
995 2037 1107 2091 suis
1135 2051 1462 2108 suorumque
1490 2036 1735 2092 hostibus
1787 2039 1965 2095 infen-

371 2130 625 2198 sissimis,
658 2130 821 2185 Deum
854 2145 916 2184 ea
947 2130 1329 2196 revelaturum,
1359 2146 1481 2201 qua:
1509 2147 1614 2185 non
1636 2144 1819 2189 essent
1840 2132 1965 2189 illo-

367 2240 489 2280 rum
520 2237 729 2280 naturte
757 2224 940 2280 debita
960 2268 975 2291 ,
1008 2240 1108 2280 nec
1136 2236 1391 2295 possent,
1427 2227 1528 2282 nisi
1568 2242 1635 2282 eo
1666 2229 1962 2295 revelante,

366 2335 717 2391 cognoscere.
752 2317 1009 2391 Sequitur
1033 2335 1197 2391 ergo,
1233 2330 1289 2375 ut
1317 2325 1631 2392 angelorum
1663 2323 1965 2379 ministerio

367 2412 423 2467 in
461 2411 795 2469 revelatione
822 2412 1137 2467 hominibus
1168 2413 1532 2483 patefacienda
1566 2425 1831 2480 uteretur,
1861 2416 1964 2471 nisi

366 2502 527 2560 bonis
558 2514 738 2561 tamen
770 2505 992 2561 minime
1035 2520 1280 2561 usurum.
1311 2505 1421 2562 Nec
1452 2509 1797 2564 metuendum
1831 2510 1960 2580 quin

366 2594 449 2651 illi
500 2611 729 2651 munere
780 2596 887 2653 sibi
934 2599 1219 2653 commisso
1248 2598 1659 2670 diligentiSsime
1709 2601 1963 2658 ﬁdelissi-

364 2702 567 2758 meque
618 2687 990 2759 fungerentur.
1039 2689 1117 2744 Ita
1165 2692 1452 2746 constabat
1502 2707 1656 2748 veras
1695 2694 1856 2751 hasce
1895 2695 1963 2751 de

366 2778 569 2836 futuris
596 2782 1035 2853 contingentibus
1076 2784 1436 2841 revelationes
1474 2786 1580 2840 nisi
1625 2802 1656 2842 a
1691 2788 1800 2845 Deo
1835 2804 1962 2847 auc-

363 2880 489 2927 tore
514 2887 638 2929 esse
664 2887 768 2928 non
796 2889 973 2944 posse.

441 2964 656 3037 §52.—
668 2966 1002 3039 Quamquam
1027 2978 1209 3025 autem
1238 2970 1600 3042 bypotlieseos
1621 2974 1837 3043 veritas,
1866 2991 1962 3031 cu-

352 3056 443 3129 jus
486 3060 663 3129 justas
693 3058 856 3116 hasce
884 3059 1120 3116 diximus
1147 3076 1266 3118 esse
1290 3073 1451 3135 atque
1474 3065 1741 3136 legitimas
1766 3082 1960 3126 conse-

2075 1851 3026 1922 internoscerentur,characterem,
3083 1870 3185 1911 nec
3233 1858 3369 1912 alios
3421 1860 3668 1929 proinde,

2070 1952 2282 1998 utvcra
2323 1944 2700 2012 crederentur,
2733 1945 3064 2016 obligabant.
3116 1948 3209 2003 Sin
3269 1951 3463 2020 aliqua:
3521 1966 3671 2022 pers-

2070 2036 2284 2106 picuae;
2326 2036 2437 2105 jam
2482 2038 2637 2093 facile
2671 2038 2933 2109 judicium
2982 2050 3132 2109 erat,
3182 2041 3252 2098 de
3294 2043 3513 2115 reliquis
3540 2045 3670 2116 quid

2071 2142 2218 2186 esset
2245 2132 2612 2187 statuendum.
2660 2134 2719 2188 Si
2758 2143 2986 2190 eventus
3029 2136 3116 2191 vel
3167 2138 3329 2192 unius
3373 2139 3670 2209 perspicuae

2072 2223 2379 2295 prOphetim
2410 2242 2516 2281 non
2545 2227 2949 2297 respondisset;
3000 2229 3160 2299 plane
3188 2232 3519 2302 sequebatur
3569 2247 3670 2288 nec

2070 2317 2298 2387 reliquis
2326 2333 2449 2375 esse
2474 2320 2747 2376 lidendum
2769 2360 2786 2387 ,
2821 2322 2948 2389 quin
2977 2324 3153 2393 potius
3174 2325 3292 2379 illas
3318 2325 3404 2380 vel
3435 2327 3667 2381 naturali

2068 2408 2478 2478 enthusiasmo,
2540 2413 2618 2466 vel
2661 2412 2849 2479 alteri,
2904 2414 3081 2482 potius
3132 2414 3397 2471 diabolico
3453 2416 3665 2487 spiritui

2067 2518 2226 2573 quam
2269 2503 2451 2558 divino
2496 2518 2616 2559 esse
2665 2504 3002 2560 tribuendas.
3058 2506 3130 2561 Ita
3185 2507 3494 2564 Maximilla:
3544 2524 3670 2581 pro-

2067 2594 2280 2666 phetias
2310 2610 2369 2650 re
2393 2594 2509 2650 ellit
2540 2596 2786 2651 Asterius
2831 2595 3083 2653 Urbanus
3119 2598 3248 2671 (Ap.
3283 2599 3497 2669 Euseb.,
3527 2600 3666 2656 Hist.

2065 2687 2216 2750 εει-ι..
2252 2701 2308 2752 v,
2343 2685 2455 2756 16).
2499 2688 2835 2744 Praedixerat
2880 2689 2971 2743 illa
3002 2690 3287 2747 imminere
3333 2695 3586 2767 πολέμους
3613 2703 3671 2750 et

2064 2783 2486 2847 ἀκαταστασίας,
2537 2796 2659 2835 cum
2686 2792 2863 2838 tamen
2891 2792 3012 2853 post
3038 2799 3237 2839 annum
3298 2788 3513 2841 tertium
3571 2788 3666 2842 de-

2064 2875 2264 2929 ciuium
2317 2874 2428 2945 jam
2484 2876 2762 2945 elapsutn,
2811 2891 2910 2932 nec
2968 2878 3292 2946 particulare
3345 2879 3544 2935 bellum
3572 2889 3667 2936 aut

2064 2968 2368 3024 universale
2416 2969 2468 3023 in
2500 2970 2658 3025 terris
2705 2969 2924 3035 fuisset,
2971 2970 3289 3026 Christianis
3342 2974 3505 3028 etiam
3563 2988 3663 3043 pax

2065 3063 2217 3118 firma
2249 3062 2563 3133 stabilisque
2591 3064 2997 3132 permansisset.
3027 3063 3157 3119 Inde
3183 3064 3463 3120 concludit
3499 3064 3664 3122 ﬁdem

356 3154 630 3224 quentias,
663 3169 731 3209 ex
759 3154 1071 3211 docentium
1098 3157 1418 3213 auctoritate
1452 3159 1672 3228 probata
1700 3169 1803 3228 est,
1834 3177 1955 3232 quae
1982 3160 2028 3222 C
2059 3158 2107 3215 ei
2132 3172 2345 3212 omnem
2376 3172 2497 3212 esse
2526 3156 2914 3227 derogandam.
2943 3156 3098 3223 Quod
3124 3157 3171 3211 si
3197 3159 3507 3213 evenissent
3533 3174 3656 3229 quae

358 3257 417 3303 et
447 3248 564 3319 ipsa
587 3248 708 3303 aliis
732 3259 850 3304 erat
874 3249 1151 3305 miraculis
1180 3252 1588 3318 commendata;
1622 3254 1748 3309 facit
1779 3264 1955 3311 tamen

357 3340 609 3397 nonnihil
638 3341 706 3397 ad
748 3345 1153 3414 pmtnissarum
1182 3361 1397 3416 quoque
1424 3347 1702 3403 veritatem
1722 3389 1736 3413 ,
1765 3363 1957 3405 conse—

362 3434 708 3505 quentiarum
733 3451 952 3508 quoque
996 3438 1109 3507 ipsa
1147 3437 1531 3507 probabilitas,
1567 3449 1783 3509 tamque
1832 3451 1954 3512 apta

358 3527 502 3585 inter
527 3544 586 3585 se
604 3539 658 3586 et
683 3544 807 3586 cum
836 3530 1204 3602 phmnomenis
1230 3535 1514 3589 connexio.
1534 3533 1664 3589 Nam
1686 3536 1738 3590 in
1763 3536 1953 3607 hujus-

356 3624 503 3682 modi
552 3628 731 3681 causis
778 3642 914 3698 quas
942 3626 1088 3697 ipsas
1129 3626 1271 3683 nulla
1304 3637 1488 3683 nostra
1515 3644 1542 3682 a
1589 3630 1752 3699 priori
1784 3631 1955 3685 ratio-

354 3718 558 3776 cinatio
583 3720 832 3791 attingit,
871 3719 924 3775 id
951 3736 1118 3775 unum
1164 3721 1381 3776 student
1412 3721 1692 3790 homines,
1746 3732 1806 3777 ut
1851 3723 1954 3779 sibi

354 3813 643 3886 quamdam
688 3813 895 3885 ﬁngant
923 3812 1248 3885 hypothesin
1277 3829 1397 3884 quae
1422 3829 1544 3869 eum
1584 3816 1954 3885 phrenomcnis

359 3917 487 3977 apte
512 3908 819 3972 conveniat,
846 3921 945 3963 nec
965 3904 1123 3963 aliam
1143 3917 1392 3976 quierunt
1412 3908 1530 3977 ejus
1559 3909 1952 3978 probationem,

360 4014 525 4071 quam
552 4011 727 4069 aptam
763 4000 911 4055 illam
941 4016 1064 4057 eum
1094 4000 1467 4070 phtennmenis
1495 4003 1952 4071 convenientiam,

359 4106 594 4164 eamque
638 4093 1163 4164 veriuremjudicant
1193 4110 1313 4166 qua:
1362 4094 1737 4166 phaznomenis
1788 4096 1956 4165 pluri-

354 4184 460 4241 bus
501 4185 786 4258 aptiusque
810 4186 1122 4258 reSpondet.
1180 4186 1255 4242 Ita
1301 4186 1545 4256 judicant
1599 4187 1669 4243 de
1718 4188 1955 4245 metibus

353 4277 569 4333 orbium
605 4279 933 4344 ctelestium,
984 4278 1213 4334 marium
1236 4321 1249 4344 ,
1283 4289 1711 4350 ventorumque:
1740 4280 1807 4335 de
1837 4296 1956 4334 ma-

349 4372 531 4443 gnetis
586 4380 780 4426 natura
834 4371 1171 4442 aliorumque
1226 4370 1280 4427 id
1328 4387 1498 4443 genus
1551 4373 1813 4427 omnium.
1847 4372 1957 4429 Nec

354 4474 546 4521 tamen
577 4467 757 4521 minus
781 4476 861 4521 est
885 4482 915 4521 a
958 4467 1114 4522 nobis
1141 4466 1350 4522 occulta
1382 4468 1518 4523 ratio
1562 4467 1916 4537 providentiae
1937 4510 1953 4535 ,

2065 3250 2320 3321 praedicta
2349 3258 2495 3315 sunt,
2529 3265 2629 3320 pro
2651 3251 2837 3304 talium
2875 3259 3167 3305 eventuum
3195 3252 3492 3322 frequentia
3530 3266 3660 3323 pro-

2063 3342 2242 3413 pheta:
2272 3342 2406 3397 fides
2437 3344 2605 3409 magis
2652 3355 2771 3396 erat
2817 3342 3064 3397 minusve
3113 3342 3369 3398 stabilita.
3424 3342 3661 3399 Omnino

2060 3432 2391 3489 solidiSsima
2419 3442 2538 3487 erat
2570 3432 2879 3503 hujusmodi
2903 3435 3336 3504 argumentatio,
3371 3449 3471 3491 nec
3504 3435 3662 3492 video

2060 3525 2188 3595 quid
2249 3526 2303 3579 in
2361 3539 2423 3580 ea
2465 3524 2869 3594 reprehendere
2898 3529 3142 3597 possint,
3198 3525 3395 3581 nedum
3448 3526 3661 3595 ridere,

2060 3632 2263 3674 scurra!
2284 3617 2463 3686 athei;
2517 3633 2617 3674 nec
2642 3619 2768 3689 quid
2800 3620 2976 3675 simile
3007 3620 3302 3676 obtendere
3329 3621 3537 3691 possint
3568 3636 3664 3691 pro

2059 3711 2172 3765 suis
2194 3752 2209 3777 ,
2239 3726 2374 3781 quas
2398 3710 2554 3765 hodie
2582 3710 2856 3766 venditant
2904 3710 3225 3782 prophetiis,
3269 3712 3384 3767 heri
3441 3712 3662 3768 nudius-

2062 3806 2355 3875 tertiusque
2396 3805 2505 3860 nati
2550 3805 2801 3872 fanatici,
2850 3807 2965 3861 sive
3009 3821 3195 3861 eorum
3251 3808 3340 3878 qui
3387 3809 3659 3864 communi

2061 3900 2479 3969 protestantium
2511 3899 2773 3954 vocabulo
2802 3909 3116 3968 censentur,
3139 3901 3254 3955 sive
3284 3901 3442 3956 etiam
3474 3916 3661 3955 eorum

2060 4008 2194 4064 quos
2226 3995 2483 4064 inysticos
2509 3994 2784 4064 appellant
2823 3993 3102 4065 theologos
3143 3995 3423 4064 pontificii.
3476 3994 3658 4049 Neutri

2060 4084 2396 4155 argumentis
2453 4086 2775 4141 extrinsecis
2825 4095 3081 4153 utuntur,
3156 4086 3275 4140 sive
3342 4086 3657 4155 miraculis,

2060 4192 2243 4233 coram
2267 4189 2320 4234 ct
2351 4180 2401 4233 in
2434 4180 2745 4249 propatulo,
2791 4178 2954 4249 inque
2976 4177 3270 4233 infidelium
3304 4178 3438 4236 facie
3463 4180 3624 4235 editis
3644 4223 3658 4246 ,

2062 4273 2177 4328 sive
2207 4274 2458 4339 aliorum,
2491 4288 2520 4326 a
2552 4273 2708 4327 nobis
2733 4274 2895 4327 etiam
2928 4274 3231 4344 agnitorum
3269 4275 3658 4345 pmphetarum

2063 4370 2409 4426 testimoniis.
2484 4368 2670 4424 Neutri
2737 4368 3061 4425 testimoniis
3128 4369 3473 4436 intrinsecis,
3546 4369 3661 4426 sive

2061 4464 2302 4520 cordium
2336 4462 2629 4520 infidelium
2658 4463 2934 4534 patefactis
2979 4464 3225 4530 occultis,
3278 4466 3392 4519 sive
3438 4464 3651 4521 futuro-

348 4573 518 4631 quam
545 4558 762 4613 orbium
784 4558 1107 4615 caelestium.
1148 4557 1256 4613 Nec
1300 4558 1479 4613 minus
1524 4567 1651 4628 apte
1699 4559 1954 4613 convenit
1980 4555 2033 4615 D
2060 4571 2179 4611 rum
2211 4556 2639 4627 contingentium
2670 4556 3055 4626 praedictione,
3075 4555 3185 4626 jam
3216 4554 3307 4611 diu
3334 4566 3462 4611 ante
3489 4570 3657 4613 even-

349 4665 476 4708 eutn
518 4652 893 4723 phmnomenis
921 4652 1039 4709 hmo
1065 4652 1483 4708 christianorum
1512 4652 1581 4707 de
1609 4653 1950 4724 providentia

349 4744 704 4819 hypothesis,
742 4762 903 4817 quam
935 4746 1209 4801 Ptolemaei
1240 4746 1329 4800 illa
1353 4788 1366 4812 ,
1398 4744 1517 4801 sive
1552 4745 1714 4801 etiam
1744 4747 1948 4817 Ceper-

344 4839 498 4903 nici,
536 4840 651 4895 sive
686 4839 910 4895 alterius
951 4840 1187 4909 cujusvis
1212 4839 1524 4894 Astrouomi
1549 4854 1673 4894 cum
1704 4848 1947 4894 motuum

348 4930 572 4988 illorum
611 4930 1008 5003 phmnomenis.
1037 4930 1237 4986 Contra
1270 4933 1449 5001 potius
1494 4931 1652 5003 longe
1688 4931 1951 4987 certiores

346 5032 507 5080 erant
527 5021 947 5078 christianornm
972 5022 1132 5078 etiam
1162 5032 1367 5077 natura:
1393 5021 1943 5091 imperitissimorum,

355 5111 431 5169 dc
472 5113 668 5171 futuris
717 5116 1158 5188 contingentibus
1206 5115 1539 5186 prophetiae,
1594 5131 1754 5188 quam
1798 5116 1944 5188 peri-

354 5203 685 5263 tissinorum
745 5209 906 5263 etiam
955 5208 1353 5280 astrologorum
1411 5208 1632 5279 judicia.
1704 5209 1782 5265 Ex
1838 5224 1947 5280 quo

346 5299 411 5357 id
452 5298 611 5357 etiam
632 5306 962 5375 sequebatur
992 5303 1152 5375 longe
1190 5317 1316 5358 esse
1352 5304 1734 5370 verisimilius,
1761 5318 1792 5358 a
1835 5304 1946 5359 Deo

342 5405 476 5450 esse
509 5392 651 5458 hanc,
675 5410 837 5468 quam
862 5412 892 5451 a
922 5397 1115 5467 quovis
1143 5397 1465 5452 naturalium
1496 5410 1781 5452 causarum
1810 5410 1944 5452 con-

342 5499 516 5543 sensu
541 5488 850 5558 repetenda.

420 5575 871 5652 533.—Probata
896 5597 1027 5654 ergo
1041 5581 1441 5653 prephetiarum
1462 5582 1857 5654 prteteritarum
1877 5597 1944 5640 ex

339 5680 550 5731 eventu
576 5674 837 5741 veritate,
874 5674 946 5729 ita
972 5674 1167 5732 deinde
1194 5674 1472 5747 prOphetae
1516 5676 1811 5732 auctoritas
1858 5691 1947 5732 ac-

341 5766 521 5827 cessit
546 5765 615 5825 ad
643 5768 871 5826 aliarum
900 5768 1306 5842 prophetiarum
1356 5785 1666 5831 successum
1696 5771 1947 5831 similiter

2057 4660 2169 4707 tum
2204 4650 2512 4716 manifesta,
2547 4649 2922 4720 publicamque
2949 4649 3001 4702 in
3034 4649 3205 4703 lucem
3239 4648 3404 4704 edita.

2126 4742 2269 4813 ἐόἂ.
2304 4773 2375 4784 -
2404 4741 2655 4799 Monendi
2701 4753 2828 4797 sunt
2867 4740 3080 4795 interim
3123 4740 3353 4795 lectores
3397 4754 3502 4793 non
3533 4754 3655 4795 esse

2054 4846 2232 4892 tamen
2289 4836 2431 4906 quod
2484 4837 2869 4905 prophetarum
2927 4835 3109 4888 omnia
3172 4833 3489 4904 prophetico
3544 4836 3653 4890 sint

2053 4929 2267 5000 spiritui
2325 4927 2629 4983 tribuenda.
2678 4927 2757 4982 Ne
2801 4928 2902 4981 hoc
2947 4926 3166 4994 quidem
3207 4926 3379 4982 Judmi
3409 4927 3479 4982 de
3520 4929 3653 4995 suis,

2053 5041 2155 5082 nec
2199 5024 2268 5080 de
2302 5024 2508 5097 Pythiis
2536 5023 2709 5078 Grzeci
2739 5064 2753 5087 ,
2811 5037 2909 5077 nec
2953 5022 3022 5078 de
3053 5023 3333 5094 prophetis
3364 5021 3476 5077 suis
3520 5037 3654 5093 gen-

2052 5122 2173 5177 tiles
2216 5120 2338 5186 alii,
2391 5120 2677 5177 Plimnices
2715 5126 2875 5190 atque
2927 5116 3201 5190 Egyptii,
3248 5132 3348 5173 nec
3390 5116 3478 5185 qui
3525 5131 3654 5187 pro-

2048 5214 2241 5286 phetas
2292 5221 2660 5284 agnoverunt,
2704 5211 2845 5267 ullos
2902 5210 3156 5266 docuisse
3219 5210 3473 5264 arbitror.
3540 5209 3655 5264 Eli-

2051 5321 2217 5362 saeum
2246 5305 2401 5359 latuit
2428 5303 2781 5361 Sunamitidis
2809 5303 3182 5360 infortunium.
3217 5302 3464 5357 Humano
3488 5301 3653 5357 etiam

2048 5398 2241 5469 spiritu
2272 5397 2441 5453 edidit
2484 5398 2738 5453 nonnulla
2769 5398 3144 5453 sanctissimus
3174 5394 3492 5465 Apostolus.
3531 5394 3649 5451 Non

2049 5500 2133 5548 est
2183 5490 2344 5562 igitur
2397 5491 2674 5562 propheta:
2728 5490 2864 5547 fides
2909 5490 2960 5543 in
2995 5489 3214 5543 dubium
3267 5488 3546 5555 vocanda,
3607 5488 3656 5543 si

2048 5598 2155 5655 qua
2202 5582 2276 5638 illi
2337 5582 2647 5639 humanitus
2692 5583 2834 5637 dicta
2887 5580 3221 5648 exciderint,
3278 5581 3382 5635 hoc
3434 5590 3555 5645 est,
3600 5579 3662 5633 in

2051 5676 2118 5734 iis
2165 5694 2287 5749 qua:
2343 5694 2441 5734 nec
2484 5680 2600 5751 ipse
2648 5676 2879 5749 Spiritui
2933 5676 3059 5745 Dei,
3123 5676 3223 5732 sed
3284 5691 3381 5733 suo
3435 5676 3617 5743 potius
3645 5713 3665 5737 ,

2051 5772 2261 5830 tribuit.
2297 5772 2367 5830 Ut
2407 5773 2454 5829 si
2482 5771 2784 5844 Apostolus
2830 5770 2886 5827 in
2928 5768 2994 5825 iis
3032 5785 3153 5841 qute
3201 5785 3310 5839 se,
3349 5779 3455 5820 non
3490 5760 3682 5822 Domi-
