4158 6260
516 298 585 358 27
1472 301 1843 361 DODWELLI
1882 299 2333 369 DISSERTATIO
2367 301 2783 363 CYPRIANICA
3738 307 3810 364 28

517 433 647 486 num
696 417 899 487 hortari
942 420 1182 489 monuit,
1246 429 1512 489 errasset;
1558 437 1669 480 non
1724 422 1910 479 debuit
1956 423 2010 480 id
2056 422 2108 478 in
2133 423 2190 487 Α
2214 418 2557 479 revelaverat
2598 419 2855 490 Spiritus.
2886 418 3224 493 Colligebant
3255 423 3435 495 potius
3462 436 3530 483 ex
3560 432 3669 481 tam
3700 423 3811 482 free

517 510 762 571 fraudein
826 514 1022 573 cedere
1086 515 1312 577 aliarum
1356 516 1474 588 ejus
1527 518 1949 588 prophetiarum.
2006 517 2111 573 Ne-

519 621 627 677 que
653 621 784 665 vero
814 607 887 665 ita
918 609 1124 664 incerta
1151 620 1231 666 est
1253 651 1267 673 ,
1302 618 1361 666 ut
1388 611 1558 669 voluit
1599 609 1854 680 profanus
1877 609 2113 665 Theolo—

517 697 879 769 gico-Politici
943 709 1162 768 auctor,
1214 702 1408 759 horum
1470 704 1748 775 utriusque
1813 702 2109 760 distinctio.

519 792 638 861 Quo
693 790 815 851 loco
872 794 1176 850 cautionem
1225 796 1663 867 interposuerant
1702 799 1842 852 sacri
1887 798 2114 868 scripto-

519 901 640 953 res,
690 901 753 951 ea
796 888 911 956 ipsa
960 887 1139 953 captio
1185 890 1399 959 signum
1446 901 1590 958 erat,
1638 891 1953 959 excipienda
1991 907 2115 946 esse

519 978 636 1040 sola
685 978 753 1035 de
801 979 997 1048 quibus
1058 978 1235 1036 fuerat
1298 992 1546 1050 cautum,
1624 983 1828 1054 reliqua
1887 984 1955 1038 de
2013 984 2117 1039 alio

520 1087 643 1129 esse
689 1073 882 1144 spiritu
915 1074 1285 1146 intelligenda.
1317 1076 1387 1132 Ita
1420 1079 1540 1147 quia
1574 1078 1624 1130 in
1660 1078 1875 1145 scriptis
1917 1077 2119 1147 episto-

520 1167 617 1234 lis,
662 1169 707 1225 si
773 1183 877 1241 qua
935 1183 1035 1225 suo
1087 1170 1279 1240 spiritu
1330 1171 1642 1242 protulisset
1693 1170 2020 1241 Apostolus.
2065 1170 2117 1226 id

522 1264 698 1333 ipsum
770 1263 1001 1319 duxerat
1056 1278 1180 1319 esse
1242 1265 1604 1327 monendum,
1661 1265 1819 1334 plane
1875 1264 2120 1333 sequitur

523 1354 859 1426 reliquorum
924 1364 1199 1411 auctorem
1240 1356 1479 1411 divinum
1549 1356 1806 1424 Spiritum
1858 1370 1978 1410 esse
2019 1355 2118 1412 ha-

524 1445 782 1507 bendum.
840 1447 1043 1503 Contra
1070 1449 1193 1518 quia
1233 1448 1503 1518 lgnatius,
1542 1463 1663 1518 quas
1694 1447 1873 1505 divino
1918 1446 2118 1516 Spiritu

522 1545 743 1599 auctore
815 1537 1016 1604 edidit,
1077 1554 1264 1595 eorum
1333 1539 1553 1595 disertis
1614 1539 1791 1595 verbis
1861 1538 2120 1609 Spiritum

522 1638 797 1696 auctorem
829 1630 1184 1701 praeferebat,
1217 1630 1271 1687 id
1301 1648 1513 1703 quoque
1534 1633 1803 1702 sequitur,
1837 1632 1900 1689 iis
1923 1646 2122 1700 excep-

523 1722 623 1786 tis,
659 1721 865 1793 rcliqua
909 1723 1118 1793 privato
1164 1738 1285 1779 esse
1322 1724 1509 1793 lgnatii
1552 1724 1763 1793 spiritui
1814 1723 2116 1781 tribuenda.

2219 512 2408 580 quenti
2453 522 2823 568 extremorum
2856 524 3159 586 temporum
3201 516 3476 574 mentione
3503 517 3557 573 in
3598 517 3816 576 Veteris

2219 603 2554 663 Testamenti
2584 607 2917 677 prophetiis,
2955 608 3168 679 quoties
3194 610 3263 666 de
3290 611 3454 666 rebus
3494 612 3817 681 evangelicis

2219 699 2462 755 occurrit
2505 700 2712 756 mentio
2734 742 2750 768 ,
2779 717 2900 772 qua:
2931 710 3108 757 tamen
3140 702 3207 757 de
3244 703 3474 772 judaicac
3503 705 3822 760 (economite

2219 793 2420 847 ultimis
2465 794 2796 865 temporibus
2844 795 2976 850 satis
3024 797 3306 853 commode
3355 807 3603 866 poterant
3654 799 3818 853 intel—

2220 883 2335 954 ligi.
2391 884 2628 940 Omnino
2667 902 2879 956 tequum
2915 902 3019 943 non
3050 897 3133 943 est
3172 898 3231 944 ut
3273 888 3397 945 illos
3426 890 3700 945 hominum
3733 906 3819 946 er-

2222 991 2376 1032 rores
2428 977 2650 1047 Spiritui
2706 979 3033 1048 imputemus
3083 995 3220 1050 quos
3273 996 3373 1037 nec
3420 983 3535 1051 ipse
3584 982 3820 1050 Spiritus

2223 1080 2536 1139 susceperat
2565 1071 2945 1141 corrigendos;
2978 1088 3078 1127 nec
3104 1073 3155 1128 id
3184 1074 3355 1143 ipsum
3386 1074 3700 1130 asserebant
3726 1073 3822 1144 qui

2224 1164 2291 1221 ab
2336 1165 2427 1219 illo
2471 1164 2851 1235 spirituafﬂati
2882 1176 3071 1232 erant,
3099 1182 3221 1225 esse
3245 1166 3297 1223 id
3326 1183 3355 1222 a
3402 1168 3591 1237 spiritu
3635 1181 3823 1223 susce-

2225 1266 2392 1324 ptum.
2449 1256 2785 1326 Suppetehat
2838 1258 3054 1313 interim
3108 1259 3240 1315 satis
3286 1266 3433 1314 certa
3481 1258 3606 1321 illa,
3657 1273 3820 1330 quam

2223 1346 2489 1412 diximus,
2540 1347 2819 1417 judicandi
2852 1350 3010 1409 ratio.
3061 1350 3115 1406 Si
3147 1352 3289 1406 enim
3334 1352 3420 1406 vel
3450 1352 3660 1406 illorum
3693 1366 3817 1422 quze

2225 1441 2507 1509 perspicua
2543 1449 2729 1506 erant,
2780 1456 2884 1496 nec
2941 1442 3109 1497 ullum
3158 1443 3429 1498 habebant
3478 1444 3823 1503 obscuritatis

2225 1533 2476 1604 effugium
2503 1578 2517 1604 ,
2550 1550 2781 1605 qumque
2822 1536 3049 1605 spiritus
3101 1537 3319 1593 nomine
3365 1546 3548 1593 essent
3594 1553 3622 1591 a
3662 1558 3825 1596 πνευ-

2225 1637 2460 1699 ματικοῖς
2494 1629 2767 1687 venditata
2792 1670 2806 1694 ,
2848 1640 3111 1700 perpetuo
3142 1631 3428 1686 constabat
3460 1630 3593 1686 fides
3614 1672 3628 1696 ,
3664 1645 3762 1685 nec
3789 1644 3820 1685 a

2226 1734 2286 1774 se
2326 1721 2480 1779 ullibi
2512 1722 2840 1779 dissentiens
2863 1765 2878 1790 ,
2906 1723 2959 1777 id
2989 1724 3163 1793 ipsum
3192 1735 3511 1795 argumento
3536 1732 3655 1781 erat
3689 1724 3822 1779 satis

598 1813 628 1891 ς
668 1814 758 1875 35.
783 1844 854 1856 -—
874 1813 979 1870 Sed
1010 1823 1065 1871 et
1090 1815 1143 1872 id
1170 1817 1482 1873 existimant
1507 1817 1770 1883 nonnulli,
1791 1831 1949 1875 veros
1972 1815 2124 1872 afﬂa-
2152 1825 2200 1887 Β
2228 1811 2516 1871 manufesto
2560 1823 2616 1871 et
2666 1815 2857 1884 spiritu
2899 1813 3111 1873 afllatos
3150 1830 3273 1872 esse
3313 1816 3404 1886 qui
3434 1830 3496 1870 ea
3550 1814 3826 1885 prmdixe-

524 1914 717 1979 tesque
761 1908 851 1965 Dei
883 1908 1086 1980 Spiritu
1124 1910 1452 1980 prophetas,
1498 1911 1551 1966 in
1601 1910 1959 1967 revelatorum
2003 1926 2119 1964 ma-

527 1999 876 2063 nifestatione
904 2016 1005 2057 suo
1031 2016 1152 2058 esse
1182 2004 1393 2073 spiritui
1426 2006 1753 2074 permissos,
1798 2015 1855 2059 ut
1894 2020 1989 2073 pro
2022 2020 2121 2060 suo

526 2103 686 2167 captu
730 2110 793 2151 ea
824 2096 944 2153 aliis
973 2097 1395 2165 ennuntiarent,
1447 2098 1537 2168 qui
1581 2098 1721 2153 alius
1767 2107 1883 2155 erat
1927 2097 1981 2155 in
2014 2098 2120 2152 alio

527 2186 793 2244 excultior
828 2195 992 2259 atque
1019 2190 1354 2247 exornatior.
1396 2188 1452 2246 Si
1493 2190 1672 2259 itaque
1720 2191 1770 2244 in
1826 2190 1987 2244 rebus
2026 2188 2123 2244 ob-

527 2279 634 2345 iter
662 2279 914 2337 notandis
934 2322 950 2348 ,
973 2296 1074 2336 nec
1102 2281 1171 2337 ad
1198 2281 1530 2353 praecipuum
1555 2281 1857 2353 prophetiae
1877 2297 2121 2353 scopum,

528 2373 813 2447 quicquam
876 2373 1231 2443 facientibus,
1282 2375 1396 2431 sive
1453 2389 1564 2435 suae
1615 2375 1893 2432 memoriae
1933 2375 2121 2446 lapsu,

529 2465 643 2525 sive
679 2465 806 2521 dum
848 2481 909 2523 se
952 2467 1258 2523 auditorum
1285 2469 1529 2524 erroneis
1574 2468 1791 2539 quidem
1842 2469 1979 2535 illis,
2029 2468 2126 2524 sed

529 2558 769 2629 receptis
801 2566 980 2614 tamen
1029 2560 1360 2631 pra-judiciis
1407 2561 1855 2630 accommodant,
1891 2577 2011 2631 qua:
2041 2570 2124 2617 ta-

533 2666 657 2707 men
696 2660 854 2717 erant
891 2656 1482 2723 argumentationibus,
1513 2670 1674 2725 quam
1714 2655 1828 2724 ipsa
1856 2654 2089 2711 revelata
2110 2695 2125 2721 ,

530 2747 702 2821 magis
746 2746 976 2815 idonea,
1024 2749 1149 2818 quia
1180 2747 1296 2806 baac
1347 2749 1622 2819 probanda
1652 2758 1840 2814 erant,
1897 2748 2000 2802 illis
2054 2748 2130 2802 uti

532 2847 781 2909 poterant
821 2848 878 2897 ut
932 2842 1203 2896 concessis
1261 2860 1275 2896 :
1325 2841 1370 2897 si
1421 2841 1471 2896 in
1519 2840 1603 2897 his
1638 2840 1853 2911 inquam
1904 2839 2130 2903 halluci-

532 2934 641 2991 nati
666 2944 883 3001 essent,
931 2950 1001 2991 ne
1051 2937 1096 2992 is
1127 2933 1346 3003 quidem
1372 2950 1527 2991 error
1557 2944 1701 2991 esset
1739 2934 1953 3005 spiritui
2001 2950 2129 3005 pro-

534 3023 752 3095 phetico
821 3025 1185 3096 imputandus.
1245 3025 1401 3092 Quod
1460 3027 1637 3097 itaque
1700 3041 1798 3097 pro
1870 3026 2131 3082 Zacharia

534 3117 823 3174 Jeremiarn
852 3118 1033 3175 laudat
1059 3119 1400 3188 Evangelista
1425 3138 1439 3186 ;
1482 3118 1622 3189 quod
1648 3119 1754 3177 £50
1785 3135 1955 3180 annos
1982 3119 2134 3175 Judi-

2225 1915 2378 1971 rant,
2413 1916 2466 1961 et
2493 1904 2709 1977 quidem
2735 1907 3084 1963 veracissimo
3109 1906 3202 1963 illo
3245 1915 3405 1977 atque
3443 1905 3580 1961 adeo
3605 1905 3823 1970 divino,

2226 2010 2284 2054 ut
2324 2002 2550 2070 proinde
2629 2011 2849 2067 essent,
2907 2002 2960 2056 in
3023 2001 3141 2056 aliis
3206 2016 3420 2073 quoque
3487 1999 3823 2066 manifestis,

2225 2094 2557 2162 spiritusque
2600 2094 2818 2149 nomine
2867 2092 3152 2149 manifesto
3194 2093 3521 2160 venditatis,
3576 2092 3827 2146 similiter

2224 2187 2505 2244 credendi.
2563 2188 2619 2243 Si
2668 2198 2858 2242 contra
2918 2189 3325 2257 perspicuorum
3384 2188 3545 2245 ﬁdem
3600 2195 3827 2243 eventus

2225 2282 2503 2343 fefellisset
2519 2324 2534 2349 ,
2550 2282 2605 2338 id
2637 2284 2768 2345 satis
2787 2292 2907 2339 erat
2932 2282 3000 2341 ad
3018 2282 3276 2339 similium
3301 2283 3636 2353 reliquorum
3657 2280 3821 2337 fidem

2229 2376 2621 2448 abrogandam.

2301 2469 2328 2540 §
2357 2469 2448 2525 58.
2470 2500 2540 2511 -—
2562 2470 2725 2526 Recte
2760 2470 2976 2541 quidem
3010 2470 3306 2539 hucusque,
3337 2471 3389 2524 ni
3423 2469 3610 2534 fallor;
3629 2470 3825 2529 obscu—

2228 2576 2411 2617 rarum
2441 2561 2844 2632 prephetiarum
2890 2561 3052 2616 fidem
3082 2576 3146 2616 ex
3190 2562 3489 2619 manifestis
3527 2561 3823 2621 confirma-

2229 2655 2405 2713 vimus
2422 2696 2437 2721 ,
2465 2669 2586 2721 eum
2608 2653 2853 2723 ejusdem
2877 2652 3155 2723 prophetae
3185 2653 3414 2711 fuissent
3439 2652 3686 2708 obscurae
3715 2653 3823 2713 illa:

2232 2748 2386 2817 cujus
2417 2748 2737 2803 manifestae.
2786 2746 3005 2813 Quaeret
3054 2755 3233 2814 autem
3279 2746 3509 2805 fortasse
3532 2788 3549 2814 ,
3587 2761 3689 2802 nec
3727 2746 3827 2802 im-

2232 2840 2459 2905 merito,
2491 2842 2685 2906 lector,
2713 2855 2835 2895 cum
2864 2841 2932 2895 ad
2961 2840 3209 2897 diversos
3236 2840 3341 2899 illae
3379 2840 3676 2911 prophetia:
3704 2855 3829 2911 per-

2233 2932 2498 3000 tiuerent,
2541 2940 2600 2985 ut
2621 2933 2845 2986 alterius
2877 2930 3179 2987 manifestae
3236 2941 3454 2997 essent,
3484 2932 3709 2988 alterius
3735 2932 3833 2988 ob-

2234 3039 2406 3081 scurae
2435 3039 2624 3081 omnes
2645 3065 2659 3090 ,
2691 3024 2850 3081 nulla:
2899 3025 3232 3091 manifestae.
3264 3038 3371 3095 quo
3403 3032 3560 3094 pacto
3599 3032 3823 3092 essent,

2236 3118 2290 3173 in
2334 3132 2399 3173 eo
2438 3132 2602 3185 casu,
2658 3117 2904 3173 obseura:
2958 3132 2988 3172 a
3025 3118 3323 3175 manifestis
3368 3117 3832 3190 comprobanda)?

536 3211 707 3280 cibus,
757 3212 831 3269 40
874 3211 1028 3269 Sauli
1074 3214 1271 3271 tribuat
1313 3214 1631 3284 Apostolus,
1679 3214 1821 3285 quod
1862 3213 2125 3271 incertum
2155 3219 2200 3282 ο
2236 3210 2451 3280 Poterat
2479 3210 2693 3281 quidem
2725 3227 2790 3264 ex
2830 3210 3036 3271 indubii
3080 3210 3355 3281 propheta:
3386 3211 3696 3267 testimonio
3728 3209 3834 3265 du-

537 3303 830 3367 stadiorum
879 3319 1159 3361 numerum
1203 3315 1467 3361 memorat
1508 3306 1563 3363 S.
1613 3305 1819 3369 Lucas,
1867 3306 2129 3365 incertum

538 3396 937 3469 Baptizatorum
990 3399 1046 3456 S.
1102 3399 1328 3467 Paulus;
1394 3401 1553 3470 plane
1626 3401 1855 3457 innuunt
1915 3399 2132 3455 relictas

538 3505 658 3549 esse
699 3494 1018 3564 scriptorum
1075 3494 1323 3549 humanis
1380 3494 1627 3564 captibus
1669 3492 1983 3562 huiusmodi
2032 3493 2132 3548 mi-

539 3585 746 3648 nutias,
790 3601 891 3643 nec
933 3601 1053 3643 esse
1093 3594 1374 3658 propterea
1416 3585 1559 3657 quod
1604 3586 1658 3642 in
1689 3584 1950 3657 Spiritum
1998 3584 2134 3641 divi-

540 3694 665 3737 num
705 3678 1027 3739 referantur.

615 3772 644 3845 ᾗ
677 3772 841 3829 56.—-
856 3772 951 3832 Est
979 3783 1031 3829 et
1057 3772 1200 3837 aliud
1230 3773 1533 3843 exemplum
1559 3772 1613 3828 in
1646 3787 1753 3842 quo
1783 3786 1887 3827 non
1920 3770 2134 3826 illorum

542 3866 705 3923 modo
758 3867 848 3938 qui
915 3866 1226 3939 prophetias
1265 3866 1574 3934 audissent,
1630 3865 1727 3922 sed
1781 3876 1836 3920 et
1897 3865 2135 3933 ipsorum

541 3976 757 4033 quoque
807 3963 1192 4033 prepbetarum
1251 3961 1494 4030 irrepere
1542 3960 1747 4030 possint
1804 3972 2048 4022 errores,
2083 3957 2137 4011 in

544 4056 949 4127 prophetiarum
999 4054 1206 4110 scilicet
1254 4052 1605 4111 obscurarum
1674 4049 2133 4121 interpretatione.

546 4149 715 4206 Erant
743 4149 888 4205 enim
932 4147 1207 4204 nonnulla:
1237 4145 1535 4218 prophetica
1573 4153 1723 4201 certo
1749 4142 1981 4215 quodam
2021 4141 2140 4212 Spi—

544 4244 681 4305 ritus
726 4241 983 4309 consilio,
1046 4241 1119 4299 ita
1164 4241 1450 4305 obscurae,
1502 4247 1561 4293 ut
1588 4254 1692 4299 non
1748 4247 1972 4308 possent
2025 4235 2143 4291 sine

546 4335 650 4391 alia
689 4334 1019 4393 revelatione
1069 4333 1326 4404 intelligi;
1378 4342 1433 4389 ut
1479 4332 1666 4402 primae
1718 4346 1826 4389 non
1877 4328 2043 4387 alium
2089 4328 2143 4382 in

550 4428 711 4486 finem
755 4427 894 4482 data:
943 4424 1285 4494 viderentur,
1333 4440 1493 4496 quam
1548 4433 1605 4481 ut
1669 4431 1977 4491 sanctorum
2029 4434 2146 4492 pro-

551 4518 835 4590 phetarum
880 4518 1249 4575 curiositatem
1299 4517 1738 4588 diligentiamque
1767 4532 1865 4588 pro
1893 4515 2146 4572 secundis

2236 3304 2356 3373 hius
2383 3304 2774 3363 commendari.
2805 3304 2939 3360 Erat
2965 3314 3145 3360 tamen
3173 3316 3226 3367 et
3251 3304 3355 3359 alia
3401 3303 3666 3374 probandi
3698 3303 3834 3358 ratio

2234 3416 2264 3455 a
2288 3399 2563 3461 communi
2588 3400 2811 3468 spiritus
2842 3400 3050 3455 unitate
3078 3400 3267 3469 petita.
3312 3400 3390 3461 Ita
3416 3400 3563 3454 enim
3593 3415 3659 3457 ex
3690 3398 3834 3454 illius

2234 3494 2335 3559 aevi
2401 3493 2679 3565 principiis
2746 3493 2897 3549 licuit
2946 3494 3347 3564 argumentari,
3408 3495 3499 3565 qui
3555 3493 3624 3548 ad
3671 3508 3836 3548 uuam

2237 3588 2588 3659 eamdemque
2613 3590 3050 3653 communionem
3072 3590 3434 3660 pertinerent,
3455 3605 3643 3645 eorum
3672 3605 3837 3645 unum

2238 3696 2361 3739 esse
2395 3682 2679 3751 spiritum,
2712 3698 2777 3738 ex
2819 3682 3011 3737 iisdem
3053 3684 3440 3750 sacramentis,
3495 3682 3684 3738 iisdem
3731 3682 3839 3737 sci-

2239 3778 2365 3843 licet
2413 3779 2600 3849 gratite
2624 3777 2934 3845 canalibus,
2968 3778 3321 3849 ejusdemque
3368 3778 3597 3835 instituti
3638 3775 3837 3833 virtute

2240 3870 2568 3927 derivatum.
2602 3871 2714 3928 Nec
2734 3887 2797 3928 ea
2832 3871 3115 3928 dumtaxat
3169 3872 3405 3942 generali
3451 3880 3662 3927 ratione
3699 3884 3837 3925 con-

2242 3966 2533 4028 cludebant
2562 3982 2727 4021 unum
2755 3981 2877 4023 esse
2918 3967 3078 4021 unius
3109 3965 3505 4023 communionis
3550 3963 3836 4034 spiritum,

2243 4061 2390 4133 quod
2427 4062 2541 4132 pari
2575 4062 2785 4117 ratione
2824 4060 3016 4119 fuisset
3059 4060 3250 4119 iisdem
3284 4058 3641 4115 sacramentis
3676 4057 3843 4113 colla-

2247 4168 2333 4212 tus
2352 4196 2368 4223 ,
2398 4171 2517 4227 qua:
2543 4171 2665 4211 cum
2697 4155 2943 4227 symbola
2972 4164 3159 4210 essent
3179 4164 3454 4211 certorum
3480 4151 3842 4224 quorumdam

2246 4249 2609 4320 legaliumque
2637 4259 2915 4319 pactorum
2937 4288 2954 4315 ,
2983 4247 3052 4303 de
3079 4248 3197 4318 ipso
3234 4247 3331 4301 illo
3357 4246 3611 4301 nimirum
3648 4243 3844 4313 spiritu

2248 4342 2615 4410 conferendo,
2646 4355 2752 4397 non
2781 4347 3031 4411 poterant
3064 4353 3197 4395 sane
3237 4337 3373 4393 alios
3401 4336 3643 4407 obligare
3681 4349 3845 4406 quam

2249 4449 2481 4506 quorum
2510 4433 2601 4490 illa
2642 4444 2825 4489 essent
2868 4431 3145 4504 symbola,
3184 4439 3243 4486 ut
3286 4445 3393 4486 non
3448 4429 3620 4499 possit
3671 4428 3846 4484 malus

2251 4529 2475 4599 spiritus
2520 4528 2575 4583 in
2621 4528 2871 4585 homines
2913 4526 3157 4594 irrepere
3204 4523 3310 4580 nisi
3339 4527 3430 4595 qui
3458 4522 3696 4579 vicissim
3723 4535 3849 4579 cum

552 4613 903 4684 impetrandis
928 4614 1245 4672 excitarent.
1288 4611 1343 4667 ld
1375 4613 1618 4671 videmus
1662 4612 1714 4669 iu
1751 4611 1971 4693 Daruielc
2009 4625 2147 4681 prm-
2170 4622 2224 4683 D
2248 4637 2315 4678 eo
2343 4622 2481 4693 pacti
2510 4628 2723 4686 essent;
2769 4634 2869 4675 nec
2906 4632 3040 4674 vero
3063 4632 3189 4674 cum
3221 4616 3317 4673 illo
3366 4615 3565 4683 pacisci
3595 4613 3850 4671 homines

552 4709 741 4778 cipue,
791 4708 843 4763 in
884 4723 992 4779 quo
1030 4708 1285 4778 frequens
1334 4716 1417 4763 est
1460 4692 1832 4767 secundarum.
1879 4707 2148 4765 visionum

553 4818 651 4874 pro
701 4803 997 4872 primarum
1054 4803 1505 4873 interpretatione
1559 4801 1781 4859 mentio.
1843 4800 1898 4856 Si
1970 4802 2151 4872 itaque

554 4905 681 4955 ante
716 4897 983 4954 secundas
1012 4896 1251 4954 visiones
1282 4897 1398 4969 ipse
1429 4897 1631 4967 primas
1656 4910 1819 4952 ausus
1849 4896 2040 4967 fuisset
2071 4897 2154 4951 in-

558 4990 876 5062 terpretari,
939 4989 1177 5046 humano
1235 4989 1477 5056 omnino,
1522 5004 1630 5044 non
1683 4988 1887 5053 divino,
1940 4989 2154 5058 spiritui

557 5083 849 5143 tribuenda
891 5084 1086 5139 fuisset
1127 5083 1436 5139 istiusmodi
1481 5083 1893 5153 interpretatio,
1939 5093 1995 5141 ut
2025 5098 2153 5153 pro-

559 5176 684 5234 inde
708 5177 827 5247 ejus
857 5191 1012 5232 error
1031 5217 1046 5242 ,
1078 5176 1124 5233 si
1153 5176 1273 5246 quis
1294 5175 1487 5232 fuisset
1509 5215 1525 5241 ,
1554 5176 1893 5247 iniquissime
1922 5185 2069 5235 esset
2095 5176 2149 5231 in

562 5269 823 5341 Spiritum
845 5278 1093 5327 sanctum
1137 5267 1474 5325 referendus.

639 5364 669 5435 δ
700 5363 1028 5423 37.—ldem
1056 5363 1368 5421 statuebant
1390 5371 1597 5421 veteres
1624 5364 1905 5421 christiani
1923 5363 1990 5420 de
2016 5365 2156 5423 scri-

563 5455 671 5528 ptis
715 5471 928 5526 quoque
974 5455 1315 5535 prophetiis,
1370 5456 1542 5513 sicubi
1588 5456 1817 5513 fuissent
1871 5459 2154 5526 obscurae,

564 5552 667 5609 nisi
696 5549 886 5606 eodem
912 5567 1019 5622 quo
1044 5551 1260 5607 dictata:
1300 5549 1529 5606 fuissent
1570 5552 1762 5621 spiritu
1792 5551 1859 5607 de
1902 5568 2043 5613 novo
2074 5568 2162 5609 re-

569 5643 791 5703 velante
822 5645 1129 5714 neutiquam
1158 5660 1281 5702 esse
1320 5653 1470 5700 certe
1500 5645 1898 5716 intelligendas.
1929 5646 2046 5703 Non
2079 5656 2163 5703 est

569 5739 751 5811 itaque
781 5737 923 5809 quod
966 5738 1224 5799 miremur
1262 5747 1509 5797 veterum
1550 5738 1619 5797 de
1648 5739 1951 5811 propinquo
1980 5739 2166 5799 mundi

573 5833 681 5891 flne
708 5831 1185 5893 ballucinationes.
1219 5834 1326 5893 Nec
1373 5834 1516 5893 enim
1545 5834 1693 5895 illum
1740 5833 1957 5895 disertis
1986 5834 2169 5892 verbis

2253 4729 2350 4784 per
2395 4712 2697 4785 symbolae
2748 4711 2894 4773 bono
2945 4712 3137 4781 spiritu
3194 4708 3520 4773 constituta;
3554 4706 3651 4764 sed
3701 4706 3850 4779 quod

2250 4805 2416 4862 etiam
2445 4806 2666 4876 spiritus
2693 4803 2868 4872 ipsum
2893 4810 3039 4858 esset
3064 4801 3283 4857 unitatis
3312 4799 3365 4855 in
3391 4799 3582 4856 eadem
3605 4813 3851 4859 commu-

2254 4898 2415 4953 nione
2447 4896 2738 4952 vinculum.
2780 4892 2852 4951 Ut
2892 4894 3052 4964 igitur
3079 4908 3149 4949 ex
3176 4892 3266 4948 illa
3309 4892 3565 4948 exteriori
3603 4905 3851 4947 commu-

2259 4992 2421 5048 nione
2447 5000 2563 5046 erat
2593 4989 2661 5047 de
2682 4990 2892 5045 interna
2920 4989 3084 5043 etiam
3111 4986 3492 5042 communione
3516 4998 3845 5055 praesumen-

2256 5087 2418 5155 dum,
2453 5088 2524 5143 ita
2568 5088 2731 5142 etiam
2761 5086 3085 5156 sequebatur
3124 5086 3215 5156 qui
3261 5083 3578 5141 earumdem
3624 5084 3854 5138 fuissent

2258 5188 2724 5243 sacramentorum
2802 5179 3133 5249 participes,
3202 5175 3369 5232 fuisse
3440 5175 3601 5232 etiam
3650 5175 3854 5245 pariter

2260 5276 2419 5333 unius
2448 5273 2799 5345 ejusdemque
2823 5272 3045 5341 Spiritus
3070 5269 3381 5341 participes.
3404 5268 3536 5323 Data
3561 5282 3691 5338 ergo
3712 5281 3855 5337 prte-

2262 5367 2576 5425 ternaturali
2636 5364 2815 5436 aliqua
2870 5363 3137 5429 motione,
3190 5377 3310 5432 qua:
3353 5375 3456 5416 nec
3519 5376 3549 5414 a
3591 5373 3856 5431 corporeo

2262 5460 2443 5532 aliquo
2469 5458 2665 5517 afl‘ectu
2685 5501 2700 5525 ,
2743 5472 2843 5514 nec
2870 5472 2902 5513 a
2941 5455 3169 5513 naturali
3198 5452 3570 5510 enthusiasmo
3591 5448 3859 5523 proﬁcisci

2264 5561 2506 5623 poterat,
2543 5551 2638 5606 sed
2665 5558 2809 5605 esset
2838 5548 2999 5619 plane
3024 5547 3076 5600 in
3105 5546 3355 5616 spiritum
3396 5544 3630 5617 aliquem
3662 5539 3856 5596 confe-

2265 5645 2463 5711 renda;
2515 5644 2569 5701 id
2617 5644 2862 5714 inprimis
2900 5641 3314 5712 supponendum
3355 5651 3495 5707 erat,
3531 5652 3638 5694 non
3691 5636 3855 5693 alium

2267 5752 2386 5794 esse
2427 5737 2576 5793 illum
2621 5737 2868 5807 spiritum
2911 5750 3072 5805 quam
3115 5734 3206 5805 qui
3238 5734 3292 5790 in
3348 5733 3566 5802 reliquis
3614 5729 3859 5799 ejusdem

2269 5830 2662 5893 communionis
2708 5827 2964 5889 membris
2989 5838 3327 5897 operaretur.
3356 5825 3432 5885 Ita
3461 5832 3610 5883 recte
3643 5821 3762 5893 quis
3792 5836 3861 5879 ex
