4230 6212
385 254 456 311 29
1513 248 1602 311 DE
1643 243 2027 305 VlSlONIBUS
2067 246 2540 311 PROPHETlClS.
3618 258 3689 314 30

384 368 724 440 reliquorum
755 363 1121 429 membrorum
1150 363 1556 436 operationibus
1576 363 1691 422 sive
1716 365 1989 441 ὶνεργείαις
2017 367 2067 428 Α
2095 365 2253 424 video
2292 367 2437 439 quod
2473 366 2620 427 athei
2669 366 2914 427 hodierni
2960 369 3085 441 jure
3134 344 3345 444 possint
3392 371 3690 446 reprehen-

384 462 456 521 de
493 462 664 531 hujus
688 473 901 531 quoque
942 457 1174 517 membri
1228 460 1422 530 spiritu
1461 458 1706 530 judicare
1754 467 1985 526 poterat.

385 555 449 615 Si
477 556 657 621 bonus
684 550 873 609 fuisset
901 551 954 607 in
1001 551 1153 619 aliis,
1188 551 1360 607 malus
1402 551 1585 621 utique
1633 551 1686 606 in
1735 552 1838 607 hoc
1867 566 1990 608 esse

389 662 502 703 non
547 644 737 717 potuit.
770 644 903 713 Quae
934 642 1071 700 forte
1115 644 1343 700 deerant
1388 643 1443 699 in
1481 644 1584 698 hoc
1621 643 1866 699 membro
1904 659 1992 699 ar-

377 748 637 812 gumenta
676 737 871 809 quibus
909 735 1163 808 distingui
1225 744 1404 805 posset
1456 745 1715 791 utrumne
1769 735 1837 790 ad
1892 736 1992 790 bo-

389 853 587 901 norum
626 843 801 901 esset,
843 849 913 892 an
960 835 1138 906 potius
1170 836 1431 892 malorum
1474 850 1697 891 censum
1746 835 1989 892 referen-

390 931 533 995 dus;
591 944 655 987 ea
708 936 888 987 tamen
941 928 995 984 in
1041 928 1160 983 aliis
1205 927 1449 998 ejusdem
1497 927 1743 998 corporis
1774 929 1990 999 mystici

390 1022 653 1081 membris
697 1036 806 1076 non
834 1020 1080 1077 deerant.
1116 1021 1189 1076 Ita
1233 1021 1449 1078 tandem
1481 1036 1547 1076 eo
1590 1020 1988 1077 deveniendum

386 1125 509 1174 erat
563 1124 624 1172 ut
675 1114 858 1173 omnia
915 1128 1271 1185 quaecumque
1328 1114 1561 1171 aliorum
1620 1115 1987 1170 membrorum

388 1210 568 1276 dona,
602 1223 700 1267 nec
742 1206 883 1264 dona
924 1206 1125 1273 modo,
1177 1207 1275 1263 sed
1319 1216 1375 1263 et
1409 1218 1757 1279 argumenta,
1797 1207 1990 1277 quibus

392 1304 501 1363 hoc
558 1303 735 1374 ipsum
790 1301 989 1356 donum
1054 1300 1107 1356 in
1159 1301 1281 1356 aliis
1325 1301 1729 1371 comprobatum
1779 1301 1985 1366 fuerat;

388 1413 452 1454 ea
483 1412 705 1469 quoque
728 1395 796 1452 ad
822 1395 982 1464 hujus
1021 1396 1187 1451 etiam
1235 1395 1396 1452 ﬁdem
1453 1396 1734 1451 referenda
1766 1403 1984 1464 essent,

390 1501 684 1560 utcumque
711 1488 940 1561 propriis
972 1487 1166 1544 fuisset
1195 1490 1522 1558 argumentis
1553 1489 1893 1544 destitutum.

462 1584 491 1655 ᾗ
516 1584 608 1641 39.
626 1582 765 1637 -—ld
795 1593 972 1638 tamen
991 1583 1150 1638 etiam
1170 1582 1513 1652 sequebatur,
1534 1583 1737 1638 nullum
1766 1597 1887 1638 esse
1911 1590 1985 1638 ta-

388 1677 521 1735 lium
549 1677 905 1737 obscurarum
936 1674 1343 1747 prophetiarum
1372 1675 1474 1731 nisi
1503 1676 1556 1731 in
1587 1676 1843 1732 Ecclesia:
1868 1675 1987 1731 uni-

2093 460 2241 519 dere.

2167 554 2306 627 διο.
2336 584 2407 598 --
2434 556 2510 613 De
2541 556 2842 615 visionibus
2875 567 3051 616 tamen
3082 559 3133 615 id
3156 560 3334 617 obiter
3352 561 3694 619 nimsdver-

2092 646 2343 714 tendum,
2371 649 2554 704 nescio
2584 665 2652 704 an
2675 650 2743 703 ab
2769 650 2889 705 aliis
2927 651 3361 708 animadversum
3387 696 3403 721 ,
3430 653 3692 724 iuvenum

2094 740 2215 796 illas
2239 740 2402 797 fuisse
2424 743 2690 811 proprias.
2713 742 2768 797 Id
2793 758 2823 799 e
2870 744 3226 801 celeberrimo
3252 728 3347 800 illo
3375 746 3543 802 Joelis
3568 748 3691 803 loco

2092 832 2289 904 colligo
2325 851 2339 888 :
2373 832 2760 903 PrOpbetabunt
2779 836 2877 905 ﬁlii
2903 845 2950 890 et
2979 837 3103 906 ﬁlia:
3126 848 3343 904 vestrm;
3372 854 3518 893 senes
3539 838 3690 893 uestri

2092 926 2292 980 somnia
2330 926 2684 989 somniabunt,
2720 935 2767 980 et
2787 929 3000 999 juvenes
3028 929 3180 983 vestri
3206 930 3423 983 visiones
3449 929 3689 984 videbunt

2098 1017 2268 1091 (Joel,
2300 1035 2371 1085 ιι,
2410 1018 2535 1088 28).
2587 1020 2751 1075 Plane
2792 1021 3017 1077 senibus
3047 1022 3121 1076 ita
3160 1022 3367 1077 somnia
3414 1031 3685 1092 aptantur,

2092 1122 2150 1167 ut
2176 1113 2464 1183 juvenibus
2495 1115 2757 1170 visiones.
2806 1114 3118 1171 Vehemens
3167 1116 3424 1172 nimirum
3455 1116 3544 1171 illa
3590 1115 3689 1173 hu-

2092 1218 2303 1261 morum
2358 1207 2579 1277 agitatio
2633 1221 2739 1261 non
2793 1215 2910 1262 erat
2965 1209 3067 1263 nisi
3137 1208 3190 1262 in
3252 1210 3441 1264 aetatis
3506 1208 3690 1279 vigore

2093 1300 2397 1356 toleranda.
2439 1300 2706 1356 Maximus
2749 1301 2893 1356 enim
2945 1301 3263 1357 imminebat
3298 1303 3350 1357 in
3393 1301 3692 1358 visionibus

2091 1407 2121 1447 a
2152 1393 2282 1447 visis
2312 1402 2515 1457 terror,
2549 1408 2709 1464 quem
2753 1395 3047 1448 etiamnum
3090 1406 3295 1449 tantum
3342 1395 3692 1465 experiuntur

2090 1483 2179 1557 qui
2205 1499 2318 1539 rem
2365 1483 2567 1539 habent
2614 1500 2734 1540 cum
2769 1486 3232 1555 phantasmatibus
3254 1530 3267 1551 ,
3294 1498 3352 1542 ut
3392 1488 3589 1543 macies
3624 1488 3690 1543 il-

2090 1578 2171 1636 los
2217 1591 2272 1636 et
2314 1580 2488 1651 pallor
2536 1592 2798 1653 occupet,
2832 1583 3140 1655 sensimque
3188 1586 3240 1639 in
3282 1585 3689 1643 vitiosissimam

2090 1673 2336 1742 corporis
2400 1673 2771 1731 habitudinem
2827 1677 3100 1747 conjiciat.
3169 1678 3393 1734 Accedit
3451 1689 3690 1752 κατοχῆς

386 1776 502 1826 tate
554 1768 887 1840 praesidium.
961 1767 1029 1823 Ut
1072 1769 1217 1823 enim
1263 1768 1372 1823 illa:
1425 1783 1526 1824 suo
1575 1768 1794 1824 nomine
1848 1768 1982 1824 nihil
2012 1766 2061 1827 B
2090 1764 2258 1837 ipsius
2304 1766 2691 1823 violentissima
2737 1768 3023 1836 distortio,
3082 1770 3261 1825 vultus
3335 1780 3498 1838 trux,
3549 1771 3689 1828 oculi

384 1860 625 1929 habent,
669 1875 777 1933 quo
811 1860 1353 1924 commendarentur;
1383 1860 1454 1917 ita
1474 1903 1490 1928 ,
1522 1861 1720 1917 violata
1744 1860 1985 1926 unitate,

382 1955 523 2013 nihil
551 1955 617 2011 ad
646 1969 834 2013 earum
866 1954 1028 2010 ﬁdem
1062 1955 1329 2010 faciebant
1354 1955 1654 2011 extrinseca
1684 1956 1834 2022 haec,
1867 1971 1987 2026 quae

389 2049 502 2111 dixi
533 2090 551 2117 ,
600 2059 934 2120 argumenta.
968 2048 1024 2105 Si
1057 2064 1215 2119 quem
1256 2049 1419 2105 alium
1448 2049 1761 2119 prophetam
1793 2058 1985 2105 testem

389 2141 759 2208 adhibuisset,
794 2156 864 2197 ne
911 2142 1029 2212 ipse
1054 2140 1271 2211 quidem
1301 2141 1452 2201 testis
1476 2182 1491 2208 ,
1533 2149 1687 2196 extra
1726 2141 1983 2199 unitatem

384 2230 691 2299 habebatur
721 2231 972 2289 idoneus.
1019 2231 1173 2299 Quod
1202 2246 1331 2287 vero
1370 2231 1598 2288 aliorum
1644 2231 1784 2286 dona
1813 2232 1986 2285 mani-

386 2321 806 2395 festationesque
834 2323 1062 2390 attinet,
1092 2323 1227 2379 nihil
1251 2323 1342 2378 illa
1382 2322 1448 2378 ad
1484 2323 1804 2394 prophetam
1830 2332 1984 2379 extra

384 2417 644 2477 unitatem
690 2416 1020 2479 attinebant.
1050 2417 1190 2486 Quin
1246 2417 1460 2488 potius,
1502 2432 1564 2472 ea
1609 2418 1723 2488 ipsa
1776 2416 1985 2474 ratione

389 2524 639 2585 suspecta
687 2522 841 2580 erat,
901 2528 970 2570 ex
1026 2513 1111 2569 his
1166 2513 1487 2584 principiis,
1529 2512 1784 2583 qurelibet
1830 2522 1983 2569 extra

389 2605 686 2667 Ecclesium
731 2605 1051 2678 prophetia,
1093 2621 1124 2661 a
1158 2606 1300 2661 bono
1327 2605 1521 2677 spiritu
1561 2621 1683 2663 esse
1731 2617 1979 2678 propter-

390 2714 455 2757 ea
485 2714 593 2756 non
624 2714 782 2770 posse
805 2700 950 2771 quod
986 2710 1129 2757 esset
1168 2712 1316 2757 extra
1350 2702 1635 2757 unitatem.
1671 2699 1807 2757 Cum
1838 2703 1981 2757 enim

386 2792 533 2850 Deus
568 2793 747 2850 media
800 2793 1111 2850 conferendi
1158 2796 1381 2865 spiritus
1423 2795 1744 2851 instituisset
1796 2810 1981 2851 sacra-

388 2897 572 2944 menta
598 2929 613 2956 ,
661 2888 713 2943 id
744 2888 896 2943 illum
930 2890 1173 2946 voluisse
1204 2903 1429 2947 necesse
1467 2900 1584 2945 erat
1607 2931 1621 2957 ,
1664 2890 1753 2960 qui
1801 2890 1979 2945 media

383 3000 415 3040 a
455 3000 514 3042 se
557 2986 799 3042 instituta
848 2986 1110 3042 adhibere
1157 2986 1324 3054 nolit,
1374 3001 1497 3042 eum
1543 3000 1643 3042 nec
1675 2984 1976 3053 beneﬁcia,

379 3094 475 3147 per
500 3078 592 3135 illa
622 3079 800 3135 media
831 3079 1152 3146 obtinenda,
1201 3090 1640 3135 consecuturum.
1693 3078 1748 3133 Id
1796 3080 1847 3132 ni
1877 3093 1975 3133 vo-

376 3173 598 3241 luisset,
626 3171 773 3228 nulla
816 3174 1008 3229 fuisset
1039 3174 1339 3229 mediorum
1380 3173 1811 3229 adhibendornm
1842 3174 1978 3228 ohli-
2005 3162 2050 3227 C

376 3265 542 3336 gatio.
589 3264 662 3320 Et
703 3279 825 3319 cum
876 3265 970 3320 illa
1018 3265 1193 3321 media
1225 3282 1253 3320 a
1287 3267 1399 3321 Deo
1432 3266 1709 3330 instituta,
1739 3282 1844 3321 non
1875 3267 1980 3321 alia

376 3358 487 3414 sint
530 3372 689 3429 quam
729 3358 954 3413 unitatis
982 3359 1225 3431 symbols
1257 3358 1346 3431 (in
1395 3375 1560 3414 unum
1590 3359 1736 3414 enim
1778 3374 1979 3429 corpus

376 3454 735 3524 baptizamur,
748 3452 922 3522 deque
941 3468 1048 3508 uno
1075 3453 1168 3508 illo
1188 3469 1326 3523 pane
1343 3453 1723 3524 participantes
1742 3454 1794 3508 in
1814 3468 1977 3508 unum

381 3560 580 3616 corpus
626 3543 1016 3614 coalescimus)
1071 3545 1123 3598 id
1175 3544 1416 3599 innuisse
1470 3544 1686 3599 videtur
1734 3544 1876 3600 nolle
1918 3560 1979 3601 se

379 3635 496 3693 aliis
513 3638 763 3707 spiritum
782 3652 940 3692 suum
962 3636 1210 3693 conferre
1228 3637 1328 3692 nisi
1348 3637 1399 3691 in
1423 3637 1630 3693 unitate
1646 3636 1973 3695 constitutis.

377 3728 678 3803 Utcumque
706 3731 761 3787 id
788 3741 995 3797 certum
1017 3774 1031 3797 ,
1062 3731 1131 3787 de
1162 3730 1304 3786 facto
1326 3730 1471 3786 illam
1499 3731 1799 3787 obtinuisse
1835 3730 1973 3800 apud

374 3834 588 3880 vetera
623 3824 949 3880 sententiam
974 3864 990 3887 ,
1023 3838 1133 3879 non
1183 3824 1414 3878 aliorum
1437 3837 1557 3880 esse
1589 3823 1681 3879 Dei
1715 3823 1973 3892 Spiritum

377 3932 537 3987 quam
560 3917 858 3972 unitorum.
906 3917 983 3971 lta
1036 3918 1088 3971 in
1118 3916 1220 3972 hoc
1269 3918 1385 3987 ipso
1411 3916 1674 3972 donorum
1720 3918 1973 3987 spiritua-

380 4009 513 4066 lium
568 4019 883 4082 argumento
934 4010 1213 4079 inferunt,
1255 4027 1379 4066 eum
1431 4012 1520 4082 qui
1578 4012 1630 4066 in
1673 4012 1972 4067 non-unitis

379 4111 628 4159 versatur
668 4104 912 4175 spiritum
947 4120 1052 4159 non
1080 4119 1202 4160 esse
1248 4105 1399 4159 illum
1434 4104 1527 4158 Dei
1571 4102 1829 4172 Spiritum
1862 4104 1963 4174 qui

376 4197 598 4253 unitatis
648 4206 731 4254 est
790 4198 1091 4255 vinculum.
1133 4198 1227 4253 illa
1258 4199 1371 4268 ipsa
1413 4198 1621 4254 ratione
1652 4196 1969 4268 Apostolnm

372 4304 531 4347 nsum
557 4292 968 4347 observavimus
1010 4292 1063 4346 in
1106 4292 1342 4348 secunda
1372 4301 1556 4347 nostra
1583 4291 1651 4347 de
1677 4290 1970 4348 schismate

368 4396 523 4457 parte
554 4385 797 4442 nondum
836 4387 999 4442 edita.
1033 4386 1362 4457 Baptismum
1383 4429 1398 4453 ,
1427 4403 1535 4459 quo
1561 4387 1795 4458 Spiritus
1839 4403 1967 4442 con-

367 4477 568 4545 fertur,
627 4480 1051 4549 regenerationis
1100 4480 1376 4535 lavacrum
1427 4482 1717 4551 appellant.
1771 4480 1968 4550 Ecquis

364 4570 578 4628 dubitet
604 4572 806 4627 nullum
859 4587 980 4628 esse
1010 4573 1061 4627 in
1108 4589 1214 4630 non
1254 4574 1455 4629 renatis
1501 4574 1798 4644 spiritualis
1848 4564 2050 4628 νὶιωῦ

368 4666 736 4738 principium?
785 4665 926 4735 Quin
971 4668 1306 4723 exorcismos
1358 4668 1696 4739 baptizandis
1740 4667 1965 4724 adhibe-

364 4760 495 4816 bant
534 4761 698 4832 paulo
742 4762 1112 4829 recentiores,
1144 4761 1196 4816 id
1238 4762 1399 4832 plane
1441 4775 1628 4816 rursus
1678 4762 1966 4817 iunuentes

361 4854 416 4911 in
450 4870 563 4912 non
588 4854 761 4911 unitis
788 4855 1040 4925 spiritum
1082 4868 1203 4909 esse
1250 4854 1410 4924 plane
1451 4854 1794 4911 diabolicum.
1838 4853 1965 4911 Haec

363 4946 576 5003 utinam
605 4960 793 5004 secum
838 4947 983 5002 serio
1020 4946 1357 5017 perpendam
1392 4946 1483 5017 qui
1518 4946 1678 5002 hodie
1723 4947 1795 5002 ita
1841 4961 1966 5005 sen-

352 5040 502 5097 tiunt
546 5039 838 5111 magniﬁce
891 5039 960 5094 de
996 5053 1097 5095 suo
1142 5048 1295 5095 extra
1340 5040 1601 5095 unitatem
1646 5040 1862 5111 spiritu.
1908 5040 1965 5096 id

371 5133 554 5191 saltem
620 5132 869 5189 viderent
940 5147 1045 5188 non
1107 5148 1230 5189 esse
1295 5133 1442 5188 illam
1504 5147 1625 5188 cum
1691 5132 1962 5203 primaevis

370 5221 676 5281 chr'utianis
718 5223 1034 5280 afﬁnitatem
1066 5240 1224 5294 quam
1257 5233 1536 5289 tantonere
1577 5225 1783 5294 jactant
1825 5240 1959 5280 ven-

366 5314 682 5388 ditantque,
732 5318 786 5372 in
816 5318 929 5373 suis
973 5318 1083 5374 illis
1123 5317 1190 5374 de
1244 5317 1434 5386 spiritu
1462 5318 1831 5389 praetextibus.
1860 5317 1963 5385 Qui

362 5409 487 5467 aliis
539 5416 752 5467 utuntur
780 5426 942 5483 quam
988 5427 1019 5465 a
1051 5412 1162 5466 Deo
1205 5412 1472 5466 institutis
1504 5412 1738 5481 Spiritus
1778 5412 1962 5468 confe-

357 5502 517 5559 rendi
538 5501 752 5572 mediis,
773 5504 939 5559 alium
971 5504 1079 5559 illis
1105 5519 1226 5559 esse
1245 5520 1403 5575 quam
1427 5505 1666 5559 divinum
1699 5504 1957 5576 Spiritum

356 5593 503 5667 jnsta
553 5605 639 5652 est
689 5598 959 5667 suspicio,
1029 5597 1407 5653 deﬁcientibus
1452 5598 1753 5668 praesertim
1813 5600 1956 5666 illis,

358 5704 483 5763 quae
501 5690 638 5759 disi,
656 5691 986 5763 argumentis
1006 5691 1105 5764 ipsi
1126 5693 1421 5763 prophetiae
1443 5693 1766 5749 intrinsecis.
1785 5694 1959 5766 Atque

358 5776 480 5841 hac
506 5780 581 5841 de
615 5790 860 5841 veterum
891 5782 1296 5855 prophetiarum
1347 5783 1484 5857 ﬁde;
1518 5784 1572 5840 in
1598 5784 1794 5855 quibus
1820 5786 1957 5845 nihil

2090 1859 2380 1928 ardentes,
2434 1878 2529 1916 ora
2576 1864 2922 1932 spumantia,
2970 1864 3348 1935 palpitantium
3405 1874 3687 1935 pectorum

2089 1954 2438 2022 gravissimus
2468 1955 2759 2012 anhelitus.
2790 1956 2868 2012 Ita
2896 1971 2957 2014 se
2987 1958 3205 2027 quidem
3236 1956 3426 2012 habuit
3471 1957 3523 2013 in
3555 1972 3686 2029 gen-

2090 2044 2222 2101 tium
2276 2047 2592 2118 prophetis,
2665 2059 2725 2105 ut
2773 2049 3065 2120 Tripodem
3132 2051 3452 2106 invitissima
3501 2065 3688 2109 acces-

2088 2136 2221 2193 serit
2264 2139 2406 2209 apud
2448 2140 2724 2196 Lucanum
2776 2141 2968 2213 Pythia
2996 2184 3012 2209 ,
3065 2152 3120 2198 et
3166 2143 3441 2199 nonnulla:
3490 2141 3689 2201 fuerint

2088 2229 2202 2299 ipsa
2230 2232 2540 2301 agitationis
2568 2235 2822 2291 violentia
2853 2236 3126 2292 extinctae.
3153 2235 3229 2292 ita
3249 2237 3394 2293 enim
3437 2236 3686 2294 Lucanus

2088 2321 2245 2394 (Bell.
2277 2325 2371 2380 ciu.
2398 2368 2413 2393 ,
2446 2326 2534 2381 lib.
2566 2342 2619 2395 ν,
2641 2344 2691 2381 υ.
2722 2327 2849 2399 116)
2885 2345 2899 2382 :

2237 2521 2253 2531 ν
2269 2461 2405 2535 Nam.
2416 2463 2455 2510 si
2480 2475 2575 2535 qua
2602 2461 2741 2513 Deus
2754 2464 2847 2535 sub
2868 2471 3070 2535 pectora
3092 2462 3246 2521 venit,

2209 2521 2541 2591 lfiuniinisatit
2564 2538 2708 2588 poena
2731 2531 2810 2575 est
2832 2521 2971 2591 m'ors
2984 2527 3238 2591 immatura
3257 2529 3469 2591 recepti,

2209 2583 2309 2637 Aut
2326 2589 2540 2652 pretium
2565 2583 2580 2635 Ξ
2605 2590 2789 2699 quippe
2813 2589 3009 2649 stimulo
3031 2590 3283 2699 ﬂucthte
3309 2583 3484 2646 luroris

2209 2646 2481 2699 Cornuanes
2498 2649 2705 2699 humana
2747 2652 2876 2699 abat.
2902 2644 3169 2699 nulsusuue
3241 2666 3413 2699 eorum

2209 2644 2705 2719 gornpageshymana
2729 2644 2876 2719 labat,
2901 2644 3169 2719 pulsusque
3193 2644 3413 2715 Deorum

2210 2709 2503 2762 Concutiunt
2520 2712 2725 2775 fragiles
2745 2709 2948 2764 animas.

2156 2836 2226 2892 Et
2263 2837 2506 2897 Valerius
2544 2840 2807 2896 Maximus
2836 2842 2904 2903 de
2949 2843 3202 2916 detphico
3232 2844 3533 2913 oraculo”
3564 2845 3681 2913 Un-

2086 2928 2154 2986 de
2206 2946 2265 2985 ut
2324 2942 2488 2987 certa:
2547 2934 2958 2991 consulentibus
3027 2946 3202 3005 sortes
3261 2946 3552 3017 petuntur,
3608 2938 3684 3011 ita

2084 3025 2282 3080 nimius
2327 3026 2493 3082 divini
2540 3027 2771 3098 Spiritus
2816 3032 3037 3089 haustus
3067 3030 3423 3099 reddentibus
3453 3032 3681 3103 pestifer

2084 3119 2264 3173 existit
2307 3119 2459 3193 (Lib.
2498 3137 2552 3186 ι,
2607 3138 2652 3175 c.
2695 3121 2759 3185 8,
2818 3122 3033 3193 Exemp.
3090 3141 3220 3183 rom.
3260 3126 3394 3194 l0).
3431 3145 3451 3181 ι
3498 3127 3684 3198 Longe

2086 3212 2336 3278 equidem
2399 3212 2689 3281 violentior
2733 3226 2850 3273 erat
2903 3217 3529 3290 pseudo-prophetarum
3581 3233 3679 3275 eu-

2088 3304 2580 3377 thusiastarumque
2624 3316 2833 3381 motus,
2881 3317 2939 3363 ut
2989 3309 3091 3379 hoc
3139 3310 3257 3385 ipso
3305 3311 3559 3381 catholici
3592 3327 3682 3381 ve-

2067 3396 2175 3455 "ros
2220 3415 2249 3455 a
2295 3402 2741 3472 montanistarum
2783 3403 2891 3467 illis
2936 3405 3344 3477 distinguendae
3389 3420 3509 3473 esse
3549 3421 3680 3462 cen-

2082 3495 2306 3555 suerint.
2364 3494 2520 3552 Nulla
2579 3507 2698 3551 erat
2766 3499 2818 3553 in
2879 3498 3022 3563 veris
3073 3498 3353 3568 prophetis
3425 3499 3674 3567 insania,

2082 3586 2225 3640 nulla
2295 3598 2530 3663 κατοχῆς
2599 3589 2691 3657 illa
2763 3598 2871 3645 tam
2935 3588 3233 3663 vehemens
3279 3589 3518 3661 jactatio.
3566 3588 3681 3648 Sibi

2082 3678 2212 3748 ipsis
2238 3682 2557 3736 constabant
2604 3681 2781 3753 potius
2802 3724 2817 3751 ,
2847 3684 3139 3761 prudentes
3165 3684 3508 3757 scientesque
3538 3697 3677 3758 prte-

2080 3769 2305 3826 dicenda
2337 3772 2703 3845 proferebant.
2738 3776 2865 3831 Erat
2898 3784 3076 3845 tamen
3105 3776 3345 3847 visorum
3374 3786 3552 3839 terror
3581 3777 3680 3831 hu-

2080 3880 2257 3923 mana:
2314 3878 2523 3923 naturae
2591 3869 2866 3942 fragilitati
2926 3867 3150 3949 difﬁcile
3205 3870 3484 3933 ferendus.
3527 3867 3675 3924 Hor-

2082 3959 2185 4013 ruit
2214 3958 2419 4025 anieli
2444 3963 2659 4032 spiritus
2701 3962 2891 4039 (Dum,
2920 3978 3014 4035 vlt,
3046 3962 3153 4037 15)
3191 3979 3205 4017 :
3235 3963 3493 4033 collapsus
3518 3971 3591 4021 est
3619 3961 3675 4016 in

2077 4061 2263 4108 terram
2304 4054 2464 4125 (vni,
2518 4054 2653 4128 19);
2704 4072 2806 4125 non
2850 4056 3094 4113 remansit
3116 4056 3170 4119 in
3194 4070 3253 4109 eo
3283 4053 3674 4126 fortitudo,sed

2076 4156 2123 4201 et
2153 4147 2342 4216 species
2386 4148 2497 4219 ejus
2542 4147 2811 4215 immutata
2850 4148 3006 4203 estin
3058 4162 3153 4213 eo,
3186 4156 3232 4201 et
3258 4148 3540 4211 emarcuit,
3582 4162 3673 4202 nec

2076 4238 2249 4295 habuit
2289 4242 2560 4311 quicquam
2597 4241 2780 4293 virium
2814 4240 2870 4312 (ι
2895 4283 2910 4307 ,
2937 4237 3046 4311 8);
3085 4240 3256 4311 jaeuit
3310 4247 3666 4301 consternatus

2072 4348 2227 4403 super
2243 4333 2424 4404 faciem
2448 4348 2591 4409 suam
2608 4343 2653 4387 et
2676 4331 2843 4399 uultus
2861 4334 2972 4406 ejus
2986 4333 3205 4401 luerebat
3224 4329 3542 4407 terrce(lbid.
3555 4371 3570 4397 ,
3590 4328 3672 4402 9);

2072 4426 2210 4480 stetit
2238 4435 2452 4481 tremens
2482 4425 2659 4501 (Ibid.
2683 4467 2697 4493 ,
2735 4427 2794 4481 ll
2819 4428 2876 4497 );
2918 4427 2969 4489 t'tt,
3013 4427 3205 4485 visione
3248 4425 3507 4481 dissolutae
3555 4431 3673 4478 sunt

2080 4536 2351 4594 compages
2394 4524 2544 4595 ejus,
2592 4532 2638 4577 et
2680 4521 2810 4587 nihil
2861 4521 2917 4577 in
2964 4537 3022 4576 eo
3067 4521 3311 4577 remansit
3346 4519 3553 4586 virium,
3582 4518 3671 4581 sed

2074 4626 2120 4671 et
2151 4617 2353 4672 habitus
2396 4618 2505 4689 ejus
2551 4617 2856 4675 interclusus
2880 4625 2954 4671 est
2991 4613 3324 4687 (Ibid.,l7).
3365 4612 3474 4671 Nec
3522 4610 3658 4666 alius

2073 4724 2232 4781 quam
2279 4710 2503 4768 visionis
2533 4710 2860 4782 prophetica:
2890 4718 3066 4775 terror
3110 4709 3162 4763 in
3212 4707 3350 4763 Jobo
3379 4704 3548 4776 (Job.,
3580 4717 3660 4772 tv,

2074 4804 2175 4870 l3,
2207 4802 2297 4877 M)
2324 4802 2679 4868 describitur,
2710 4814 2765 4863 et
2792 4803 2843 4858 in
2876 4802 3183 4869 Abrahamo
3228 4797 3379 4871 (Gett-
3416 4811 3510 4864 xv,
3542 4794 3660 4866 12).

2070 4894 2186 4957 Non
2214 4905 2299 4952 est
2328 4897 2504 4967 itaque
2532 4896 2675 4966 quod
2718 4896 2977 4957 miremur
3020 4893 3310 4963 juvenibus
3351 4891 3466 4946 haec
3502 4903 3661 4961 quam

2068 4989 2288 5050 senibus
2344 4988 2512 5047 fuisse
2567 4986 2951 5057 tolerabiliora.
3009 4985 3244 5061 Proinde
3305 4984 3466 5043 etiam
3514 4981 3660 5053 apud

2066 5080 2314 5155 ethnicos
2364 5079 2603 5135 Tiresias
2656 5078 2915 5150 juvenum
2958 5093 3079 5134 esse
3108 5082 3341 5151 κατοχὴν
3376 5074 3553 5132 docet.
3586 5072 3660 5129 ita

2066 5176 2211 5248 enim
2250 5174 2391 5248 apud
2436 5174 2698 5243 Senecam
2739 5174 2830 5233 ille
2866 5172 3114 5246 ((Εᾴῠιι..
3158 5189 3209 5235 υ.
3255 5170 3405 5245 29):

2439 5312 2494 5363 Si
2514 5312 2643 5363 foret
2666 5311 2831 5363 viridis
2852 5312 3042 5363 mihi....

2192 5375 2484 5439 Calidusque
2506 5376 2727 5437 sanguis,
2754 5384 2955 5439 pectore
2980 5381 3269 5425 excuterem
3290 5368 3471 5421 Deum.

2068 5502 2372 5577 Cyprianus
2414 5510 2598 5558 noster
2626 5517 2749 5557 cum
2798 5498 3137 5555 distinxisset
3163 5495 3404 5552 visiones
3434 5502 3658 5551 noctur-

2064 5615 2160 5655 nas
2181 5641 2195 5667 ,
2226 5614 2346 5670 quae
2387 5605 2513 5653 sunt
2551 5596 2617 5651 ad
2658 5610 2848 5652 senum
2890 5594 3068 5662 potius
3096 5591 3308 5644 somnia
3336 5586 3660 5652 referenda,

2064 5709 2092 5748 a
2152 5692 2364 5749 diurnis
2420 5689 2749 5761 prophetiis,
2817 5682 3096 5740 innocenti
3164 5698 3459 5753 puerorum
3522 5681 3668 5734 artati

2067 5787 2230 5845 hasce
2275 5781 2460 5842 tribuit
2521 5780 2716 5853 (Epist.
2762 5772 2835 5846 ιι)
2886 5794 2903 5832 :
2959 5779 3195 5848 κατοχὴν
3250 5771 3546 5838 nimirum,
3607 5767 3666 5823 id
