  <div class='ocr_page' id='page_1' title='image "/cluster/home/n/w/nwhite01/storage/ocr_20150623/5/hvd.32044073505224/021.png"; bbox 0 0 4230 6212; ppageno 0'>
   <div class='ocr_carea' id='block_1_1' title="bbox 544 248 3836 319">
    <p class='ocr_par' dir='ltr' id='par_1_1' title="bbox 544 248 3836 319">
     <span class='ocr_line' id='line_1_1' title="bbox 544 248 3836 319; baseline -0.003 -2"><span class='ocrx_word' id='word_1_1' title='bbox 544 264 607 319; x_wconf 68' lang='lat' dir='ltr'><strong>{il</strong></span> <span class='ocrx_word' id='word_1_2' title='bbox 1499 256 1864 316; x_wconf 83' lang='lat' dir='ltr'><strong>DODWELLI</strong></span> <span class='ocrx_word' id='word_1_3' title='bbox 1907 253 2358 315; x_wconf 80' lang='lat' dir='ltr'><strong>DISSERTATIO</strong></span> <span class='ocrx_word' id='word_1_4' title='bbox 2395 253 2807 313; x_wconf 80' lang='lat' dir='ltr'><strong>CYPRIANICA</strong></span> <span class='ocrx_word' id='word_1_5' title='bbox 3767 248 3836 312; x_wconf 66' lang='lat'><strong>&#39;52</strong></span> 
     </span>
    </p>
   </div>
   <div class='ocr_carea' id='block_1_2' title="bbox 541 371 3839 449">
    <p class='ocr_par' dir='ltr' id='par_1_2' title="bbox 541 371 3839 449">
     <span class='ocr_line' id='line_1_2' title="bbox 541 371 3839 449; baseline -0.002 -13"><span class='ocrx_word' id='word_1_6' title='bbox 541 380 690 437; x_wconf 89' lang='lat' dir='ltr'><strong>enim</strong></span> <span class='ocrx_word' id='word_1_7' title='bbox 734 380 977 436; x_wconf 63' lang='lat' dir='ltr'><strong>innuunt.</strong></span> <span class='ocrx_word' id='word_1_8' title='bbox 1012 379 1131 449; x_wconf 90' lang='lat' dir='ltr'><strong>ejus</strong></span> <span class='ocrx_word' id='word_1_9' title='bbox 1178 377 1340 434; x_wconf 89' lang='lat' dir='ltr'><strong>verba</strong></span> <span class='ocrx_word' id='word_1_10' title='bbox 1397 376 1646 445; x_wconf 84' lang='lat' dir='ltr'><strong>superius</strong></span> <span class='ocrx_word' id='word_1_11' title='bbox 1682 375 1984 445; x_wconf 76' lang='lat' dir='ltr'><strong>exscripta,</strong></span> <span class='ocrx_word' id='word_1_12' title='bbox 2013 375 2133 446; x_wconf 90' lang='lat' dir='ltr'><strong>Spi-</strong></span> <span class='ocrx_word' id='word_1_13' title='bbox 2167 377 2213 435; x_wconf 89' lang='lat' dir='ltr'><strong>A</strong></span> <span class='ocrx_word' id='word_1_14' title='bbox 2242 389 2365 430; x_wconf 91' lang='lat' dir='ltr'><strong>esse</strong></span> <span class='ocrx_word' id='word_1_15' title='bbox 2428 373 2661 442; x_wconf 86' lang='lat' dir='ltr'><strong>dicitur,</strong></span> <span class='ocrx_word' id='word_1_16' title='bbox 2711 389 2779 430; x_wconf 91' lang='lat' dir='ltr'><strong>ne</strong></span> <span class='ocrx_word' id='word_1_17' title='bbox 2846 373 2990 430; x_wconf 90' lang='lat' dir='ltr'><strong>illius</strong></span> <span class='ocrx_word' id='word_1_18' title='bbox 3055 374 3261 445; x_wconf 80' lang='lat' dir='ltr'><strong>impetu</strong></span> <span class='ocrx_word' id='word_1_19' title='bbox 3335 372 3452 429; x_wconf 72' lang='lat' dir='ltr'><strong>lucc</strong></span> <span class='ocrx_word' id='word_1_20' title='bbox 3511 371 3623 429; x_wconf 81' lang='lat' dir='ltr'><strong>fieri</strong></span> <span class='ocrx_word' id='word_1_21' title='bbox 3692 372 3839 429; x_wconf 85' lang='lat' dir='ltr'><strong>dicc-</strong></span> 
     </span>
    </p>
   </div>
   <div class='ocr_carea' id='block_1_3' title="bbox 545 467 2146 543">
    <p class='ocr_par' dir='ltr' id='par_1_3' title="bbox 545 467 2146 543">
     <span class='ocr_line' id='line_1_3' title="bbox 545 467 2146 543; baseline -0.004 -15"><span class='ocrx_word' id='word_1_22' title='bbox 545 471 653 528; x_wconf 83' lang='lat' dir='ltr'><strong>ritu</strong></span> <span class='ocrx_word' id='word_1_23' title='bbox 699 482 891 529; x_wconf 90' lang='lat' dir='ltr'><strong>sancte</strong></span> <span class='ocrx_word' id='word_1_24' title='bbox 962 470 1211 543; x_wconf 91' lang='lat' dir='ltr'><strong>impleri,</strong></span> <span class='ocrx_word' id='word_1_25' title='bbox 1268 478 1588 538; x_wconf 87' lang='lat' dir='ltr'><strong>raptumque</strong></span> <span class='ocrx_word' id='word_1_26' title='bbox 1642 484 1672 522; x_wconf 90' lang='lat' dir='ltr'><strong>a</strong></span> <span class='ocrx_word' id='word_1_27' title='bbox 1725 467 2007 535; x_wconf 83' lang='lat' dir='ltr'><strong>sensibus,</strong></span> <span class='ocrx_word' id='word_1_28' title='bbox 2059 470 2146 536; x_wconf 88' lang='lat' dir='ltr'><strong>qui</strong></span> 
     </span>
    </p>
   </div>
   <div class='ocr_carea' id='block_1_4' title="bbox 545 559 2150 629">
    <p class='ocr_par' dir='ltr' id='par_1_4' title="bbox 545 559 2150 629">
     <span class='ocr_line' id='line_1_4' title="bbox 545 559 2150 629; baseline -0.004 -7"><span class='ocrx_word' id='word_1_29' title='bbox 545 563 603 622; x_wconf 87' lang='lat' dir='ltr'><strong>in</strong></span> <span class='ocrx_word' id='word_1_30' title='bbox 651 563 760 620; x_wconf 89' lang='lat' dir='ltr'><strong>illis</strong></span> <span class='ocrx_word' id='word_1_31' title='bbox 810 563 1072 621; x_wconf 79' lang='lat' dir='ltr'><strong>Ecclesim</strong></span> <span class='ocrx_word' id='word_1_32' title='bbox 1129 570 1319 617; x_wconf 89' lang='lat' dir='ltr'><strong>contra</strong></span> <span class='ocrx_word' id='word_1_33' title='bbox 1374 560 1730 616; x_wconf 89' lang='lat' dir='ltr'><strong>montanistas</strong></span> <span class='ocrx_word' id='word_1_34' title='bbox 1771 559 2150 629; x_wconf 89' lang='lat' dir='ltr'><strong>disputationi-</strong></span> 
     </span>
    </p>
   </div>
   <div class='ocr_carea' id='block_1_5' title="bbox 547 651 2151 725">
    <p class='ocr_par' dir='ltr' id='par_1_5' title="bbox 547 651 2151 725">
     <span class='ocr_line' id='line_1_5' title="bbox 547 651 2151 725; baseline -0.002 -13"><span class='ocrx_word' id='word_1_35' title='bbox 547 655 687 724; x_wconf 88' lang='lat' dir='ltr'><strong>bus,</strong></span> <span class='ocrx_word' id='word_1_36' title='bbox 734 655 937 713; x_wconf 79' lang='lat' dir='ltr'><strong>extasis</strong></span> <span class='ocrx_word' id='word_1_37' title='bbox 989 654 1314 725; x_wconf 79' lang='lat' dir='ltr'><strong>appellatur.</strong></span> <span class='ocrx_word' id='word_1_38' title='bbox 1361 651 1431 709; x_wconf 87' lang='lat' dir='ltr'><strong>Ut</strong></span> <span class='ocrx_word' id='word_1_39' title='bbox 1479 653 1639 723; x_wconf 85' lang='lat' dir='ltr'><strong>igitur</strong></span> <span class='ocrx_word' id='word_1_40' title='bbox 1681 651 1956 725; x_wconf 87' lang='lat' dir='ltr'><strong>Cypriane</strong></span> <span class='ocrx_word' id='word_1_41' title='bbox 2005 668 2151 709; x_wconf 87' lang='lat' dir='ltr'><strong>som-</strong></span> 
     </span>
    </p>
   </div>
   <div class='ocr_carea' id='block_1_6' title="bbox 549 745 2149 816">
    <p class='ocr_par' dir='ltr' id='par_1_6' title="bbox 549 745 2149 816">
     <span class='ocr_line' id='line_1_6' title="bbox 549 745 2149 816; baseline -0.001 -12"><span class='ocrx_word' id='word_1_42' title='bbox 549 749 640 804; x_wconf 87' lang='lat' dir='ltr'><strong>nia</strong></span> <span class='ocrx_word' id='word_1_43' title='bbox 669 749 773 805; x_wconf 88' lang='lat' dir='ltr'><strong>sub</strong></span> <span class='ocrx_word' id='word_1_44' title='bbox 804 748 926 803; x_wconf 63' lang='lat' dir='ltr'><strong>vitae</strong></span> <span class='ocrx_word' id='word_1_45' title='bbox 956 748 1118 803; x_wconf 87' lang='lat' dir='ltr'><strong>finem</strong></span> <span class='ocrx_word' id='word_1_46' title='bbox 1149 746 1364 816; x_wconf 79' lang='lat' dir='ltr'><strong>objecta</strong></span> <span class='ocrx_word' id='word_1_47' title='bbox 1390 759 1511 801; x_wconf 88' lang='lat' dir='ltr'><strong>esse</strong></span> <span class='ocrx_word' id='word_1_48' title='bbox 1537 745 1795 801; x_wconf 81' lang='lat' dir='ltr'><strong>discimus</strong></span> <span class='ocrx_word' id='word_1_49' title='bbox 1818 761 1884 801; x_wconf 77' lang='lat' dir='ltr'><strong>ex</strong></span> <span class='ocrx_word' id='word_1_50' title='bbox 1915 746 2109 802; x_wconf 89' lang='lat' dir='ltr'><strong>Pontio</strong></span> <span class='ocrx_word' id='word_1_51' title='bbox 2135 789 2149 812; x_wconf 89' lang='lat'><strong>,</strong></span> 
     </span>
    </p>
   </div>
   <div class='ocr_carea' id='block_1_7' title="bbox 549 836 2151 911">
    <p class='ocr_par' dir='ltr' id='par_1_7' title="bbox 549 836 2151 911">
     <span class='ocr_line' id='line_1_7' title="bbox 549 836 2151 911; baseline 0 -16"><span class='ocrx_word' id='word_1_52' title='bbox 549 839 624 895; x_wconf 90' lang='lat' dir='ltr'><strong>ita</strong></span> <span class='ocrx_word' id='word_1_53' title='bbox 665 841 710 895; x_wconf 88' lang='lat' dir='ltr'><strong>si</strong></span> <span class='ocrx_word' id='word_1_54' title='bbox 757 840 1004 904; x_wconf 89' lang='lat' dir='ltr'><strong>illarum,</strong></span> <span class='ocrx_word' id='word_1_55' title='bbox 1052 854 1279 911; x_wconf 89' lang='lat' dir='ltr'><strong>quarum</strong></span> <span class='ocrx_word' id='word_1_56' title='bbox 1318 836 1589 893; x_wconf 82' lang='lat' dir='ltr'><strong>meminit.</strong></span> <span class='ocrx_word' id='word_1_57' title='bbox 1639 838 1904 893; x_wconf 84' lang='lat' dir='ltr'><strong>visionum</strong></span> <span class='ocrx_word' id='word_1_58' title='bbox 1957 840 2151 911; x_wconf 65' lang='lat' dir='ltr'><strong>aliqua:</strong></span> 
     </span>
    </p>
   </div>
   <div class='ocr_carea' id='block_1_8' title="bbox 552 930 2154 1007">
    <p class='ocr_par' dir='ltr' id='par_1_8' title="bbox 552 930 2154 1007">
     <span class='ocr_line' id='line_1_8' title="bbox 552 930 2154 1007; baseline 0 -21"><span class='ocrx_word' id='word_1_59' title='bbox 552 931 655 1003; x_wconf 89' lang='lat' dir='ltr'><strong>ipsi</strong></span> <span class='ocrx_word' id='word_1_60' title='bbox 710 931 966 988; x_wconf 77' lang='lat' dir='ltr'><strong>revelata:</strong></span> <span class='ocrx_word' id='word_1_61' title='bbox 1002 931 1244 997; x_wconf 79' lang='lat' dir='ltr'><strong>fuerint,</strong></span> <span class='ocrx_word' id='word_1_62' title='bbox 1291 939 1548 1007; x_wconf 86' lang='lat' dir='ltr'><strong>sequetur</strong></span> <span class='ocrx_word' id='word_1_63' title='bbox 1588 930 1746 1001; x_wconf 89' lang='lat' dir='ltr'><strong>paulo</strong></span> <span class='ocrx_word' id='word_1_64' title='bbox 1798 941 1919 1001; x_wconf 85' lang='lat' dir='ltr'><strong>post</strong></span> <span class='ocrx_word' id='word_1_65' title='bbox 1962 932 2154 1003; x_wconf 90' lang='lat' dir='ltr'><strong>juven-</strong></span> 
     </span>
    </p>
   </div>
   <div class='ocr_carea' id='block_1_9' title="bbox 555 1023 2151 1095">
    <p class='ocr_par' dir='ltr' id='par_1_9' title="bbox 555 1023 2151 1095">
     <span class='ocr_line' id='line_1_9' title="bbox 555 1023 2151 1095; baseline 0.001 -17"><span class='ocrx_word' id='word_1_66' title='bbox 555 1030 725 1079; x_wconf 89' lang='lat' dir='ltr'><strong>tutem</strong></span> <span class='ocrx_word' id='word_1_67' title='bbox 747 1064 764 1091; x_wconf 89' lang='lat'><strong>,</strong></span> <span class='ocrx_word' id='word_1_68' title='bbox 792 1034 1048 1095; x_wconf 75' lang='lat' dir='ltr'><strong>vergente</strong></span> <span class='ocrx_word' id='word_1_69' title='bbox 1088 1023 1197 1093; x_wconf 90' lang='lat' dir='ltr'><strong>jam</strong></span> <span class='ocrx_word' id='word_1_70' title='bbox 1231 1024 1284 1078; x_wconf 90' lang='lat' dir='ltr'><strong>in</strong></span> <span class='ocrx_word' id='word_1_71' title='bbox 1315 1024 1524 1078; x_wconf 84' lang='lat' dir='ltr'><strong>senium</strong></span> <span class='ocrx_word' id='word_1_72' title='bbox 1555 1032 1717 1078; x_wconf 67' lang='lat' dir='ltr'><strong>aetate</strong></span> <span class='ocrx_word' id='word_1_73' title='bbox 1746 1038 1964 1094; x_wconf 88' lang='lat' dir='ltr'><strong>passum</strong></span> <span class='ocrx_word' id='word_1_74' title='bbox 1996 1039 2151 1093; x_wconf 91' lang='lat' dir='ltr'><strong>esse,</strong></span> 
     </span>
    </p>
   </div>
   <div class='ocr_carea' id='block_1_10' title="bbox 558 1115 2154 1189">
    <p class='ocr_par' dir='ltr' id='par_1_10' title="bbox 558 1115 2154 1189">
     <span class='ocr_line' id='line_1_10' title="bbox 558 1115 2154 1189; baseline 0.002 -19"><span class='ocrx_word' id='word_1_75' title='bbox 558 1116 810 1189; x_wconf 78' lang='lat' dir='ltr'><strong>quodest</strong></span> <span class='ocrx_word' id='word_1_76' title='bbox 835 1132 968 1173; x_wconf 83' lang='lat' dir='ltr'><strong>sane</strong></span> <span class='ocrx_word' id='word_1_77' title='bbox 1007 1116 1477 1172; x_wconf 88' lang='lat' dir='ltr'><strong>verisimillimnm.</strong></span> <span class='ocrx_word' id='word_1_78' title='bbox 1522 1115 1581 1171; x_wconf 89' lang='lat' dir='ltr'><strong>Si</strong></span> <span class='ocrx_word' id='word_1_79' title='bbox 1621 1117 1765 1171; x_wconf 92' lang='lat' dir='ltr'><strong>enim</strong></span> <span class='ocrx_word' id='word_1_80' title='bbox 1818 1126 2154 1174; x_wconf 88' lang='lat' dir='ltr'><strong>senectutem</strong></span> 
     </span>
    </p>
   </div>
   <div class='ocr_carea' id='block_1_11' title="bbox 557 1207 2156 1282">
    <p class='ocr_par' dir='ltr' id='par_1_11' title="bbox 557 1207 2156 1282">
     <span class='ocr_line' id='line_1_11' title="bbox 557 1207 2156 1282; baseline 0.003 -20"><span class='ocrx_word' id='word_1_81' title='bbox 557 1218 871 1277; x_wconf 81' lang='lat' dir='ltr'><strong>provectam</strong></span> <span class='ocrx_word' id='word_1_82' title='bbox 912 1209 1209 1279; x_wconf 79' lang='lat' dir='ltr'><strong>attigisset,</strong></span> <span class='ocrx_word' id='word_1_83' title='bbox 1258 1207 1375 1263; x_wconf 79' lang='lat' dir='ltr'><strong>fieri</strong></span> <span class='ocrx_word' id='word_1_84' title='bbox 1422 1208 1506 1263; x_wconf 80' lang='lat' dir='ltr'><strong>vix</strong></span> <span class='ocrx_word' id='word_1_85' title='bbox 1557 1208 1731 1279; x_wconf 92' lang='lat' dir='ltr'><strong>potuit</strong></span> <span class='ocrx_word' id='word_1_86' title='bbox 1781 1218 1840 1264; x_wconf 94' lang='lat' dir='ltr'><strong>ut</strong></span> <span class='ocrx_word' id='word_1_87' title='bbox 1889 1225 1996 1266; x_wconf 92' lang='lat' dir='ltr'><strong>non</strong></span> <span class='ocrx_word' id='word_1_88' title='bbox 2053 1211 2156 1282; x_wconf 90' lang='lat' dir='ltr'><strong>ipsi</strong></span> 
     </span>
    </p>
   </div>
   <div class='ocr_carea' id='block_1_12' title="bbox 559 1298 2158 1376">
    <p class='ocr_par' dir='ltr' id='par_1_12' title="bbox 559 1298 2158 1376">
     <span class='ocr_line' id='line_1_12' title="bbox 559 1298 2158 1376; baseline 0.003 -21"><span class='ocrx_word' id='word_1_89' title='bbox 559 1298 895 1358; x_wconf 86' lang='lat' dir='ltr'><strong>Tertulliano</strong></span> <span class='ocrx_word' id='word_1_90' title='bbox 933 1302 1266 1368; x_wconf 91' lang='lat' dir='ltr'><strong>innotuerit,</strong></span> <span class='ocrx_word' id='word_1_91' title='bbox 1317 1315 1439 1357; x_wconf 92' lang='lat' dir='ltr'><strong>cum</strong></span> <span class='ocrx_word' id='word_1_92' title='bbox 1490 1310 1666 1356; x_wconf 89' lang='lat' dir='ltr'><strong>tamen</strong></span> <span class='ocrx_word' id='word_1_93' title='bbox 1715 1316 1980 1373; x_wconf 87' lang='lat' dir='ltr'><strong>nusquam</strong></span> <span class='ocrx_word' id='word_1_94' title='bbox 2010 1303 2158 1376; x_wconf 84' lang='lat' dir='ltr'><strong>lega-</strong></span> 
     </span>
    </p>
   </div>
   <div class='ocr_carea' id='block_1_13' title="bbox 561 1394 1759 1464">
    <p class='ocr_par' dir='ltr' id='par_1_13' title="bbox 561 1394 1759 1464">
     <span class='ocr_line' id='line_1_13' title="bbox 561 1394 1759 1464; baseline 0.001 -15"><span class='ocrx_word' id='word_1_95' title='bbox 561 1407 683 1449; x_wconf 88' lang='lat' dir='ltr'><strong>mus</strong></span> <span class='ocrx_word' id='word_1_96' title='bbox 715 1396 818 1450; x_wconf 89' lang='lat' dir='ltr'><strong>nisi</strong></span> <span class='ocrx_word' id='word_1_97' title='bbox 848 1395 900 1450; x_wconf 92' lang='lat' dir='ltr'><strong>in</strong></span> <span class='ocrx_word' id='word_1_98' title='bbox 935 1394 1088 1451; x_wconf 86' lang='lat' dir='ltr'><strong>libris</strong></span> <span class='ocrx_word' id='word_1_99' title='bbox 1117 1396 1236 1464; x_wconf 91' lang='lat' dir='ltr'><strong>ejus</strong></span> <span class='ocrx_word' id='word_1_100' title='bbox 1265 1394 1433 1450; x_wconf 88' lang='lat' dir='ltr'><strong>fuisse</strong></span> <span class='ocrx_word' id='word_1_101' title='bbox 1463 1406 1759 1450; x_wconf 90' lang='lat' dir='ltr'><strong>versatum.</strong></span> 
     </span>
    </p>
   </div>
   <div class='ocr_carea' id='block_1_14' title="bbox 633 1483 2157 1564">
    <p class='ocr_par' dir='ltr' id='par_1_14' title="bbox 633 1483 2157 1564">
     <span class='ocr_line' id='line_1_14' title="bbox 633 1483 2157 1564; baseline 0.003 -23"><span class='ocrx_word' id='word_1_102' title='bbox 633 1483 661 1557; x_wconf 84' lang='lat'>§</span> <span class='ocrx_word' id='word_1_103' title='bbox 690 1485 784 1541; x_wconf 74' lang='grc'><strong>41.</strong></span> <span class='ocrx_word' id='word_1_104' title='bbox 816 1516 887 1526; x_wconf 89' lang='grc'><strong><em>-</em></strong></span> <span class='ocrx_word' id='word_1_105' title='bbox 914 1486 1111 1542; x_wconf 89' lang='lat' dir='ltr'><strong>Fateor</strong></span> <span class='ocrx_word' id='word_1_106' title='bbox 1160 1487 1410 1556; x_wconf 88' lang='lat' dir='ltr'><strong>equidem</strong></span> <span class='ocrx_word' id='word_1_107' title='bbox 1458 1485 1625 1543; x_wconf 82' lang='lat' dir='ltr'><strong>fuisse</strong></span> <span class='ocrx_word' id='word_1_108' title='bbox 1652 1488 1815 1543; x_wconf 92' lang='lat' dir='ltr'><strong>etiam</strong></span> <span class='ocrx_word' id='word_1_109' title='bbox 1856 1498 2015 1546; x_wconf 63' lang='lat' dir='ltr'><strong>actate</strong></span> <span class='ocrx_word' id='word_1_110' title='bbox 2051 1488 2157 1564; x_wconf 90' lang='lat' dir='ltr'><strong>Cy-</strong></span> 
     </span>
    </p>
   </div>
   <div class='ocr_carea' id='block_1_15' title="bbox 2254 465 3848 539">
    <p class='ocr_par' dir='ltr' id='par_1_15' title="bbox 2254 465 3848 539">
     <span class='ocr_line' id='line_1_15' title="bbox 2254 465 3848 539; baseline 0 -15"><span class='ocrx_word' id='word_1_111' title='bbox 2254 478 2461 524; x_wconf 91' lang='lat' dir='ltr'><strong>teutur.</strong></span> <span class='ocrx_word' id='word_1_112' title='bbox 2492 468 2817 539; x_wconf 77' lang='lat' dir='ltr'><strong>Experituur</strong></span> <span class='ocrx_word' id='word_1_113' title='bbox 2867 476 3043 525; x_wconf 89' lang='lat' dir='ltr'><strong>tamen</strong></span> <span class='ocrx_word' id='word_1_114' title='bbox 3094 467 3286 532; x_wconf 89' lang='lat' dir='ltr'><strong>hodie,</strong></span> <span class='ocrx_word' id='word_1_115' title='bbox 3345 467 3398 523; x_wconf 89' lang='lat' dir='ltr'><strong>in</strong></span> <span class='ocrx_word' id='word_1_116' title='bbox 3445 465 3609 523; x_wconf 90' lang='lat' dir='ltr'><strong>simili</strong></span> <span class='ocrx_word' id='word_1_117' title='bbox 3656 465 3848 523; x_wconf 78' lang='lat' dir='ltr'><strong>adver-</strong></span> 
     </span>
    </p>
   </div>
   <div class='ocr_carea' id='block_1_16' title="bbox 2254 557 3845 631">
    <p class='ocr_par' dir='ltr' id='par_1_16' title="bbox 2254 557 3845 631">
     <span class='ocr_line' id='line_1_16' title="bbox 2254 557 3845 631; baseline 0 -15"><span class='ocrx_word' id='word_1_118' title='bbox 2254 560 2521 616; x_wconf 85' lang='lat' dir='ltr'><strong>sariorum</strong></span> <span class='ocrx_word' id='word_1_119' title='bbox 2571 575 2802 631; x_wconf 86' lang='lat' dir='ltr'><strong>genere,</strong></span> <span class='ocrx_word' id='word_1_120' title='bbox 2852 576 3014 631; x_wconf 87' lang='lat' dir='ltr'><strong>quam</strong></span> <span class='ocrx_word' id='word_1_121' title='bbox 3068 559 3222 616; x_wconf 78' lang='lat' dir='ltr'><strong>facile</strong></span> <span class='ocrx_word' id='word_1_122' title='bbox 3282 557 3666 616; x_wconf 81' lang='lat' dir='ltr'><strong>ofﬁciarierum</strong></span> <span class='ocrx_word' id='word_1_123' title='bbox 3716 574 3845 616; x_wconf 82' lang='lat' dir='ltr'><strong>con-</strong></span> 
     </span>
    </p>
   </div>
   <div class='ocr_carea' id='block_1_17' title="bbox 2259 651 3843 727">
    <p class='ocr_par' dir='ltr' id='par_1_17' title="bbox 2259 651 3843 727">
     <span class='ocr_line' id='line_1_17' title="bbox 2259 651 3843 727; baseline -0.004 -15"><span class='ocrx_word' id='word_1_124' title='bbox 2259 666 2492 727; x_wconf 87' lang='lat' dir='ltr'><strong>tetuptus</strong></span> <span class='ocrx_word' id='word_1_125' title='bbox 2561 654 2615 709; x_wconf 88' lang='lat' dir='ltr'><strong>itt</strong></span> <span class='ocrx_word' id='word_1_126' title='bbox 2684 663 3054 725; x_wconf 91' lang='lat' dir='ltr'><strong>contemptum</strong></span> <span class='ocrx_word' id='word_1_127' title='bbox 3127 663 3370 708; x_wconf 84' lang='lat' dir='ltr'><strong>vertatur</strong></span> <span class='ocrx_word' id='word_1_128' title='bbox 3419 651 3619 716; x_wconf 82' lang='lat' dir='ltr'><strong>ofﬁcii;</strong></span> <span class='ocrx_word' id='word_1_129' title='bbox 3683 666 3843 723; x_wconf 89' lang='lat' dir='ltr'><strong>quam</strong></span> 
     </span>
    </p>
   </div>
   <div class='ocr_carea' id='block_1_18' title="bbox 2260 745 3847 818">
    <p class='ocr_par' dir='ltr' id='par_1_18' title="bbox 2260 745 3847 818">
     <span class='ocr_line' id='line_1_18' title="bbox 2260 745 3847 818; baseline -0.002 -14"><span class='ocrx_word' id='word_1_130' title='bbox 2260 748 2414 804; x_wconf 85' lang='lat' dir='ltr'><strong>facile</strong></span> <span class='ocrx_word' id='word_1_131' title='bbox 2459 747 2721 818; x_wconf 86' lang='lat' dir='ltr'><strong>avideque</strong></span> <span class='ocrx_word' id='word_1_132' title='bbox 2774 749 3029 803; x_wconf 83' lang='lat' dir='ltr'><strong>minutias</strong></span> <span class='ocrx_word' id='word_1_133' title='bbox 3081 747 3235 813; x_wconf 91' lang='lat' dir='ltr'><strong>illas,</strong></span> <span class='ocrx_word' id='word_1_134' title='bbox 3285 747 3330 802; x_wconf 90' lang='lat' dir='ltr'><strong>si</strong></span> <span class='ocrx_word' id='word_1_135' title='bbox 3376 761 3496 818; x_wconf 76' lang='lat' dir='ltr'><strong>qua:</strong></span> <span class='ocrx_word' id='word_1_136' title='bbox 3540 745 3666 801; x_wconf 89' lang='lat' dir='ltr'><strong>alibi</strong></span> <span class='ocrx_word' id='word_1_137' title='bbox 3708 761 3847 817; x_wconf 66' lang='lat' dir='ltr'><strong>prae-</strong></span> 
     </span>
    </p>
   </div>
   <div class='ocr_carea' id='block_1_19' title="bbox 2259 838 3913 911">
    <p class='ocr_par' dir='ltr' id='par_1_19' title="bbox 2259 838 3913 911">
     <span class='ocr_line' id='line_1_19' title="bbox 2259 838 3913 911; baseline -0.002 -14"><span class='ocrx_word' id='word_1_138' title='bbox 2259 849 2343 897; x_wconf 88' lang='lat' dir='ltr'><strong>ter</strong></span> <span class='ocrx_word' id='word_1_139' title='bbox 2369 842 2512 911; x_wconf 82' lang='lat' dir='ltr'><strong>vulgi</strong></span> <span class='ocrx_word' id='word_1_140' title='bbox 2552 840 2833 911; x_wconf 90' lang='lat' dir='ltr'><strong>opiniones</strong></span> <span class='ocrx_word' id='word_1_141' title='bbox 2863 849 3184 904; x_wconf 85' lang='lat' dir='ltr'><strong>occurrant,</strong></span> <span class='ocrx_word' id='word_1_142' title='bbox 3214 838 3581 909; x_wconf 88' lang='lat' dir='ltr'><strong>iniquissimas</strong></span> <span class='ocrx_word' id='word_1_143' title='bbox 3610 838 3849 909; x_wconf 89' lang='lat' dir='ltr'><strong>profecto</strong></span> <span class='ocrx_word' id='word_1_144' title='bbox 3912 866 3913 869; x_wconf 56' lang='grc' dir='ltr'><strong>η</strong></span> 
     </span>
    </p>
   </div>
   <div class='ocr_carea' id='block_1_20' title="bbox 2261 931 3850 1006">
    <p class='ocr_par' dir='ltr' id='par_1_20' title="bbox 2261 931 3850 1006">
     <span class='ocr_line' id='line_1_20' title="bbox 2261 931 3850 1006; baseline -0.002 -19"><span class='ocrx_word' id='word_1_145' title='bbox 2261 934 2371 1006; x_wconf 91' lang='lat' dir='ltr'><strong>(ne</strong></span> <span class='ocrx_word' id='word_1_146' title='bbox 2417 932 2543 1004; x_wconf 89' lang='lat' dir='ltr'><strong>quid</strong></span> <span class='ocrx_word' id='word_1_147' title='bbox 2598 933 2771 988; x_wconf 89' lang='lat' dir='ltr'><strong>dicam</strong></span> <span class='ocrx_word' id='word_1_148' title='bbox 2819 931 3103 1004; x_wconf 90' lang='lat' dir='ltr'><strong>acerbius)</strong></span> <span class='ocrx_word' id='word_1_149' title='bbox 3151 931 3276 987; x_wconf 90' lang='lat' dir='ltr'><strong>boni</strong></span> <span class='ocrx_word' id='word_1_150' title='bbox 3332 932 3652 1002; x_wconf 91' lang='lat' dir='ltr'><strong>honestique</strong></span> <span class='ocrx_word' id='word_1_151' title='bbox 3691 946 3850 1002; x_wconf 83' lang='lat' dir='ltr'><strong>regu-</strong></span> 
     </span>
    </p>
   </div>
   <div class='ocr_carea' id='block_1_21' title="bbox 2261 1023 3850 1093">
    <p class='ocr_par' dir='ltr' id='par_1_21' title="bbox 2261 1023 3850 1093">
     <span class='ocr_line' id='line_1_21' title="bbox 2261 1023 3850 1093; baseline -0.002 -15"><span class='ocrx_word' id='word_1_152' title='bbox 2261 1025 2377 1090; x_wconf 85' lang='lat' dir='ltr'><strong>las,</strong></span> <span class='ocrx_word' id='word_1_153' title='bbox 2432 1023 2692 1092; x_wconf 86' lang='lat' dir='ltr'><strong>arripiant</strong></span> <span class='ocrx_word' id='word_1_154' title='bbox 2740 1033 2917 1078; x_wconf 92' lang='lat' dir='ltr'><strong>tamen</strong></span> <span class='ocrx_word' id='word_1_155' title='bbox 2969 1023 3037 1078; x_wconf 89' lang='lat' dir='ltr'><strong>ad</strong></span> <span class='ocrx_word' id='word_1_156' title='bbox 3092 1031 3461 1092; x_wconf 90' lang='lat' dir='ltr'><strong>contemptum</strong></span> <span class='ocrx_word' id='word_1_157' title='bbox 3502 1036 3850 1093; x_wconf 56' lang='lat' dir='ltr'><strong>perstinarum</strong></span> 
     </span>
    </p>
   </div>
   <div class='ocr_carea' id='block_1_22' title="bbox 2259 1115 3855 1189">
    <p class='ocr_par' dir='ltr' id='par_1_22' title="bbox 2259 1115 3855 1189">
     <span class='ocr_line' id='line_1_22' title="bbox 2259 1115 3855 1189; baseline -0.001 -15"><span class='ocrx_word' id='word_1_158' title='bbox 2259 1134 2489 1189; x_wconf 89' lang='lat' dir='ltr'><strong>quorum</strong></span> <span class='ocrx_word' id='word_1_159' title='bbox 2545 1117 2905 1172; x_wconf 83' lang='lat' dir='ltr'><strong>conscientias</strong></span> <span class='ocrx_word' id='word_1_160' title='bbox 2945 1116 3087 1172; x_wconf 89' lang='lat' dir='ltr'><strong>male</strong></span> <span class='ocrx_word' id='word_1_161' title='bbox 3137 1117 3301 1173; x_wconf 85' lang='lat' dir='ltr'><strong>habet</strong></span> <span class='ocrx_word' id='word_1_162' title='bbox 3334 1115 3498 1172; x_wconf 88' lang='lat' dir='ltr'><strong>officii</strong></span> <span class='ocrx_word' id='word_1_163' title='bbox 3536 1115 3717 1171; x_wconf 91' lang='lat' dir='ltr'><strong>debita</strong></span> <span class='ocrx_word' id='word_1_164' title='bbox 3760 1131 3855 1172; x_wconf 87' lang='lat' dir='ltr'><strong>ve-</strong></span> 
     </span>
    </p>
   </div>
   <div class='ocr_carea' id='block_1_23' title="bbox 2263 1208 3856 1282">
    <p class='ocr_par' dir='ltr' id='par_1_23' title="bbox 2263 1208 3856 1282">
     <span class='ocr_line' id='line_1_23' title="bbox 2263 1208 3856 1282; baseline -0.003 -14"><span class='ocrx_word' id='word_1_165' title='bbox 2263 1214 2500 1278; x_wconf 88' lang='lat' dir='ltr'><strong>neratio;</strong></span> <span class='ocrx_word' id='word_1_166' title='bbox 2549 1226 2709 1282; x_wconf 89' lang='lat' dir='ltr'><strong>quam</strong></span> <span class='ocrx_word' id='word_1_167' title='bbox 2757 1211 2885 1267; x_wconf 90' lang='lat' dir='ltr'><strong>item</strong></span> <span class='ocrx_word' id='word_1_168' title='bbox 2938 1209 3095 1266; x_wconf 82' lang='lat' dir='ltr'><strong>facile</strong></span> <span class='ocrx_word' id='word_1_169' title='bbox 3133 1210 3206 1265; x_wconf 89' lang='lat' dir='ltr'><strong>ita</strong></span> <span class='ocrx_word' id='word_1_170' title='bbox 3258 1225 3317 1265; x_wconf 87' lang='lat' dir='ltr'><strong>se</strong></span> <span class='ocrx_word' id='word_1_171' title='bbox 3364 1220 3730 1265; x_wconf 79' lang='lat' dir='ltr'><strong>transversum</strong></span> <span class='ocrx_word' id='word_1_172' title='bbox 3772 1208 3856 1280; x_wconf 94' lang='lat' dir='ltr'><strong>agi</strong></span> 
     </span>
    </p>
   </div>
   <div class='ocr_carea' id='block_1_24' title="bbox 2264 1302 3857 1376">
    <p class='ocr_par' dir='ltr' id='par_1_24' title="bbox 2264 1302 3857 1376">
     <span class='ocr_line' id='line_1_24' title="bbox 2264 1302 3857 1376; baseline -0.003 -16"><span class='ocrx_word' id='word_1_173' title='bbox 2264 1305 2555 1376; x_wconf 87' lang='lat' dir='ltr'><strong>patiantur,</strong></span> <span class='ocrx_word' id='word_1_174' title='bbox 2605 1311 2664 1357; x_wconf 90' lang='lat' dir='ltr'><strong>ut</strong></span> <span class='ocrx_word' id='word_1_175' title='bbox 2719 1318 2789 1359; x_wconf 92' lang='lat' dir='ltr'><strong>ne</strong></span> <span class='ocrx_word' id='word_1_176' title='bbox 2851 1317 3029 1359; x_wconf 65' lang='lat' dir='ltr'><strong>causa:</strong></span> <span class='ocrx_word' id='word_1_177' title='bbox 3078 1302 3248 1371; x_wconf 86' lang='lat' dir='ltr'><strong>ipsius</strong></span> <span class='ocrx_word' id='word_1_178' title='bbox 3310 1302 3560 1356; x_wconf 90' lang='lat' dir='ltr'><strong>meritum</strong></span> <span class='ocrx_word' id='word_1_179' title='bbox 3611 1316 3857 1372; x_wconf 63' lang='lat' dir='ltr'><strong>quaeren-</strong></span> 
     </span>
    </p>
   </div>
   <div class='ocr_carea' id='block_1_25' title="bbox 2265 1393 3856 1467">
    <p class='ocr_par' dir='ltr' id='par_1_25' title="bbox 2265 1393 3856 1467">
     <span class='ocr_line' id='line_1_25' title="bbox 2265 1393 3856 1467; baseline -0.004 -15"><span class='ocrx_word' id='word_1_180' title='bbox 2265 1397 2391 1452; x_wconf 84' lang='lat' dir='ltr'><strong>dtnn</strong></span> <span class='ocrx_word' id='word_1_181' title='bbox 2443 1406 2661 1467; x_wconf 88' lang='lat' dir='ltr'><strong>putent,</strong></span> <span class='ocrx_word' id='word_1_182' title='bbox 2709 1396 2755 1450; x_wconf 92' lang='lat' dir='ltr'><strong>si</strong></span> <span class='ocrx_word' id='word_1_183' title='bbox 2798 1395 3013 1467; x_wconf 88' lang='lat' dir='ltr'><strong>quando</strong></span> <span class='ocrx_word' id='word_1_184' title='bbox 3056 1395 3126 1449; x_wconf 93' lang='lat' dir='ltr'><strong>de</strong></span> <span class='ocrx_word' id='word_1_185' title='bbox 3176 1394 3565 1466; x_wconf 88' lang='lat' dir='ltr'><strong>prophetarum</strong></span> <span class='ocrx_word' id='word_1_186' title='bbox 3611 1393 3856 1465; x_wconf 85' lang='lat' dir='ltr'><strong>personis</strong></span> 
     </span>
    </p>
   </div>
   <div class='ocr_carea' id='block_1_26' title="bbox 2267 1485 3860 1557">
    <p class='ocr_par' dir='ltr' id='par_1_26' title="bbox 2267 1485 3860 1557">
     <span class='ocr_line' id='line_1_26' title="bbox 2267 1485 3860 1557; baseline -0.001 -13"><span class='ocrx_word' id='word_1_187' title='bbox 2267 1491 2444 1544; x_wconf 89' lang='lat' dir='ltr'><strong>minus</strong></span> <span class='ocrx_word' id='word_1_188' title='bbox 2501 1488 2798 1544; x_wconf 83' lang='lat' dir='ltr'><strong>honorifice</strong></span> <span class='ocrx_word' id='word_1_189' title='bbox 2837 1488 3126 1544; x_wconf 83' lang='lat' dir='ltr'><strong>senserint.</strong></span> <span class='ocrx_word' id='word_1_190' title='bbox 3157 1485 3266 1542; x_wconf 87' lang='lat' dir='ltr'><strong>[llis</strong></span> <span class='ocrx_word' id='word_1_191' title='bbox 3304 1496 3483 1542; x_wconf 91' lang='lat' dir='ltr'><strong>autem</strong></span> <span class='ocrx_word' id='word_1_192' title='bbox 3526 1502 3709 1557; x_wconf 69' lang='lat' dir='ltr'><strong>arquos</strong></span> <span class='ocrx_word' id='word_1_193' title='bbox 3738 1500 3860 1543; x_wconf 86' lang='lat' dir='ltr'><strong>esse</strong></span> 
     </span>
    </p>
   </div>
   <div class='ocr_carea' id='block_1_27' title="bbox 561 1578 3006 1653">
    <p class='ocr_par' dir='ltr' id='par_1_27' title="bbox 561 1578 3006 1653">
     <span class='ocr_line' id='line_1_27' title="bbox 561 1578 3006 1653; baseline 0.003 -21"><span class='ocrx_word' id='word_1_194' title='bbox 561 1578 760 1650; x_wconf 83' lang='lat' dir='ltr'><strong>priani,</strong></span> <span class='ocrx_word' id='word_1_195' title='bbox 786 1580 878 1647; x_wconf 90' lang='lat' dir='ltr'><strong>qui</strong></span> <span class='ocrx_word' id='word_1_196' title='bbox 905 1582 1113 1636; x_wconf 89' lang='lat' dir='ltr'><strong>somnia</strong></span> <span class='ocrx_word' id='word_1_197' title='bbox 1135 1582 1477 1653; x_wconf 85' lang='lat' dir='ltr'><strong>visionesque</strong></span> <span class='ocrx_word' id='word_1_198' title='bbox 1500 1582 1731 1639; x_wconf 90' lang='lat' dir='ltr'><strong>ludibrio</strong></span> <span class='ocrx_word' id='word_1_199' title='bbox 1748 1583 2032 1641; x_wconf 87' lang='lat' dir='ltr'><strong>baberent.</strong></span> <span class='ocrx_word' id='word_1_200' title='bbox 2054 1585 2160 1642; x_wconf 89' lang='lat' dir='ltr'><strong>Sed</strong></span> <span class='ocrx_word' id='word_1_201' title='bbox 2261 1582 2473 1653; x_wconf 87' lang='lat' dir='ltr'><strong>judices</strong></span> <span class='ocrx_word' id='word_1_202' title='bbox 2521 1596 2679 1637; x_wconf 91' lang='lat' dir='ltr'><strong>nemo</strong></span> <span class='ocrx_word' id='word_1_203' title='bbox 2723 1581 3006 1638; x_wconf 85' lang='lat' dir='ltr'><strong>concedet.</strong></span> 
     </span>
    </p>
   </div>
   <div class='ocr_carea' id='block_1_28' title="bbox 564 1671 2164 1746">
    <p class='ocr_par' dir='ltr' id='par_1_28' title="bbox 564 1671 2164 1746">
     <span class='ocr_line' id='line_1_28' title="bbox 564 1671 2164 1746; baseline 0.006 -21"><span class='ocrx_word' id='word_1_204' title='bbox 564 1672 751 1742; x_wconf 88' lang='lat' dir='ltr'><strong>quales</strong></span> <span class='ocrx_word' id='word_1_205' title='bbox 790 1671 1017 1728; x_wconf 88' lang='lat' dir='ltr'><strong>fuissent</strong></span> <span class='ocrx_word' id='word_1_206' title='bbox 1044 1673 1156 1739; x_wconf 89' lang='lat' dir='ltr'><strong>illi,</strong></span> <span class='ocrx_word' id='word_1_207' title='bbox 1204 1674 1382 1745; x_wconf 89' lang='lat' dir='ltr'><strong>prodit</strong></span> <span class='ocrx_word' id='word_1_208' title='bbox 1434 1676 1550 1746; x_wconf 91' lang='lat' dir='ltr'><strong>ipse</strong></span> <span class='ocrx_word' id='word_1_209' title='bbox 1580 1676 1633 1731; x_wconf 93' lang='lat' dir='ltr'><strong>in</strong></span> <span class='ocrx_word' id='word_1_210' title='bbox 1666 1678 1893 1746; x_wconf 90' lang='lat' dir='ltr'><strong>epistola</strong></span> <span class='ocrx_word' id='word_1_211' title='bbox 1934 1678 2000 1734; x_wconf 90' lang='lat' dir='ltr'><strong>ad</strong></span> <span class='ocrx_word' id='word_1_212' title='bbox 2037 1678 2164 1735; x_wconf 84' lang='lat' dir='ltr'><strong>Fle-</strong></span> 
     </span>
    </p>
   </div>
   <div class='ocr_carea' id='block_1_29' title="bbox 2343 1672 3863 1745">
    <p class='ocr_par' dir='ltr' id='par_1_29' title="bbox 2343 1672 3863 1745">
     <span class='ocr_line' id='line_1_29' title="bbox 2343 1672 3863 1745; baseline -0.001 -15"><span class='ocrx_word' id='word_1_213' title='bbox 2343 1674 2371 1745; x_wconf 86' lang='lat'>§</span> <span class='ocrx_word' id='word_1_214' title='bbox 2400 1673 2744 1741; x_wconf 73' lang='lat' dir='ltr'><strong>42.--Quod</strong></span> <span class='ocrx_word' id='word_1_215' title='bbox 2768 1676 2812 1729; x_wconf 89' lang='lat' dir='ltr'><strong>si</strong></span> <span class='ocrx_word' id='word_1_216' title='bbox 2833 1675 3045 1730; x_wconf 89' lang='lat' dir='ltr'><strong>illorum</strong></span> <span class='ocrx_word' id='word_1_217' title='bbox 3069 1688 3285 1745; x_wconf 89' lang='lat' dir='ltr'><strong>quoque</strong></span> <span class='ocrx_word' id='word_1_218' title='bbox 3315 1672 3698 1744; x_wconf 81' lang='lat' dir='ltr'><strong>prophetarum</strong></span> <span class='ocrx_word' id='word_1_219' title='bbox 3732 1681 3863 1729; x_wconf 39' lang='lat' dir='ltr'><strong>tems</strong></span> 
     </span>
    </p>
   </div>
   <div class='ocr_carea' id='block_1_30' title="bbox 562 1765 3862 1846">
    <p class='ocr_par' dir='ltr' id='par_1_30' title="bbox 562 1765 3862 1846">
     <span class='ocr_line' id='line_1_30' title="bbox 562 1765 3862 1846; baseline 0 -25"><span class='ocrx_word' id='word_1_220' title='bbox 562 1766 797 1821; x_wconf 88' lang='lat' dir='ltr'><strong>rentiutn</strong></span> <span class='ocrx_word' id='word_1_221' title='bbox 818 1765 1136 1840; x_wconf 89' lang='lat' dir='ltr'><strong>Pupianum.</strong></span> <span class='ocrx_word' id='word_1_222' title='bbox 1177 1787 1196 1822; x_wconf 74' lang='grc' dir='ltr'>ι</span> <span class='ocrx_word' id='word_1_223' title='bbox 1235 1768 1594 1840; x_wconf 88' lang='lat' dir='ltr'><strong>Quamquam,</strong></span> <span class='ocrx_word' id='word_1_224' title='bbox 1623 1770 1797 1843; x_wconf 89' lang='lat' dir='ltr'><strong>inquit</strong></span> <span class='ocrx_word' id='word_1_225' title='bbox 1822 1771 1952 1846; x_wconf 85' lang='lat' dir='ltr'><strong>(Ep.</strong></span> <span class='ocrx_word' id='word_1_226' title='bbox 1987 1771 2159 1846; x_wconf 72' lang='lat' dir='ltr'><strong>uix),</strong></span> <span class='ocrx_word' id='word_1_227' title='bbox 2192 1778 2240 1838; x_wconf 77' lang='grc' dir='ltr'><strong>Β</strong></span> <span class='ocrx_word' id='word_1_228' title='bbox 2270 1769 2492 1841; x_wconf 87' lang='lat' dir='ltr'><strong>poribus</strong></span> <span class='ocrx_word' id='word_1_229' title='bbox 2527 1810 2542 1834; x_wconf 89' lang='lat'><strong>,</strong></span> <span class='ocrx_word' id='word_1_230' title='bbox 2603 1769 2694 1840; x_wconf 90' lang='lat' dir='ltr'><strong>qui</strong></span> <span class='ocrx_word' id='word_1_231' title='bbox 2751 1768 3054 1826; x_wconf 88' lang='lat' dir='ltr'><strong>certissima</strong></span> <span class='ocrx_word' id='word_1_232' title='bbox 3118 1767 3415 1823; x_wconf 85' lang='lat' dir='ltr'><strong>edidissent</strong></span> <span class='ocrx_word' id='word_1_233' title='bbox 3460 1766 3862 1838; x_wconf 85' lang='lat' dir='ltr'><strong>prophetiarunt</strong></span> 
     </span>
    </p>
   </div>
   <div class='ocr_carea' id='block_1_31' title="bbox 564 1859 2166 1938">
    <p class='ocr_par' dir='ltr' id='par_1_31' title="bbox 564 1859 2166 1938">
     <span class='ocr_line' id='line_1_31' title="bbox 564 1859 2166 1938; baseline 0.005 -24"><span class='ocrx_word' id='word_1_234' title='bbox 564 1859 735 1915; x_wconf 89' lang='lat' dir='ltr'><strong>sciam</strong></span> <span class='ocrx_word' id='word_1_235' title='bbox 785 1860 994 1915; x_wconf 87' lang='lat' dir='ltr'><strong>somnia</strong></span> <span class='ocrx_word' id='word_1_236' title='bbox 1044 1860 1273 1918; x_wconf 89' lang='lat' dir='ltr'><strong>ridicula</strong></span> <span class='ocrx_word' id='word_1_237' title='bbox 1319 1875 1372 1918; x_wconf 88' lang='lat' dir='ltr'><strong>et</strong></span> <span class='ocrx_word' id='word_1_238' title='bbox 1414 1863 1652 1920; x_wconf 84' lang='lat' dir='ltr'><strong>visiones</strong></span> <span class='ocrx_word' id='word_1_239' title='bbox 1691 1866 1901 1936; x_wconf 87' lang='lat' dir='ltr'><strong>ineptas</strong></span> <span class='ocrx_word' id='word_1_240' title='bbox 1939 1867 2166 1938; x_wconf 88' lang='lat' dir='ltr'><strong>quibus-</strong></span> 
     </span>
    </p>
   </div>
   <div class='ocr_carea' id='block_1_32' title="bbox 565 1949 2168 2028">
    <p class='ocr_par' dir='ltr' id='par_1_32' title="bbox 565 1949 2168 2028">
     <span class='ocr_line' id='line_1_32' title="bbox 565 1949 2168 2028; baseline 0.007 -22"><span class='ocrx_word' id='word_1_241' title='bbox 565 1949 689 2006; x_wconf 88' lang='lat' dir='ltr'><strong>dam</strong></span> <span class='ocrx_word' id='word_1_242' title='bbox 742 1951 948 2021; x_wconf 79' lang='lat' dir='ltr'><strong>videri,</strong></span> <span class='ocrx_word' id='word_1_243' title='bbox 1015 1952 1110 2008; x_wconf 91' lang='lat' dir='ltr'><strong>sed</strong></span> <span class='ocrx_word' id='word_1_244' title='bbox 1172 1955 1359 2024; x_wconf 89' lang='lat' dir='ltr'><strong>utique</strong></span> <span class='ocrx_word' id='word_1_245' title='bbox 1401 1955 1507 2011; x_wconf 90' lang='lat' dir='ltr'><strong>illis</strong></span> <span class='ocrx_word' id='word_1_246' title='bbox 1556 1957 1650 2028; x_wconf 88' lang='lat' dir='ltr'><strong>qui</strong></span> <span class='ocrx_word' id='word_1_247' title='bbox 1700 1959 1910 2014; x_wconf 90' lang='lat' dir='ltr'><strong>malunt</strong></span> <span class='ocrx_word' id='word_1_248' title='bbox 1980 1970 2168 2017; x_wconf 87' lang='lat' dir='ltr'><strong>contra</strong></span> 
     </span>
    </p>
   </div>
   <div class='ocr_carea' id='block_1_33' title="bbox 566 2045 2169 2120">
    <p class='ocr_par' dir='ltr' id='par_1_33' title="bbox 566 2045 2169 2120">
     <span class='ocr_line' id='line_1_33' title="bbox 566 2045 2169 2120; baseline 0.006 -18"><span class='ocrx_word' id='word_1_249' title='bbox 566 2045 881 2102; x_wconf 86' lang='lat' dir='ltr'><strong>sacerdotes</strong></span> <span class='ocrx_word' id='word_1_250' title='bbox 909 2048 1135 2103; x_wconf 88' lang='lat' dir='ltr'><strong>credere</strong></span> <span class='ocrx_word' id='word_1_251' title='bbox 1181 2064 1342 2120; x_wconf 90' lang='lat' dir='ltr'><strong>quam</strong></span> <span class='ocrx_word' id='word_1_252' title='bbox 1396 2049 1685 2107; x_wconf 89' lang='lat' dir='ltr'><strong>sacerdoti.</strong></span> <span class='ocrx_word' id='word_1_253' title='bbox 1724 2073 1745 2106; x_wconf 79' lang='grc' dir='ltr'><strong><em>ι</em></strong></span> <span class='ocrx_word' id='word_1_254' title='bbox 1779 2054 1946 2110; x_wconf 86' lang='lat' dir='ltr'><strong>Plane</strong></span> <span class='ocrx_word' id='word_1_255' title='bbox 1996 2055 2169 2111; x_wconf 91' lang='lat' dir='ltr'><strong>innuit</strong></span> 
     </span>
    </p>
   </div>
   <div class='ocr_carea' id='block_1_34' title="bbox 568 2139 2170 2215">
    <p class='ocr_par' dir='ltr' id='par_1_34' title="bbox 568 2139 2170 2215">
     <span class='ocr_line' id='line_1_34' title="bbox 568 2139 2170 2215; baseline 0.008 -22"><span class='ocrx_word' id='word_1_256' title='bbox 568 2139 660 2211; x_wconf 87' lang='lat' dir='ltr'><strong>qui</strong></span> <span class='ocrx_word' id='word_1_257' title='bbox 692 2139 765 2196; x_wconf 89' lang='lat' dir='ltr'><strong>ita</strong></span> <span class='ocrx_word' id='word_1_258' title='bbox 794 2141 1132 2210; x_wconf 88' lang='lat' dir='ltr'><strong>sensissent,</strong></span> <span class='ocrx_word' id='word_1_259' title='bbox 1176 2143 1356 2199; x_wconf 88' lang='lat' dir='ltr'><strong>alieno</strong></span> <span class='ocrx_word' id='word_1_260' title='bbox 1403 2143 1567 2215; x_wconf 83' lang='lat' dir='ltr'><strong>fuisse</strong></span> <span class='ocrx_word' id='word_1_261' title='bbox 1613 2146 1666 2201; x_wconf 91' lang='lat' dir='ltr'><strong>in</strong></span> <span class='ocrx_word' id='word_1_262' title='bbox 1708 2147 2009 2204; x_wconf 77' lang='lat' dir='ltr'><strong>Ecclesium</strong></span> <span class='ocrx_word' id='word_1_263' title='bbox 2054 2150 2170 2206; x_wconf 86' lang='lat' dir='ltr'><strong>ani-</strong></span> 
     </span>
    </p>
   </div>
   <div class='ocr_carea' id='block_1_35' title="bbox 569 2232 2172 2307">
    <p class='ocr_par' dir='ltr' id='par_1_35' title="bbox 569 2232 2172 2307">
     <span class='ocr_line' id='line_1_35' title="bbox 569 2232 2172 2307; baseline 0.006 -20"><span class='ocrx_word' id='word_1_264' title='bbox 569 2246 681 2288; x_wconf 91' lang='lat' dir='ltr'><strong>mo.</strong></span> <span class='ocrx_word' id='word_1_265' title='bbox 754 2232 909 2301; x_wconf 86' lang='lat' dir='ltr'><strong>Quod</strong></span> <span class='ocrx_word' id='word_1_266' title='bbox 958 2244 1135 2289; x_wconf 91' lang='lat' dir='ltr'><strong>autem</strong></span> <span class='ocrx_word' id='word_1_267' title='bbox 1199 2236 1333 2292; x_wconf 86' lang='lat' dir='ltr'><strong>tales</strong></span> <span class='ocrx_word' id='word_1_268' title='bbox 1387 2235 1458 2291; x_wconf 88' lang='lat' dir='ltr'><strong>ita</strong></span> <span class='ocrx_word' id='word_1_269' title='bbox 1521 2239 1826 2307; x_wconf 87' lang='lat' dir='ltr'><strong>sentirent,</strong></span> <span class='ocrx_word' id='word_1_270' title='bbox 1894 2255 2001 2295; x_wconf 90' lang='lat' dir='ltr'><strong>non</strong></span> <span class='ocrx_word' id='word_1_271' title='bbox 2054 2251 2172 2297; x_wconf 89' lang='lat' dir='ltr'><strong>erat</strong></span> 
     </span>
    </p>
   </div>
   <div class='ocr_carea' id='block_1_36' title="bbox 569 2326 2170 2406">
    <p class='ocr_par' dir='ltr' id='par_1_36' title="bbox 569 2326 2170 2406">
     <span class='ocr_line' id='line_1_36' title="bbox 569 2326 2170 2406; baseline 0.004 -25"><span class='ocrx_word' id='word_1_272' title='bbox 569 2326 757 2397; x_wconf 90' lang='lat' dir='ltr'><strong>utique</strong></span> <span class='ocrx_word' id='word_1_273' title='bbox 786 2326 1107 2383; x_wconf 87' lang='lat' dir='ltr'><strong>mirandum.</strong></span> <span class='ocrx_word' id='word_1_274' title='bbox 1141 2327 1381 2385; x_wconf 87' lang='lat' dir='ltr'><strong>Fuerunt</strong></span> <span class='ocrx_word' id='word_1_275' title='bbox 1406 2331 1548 2385; x_wconf 92' lang='lat' dir='ltr'><strong>enim</strong></span> <span class='ocrx_word' id='word_1_276' title='bbox 1597 2333 1696 2403; x_wconf 91' lang='lat' dir='ltr'><strong>ipsi</strong></span> <span class='ocrx_word' id='word_1_277' title='bbox 1725 2331 1840 2389; x_wconf 88' lang='lat' dir='ltr'><strong>fere</strong></span> <span class='ocrx_word' id='word_1_278' title='bbox 1870 2335 2170 2406; x_wconf 69' lang='lat' dir='ltr'><strong>prophetia:</strong></span> 
     </span>
    </p>
   </div>
   <div class='ocr_carea' id='block_1_37' title="bbox 571 2406 2172 2496">
    <p class='ocr_par' dir='ltr' id='par_1_37' title="bbox 571 2406 2172 2496">
     <span class='ocr_line' id='line_1_37' title="bbox 571 2406 2172 2496; baseline 0.005 -20"><span class='ocrx_word' id='word_1_279' title='bbox 571 2418 778 2487; x_wconf 74' lang='lat' dir='ltr'><strong>coaevi,</strong></span> <span class='ocrx_word' id='word_1_280' title='bbox 827 2418 881 2475; x_wconf 89' lang='lat' dir='ltr'><strong>id</strong></span> <span class='ocrx_word' id='word_1_281' title='bbox 934 2420 1217 2477; x_wconf 91' lang='lat' dir='ltr'><strong>hominum</strong></span> <span class='ocrx_word' id='word_1_282' title='bbox 1263 2437 1436 2494; x_wconf 88' lang='lat' dir='ltr'><strong>genus</strong></span> <span class='ocrx_word' id='word_1_283' title='bbox 1489 2439 1626 2496; x_wconf 89' lang='lat' dir='ltr'><strong>quos</strong></span> <span class='ocrx_word' id='word_1_284' title='bbox 1682 2427 1958 2496; x_wconf 83' lang='lat' dir='ltr'><strong>Scriptura</strong></span> <span class='ocrx_word' id='word_1_285' title='bbox 2029 2406 2172 2484; x_wconf 59' lang='grc'><strong>0925</strong></span> 
     </span>
    </p>
   </div>
   <div class='ocr_carea' id='block_1_38' title="bbox 571 2512 2173 2590">
    <p class='ocr_par' dir='ltr' id='par_1_38' title="bbox 571 2512 2173 2590">
     <span class='ocr_line' id='line_1_38' title="bbox 571 2512 2173 2590; baseline 0.004 -20"><span class='ocrx_word' id='word_1_286' title='bbox 571 2513 844 2585; x_wconf 87' lang='lat' dir='ltr'><strong>appellat,</strong></span> <span class='ocrx_word' id='word_1_287' title='bbox 882 2512 1160 2587; x_wconf 81' lang='lat' dir='ltr'><strong>quiquod</strong></span> <span class='ocrx_word' id='word_1_288' title='bbox 1207 2518 1542 2588; x_wconf 80' lang='lat' dir='ltr'><strong>argumentis</strong></span> <span class='ocrx_word' id='word_1_289' title='bbox 1572 2535 1863 2590; x_wconf 86' lang='lat' dir='ltr'><strong>numquam</strong></span> <span class='ocrx_word' id='word_1_290' title='bbox 1904 2521 2173 2577; x_wconf 84' lang='lat' dir='ltr'><strong>conficere</strong></span> 
     </span>
    </p>
   </div>
   <div class='ocr_carea' id='block_1_39' title="bbox 579 2608 2172 2681">
    <p class='ocr_par' dir='ltr' id='par_1_39' title="bbox 579 2608 2172 2681">
     <span class='ocr_line' id='line_1_39' title="bbox 579 2608 2172 2681; baseline 0.004 -20"><span class='ocrx_word' id='word_1_291' title='bbox 579 2614 905 2677; x_wconf 89' lang='lat' dir='ltr'><strong>potuerunt,</strong></span> <span class='ocrx_word' id='word_1_292' title='bbox 948 2608 999 2662; x_wconf 91' lang='lat' dir='ltr'><strong>id</strong></span> <span class='ocrx_word' id='word_1_293' title='bbox 1052 2610 1163 2664; x_wconf 89' lang='lat' dir='ltr'><strong>risu</strong></span> <span class='ocrx_word' id='word_1_294' title='bbox 1213 2618 1390 2665; x_wconf 89' lang='lat' dir='ltr'><strong>tamen</strong></span> <span class='ocrx_word' id='word_1_295' title='bbox 1435 2620 1597 2681; x_wconf 91' lang='lat' dir='ltr'><strong>atque</strong></span> <span class='ocrx_word' id='word_1_296' title='bbox 1631 2610 1808 2681; x_wconf 89' lang='lat' dir='ltr'><strong>jocis.</strong></span> <span class='ocrx_word' id='word_1_297' title='bbox 1856 2615 2172 2669; x_wconf 87' lang='lat' dir='ltr'><strong>scommati-</strong></span> 
     </span>
    </p>
   </div>
   <div class='ocr_carea' id='block_1_40' title="bbox 583 2697 2176 2774">
    <p class='ocr_par' dir='ltr' id='par_1_40' title="bbox 583 2697 2176 2774">
     <span class='ocr_line' id='line_1_40' title="bbox 583 2697 2176 2774; baseline 0.002 -19"><span class='ocrx_word' id='word_1_298' title='bbox 583 2697 686 2755; x_wconf 87' lang='lat' dir='ltr'><strong>bus</strong></span> <span class='ocrx_word' id='word_1_299' title='bbox 715 2706 877 2770; x_wconf 89' lang='lat' dir='ltr'><strong>atque</strong></span> <span class='ocrx_word' id='word_1_300' title='bbox 925 2699 1164 2756; x_wconf 87' lang='lat' dir='ltr'><strong>dicteriis</strong></span> <span class='ocrx_word' id='word_1_301' title='bbox 1208 2710 1536 2757; x_wconf 88' lang='lat' dir='ltr'><strong>conarentur</strong></span> <span class='ocrx_word' id='word_1_302' title='bbox 1581 2712 1639 2757; x_wconf 84' lang='grc' dir='ltr'><strong>ιιι</strong></span> <span class='ocrx_word' id='word_1_303' title='bbox 1682 2703 1997 2774; x_wconf 83' lang='lat' dir='ltr'><strong>religionem</strong></span> <span class='ocrx_word' id='word_1_304' title='bbox 2038 2704 2176 2758; x_wconf 91' lang='lat' dir='ltr'><strong>ludi-</strong></span> 
     </span>
    </p>
   </div>
   <div class='ocr_carea' id='block_1_41' title="bbox 578 2786 2177 2865">
    <p class='ocr_par' dir='ltr' id='par_1_41' title="bbox 578 2786 2177 2865">
     <span class='ocr_line' id='line_1_41' title="bbox 578 2786 2177 2865; baseline 0.003 -19"><span class='ocrx_word' id='word_1_305' title='bbox 578 2786 698 2846; x_wconf 86' lang='lat' dir='ltr'><strong>brio</strong></span> <span class='ocrx_word' id='word_1_306' title='bbox 736 2802 1091 2861; x_wconf 78' lang='lat' dir='ltr'><strong>exponerent.</strong></span> <span class='ocrx_word' id='word_1_307' title='bbox 1127 2793 1192 2848; x_wconf 89' lang='lat' dir='ltr'><strong>Et</strong></span> <span class='ocrx_word' id='word_1_308' title='bbox 1239 2808 1372 2849; x_wconf 85' lang='lat' dir='ltr'><strong>vero</strong></span> <span class='ocrx_word' id='word_1_309' title='bbox 1417 2794 1471 2848; x_wconf 90' lang='lat' dir='ltr'><strong>in</strong></span> <span class='ocrx_word' id='word_1_310' title='bbox 1500 2793 1776 2864; x_wconf 88' lang='lat' dir='ltr'><strong>prophetis</strong></span> <span class='ocrx_word' id='word_1_311' title='bbox 1804 2803 1989 2865; x_wconf 84' lang='lat' dir='ltr'><strong>gestus</strong></span> <span class='ocrx_word' id='word_1_312' title='bbox 2021 2807 2177 2851; x_wconf 91' lang='lat' dir='ltr'><strong>erant</strong></span> 
     </span>
    </p>
   </div>
   <div class='ocr_carea' id='block_1_42' title="bbox 578 2882 2176 2960">
    <p class='ocr_par' dir='ltr' id='par_1_42' title="bbox 578 2882 2176 2960">
     <span class='ocr_line' id='line_1_42' title="bbox 578 2882 2176 2960; baseline 0.005 -23"><span class='ocrx_word' id='word_1_313' title='bbox 578 2883 648 2938; x_wconf 88' lang='lat' dir='ltr'><strong>ab</strong></span> <span class='ocrx_word' id='word_1_314' title='bbox 682 2897 781 2939; x_wconf 87' lang='lat' dir='ltr'><strong>usu</strong></span> <span class='ocrx_word' id='word_1_315' title='bbox 823 2882 1104 2939; x_wconf 90' lang='lat' dir='ltr'><strong>hominum</strong></span> <span class='ocrx_word' id='word_1_316' title='bbox 1148 2886 1422 2940; x_wconf 89' lang='lat' dir='ltr'><strong>communi</strong></span> <span class='ocrx_word' id='word_1_317' title='bbox 1488 2887 1733 2942; x_wconf 91' lang='lat' dir='ltr'><strong>nonnihil</strong></span> <span class='ocrx_word' id='word_1_318' title='bbox 1788 2888 1989 2957; x_wconf 90' lang='lat' dir='ltr'><strong>alieni,</strong></span> <span class='ocrx_word' id='word_1_319' title='bbox 2038 2905 2176 2960; x_wconf 88' lang='lat' dir='ltr'><strong>quos</strong></span> 
     </span>
    </p>
   </div>
   <div class='ocr_carea' id='block_1_43' title="bbox 581 2974 2179 3050">
    <p class='ocr_par' dir='ltr' id='par_1_43' title="bbox 581 2974 2179 3050">
     <span class='ocr_line' id='line_1_43' title="bbox 581 2974 2179 3050; baseline 0.004 -19"><span class='ocrx_word' id='word_1_320' title='bbox 581 2974 741 3032; x_wconf 81' lang='lat' dir='ltr'><strong>facile</strong></span> <span class='ocrx_word' id='word_1_321' title='bbox 787 2985 905 3032; x_wconf 91' lang='lat' dir='ltr'><strong>erat</strong></span> <span class='ocrx_word' id='word_1_322' title='bbox 954 2977 1192 3033; x_wconf 89' lang='lat' dir='ltr'><strong>ridiculis</strong></span> <span class='ocrx_word' id='word_1_323' title='bbox 1245 2977 1556 3035; x_wconf 87' lang='lat' dir='ltr'><strong>hominibus</strong></span> <span class='ocrx_word' id='word_1_324' title='bbox 1603 2991 2000 3050; x_wconf 77' lang='lat' dir='ltr'><strong>repraesentare</strong></span> <span class='ocrx_word' id='word_1_325' title='bbox 2041 2991 2179 3037; x_wconf 81' lang='lat' dir='ltr'><strong>tam-</strong></span> 
     </span>
    </p>
   </div>
   <div class='ocr_carea' id='block_1_44' title="bbox 584 3068 2180 3142">
    <p class='ocr_par' dir='ltr' id='par_1_44' title="bbox 584 3068 2180 3142">
     <span class='ocr_line' id='line_1_44' title="bbox 584 3068 2180 3142; baseline 0.004 -19"><span class='ocrx_word' id='word_1_326' title='bbox 584 3082 744 3139; x_wconf 91' lang='lat' dir='ltr'><strong>quam</strong></span> <span class='ocrx_word' id='word_1_327' title='bbox 778 3068 925 3138; x_wconf 90' lang='lat' dir='ltr'><strong>ipsos</strong></span> <span class='ocrx_word' id='word_1_328' title='bbox 970 3070 1132 3125; x_wconf 90' lang='lat' dir='ltr'><strong>etiam</strong></span> <span class='ocrx_word' id='word_1_329' title='bbox 1169 3070 1449 3127; x_wconf 89' lang='lat' dir='ltr'><strong>ridiculos.</strong></span> <span class='ocrx_word' id='word_1_330' title='bbox 1483 3071 1775 3142; x_wconf 84' lang='lat' dir='ltr'><strong>Josephnm</strong></span> <span class='ocrx_word' id='word_1_331' title='bbox 1809 3072 2005 3131; x_wconf 88' lang='lat' dir='ltr'><strong>fratres</strong></span> <span class='ocrx_word' id='word_1_332' title='bbox 2033 3089 2180 3131; x_wconf 90' lang='lat' dir='ltr'><strong>sem-</strong></span> 
     </span>
    </p>
   </div>
   <div class='ocr_carea' id='block_1_45' title="bbox 2273 1859 3866 1928">
    <p class='ocr_par' dir='ltr' id='par_1_45' title="bbox 2273 1859 3866 1928">
     <span class='ocr_line' id='line_1_45' title="bbox 2273 1859 3866 1928; baseline -0.003 -8"><span class='ocrx_word' id='word_1_333' title='bbox 2273 1879 2493 1921; x_wconf 86' lang='lat' dir='ltr'><strong>suarum</strong></span> <span class='ocrx_word' id='word_1_334' title='bbox 2526 1863 2831 1918; x_wconf 91' lang='lat' dir='ltr'><strong>testimonia</strong></span> <span class='ocrx_word' id='word_1_335' title='bbox 2858 1904 2872 1928; x_wconf 92' lang='lat'><strong>,</strong></span> <span class='ocrx_word' id='word_1_336' title='bbox 2928 1861 3129 1918; x_wconf 88' lang='lat' dir='ltr'><strong>fuerint</strong></span> <span class='ocrx_word' id='word_1_337' title='bbox 3175 1870 3352 1917; x_wconf 90' lang='lat' dir='ltr'><strong>tamen</strong></span> <span class='ocrx_word' id='word_1_338' title='bbox 3383 1859 3538 1916; x_wconf 88' lang='lat' dir='ltr'><strong>istius</strong></span> <span class='ocrx_word' id='word_1_339' title='bbox 3567 1860 3710 1917; x_wconf 88' lang='lat' dir='ltr'><strong>modi</strong></span> <span class='ocrx_word' id='word_1_340' title='bbox 3740 1875 3866 1916; x_wconf 82' lang='lat' dir='ltr'><strong>cen-</strong></span> 
     </span>
    </p>
   </div>
   <div class='ocr_carea' id='block_1_46' title="bbox 2275 1954 3864 2030">
    <p class='ocr_par' dir='ltr' id='par_1_46' title="bbox 2275 1954 3864 2030">
     <span class='ocr_line' id='line_1_46' title="bbox 2275 1954 3864 2030; baseline -0.004 -14"><span class='ocrx_word' id='word_1_341' title='bbox 2275 1974 2470 2027; x_wconf 89' lang='lat' dir='ltr'><strong>seres,</strong></span> <span class='ocrx_word' id='word_1_342' title='bbox 2523 1973 2631 2013; x_wconf 91' lang='lat' dir='ltr'><strong>non</strong></span> <span class='ocrx_word' id='word_1_343' title='bbox 2676 1967 2760 2013; x_wconf 91' lang='lat' dir='ltr'><strong>est</strong></span> <span class='ocrx_word' id='word_1_344' title='bbox 2815 1958 3000 2030; x_wconf 90' lang='lat' dir='ltr'><strong>utique</strong></span> <span class='ocrx_word' id='word_1_345' title='bbox 3054 1954 3357 2013; x_wconf 90' lang='lat' dir='ltr'><strong>mirandum</strong></span> <span class='ocrx_word' id='word_1_346' title='bbox 3408 1954 3454 2009; x_wconf 90' lang='lat' dir='ltr'><strong>si</strong></span> <span class='ocrx_word' id='word_1_347' title='bbox 3509 1954 3562 2010; x_wconf 92' lang='lat' dir='ltr'><strong>in</strong></span> <span class='ocrx_word' id='word_1_348' title='bbox 3609 1955 3864 2027; x_wconf 82' lang='lat' dir='ltr'><strong>Cypriani</strong></span> 
     </span>
    </p>
   </div>
   <div class='ocr_carea' id='block_1_47' title="bbox 2274 2049 3869 2123">
    <p class='ocr_par' dir='ltr' id='par_1_47' title="bbox 2274 2049 3869 2123">
     <span class='ocr_line' id='line_1_47' title="bbox 2274 2049 3869 2123; baseline -0.004 -14"><span class='ocrx_word' id='word_1_349' title='bbox 2274 2054 2437 2109; x_wconf 88' lang='lat' dir='ltr'><strong>etiam</strong></span> <span class='ocrx_word' id='word_1_350' title='bbox 2497 2061 2739 2123; x_wconf 88' lang='lat' dir='ltr'><strong>tempora</strong></span> <span class='ocrx_word' id='word_1_351' title='bbox 2804 2052 3127 2118; x_wconf 80' lang='lat' dir='ltr'><strong>inciderint,</strong></span> <span class='ocrx_word' id='word_1_352' title='bbox 3182 2065 3303 2106; x_wconf 90' lang='lat' dir='ltr'><strong>cum</strong></span> <span class='ocrx_word' id='word_1_353' title='bbox 3353 2050 3464 2119; x_wconf 89' lang='lat' dir='ltr'><strong>jam</strong></span> <span class='ocrx_word' id='word_1_354' title='bbox 3520 2049 3869 2105; x_wconf 88' lang='lat' dir='ltr'><strong>invaluissent</strong></span> 
     </span>
    </p>
   </div>
   <div class='ocr_carea' id='block_1_48' title="bbox 2280 2143 3868 2216">
    <p class='ocr_par' dir='ltr' id='par_1_48' title="bbox 2280 2143 3868 2216">
     <span class='ocr_line' id='line_1_48' title="bbox 2280 2143 3868 2216; baseline -0.004 -12"><span class='ocrx_word' id='word_1_355' title='bbox 2280 2150 2424 2205; x_wconf 88' lang='lat' dir='ltr'><strong>inter</strong></span> <span class='ocrx_word' id='word_1_356' title='bbox 2483 2144 2836 2216; x_wconf 89' lang='lat' dir='ltr'><strong>philosophos</strong></span> <span class='ocrx_word' id='word_1_357' title='bbox 2888 2143 3177 2213; x_wconf 88' lang='lat' dir='ltr'><strong>Epicurei,</strong></span> <span class='ocrx_word' id='word_1_358' title='bbox 3238 2143 3327 2213; x_wconf 91' lang='lat' dir='ltr'><strong>qui</strong></span> <span class='ocrx_word' id='word_1_359' title='bbox 3367 2152 3562 2212; x_wconf 73' lang='lat' dir='ltr'><strong>prmter</strong></span> <span class='ocrx_word' id='word_1_360' title='bbox 3602 2143 3868 2198; x_wconf 84' lang='lat' dir='ltr'><strong>naturalia</strong></span> 
     </span>
    </p>
   </div>
   <div class='ocr_carea' id='block_1_49' title="bbox 2278 2233 3868 2299">
    <p class='ocr_par' dir='ltr' id='par_1_49' title="bbox 2278 2233 3868 2299">
     <span class='ocr_line' id='line_1_49' title="bbox 2278 2233 3868 2299; baseline -0.008 0"><span class='ocrx_word' id='word_1_361' title='bbox 2278 2242 2461 2299; x_wconf 88' lang='lat' dir='ltr'><strong>omnia</strong></span> <span class='ocrx_word' id='word_1_362' title='bbox 2512 2239 2745 2295; x_wconf 90' lang='lat' dir='ltr'><strong>ludibrio</strong></span> <span class='ocrx_word' id='word_1_363' title='bbox 2792 2237 3098 2294; x_wconf 89' lang='lat' dir='ltr'><strong>habuerint.</strong></span> <span class='ocrx_word' id='word_1_364' title='bbox 3147 2235 3202 2290; x_wconf 87' lang='lat' dir='ltr'><strong>Id</strong></span> <span class='ocrx_word' id='word_1_365' title='bbox 3253 2251 3415 2290; x_wconf 93' lang='lat' dir='ltr'><strong>unutn</strong></span> <span class='ocrx_word' id='word_1_366' title='bbox 3452 2234 3584 2291; x_wconf 88' lang='lat' dir='ltr'><strong>satis</strong></span> <span class='ocrx_word' id='word_1_367' title='bbox 3627 2241 3780 2299; x_wconf 88' lang='lat' dir='ltr'><strong>erat,</strong></span> <span class='ocrx_word' id='word_1_368' title='bbox 3824 2233 3868 2288; x_wconf 89' lang='lat' dir='ltr'><strong>si</strong></span> 
     </span>
    </p>
   </div>
   <div class='ocr_carea' id='block_1_50' title="bbox 2276 2326 3870 2407">
    <p class='ocr_par' dir='ltr' id='par_1_50' title="bbox 2276 2326 3870 2407">
     <span class='ocr_line' id='line_1_50' title="bbox 2276 2326 3870 2407; baseline -0.005 -20"><span class='ocrx_word' id='word_1_369' title='bbox 2276 2336 2366 2407; x_wconf 85' lang='lat' dir='ltr'><strong>qui</strong></span> <span class='ocrx_word' id='word_1_370' title='bbox 2400 2331 2746 2404; x_wconf 83' lang='lat' dir='ltr'><strong>prophetias,</strong></span> <span class='ocrx_word' id='word_1_371' title='bbox 2789 2344 2925 2401; x_wconf 90' lang='lat' dir='ltr'><strong>quos</strong></span> <span class='ocrx_word' id='word_1_372' title='bbox 2970 2329 3243 2391; x_wconf 79' lang='lat' dir='ltr'><strong>diximus,</strong></span> <span class='ocrx_word' id='word_1_373' title='bbox 3286 2328 3518 2398; x_wconf 90' lang='lat' dir='ltr'><strong>penitius</strong></span> <span class='ocrx_word' id='word_1_374' title='bbox 3570 2326 3870 2382; x_wconf 83' lang='lat' dir='ltr'><strong>intellexis-</strong></span> 
     </span>
    </p>
   </div>
   <div class='ocr_carea' id='block_1_51' title="bbox 2276 2418 3867 2494">
    <p class='ocr_par' dir='ltr' id='par_1_51' title="bbox 2276 2418 3867 2494">
     <span class='ocr_line' id='line_1_51' title="bbox 2276 2418 3867 2494; baseline -0.006 -11"><span class='ocrx_word' id='word_1_375' title='bbox 2276 2437 2438 2494; x_wconf 89' lang='lat' dir='ltr'><strong>sent,</strong></span> <span class='ocrx_word' id='word_1_376' title='bbox 2490 2440 2590 2482; x_wconf 90' lang='lat' dir='ltr'><strong>nec</strong></span> <span class='ocrx_word' id='word_1_377' title='bbox 2648 2438 2835 2481; x_wconf 89' lang='lat' dir='ltr'><strong>eorum</strong></span> <span class='ocrx_word' id='word_1_378' title='bbox 2882 2423 3140 2478; x_wconf 89' lang='lat' dir='ltr'><strong>intererat</strong></span> <span class='ocrx_word' id='word_1_379' title='bbox 3189 2429 3244 2475; x_wconf 92' lang='lat' dir='ltr'><strong>ut</strong></span> <span class='ocrx_word' id='word_1_380' title='bbox 3290 2419 3438 2475; x_wconf 70' lang='lat' dir='ltr'><strong>falsa:</strong></span> <span class='ocrx_word' id='word_1_381' title='bbox 3505 2418 3867 2485; x_wconf 88' lang='lat' dir='ltr'><strong>haberentur,</strong></span> 
     </span>
    </p>
   </div>
   <div class='ocr_carea' id='block_1_52' title="bbox 2279 2510 3870 2578">
    <p class='ocr_par' dir='ltr' id='par_1_52' title="bbox 2279 2510 3870 2578">
     <span class='ocr_line' id='line_1_52' title="bbox 2279 2510 3870 2578; baseline -0.008 0"><span class='ocrx_word' id='word_1_382' title='bbox 2279 2536 2470 2578; x_wconf 89' lang='lat' dir='ltr'><strong>eorum</strong></span> <span class='ocrx_word' id='word_1_383' title='bbox 2502 2534 2661 2574; x_wconf 88' lang='lat' dir='ltr'><strong>nemo</strong></span> <span class='ocrx_word' id='word_1_384' title='bbox 2695 2518 2815 2573; x_wconf 91' lang='lat' dir='ltr'><strong>illas</strong></span> <span class='ocrx_word' id='word_1_385' title='bbox 2863 2515 2915 2570; x_wconf 90' lang='lat' dir='ltr'><strong>in</strong></span> <span class='ocrx_word' id='word_1_386' title='bbox 2947 2515 3172 2570; x_wconf 89' lang='lat' dir='ltr'><strong>duhium</strong></span> <span class='ocrx_word' id='word_1_387' title='bbox 3222 2513 3447 2568; x_wconf 89' lang='lat' dir='ltr'><strong>vocarit.</strong></span> <span class='ocrx_word' id='word_1_388' title='bbox 3499 2510 3745 2566; x_wconf 81' lang='lat' dir='ltr'><strong>Vidimus</strong></span> <span class='ocrx_word' id='word_1_389' title='bbox 3773 2525 3870 2565; x_wconf 86' lang='lat' dir='ltr'><strong>att-</strong></span> 
     </span>
    </p>
   </div>
   <div class='ocr_carea' id='block_1_53' title="bbox 2280 2602 3873 2686">
    <p class='ocr_par' dir='ltr' id='par_1_53' title="bbox 2280 2602 3873 2686">
     <span class='ocr_line' id='line_1_53' title="bbox 2280 2602 3873 2686; baseline -0.007 -17"><span class='ocrx_word' id='word_1_390' title='bbox 2280 2625 2388 2671; x_wconf 90' lang='lat' dir='ltr'><strong>tem</strong></span> <span class='ocrx_word' id='word_1_391' title='bbox 2448 2613 2722 2686; x_wconf 83' lang='lat' dir='ltr'><strong>Cypriane</strong></span> <span class='ocrx_word' id='word_1_392' title='bbox 2775 2623 2988 2664; x_wconf 72' lang='lat' dir='ltr'><strong>coazvos</strong></span> <span class='ocrx_word' id='word_1_393' title='bbox 3039 2604 3352 2677; x_wconf 86' lang='lat' dir='ltr'><strong>prophetica</strong></span> <span class='ocrx_word' id='word_1_394' title='bbox 3403 2602 3544 2658; x_wconf 86' lang='lat' dir='ltr'><strong>dona</strong></span> <span class='ocrx_word' id='word_1_395' title='bbox 3587 2603 3640 2657; x_wconf 91' lang='lat' dir='ltr'><strong>in</strong></span> <span class='ocrx_word' id='word_1_396' title='bbox 3692 2603 3873 2658; x_wconf 84' lang='lat' dir='ltr'><strong>Eccle-</strong></span> 
     </span>
    </p>
   </div>
   <div class='ocr_carea' id='block_1_54' title="bbox 2280 2691 3864 2774">
    <p class='ocr_par' dir='ltr' id='par_1_54' title="bbox 2280 2691 3864 2774">
     <span class='ocr_line' id='line_1_54' title="bbox 2280 2691 3864 2774; baseline -0.009 -13"><span class='ocrx_word' id='word_1_397' title='bbox 2280 2708 2359 2761; x_wconf 87' lang='lat' dir='ltr'><strong>sia</strong></span> <span class='ocrx_word' id='word_1_398' title='bbox 2407 2704 2727 2774; x_wconf 82' lang='lat' dir='ltr'><strong>agoovisse,</strong></span> <span class='ocrx_word' id='word_1_399' title='bbox 2773 2700 2861 2771; x_wconf 88' lang='lat' dir='ltr'><strong>qui</strong></span> <span class='ocrx_word' id='word_1_400' title='bbox 2916 2696 3130 2770; x_wconf 88' lang='lat' dir='ltr'><strong>quidem</strong></span> <span class='ocrx_word' id='word_1_401' title='bbox 3162 2695 3307 2751; x_wconf 88' lang='lat' dir='ltr'><strong>illius</strong></span> <span class='ocrx_word' id='word_1_402' title='bbox 3353 2694 3535 2749; x_wconf 63' lang='lat' dir='ltr'><strong>saeculi</strong></span> <span class='ocrx_word' id='word_1_403' title='bbox 3566 2691 3864 2748; x_wconf 88' lang='lat' dir='ltr'><strong>doctissimi</strong></span> 
     </span>
    </p>
   </div>
   <div class='ocr_carea' id='block_1_55' title="bbox 2283 2784 3869 2861">
    <p class='ocr_par' dir='ltr' id='par_1_55' title="bbox 2283 2784 3869 2861">
     <span class='ocr_line' id='line_1_55' title="bbox 2283 2784 3869 2861; baseline -0.009 -9"><span class='ocrx_word' id='word_1_404' title='bbox 2283 2797 2611 2853; x_wconf 86' lang='lat' dir='ltr'><strong>haberentur</strong></span> <span class='ocrx_word' id='word_1_405' title='bbox 2633 2837 2647 2860; x_wconf 94' lang='lat'><strong>,</strong></span> <span class='ocrx_word' id='word_1_406' title='bbox 2677 2806 2966 2861; x_wconf 89' lang='lat' dir='ltr'><strong>rerumque</strong></span> <span class='ocrx_word' id='word_1_407' title='bbox 3004 2787 3494 2845; x_wconf 81' lang='lat' dir='ltr'><strong>ecclesiasticarum</strong></span> <span class='ocrx_word' id='word_1_408' title='bbox 3538 2784 3869 2855; x_wconf 89' lang='lat' dir='ltr'><strong>peritissimi.</strong></span> 
     </span>
    </p>
   </div>
   <div class='ocr_carea' id='block_1_56' title="bbox 2281 2875 3871 2961">
    <p class='ocr_par' dir='ltr' id='par_1_56' title="bbox 2281 2875 3871 2961">
     <span class='ocr_line' id='line_1_56' title="bbox 2281 2875 3871 2961; baseline -0.01 -15"><span class='ocrx_word' id='word_1_409' title='bbox 2281 2889 2468 2961; x_wconf 86' lang='lat' dir='ltr'><strong>Neque</strong></span> <span class='ocrx_word' id='word_1_410' title='bbox 2510 2886 2807 2943; x_wconf 82' lang='lat' dir='ltr'><strong>verisimile</strong></span> <span class='ocrx_word' id='word_1_411' title='bbox 2836 2894 2953 2940; x_wconf 83' lang='lat' dir='ltr'><strong>erat</strong></span> <span class='ocrx_word' id='word_1_412' title='bbox 2985 2891 3094 2937; x_wconf 92' lang='lat' dir='ltr'><strong>tam</strong></span> <span class='ocrx_word' id='word_1_413' title='bbox 3120 2894 3363 2936; x_wconf 85' lang='lat' dir='ltr'><strong>severam</strong></span> <span class='ocrx_word' id='word_1_414' title='bbox 3398 2878 3450 2932; x_wconf 90' lang='lat' dir='ltr'><strong>in</strong></span> <span class='ocrx_word' id='word_1_415' title='bbox 3489 2876 3730 2932; x_wconf 88' lang='lat' dir='ltr'><strong>Ecclesia</strong></span> <span class='ocrx_word' id='word_1_416' title='bbox 3758 2875 3871 2931; x_wconf 88' lang='lat' dir='ltr'><strong>dis-</strong></span> 
     </span>
    </p>
   </div>
   <div class='ocr_carea' id='block_1_57' title="bbox 2283 2968 3880 3056">
    <p class='ocr_par' dir='ltr' id='par_1_57' title="bbox 2283 2968 3880 3056">
     <span class='ocr_line' id='line_1_57' title="bbox 2283 2968 3880 3056; baseline -0.011 -15"><span class='ocrx_word' id='word_1_417' title='bbox 2283 2984 2537 3056; x_wconf 87' lang='lat' dir='ltr'><strong>ciplinam</strong></span> <span class='ocrx_word' id='word_1_418' title='bbox 2585 2982 2767 3053; x_wconf 82' lang='lat' dir='ltr'><strong>vigere</strong></span> <span class='ocrx_word' id='word_1_419' title='bbox 2814 2978 3087 3049; x_wconf 86' lang='lat' dir='ltr'><strong>potuisse,</strong></span> <span class='ocrx_word' id='word_1_420' title='bbox 3136 2974 3237 3029; x_wconf 90' lang='lat' dir='ltr'><strong>nisi</strong></span> <span class='ocrx_word' id='word_1_421' title='bbox 3287 2971 3357 3027; x_wconf 91' lang='lat' dir='ltr'><strong>de</strong></span> <span class='ocrx_word' id='word_1_422' title='bbox 3406 2971 3625 3026; x_wconf 88' lang='lat' dir='ltr'><strong>numine</strong></span> <span class='ocrx_word' id='word_1_423' title='bbox 3670 2971 3723 3025; x_wconf 90' lang='lat' dir='ltr'><strong>in</strong></span> <span class='ocrx_word' id='word_1_424' title='bbox 3773 2968 3880 3025; x_wconf 88' lang='lat' dir='ltr'><strong>Ec-</strong></span> 
     </span>
    </p>
   </div>
   <div class='ocr_carea' id='block_1_58' title="bbox 2284 3061 3905 3146">
    <p class='ocr_par' dir='ltr' id='par_1_58' title="bbox 2284 3061 3905 3146">
     <span class='ocr_line' id='line_1_58' title="bbox 2284 3061 3905 3146; baseline -0.01 -13"><span class='ocrx_word' id='word_1_425' title='bbox 2284 3078 2448 3133; x_wconf 87' lang='lat' dir='ltr'><strong>clesia</strong></span> <span class='ocrx_word' id='word_1_426' title='bbox 2490 3073 2912 3146; x_wconf 72' lang='lat' dir='ltr'><strong>prmsentissime</strong></span> <span class='ocrx_word' id='word_1_427' title='bbox 2969 3064 3422 3124; x_wconf 81' lang='lat' dir='ltr'><strong>manifestissimis</strong></span> <span class='ocrx_word' id='word_1_428' title='bbox 3470 3071 3749 3119; x_wconf 88' lang='lat' dir='ltr'><strong>constaret</strong></span> <span class='ocrx_word' id='word_1_429' title='bbox 3791 3061 3905 3118; x_wconf 65' lang='lat' dir='ltr'><strong>in-’</strong></span> 
     </span>
    </p>
   </div>
   <div class='ocr_carea' id='block_1_59' title="bbox 585 3155 3878 3238">
    <p class='ocr_par' dir='ltr' id='par_1_59' title="bbox 585 3155 3878 3238">
     <span class='ocr_line' id='line_1_59' title="bbox 585 3155 3878 3238; baseline -0.002 -21"><span class='ocrx_word' id='word_1_430' title='bbox 585 3160 853 3217; x_wconf 82' lang='lat' dir='ltr'><strong>uiatorem</strong></span> <span class='ocrx_word' id='word_1_431' title='bbox 919 3162 1265 3233; x_wconf 89' lang='lat' dir='ltr'><strong>appellarunt</strong></span> <span class='ocrx_word' id='word_1_432' title='bbox 1318 3162 1490 3235; x_wconf 84' lang='lat' dir='ltr'><strong>(Gen.</strong></span> <span class='ocrx_word' id='word_1_433' title='bbox 1515 3205 1530 3228; x_wconf 89' lang='lat'><strong>,</strong></span> <span class='ocrx_word' id='word_1_434' title='bbox 1586 3181 1801 3233; x_wconf 78' lang='lat' dir='ltr'><strong>xxxvu,</strong></span> <span class='ocrx_word' id='word_1_435' title='bbox 1858 3165 1994 3238; x_wconf 80' lang='lat' dir='ltr'><strong>l9),</strong></span> <span class='ocrx_word' id='word_1_436' title='bbox 2035 3167 2179 3238; x_wconf 88' lang='lat' dir='ltr'><strong>quod</strong></span> <span class='ocrx_word' id='word_1_437' title='bbox 2209 3170 2253 3232; x_wconf 86' lang='lat' dir='ltr'><strong>C</strong></span> <span class='ocrx_word' id='word_1_438' title='bbox 2288 3168 2463 3225; x_wconf 91' lang='lat' dir='ltr'><strong>diciis.</strong></span> <span class='ocrx_word' id='word_1_439' title='bbox 2505 3164 2660 3235; x_wconf 86' lang='lat' dir='ltr'><strong>Quod</strong></span> <span class='ocrx_word' id='word_1_440' title='bbox 2693 3163 2736 3219; x_wconf 93' lang='lat' dir='ltr'><strong>si</strong></span> <span class='ocrx_word' id='word_1_441' title='bbox 2765 3163 2916 3218; x_wconf 90' lang='lat' dir='ltr'><strong>illum</strong></span> <span class='ocrx_word' id='word_1_442' title='bbox 2948 3160 3172 3232; x_wconf 90' lang='lat' dir='ltr'><strong>spiritus</strong></span> <span class='ocrx_word' id='word_1_443' title='bbox 3217 3155 3517 3228; x_wconf 90' lang='lat' dir='ltr'><strong>prophetici</strong></span> <span class='ocrx_word' id='word_1_444' title='bbox 3557 3164 3878 3226; x_wconf 72' lang='lat' dir='ltr'><strong>prmtestum</strong></span> 
     </span>
    </p>
   </div>
   <div class='ocr_carea' id='block_1_60' title="bbox 588 3252 2185 3331">
    <p class='ocr_par' dir='ltr' id='par_1_60' title="bbox 588 3252 2185 3331">
     <span class='ocr_line' id='line_1_60' title="bbox 588 3252 2185 3331; baseline 0.004 -22"><span class='ocrx_word' id='word_1_445' title='bbox 588 3252 707 3324; x_wconf 86' lang='lat' dir='ltr'><strong>ipse</strong></span> <span class='ocrx_word' id='word_1_446' title='bbox 746 3268 963 3326; x_wconf 88' lang='lat' dir='ltr'><strong>quoque</strong></span> <span class='ocrx_word' id='word_1_447' title='bbox 1007 3254 1327 3312; x_wconf 87' lang='lat' dir='ltr'><strong>observarat</strong></span> <span class='ocrx_word' id='word_1_448' title='bbox 1373 3256 1696 3329; x_wconf 87' lang='lat' dir='ltr'><strong>Cyprianus.</strong></span> <span class='ocrx_word' id='word_1_449' title='bbox 1749 3258 2075 3331; x_wconf 87' lang='lat' dir='ltr'><strong>Prophetam</strong></span> <span class='ocrx_word' id='word_1_450' title='bbox 2123 3261 2185 3315; x_wconf 88' lang='lat' dir='ltr'><strong>il-</strong></span> 
     </span>
    </p>
   </div>
   <div class='ocr_carea' id='block_1_61' title="bbox 587 3345 2186 3425">
    <p class='ocr_par' dir='ltr' id='par_1_61' title="bbox 587 3345 2186 3425">
     <span class='ocr_line' id='line_1_61' title="bbox 587 3345 2186 3425; baseline 0.004 -22"><span class='ocrx_word' id='word_1_451' title='bbox 587 3345 701 3403; x_wconf 89' lang='lat' dir='ltr'><strong>lum</strong></span> <span class='ocrx_word' id='word_1_452' title='bbox 741 3349 834 3420; x_wconf 90' lang='lat' dir='ltr'><strong>qui</strong></span> <span class='ocrx_word' id='word_1_453' title='bbox 882 3349 951 3404; x_wconf 92' lang='lat' dir='ltr'><strong>ab</strong></span> <span class='ocrx_word' id='word_1_454' title='bbox 1006 3348 1207 3407; x_wconf 73' lang='lat' dir='ltr'><strong>Elisazo</strong></span> <span class='ocrx_word' id='word_1_455' title='bbox 1232 3352 1429 3407; x_wconf 89' lang='lat' dir='ltr'><strong>missus</strong></span> <span class='ocrx_word' id='word_1_456' title='bbox 1472 3351 1610 3408; x_wconf 85' lang='lat' dir='ltr'><strong>Jehu</strong></span> <span class='ocrx_word' id='word_1_457' title='bbox 1660 3368 1882 3425; x_wconf 87' lang='lat' dir='ltr'><strong>regnum</strong></span> <span class='ocrx_word' id='word_1_458' title='bbox 1934 3355 2186 3410; x_wconf 87' lang='lat' dir='ltr'><strong>israeliti-</strong></span> 
     </span>
    </p>
   </div>
   <div class='ocr_carea' id='block_1_62' title="bbox 594 3442 2187 3518">
    <p class='ocr_par' dir='ltr' id='par_1_62' title="bbox 594 3442 2187 3518">
     <span class='ocr_line' id='line_1_62' title="bbox 594 3442 2187 3518; baseline 0.003 -21"><span class='ocrx_word' id='word_1_459' title='bbox 594 3456 720 3498; x_wconf 91' lang='lat' dir='ltr'><strong>cum</strong></span> <span class='ocrx_word' id='word_1_460' title='bbox 750 3442 1113 3514; x_wconf 88' lang='lat' dir='ltr'><strong>promiserat,</strong></span> <span class='ocrx_word' id='word_1_461' title='bbox 1156 3445 1406 3499; x_wconf 90' lang='lat' dir='ltr'><strong>insanum</strong></span> <span class='ocrx_word' id='word_1_462' title='bbox 1437 3456 1695 3501; x_wconf 84' lang='lat' dir='ltr'><strong>vocarunt</strong></span> <span class='ocrx_word' id='word_1_463' title='bbox 1737 3447 2005 3518; x_wconf 84' lang='lat' dir='ltr'><strong>principes</strong></span> <span class='ocrx_word' id='word_1_464' title='bbox 2028 3463 2187 3505; x_wconf 85' lang='lat' dir='ltr'><strong>exer-</strong></span> 
     </span>
    </p>
   </div>
   <div class='ocr_carea' id='block_1_63' title="bbox 590 3534 2189 3611">
    <p class='ocr_par' dir='ltr' id='par_1_63' title="bbox 590 3534 2189 3611">
     <span class='ocr_line' id='line_1_63' title="bbox 590 3534 2189 3611; baseline 0.003 -21"><span class='ocrx_word' id='word_1_465' title='bbox 590 3534 764 3604; x_wconf 85' lang='lat' dir='ltr'><strong>citus,</strong></span> <span class='ocrx_word' id='word_1_466' title='bbox 816 3544 917 3592; x_wconf 82' lang='lat' dir='ltr'><strong>nec</strong></span> <span class='ocrx_word' id='word_1_467' title='bbox 958 3544 1139 3591; x_wconf 90' lang='lat' dir='ltr'><strong>tamen</strong></span> <span class='ocrx_word' id='word_1_468' title='bbox 1172 3538 1450 3592; x_wconf 89' lang='lat' dir='ltr'><strong>oraculum</strong></span> <span class='ocrx_word' id='word_1_469' title='bbox 1489 3538 1559 3592; x_wconf 90' lang='lat' dir='ltr'><strong>ab</strong></span> <span class='ocrx_word' id='word_1_470' title='bbox 1603 3553 1668 3594; x_wconf 92' lang='lat' dir='ltr'><strong>eo</strong></span> <span class='ocrx_word' id='word_1_471' title='bbox 1705 3538 1909 3594; x_wconf 89' lang='lat' dir='ltr'><strong>editum</strong></span> <span class='ocrx_word' id='word_1_472' title='bbox 1938 3540 2189 3611; x_wconf 81' lang='lat' dir='ltr'><strong>neglexe-</strong></span> 
     </span>
    </p>
   </div>
   <div class='ocr_carea' id='block_1_64' title="bbox 592 3626 2189 3698">
    <p class='ocr_par' dir='ltr' id='par_1_64' title="bbox 592 3626 2189 3698">
     <span class='ocr_line' id='line_1_64' title="bbox 592 3626 2189 3698; baseline 0.003 -16"><span class='ocrx_word' id='word_1_473' title='bbox 592 3635 738 3682; x_wconf 86' lang='lat' dir='ltr'><strong>runt.</strong></span> <span class='ocrx_word' id='word_1_474' title='bbox 786 3626 864 3681; x_wconf 92' lang='lat' dir='ltr'><strong>lta</strong></span> <span class='ocrx_word' id='word_1_475' title='bbox 909 3640 1069 3698; x_wconf 87' lang='lat' dir='ltr'><strong>quem</strong></span> <span class='ocrx_word' id='word_1_476' title='bbox 1109 3628 1329 3684; x_wconf 90' lang='lat' dir='ltr'><strong>nomine</strong></span> <span class='ocrx_word' id='word_1_477' title='bbox 1375 3637 1533 3684; x_wconf 88' lang='lat' dir='ltr'><strong>tenus</strong></span> <span class='ocrx_word' id='word_1_478' title='bbox 1578 3628 1824 3684; x_wconf 89' lang='lat' dir='ltr'><strong>insanum</strong></span> <span class='ocrx_word' id='word_1_479' title='bbox 1868 3641 2189 3694; x_wconf 82' lang='lat' dir='ltr'><strong>vocassent.</strong></span> 
     </span>
    </p>
   </div>
   <div class='ocr_carea' id='block_1_65' title="bbox 594 3717 2193 3793">
    <p class='ocr_par' dir='ltr' id='par_1_65' title="bbox 594 3717 2193 3793">
     <span class='ocr_line' id='line_1_65' title="bbox 594 3717 2193 3793; baseline 0.005 -20"><span class='ocrx_word' id='word_1_480' title='bbox 594 3717 741 3774; x_wconf 85' lang='lat' dir='ltr'><strong>serio</strong></span> <span class='ocrx_word' id='word_1_481' title='bbox 772 3728 950 3775; x_wconf 91' lang='lat' dir='ltr'><strong>tamen</strong></span> <span class='ocrx_word' id='word_1_482' title='bbox 986 3734 1084 3789; x_wconf 91' lang='lat' dir='ltr'><strong>pro</strong></span> <span class='ocrx_word' id='word_1_483' title='bbox 1112 3720 1304 3776; x_wconf 86' lang='lat' dir='ltr'><strong>insano</strong></span> <span class='ocrx_word' id='word_1_484' title='bbox 1334 3721 1648 3793; x_wconf 90' lang='lat' dir='ltr'><strong>neutiquam</strong></span> <span class='ocrx_word' id='word_1_485' title='bbox 1682 3723 1994 3779; x_wconf 87' lang='lat' dir='ltr'><strong>habendum</strong></span> <span class='ocrx_word' id='word_1_486' title='bbox 2019 3724 2193 3781; x_wconf 78' lang='lat' dir='ltr'><strong>duxe-</strong></span> 
     </span>
    </p>
   </div>
   <div class='ocr_carea' id='block_1_66' title="bbox 600 3810 2193 3889">
    <p class='ocr_par' dir='ltr' id='par_1_66' title="bbox 600 3810 2193 3889">
     <span class='ocr_line' id='line_1_66' title="bbox 600 3810 2193 3889; baseline 0.005 -23"><span class='ocrx_word' id='word_1_487' title='bbox 600 3818 742 3867; x_wconf 88' lang='lat' dir='ltr'><strong>rant.</strong></span> <span class='ocrx_word' id='word_1_488' title='bbox 796 3810 865 3866; x_wconf 90' lang='lat' dir='ltr'><strong>Et</strong></span> <span class='ocrx_word' id='word_1_489' title='bbox 908 3811 1223 3884; x_wconf 83' lang='lat' dir='ltr'><strong>frequentes</strong></span> <span class='ocrx_word' id='word_1_490' title='bbox 1251 3813 1358 3868; x_wconf 79' lang='lat' dir='ltr'><strong>illa:</strong></span> <span class='ocrx_word' id='word_1_491' title='bbox 1390 3816 1722 3885; x_wconf 87' lang='lat' dir='ltr'><strong>temporibus</strong></span> <span class='ocrx_word' id='word_1_492' title='bbox 1764 3818 1925 3872; x_wconf 91' lang='lat' dir='ltr'><strong>etiam</strong></span> <span class='ocrx_word' id='word_1_493' title='bbox 1971 3830 2193 3889; x_wconf 90' lang='lat' dir='ltr'><strong>aposto-</strong></span> 
     </span>
    </p>
   </div>
   <div class='ocr_carea' id='block_1_67' title="bbox 597 3904 2197 3983">
    <p class='ocr_par' dir='ltr' id='par_1_67' title="bbox 597 3904 2197 3983">
     <span class='ocr_line' id='line_1_67' title="bbox 597 3904 2197 3983; baseline 0.005 -22"><span class='ocrx_word' id='word_1_494' title='bbox 597 3904 721 3962; x_wconf 89' lang='lat' dir='ltr'><strong>licis</strong></span> <span class='ocrx_word' id='word_1_495' title='bbox 768 3906 991 3963; x_wconf 72' lang='lat' dir='ltr'><strong>cautelae</strong></span> <span class='ocrx_word' id='word_1_496' title='bbox 1033 3908 1101 3963; x_wconf 91' lang='lat' dir='ltr'><strong>de</strong></span> <span class='ocrx_word' id='word_1_497' title='bbox 1149 3922 1254 3963; x_wconf 93' lang='lat' dir='ltr'><strong>non</strong></span> <span class='ocrx_word' id='word_1_498' title='bbox 1290 3908 1699 3966; x_wconf 88' lang='lat' dir='ltr'><strong>contemnendis</strong></span> <span class='ocrx_word' id='word_1_499' title='bbox 1751 3911 2197 3983; x_wconf 72' lang='lat' dir='ltr'><strong>extinguendisve</strong></span> 
     </span>
    </p>
   </div>
   <div class='ocr_carea' id='block_1_68' title="bbox 597 3998 2197 4074">
    <p class='ocr_par' dir='ltr' id='par_1_68' title="bbox 597 3998 2197 4074">
     <span class='ocr_line' id='line_1_68' title="bbox 597 3998 2197 4074; baseline 0.004 -21"><span class='ocrx_word' id='word_1_500' title='bbox 597 3998 937 4071; x_wconf 88' lang='lat' dir='ltr'><strong>prophetiis,</strong></span> <span class='ocrx_word' id='word_1_501' title='bbox 989 4000 1043 4056; x_wconf 93' lang='lat' dir='ltr'><strong>id</strong></span> <span class='ocrx_word' id='word_1_502' title='bbox 1091 4001 1223 4057; x_wconf 91' lang='lat' dir='ltr'><strong>satis</strong></span> <span class='ocrx_word' id='word_1_503' title='bbox 1269 4001 1542 4070; x_wconf 90' lang='lat' dir='ltr'><strong>innuunt,</strong></span> <span class='ocrx_word' id='word_1_504' title='bbox 1600 4018 1759 4074; x_wconf 90' lang='lat' dir='ltr'><strong>quam</strong></span> <span class='ocrx_word' id='word_1_505' title='bbox 1814 4005 2080 4074; x_wconf 83' lang='lat' dir='ltr'><strong>proclives</strong></span> <span class='ocrx_word' id='word_1_506' title='bbox 2106 4020 2197 4062; x_wconf 55' lang='lat' dir='ltr'><strong>es.</strong></span> 
     </span>
    </p>
   </div>
   <div class='ocr_carea' id='block_1_69' title="bbox 600 4092 2202 4169">
    <p class='ocr_par' dir='ltr' id='par_1_69' title="bbox 600 4092 2202 4169">
     <span class='ocr_line' id='line_1_69' title="bbox 600 4092 2202 4169; baseline 0.003 -20"><span class='ocrx_word' id='word_1_507' title='bbox 600 4103 724 4149; x_wconf 85' lang='lat' dir='ltr'><strong>sent</strong></span> <span class='ocrx_word' id='word_1_508' title='bbox 774 4092 841 4148; x_wconf 88' lang='lat' dir='ltr'><strong>ad</strong></span> <span class='ocrx_word' id='word_1_509' title='bbox 892 4093 946 4148; x_wconf 91' lang='lat' dir='ltr'><strong>id</strong></span> <span class='ocrx_word' id='word_1_510' title='bbox 992 4094 1295 4151; x_wconf 87' lang='lat' dir='ltr'><strong>faciendum</strong></span> <span class='ocrx_word' id='word_1_511' title='bbox 1325 4095 1575 4151; x_wconf 89' lang='lat' dir='ltr'><strong>homines</strong></span> <span class='ocrx_word' id='word_1_512' title='bbox 1611 4096 1682 4153; x_wconf 91' lang='lat' dir='ltr'><strong>de</strong></span> <span class='ocrx_word' id='word_1_513' title='bbox 1709 4112 1818 4169; x_wconf 93' lang='lat' dir='ltr'><strong>quo</strong></span> <span class='ocrx_word' id='word_1_514' title='bbox 1845 4099 2002 4155; x_wconf 91' lang='lat' dir='ltr'><strong>toties</strong></span> <span class='ocrx_word' id='word_1_515' title='bbox 2044 4108 2202 4154; x_wconf 89' lang='lat' dir='ltr'><strong>erant</strong></span> 
     </span>
    </p>
   </div>
   <div class='ocr_carea' id='block_1_70' title="bbox 601 4184 2198 4247">
    <p class='ocr_par' dir='ltr' id='par_1_70' title="bbox 601 4184 2198 4247">
     <span class='ocr_line' id='line_1_70' title="bbox 601 4184 2198 4247; baseline 0.005 -8"><span class='ocrx_word' id='word_1_516' title='bbox 601 4184 910 4240; x_wconf 88' lang='lat' dir='ltr'><strong>necessario</strong></span> <span class='ocrx_word' id='word_1_517' title='bbox 954 4186 1231 4243; x_wconf 91' lang='lat' dir='ltr'><strong>monendi.</strong></span> <span class='ocrx_word' id='word_1_518' title='bbox 1275 4186 1386 4243; x_wconf 89' lang='lat' dir='ltr'><strong>Nec</strong></span> <span class='ocrx_word' id='word_1_519' title='bbox 1413 4199 1532 4244; x_wconf 91' lang='lat' dir='ltr'><strong>erat</strong></span> <span class='ocrx_word' id='word_1_520' title='bbox 1570 4204 1700 4244; x_wconf 91' lang='lat' dir='ltr'><strong>sane</strong></span> <span class='ocrx_word' id='word_1_521' title='bbox 1727 4190 1870 4245; x_wconf 88' lang='lat' dir='ltr'><strong>aliud</strong></span> <span class='ocrx_word' id='word_1_522' title='bbox 1907 4190 2017 4246; x_wconf 91' lang='lat' dir='ltr'><strong>illis</strong></span> <span class='ocrx_word' id='word_1_523' title='bbox 2059 4200 2198 4247; x_wconf 90' lang='lat' dir='ltr'><strong>tem-</strong></span> 
     </span>
    </p>
   </div>
   <div class='ocr_carea' id='block_1_71' title="bbox 598 4279 2200 4357">
    <p class='ocr_par' dir='ltr' id='par_1_71' title="bbox 598 4279 2200 4357">
     <span class='ocr_line' id='line_1_71' title="bbox 598 4279 2200 4357; baseline 0.003 -23"><span class='ocrx_word' id='word_1_524' title='bbox 598 4279 824 4350; x_wconf 85' lang='lat' dir='ltr'><strong>poribus</strong></span> <span class='ocrx_word' id='word_1_525' title='bbox 867 4281 1261 4351; x_wconf 78' lang='lat' dir='ltr'><strong>expectandum</strong></span> <span class='ocrx_word' id='word_1_526' title='bbox 1295 4282 1487 4352; x_wconf 91' lang='lat' dir='ltr'><strong>quibus</strong></span> <span class='ocrx_word' id='word_1_527' title='bbox 1514 4283 1651 4339; x_wconf 90' lang='lat' dir='ltr'><strong>adeo</strong></span> <span class='ocrx_word' id='word_1_528' title='bbox 1681 4294 1870 4340; x_wconf 87' lang='lat' dir='ltr'><strong>essent</strong></span> <span class='ocrx_word' id='word_1_529' title='bbox 1917 4284 2200 4357; x_wconf 66' lang='lat' dir='ltr'><strong>propheta:</strong></span> 
     </span>
    </p>
   </div>
   <div class='ocr_carea' id='block_1_72' title="bbox 603 4372 2201 4444">
    <p class='ocr_par' dir='ltr' id='par_1_72' title="bbox 603 4372 2201 4444">
     <span class='ocr_line' id='line_1_72' title="bbox 603 4372 2201 4444; baseline 0.003 -18"><span class='ocrx_word' id='word_1_530' title='bbox 603 4372 868 4427; x_wconf 90' lang='lat' dir='ltr'><strong>cervicosi</strong></span> <span class='ocrx_word' id='word_1_531' title='bbox 919 4380 1081 4441; x_wconf 91' lang='lat' dir='ltr'><strong>atque</strong></span> <span class='ocrx_word' id='word_1_532' title='bbox 1109 4372 1317 4427; x_wconf 88' lang='lat' dir='ltr'><strong>ordinis</strong></span> <span class='ocrx_word' id='word_1_533' title='bbox 1345 4373 1545 4444; x_wconf 90' lang='lat' dir='ltr'><strong>publici</strong></span> <span class='ocrx_word' id='word_1_534' title='bbox 1592 4375 2033 4444; x_wconf 77' lang='lat' dir='ltr'><strong>perturbatores,</strong></span> <span class='ocrx_word' id='word_1_535' title='bbox 2077 4391 2201 4431; x_wconf 91' lang='lat' dir='ltr'><strong>cum</strong></span> 
     </span>
    </p>
   </div>
   <div class='ocr_carea' id='block_1_73' title="bbox 605 4463 2204 4537">
    <p class='ocr_par' dir='ltr' id='par_1_73' title="bbox 605 4463 2204 4537">
     <span class='ocr_line' id='line_1_73' title="bbox 605 4463 2204 4537; baseline 0.004 -19"><span class='ocrx_word' id='word_1_536' title='bbox 605 4463 771 4518; x_wconf 91' lang='lat' dir='ltr'><strong>simul</strong></span> <span class='ocrx_word' id='word_1_537' title='bbox 825 4464 1006 4533; x_wconf 91' lang='lat' dir='ltr'><strong>plures</strong></span> <span class='ocrx_word' id='word_1_538' title='bbox 1045 4464 1432 4535; x_wconf 89' lang='lat' dir='ltr'><strong>loquerentur,</strong></span> <span class='ocrx_word' id='word_1_539' title='bbox 1465 4480 1587 4522; x_wconf 92' lang='lat' dir='ltr'><strong>cum</strong></span> <span class='ocrx_word' id='word_1_540' title='bbox 1616 4469 1975 4537; x_wconf 75' lang='lat' dir='ltr'><strong>prophetissa:</strong></span> <span class='ocrx_word' id='word_1_541' title='bbox 2009 4468 2063 4523; x_wconf 93' lang='lat' dir='ltr'><strong>in</strong></span> <span class='ocrx_word' id='word_1_542' title='bbox 2092 4483 2204 4525; x_wconf 69' lang='lat' dir='ltr'><strong>cae-</strong></span> 
     </span>
    </p>
   </div>
   <div class='ocr_carea' id='block_1_74' title="bbox 2290 3247 3881 3332">
    <p class='ocr_par' dir='ltr' id='par_1_74' title="bbox 2290 3247 3881 3332">
     <span class='ocr_line' id='line_1_74' title="bbox 2290 3247 3881 3332; baseline -0.006 -19"><span class='ocrx_word' id='word_1_543' title='bbox 2290 3267 2518 3332; x_wconf 89' lang='lat' dir='ltr'><strong>possent</strong></span> <span class='ocrx_word' id='word_1_544' title='bbox 2560 3256 2810 3313; x_wconf 86' lang='lat' dir='ltr'><strong>falsitatis</strong></span> <span class='ocrx_word' id='word_1_545' title='bbox 2874 3253 3231 3315; x_wconf 89' lang='lat' dir='ltr'><strong>convincere,</strong></span> <span class='ocrx_word' id='word_1_546' title='bbox 3280 3250 3389 3322; x_wconf 87' lang='lat' dir='ltr'><strong>jam</strong></span> <span class='ocrx_word' id='word_1_547' title='bbox 3433 3247 3732 3304; x_wconf 87' lang='lat' dir='ltr'><strong>labascerct</strong></span> <span class='ocrx_word' id='word_1_548' title='bbox 3777 3263 3881 3303; x_wconf 90' lang='lat' dir='ltr'><strong>una</strong></span> 
     </span>
    </p>
   </div>
   <div class='ocr_carea' id='block_1_75' title="bbox 2291 3341 3883 3425">
    <p class='ocr_par' dir='ltr' id='par_1_75' title="bbox 2291 3341 3883 3425">
     <span class='ocr_line' id='line_1_75' title="bbox 2291 3341 3883 3425; baseline -0.01 -15"><span class='ocrx_word' id='word_1_549' title='bbox 2291 3350 2620 3425; x_wconf 82' lang='lat' dir='ltr'><strong>rcliqubrum</strong></span> <span class='ocrx_word' id='word_1_550' title='bbox 2673 3350 2846 3415; x_wconf 85' lang='lat' dir='ltr'><strong>fides,</strong></span> <span class='ocrx_word' id='word_1_551' title='bbox 2909 3350 3019 3418; x_wconf 88' lang='lat' dir='ltr'><strong>jam</strong></span> <span class='ocrx_word' id='word_1_552' title='bbox 3079 3345 3211 3401; x_wconf 89' lang='lat' dir='ltr'><strong>nihil</strong></span> <span class='ocrx_word' id='word_1_553' title='bbox 3256 3354 3374 3400; x_wconf 89' lang='lat' dir='ltr'><strong>erat</strong></span> <span class='ocrx_word' id='word_1_554' title='bbox 3425 3342 3567 3414; x_wconf 90' lang='lat' dir='ltr'><strong>quod</strong></span> <span class='ocrx_word' id='word_1_555' title='bbox 3625 3341 3883 3397; x_wconf 75' lang='lat' dir='ltr'><strong>Ecclesia:</strong></span> 
     </span>
    </p>
   </div>
   <div class='ocr_carea' id='block_1_76' title="bbox 2293 3437 3883 3512">
    <p class='ocr_par' dir='ltr' id='par_1_76' title="bbox 2293 3437 3883 3512">
     <span class='ocr_line' id='line_1_76' title="bbox 2293 3437 3883 3512; baseline -0.009 -7"><span class='ocrx_word' id='word_1_556' title='bbox 2293 3447 2726 3505; x_wconf 88' lang='lat' dir='ltr'><strong>communionem</strong></span> <span class='ocrx_word' id='word_1_557' title='bbox 2770 3455 2846 3499; x_wconf 94' lang='lat' dir='ltr'><strong>tot</strong></span> <span class='ocrx_word' id='word_1_558' title='bbox 2888 3456 3150 3498; x_wconf 89' lang='lat' dir='ltr'><strong>annorum</strong></span> <span class='ocrx_word' id='word_1_559' title='bbox 3185 3439 3496 3512; x_wconf 76' lang='lat' dir='ltr'><strong>pmnitentia</strong></span> <span class='ocrx_word' id='word_1_560' title='bbox 3531 3447 3638 3493; x_wconf 89' lang='lat' dir='ltr'><strong>tam</strong></span> <span class='ocrx_word' id='word_1_561' title='bbox 3679 3437 3883 3507; x_wconf 86' lang='lat' dir='ltr'><strong>ingrata</strong></span> 
     </span>
    </p>
   </div>
   <div class='ocr_carea' id='block_1_77' title="bbox 2293 3530 3887 3608">
    <p class='ocr_par' dir='ltr' id='par_1_77' title="bbox 2293 3530 3887 3608">
     <span class='ocr_line' id='line_1_77' title="bbox 2293 3530 3887 3608; baseline -0.009 -11"><span class='ocrx_word' id='word_1_562' title='bbox 2293 3542 2593 3606; x_wconf 88' lang='lat' dir='ltr'><strong>ambirent;</strong></span> <span class='ocrx_word' id='word_1_563' title='bbox 2641 3553 2761 3593; x_wconf 91' lang='lat' dir='ltr'><strong>cum</strong></span> <span class='ocrx_word' id='word_1_564' title='bbox 2796 3535 3091 3608; x_wconf 73' lang='lat' dir='ltr'><strong>prmsertim</strong></span> <span class='ocrx_word' id='word_1_565' title='bbox 3143 3533 3322 3589; x_wconf 91' lang='lat' dir='ltr'><strong>nullus</strong></span> <span class='ocrx_word' id='word_1_566' title='bbox 3356 3540 3504 3587; x_wconf 88' lang='lat' dir='ltr'><strong>esset</strong></span> <span class='ocrx_word' id='word_1_567' title='bbox 3545 3530 3887 3601; x_wconf 83' lang='lat' dir='ltr'><strong>magistratus</strong></span> 
     </span>
    </p>
   </div>
   <div class='ocr_carea' id='block_1_78' title="bbox 2294 3622 3884 3707">
    <p class='ocr_par' dir='ltr' id='par_1_78' title="bbox 2294 3622 3884 3707">
     <span class='ocr_line' id='line_1_78' title="bbox 2294 3622 3884 3707; baseline -0.007 -20"><span class='ocrx_word' id='word_1_568' title='bbox 2294 3637 2385 3707; x_wconf 87' lang='lat' dir='ltr'><strong>qni</strong></span> <span class='ocrx_word' id='word_1_569' title='bbox 2439 3641 2691 3704; x_wconf 86' lang='lat' dir='ltr'><strong>cogeret,</strong></span> <span class='ocrx_word' id='word_1_570' title='bbox 2756 3637 2901 3686; x_wconf 91' lang='lat' dir='ltr'><strong>esset</strong></span> <span class='ocrx_word' id='word_1_571' title='bbox 2954 3637 3142 3689; x_wconf 90' lang='lat' dir='ltr'><strong>contra</strong></span> <span class='ocrx_word' id='word_1_572' title='bbox 3199 3627 3289 3698; x_wconf 91' lang='lat' dir='ltr'><strong>qui</strong></span> <span class='ocrx_word' id='word_1_573' title='bbox 3356 3623 3595 3681; x_wconf 84' lang='lat' dir='ltr'><strong>rebelles</strong></span> <span class='ocrx_word' id='word_1_574' title='bbox 3645 3622 3884 3686; x_wconf 88' lang='lat' dir='ltr'><strong>foveret,</strong></span> 
     </span>
    </p>
   </div>
   <div class='ocr_carea' id='block_1_79' title="bbox 2297 3712 3889 3798">
    <p class='ocr_par' dir='ltr' id='par_1_79' title="bbox 2297 3712 3889 3798">
     <span class='ocr_line' id='line_1_79' title="bbox 2297 3712 3889 3798; baseline -0.01 -14"><span class='ocrx_word' id='word_1_575' title='bbox 2297 3730 2550 3797; x_wconf 91' lang='lat' dir='ltr'><strong>omnique</strong></span> <span class='ocrx_word' id='word_1_576' title='bbox 2612 3740 2777 3798; x_wconf 89' lang='lat' dir='ltr'><strong>opera</strong></span> <span class='ocrx_word' id='word_1_577' title='bbox 2846 3724 2899 3778; x_wconf 89' lang='lat' dir='ltr'><strong>in</strong></span> <span class='ocrx_word' id='word_1_578' title='bbox 2955 3721 3306 3777; x_wconf 88' lang='lat' dir='ltr'><strong>rebellionem</strong></span> <span class='ocrx_word' id='word_1_579' title='bbox 3368 3717 3667 3790; x_wconf 86' lang='lat' dir='ltr'><strong>pelliceret.</strong></span> <span class='ocrx_word' id='word_1_580' title='bbox 3733 3712 3889 3784; x_wconf 86' lang='lat' dir='ltr'><strong>Quod</strong></span> 
     </span>
    </p>
   </div>
   <div class='ocr_carea' id='block_1_80' title="bbox 2298 3808 3891 3888">
    <p class='ocr_par' dir='ltr' id='par_1_80' title="bbox 2298 3808 3891 3888">
     <span class='ocr_line' id='line_1_80' title="bbox 2298 3808 3891 3888; baseline -0.011 -10"><span class='ocrx_word' id='word_1_581' title='bbox 2298 3831 2478 3878; x_wconf 88' lang='lat' dir='ltr'><strong>autem</strong></span> <span class='ocrx_word' id='word_1_582' title='bbox 2527 3820 2595 3876; x_wconf 91' lang='lat' dir='ltr'><strong>ad</strong></span> <span class='ocrx_word' id='word_1_583' title='bbox 2643 3818 2832 3873; x_wconf 80' lang='lat' dir='ltr'><strong>atheos</strong></span> <span class='ocrx_word' id='word_1_584' title='bbox 2869 3816 3152 3888; x_wconf 88' lang='lat' dir='ltr'><strong>cpicureos</strong></span> <span class='ocrx_word' id='word_1_585' title='bbox 3180 3812 3402 3877; x_wconf 88' lang='lat' dir='ltr'><strong>attinet,</strong></span> <span class='ocrx_word' id='word_1_586' title='bbox 3435 3808 3533 3865; x_wconf 90' lang='lat' dir='ltr'><strong>fuit</strong></span> <span class='ocrx_word' id='word_1_587' title='bbox 3566 3824 3629 3863; x_wconf 91' lang='lat' dir='ltr'><strong>ea</strong></span> <span class='ocrx_word' id='word_1_588' title='bbox 3671 3821 3891 3878; x_wconf 85' lang='lat' dir='ltr'><strong>semper</strong></span> 
     </span>
    </p>
   </div>
   <div class='ocr_carea' id='block_1_81' title="bbox 2300 3897 3892 3986">
    <p class='ocr_par' dir='ltr' id='par_1_81' title="bbox 2300 3897 3892 3986">
     <span class='ocr_line' id='line_1_81' title="bbox 2300 3897 3892 3986; baseline -0.014 -14"><span class='ocrx_word' id='word_1_589' title='bbox 2300 3925 2487 3986; x_wconf 84' lang='lat' dir='ltr'><strong>estque</strong></span> <span class='ocrx_word' id='word_1_590' title='bbox 2538 3912 2699 3967; x_wconf 90' lang='lat' dir='ltr'><strong>hodie</strong></span> <span class='ocrx_word' id='word_1_591' title='bbox 2746 3910 2960 3965; x_wconf 89' lang='lat' dir='ltr'><strong>illorum</strong></span> <span class='ocrx_word' id='word_1_592' title='bbox 3010 3905 3252 3971; x_wconf 89' lang='lat' dir='ltr'><strong>indoles,</strong></span> <span class='ocrx_word' id='word_1_593' title='bbox 3283 3913 3345 3959; x_wconf 89' lang='lat' dir='ltr'><strong>ut</strong></span> <span class='ocrx_word' id='word_1_594' title='bbox 3382 3899 3727 3973; x_wconf 82' lang='lat' dir='ltr'><strong>generalibus</strong></span> <span class='ocrx_word' id='word_1_595' title='bbox 3777 3897 3892 3952; x_wconf 89' lang='lat' dir='ltr'><strong>suis</strong></span> 
     </span>
    </p>
   </div>
   <div class='ocr_carea' id='block_1_82' title="bbox 2302 3990 3887 4080">
    <p class='ocr_par' dir='ltr' id='par_1_82' title="bbox 2302 3990 3887 4080">
     <span class='ocr_line' id='line_1_82' title="bbox 2302 3990 3887 4080; baseline -0.011 -19"><span class='ocrx_word' id='word_1_596' title='bbox 2302 4004 2691 4080; x_wconf 81' lang='lat' dir='ltr'><strong>hypotbesibus</strong></span> <span class='ocrx_word' id='word_1_597' title='bbox 2721 4000 2992 4065; x_wconf 88' lang='lat' dir='ltr'><strong>contenti,</strong></span> <span class='ocrx_word' id='word_1_598' title='bbox 3029 4000 3081 4054; x_wconf 93' lang='lat' dir='ltr'><strong>in</strong></span> <span class='ocrx_word' id='word_1_599' title='bbox 3133 3996 3378 4067; x_wconf 82' lang='lat' dir='ltr'><strong>exempla</strong></span> <span class='ocrx_word' id='word_1_600' title='bbox 3425 3990 3770 4066; x_wconf 89' lang='lat' dir='ltr'><strong>particularia</strong></span> <span class='ocrx_word' id='word_1_601' title='bbox 3818 4003 3887 4043; x_wconf 92' lang='lat' dir='ltr'><strong>ne</strong></span> 
     </span>
    </p>
   </div>
   <div class='ocr_carea' id='block_1_83' title="bbox 2302 4080 3890 4172">
    <p class='ocr_par' dir='ltr' id='par_1_83' title="bbox 2302 4080 3890 4172">
     <span class='ocr_line' id='line_1_83' title="bbox 2302 4080 3890 4172; baseline -0.013 -18"><span class='ocrx_word' id='word_1_602' title='bbox 2302 4099 2515 4172; x_wconf 87' lang='lat' dir='ltr'><strong>quidem</strong></span> <span class='ocrx_word' id='word_1_603' title='bbox 2563 4093 2939 4168; x_wconf 86' lang='lat' dir='ltr'><strong>inquirendum</strong></span> <span class='ocrx_word' id='word_1_604' title='bbox 2996 4099 3207 4162; x_wconf 91' lang='lat' dir='ltr'><strong>putent.</strong></span> <span class='ocrx_word' id='word_1_605' title='bbox 3257 4088 3428 4154; x_wconf 88' lang='lat' dir='ltr'><strong>Quatn</strong></span> <span class='ocrx_word' id='word_1_606' title='bbox 3472 4084 3548 4140; x_wconf 91' lang='lat' dir='ltr'><strong>illi</strong></span> <span class='ocrx_word' id='word_1_607' title='bbox 3591 4082 3789 4139; x_wconf 85' lang='lat' dir='ltr'><strong>fuerint</strong></span> <span class='ocrx_word' id='word_1_608' title='bbox 3834 4080 3890 4134; x_wconf 89' lang='lat' dir='ltr'><strong>in</strong></span> 
     </span>
    </p>
   </div>
   <div class='ocr_carea' id='block_1_84' title="bbox 2304 4173 3896 4254">
    <p class='ocr_par' dir='ltr' id='par_1_84' title="bbox 2304 4173 3896 4254">
     <span class='ocr_line' id='line_1_84' title="bbox 2304 4173 3896 4254; baseline -0.013 -6"><span class='ocrx_word' id='word_1_609' title='bbox 2304 4192 2464 4248; x_wconf 91' lang='lat' dir='ltr'><strong>rebus</strong></span> <span class='ocrx_word' id='word_1_610' title='bbox 2494 4188 2871 4246; x_wconf 85' lang='lat' dir='ltr'><strong>ecclesiasticis</strong></span> <span class='ocrx_word' id='word_1_611' title='bbox 2910 4184 3150 4254; x_wconf 80' lang='lat' dir='ltr'><strong>boSpites</strong></span> <span class='ocrx_word' id='word_1_612' title='bbox 3172 4222 3186 4247; x_wconf 91' lang='lat'><strong>,</strong></span> <span class='ocrx_word' id='word_1_613' title='bbox 3230 4180 3313 4234; x_wconf 88' lang='lat' dir='ltr'><strong>vel</strong></span> <span class='ocrx_word' id='word_1_614' title='bbox 3346 4180 3504 4232; x_wconf 91' lang='lat' dir='ltr'><strong>unius</strong></span> <span class='ocrx_word' id='word_1_615' title='bbox 3534 4173 3676 4231; x_wconf 87' lang='lat' dir='ltr'><strong>Celsi</strong></span> <span class='ocrx_word' id='word_1_616' title='bbox 3714 4186 3896 4229; x_wconf 82' lang='lat' dir='ltr'><strong>exem-</strong></span> 
     </span>
    </p>
   </div>
   <div class='ocr_carea' id='block_1_85' title="bbox 2307 4268 3899 4357">
    <p class='ocr_par' dir='ltr' id='par_1_85' title="bbox 2307 4268 3899 4357">
     <span class='ocr_line' id='line_1_85' title="bbox 2307 4268 3899 4357; baseline -0.011 -19"><span class='ocrx_word' id='word_1_617' title='bbox 2307 4285 2397 4357; x_wconf 93' lang='lat' dir='ltr'><strong>plo</strong></span> <span class='ocrx_word' id='word_1_618' title='bbox 2445 4283 2786 4338; x_wconf 88' lang='lat' dir='ltr'><strong>manifestum</strong></span> <span class='ocrx_word' id='word_1_619' title='bbox 2817 4288 2921 4335; x_wconf 83' lang='lat' dir='ltr'><strong>est.</strong></span> <span class='ocrx_word' id='word_1_620' title='bbox 2963 4275 3063 4343; x_wconf 87' lang='lat' dir='ltr'><strong>Qui</strong></span> <span class='ocrx_word' id='word_1_621' title='bbox 3116 4288 3237 4328; x_wconf 90' lang='lat' dir='ltr'><strong>cum</strong></span> <span class='ocrx_word' id='word_1_622' title='bbox 3298 4270 3399 4326; x_wconf 89' lang='lat' dir='ltr'><strong>sibi</strong></span> <span class='ocrx_word' id='word_1_623' title='bbox 3439 4268 3617 4324; x_wconf 89' lang='lat' dir='ltr'><strong>omnia</strong></span> <span class='ocrx_word' id='word_1_624' title='bbox 3648 4279 3899 4338; x_wconf 85' lang='lat' dir='ltr'><strong>comper-</strong></span> 
     </span>
    </p>
   </div>
   <div class='ocr_carea' id='block_1_86' title="bbox 2308 4359 3897 4443">
    <p class='ocr_par' dir='ltr' id='par_1_86' title="bbox 2308 4359 3897 4443">
     <span class='ocr_line' id='line_1_86' title="bbox 2308 4359 3897 4443; baseline -0.013 -11"><span class='ocrx_word' id='word_1_625' title='bbox 2308 4377 2513 4432; x_wconf 89' lang='lat' dir='ltr'><strong>tissitna</strong></span> <span class='ocrx_word' id='word_1_626' title='bbox 2585 4389 2707 4428; x_wconf 89' lang='lat' dir='ltr'><strong>esse</strong></span> <span class='ocrx_word' id='word_1_627' title='bbox 2752 4368 3110 4443; x_wconf 87' lang='lat' dir='ltr'><strong>jactabnndus</strong></span> <span class='ocrx_word' id='word_1_628' title='bbox 3154 4365 3416 4437; x_wconf 85' lang='lat' dir='ltr'><strong>gloriatus</strong></span> <span class='ocrx_word' id='word_1_629' title='bbox 3469 4367 3646 4425; x_wconf 89' lang='lat' dir='ltr'><strong>esset,</strong></span> <span class='ocrx_word' id='word_1_630' title='bbox 3698 4359 3752 4412; x_wconf 93' lang='lat' dir='ltr'><strong>in</strong></span> <span class='ocrx_word' id='word_1_631' title='bbox 3808 4372 3897 4413; x_wconf 82' lang='lat' dir='ltr'><strong>re-</strong></span> 
     </span>
    </p>
   </div>
   <div class='ocr_carea' id='block_1_87' title="bbox 2310 4449 3902 4533">
    <p class='ocr_par' dir='ltr' id='par_1_87' title="bbox 2310 4449 3902 4533">
     <span class='ocr_line' id='line_1_87' title="bbox 2310 4449 3902 4533; baseline -0.013 -6"><span class='ocrx_word' id='word_1_632' title='bbox 2310 4472 2410 4527; x_wconf 91' lang='lat' dir='ltr'><strong>hus</strong></span> <span class='ocrx_word' id='word_1_633' title='bbox 2454 4478 2636 4524; x_wconf 89' lang='lat' dir='ltr'><strong>tamen</strong></span> <span class='ocrx_word' id='word_1_634' title='bbox 2683 4465 2943 4522; x_wconf 72' lang='lat' dir='ltr'><strong>Ecclesia:</strong></span> <span class='ocrx_word' id='word_1_635' title='bbox 2988 4476 3113 4517; x_wconf 89' lang='lat' dir='ltr'><strong>raro</strong></span> <span class='ocrx_word' id='word_1_636' title='bbox 3159 4472 3383 4533; x_wconf 89' lang='lat' dir='ltr'><strong>scepum</strong></span> <span class='ocrx_word' id='word_1_637' title='bbox 3429 4454 3663 4525; x_wconf 85' lang='lat' dir='ltr'><strong>attingit.</strong></span> <span class='ocrx_word' id='word_1_638' title='bbox 3697 4449 3902 4521; x_wconf 86' lang='lat' dir='ltr'><strong>Estque</strong></span> 
     </span>
    </p>
   </div>
   <div class='ocr_carea' id='block_1_88' title="bbox 608 4541 3902 4633">
    <p class='ocr_par' dir='ltr' id='par_1_88' title="bbox 608 4541 3902 4633">
     <span class='ocr_line' id='line_1_88' title="bbox 608 4541 3902 4633; baseline -0.004 -22"><span class='ocrx_word' id='word_1_639' title='bbox 608 4556 756 4613; x_wconf 89' lang='lat' dir='ltr'><strong>tibus</strong></span> <span class='ocrx_word' id='word_1_640' title='bbox 796 4556 1075 4625; x_wconf 90' lang='lat' dir='ltr'><strong>virorum,</strong></span> <span class='ocrx_word' id='word_1_641' title='bbox 1120 4558 1386 4629; x_wconf 87' lang='lat' dir='ltr'><strong>capitibus</strong></span> <span class='ocrx_word' id='word_1_642' title='bbox 1424 4560 1586 4614; x_wconf 85' lang='lat' dir='ltr'><strong>etiam</strong></span> <span class='ocrx_word' id='word_1_643' title='bbox 1631 4560 2021 4631; x_wconf 86' lang='lat' dir='ltr'><strong>discoopertis,</strong></span> <span class='ocrx_word' id='word_1_644' title='bbox 2067 4577 2206 4633; x_wconf 83' lang='lat' dir='ltr'><strong>prae-</strong></span> <span class='ocrx_word' id='word_1_645' title='bbox 2233 4569 2283 4629; x_wconf 87' lang='lat' dir='ltr'>D</span> <span class='ocrx_word' id='word_1_646' title='bbox 2312 4567 2364 4621; x_wconf 92' lang='lat' dir='ltr'><strong>id</strong></span> <span class='ocrx_word' id='word_1_647' title='bbox 2414 4567 2464 4619; x_wconf 92' lang='lat' dir='ltr'><strong>in</strong></span> <span class='ocrx_word' id='word_1_648' title='bbox 2510 4577 2577 4619; x_wconf 89' lang='lat' dir='ltr'><strong>eo</strong></span> <span class='ocrx_word' id='word_1_649' title='bbox 2626 4562 2737 4618; x_wconf 88' lang='lat' dir='ltr'><strong>fere</strong></span> <span class='ocrx_word' id='word_1_650' title='bbox 2771 4569 3122 4632; x_wconf 89' lang='lat' dir='ltr'><strong>perpetuum,</strong></span> <span class='ocrx_word' id='word_1_651' title='bbox 3158 4564 3216 4609; x_wconf 90' lang='lat' dir='ltr'><strong>ut</strong></span> <span class='ocrx_word' id='word_1_652' title='bbox 3249 4566 3372 4608; x_wconf 91' lang='lat' dir='ltr'><strong>cum</strong></span> <span class='ocrx_word' id='word_1_653' title='bbox 3410 4548 3699 4605; x_wconf 77' lang='lat' dir='ltr'><strong>Ecclesium</strong></span> <span class='ocrx_word' id='word_1_654' title='bbox 3738 4541 3902 4598; x_wconf 83' lang='lat' dir='ltr'><strong>ferire</strong></span> 
     </span>
    </p>
   </div>
   <div class='ocr_carea' id='block_1_89' title="bbox 607 4650 2208 4717">
    <p class='ocr_par' dir='ltr' id='par_1_89' title="bbox 607 4650 2208 4717">
     <span class='ocr_line' id='line_1_89' title="bbox 607 4650 2208 4717; baseline 0.002 -12"><span class='ocrx_word' id='word_1_655' title='bbox 607 4657 695 4705; x_wconf 88' lang='lat' dir='ltr'><strong>ter</strong></span> <span class='ocrx_word' id='word_1_656' title='bbox 744 4663 907 4705; x_wconf 78' lang='lat' dir='ltr'><strong>sexus</strong></span> <span class='ocrx_word' id='word_1_657' title='bbox 949 4650 1306 4716; x_wconf 86' lang='lat' dir='ltr'><strong>modestiam,</strong></span> <span class='ocrx_word' id='word_1_658' title='bbox 1357 4653 1840 4717; x_wconf 87' lang='lat' dir='ltr'><strong>concionarentur;</strong></span> <span class='ocrx_word' id='word_1_659' title='bbox 1891 4668 2014 4708; x_wconf 92' lang='lat' dir='ltr'><strong>cum</strong></span> <span class='ocrx_word' id='word_1_660' title='bbox 2065 4653 2208 4708; x_wconf 88' lang='lat' dir='ltr'><strong>dona</strong></span> 
     </span>
    </p>
   </div>
   <div class='ocr_carea' id='block_1_90' title="bbox 605 4740 2210 4815">
    <p class='ocr_par' dir='ltr' id='par_1_90' title="bbox 605 4740 2210 4815">
     <span class='ocr_line' id='line_1_90' title="bbox 605 4740 2210 4815; baseline 0.002 -19"><span class='ocrx_word' id='word_1_661' title='bbox 605 4755 704 4797; x_wconf 88' lang='lat' dir='ltr'><strong>sua</strong></span> <span class='ocrx_word' id='word_1_662' title='bbox 754 4740 872 4798; x_wconf 90' lang='lat' dir='ltr'><strong>sine</strong></span> <span class='ocrx_word' id='word_1_663' title='bbox 911 4743 1063 4798; x_wconf 91' lang='lat' dir='ltr'><strong>omni</strong></span> <span class='ocrx_word' id='word_1_664' title='bbox 1115 4743 1491 4799; x_wconf 75' lang='lat' dir='ltr'><strong>mdilicationis</strong></span> <span class='ocrx_word' id='word_1_665' title='bbox 1543 4743 1902 4815; x_wconf 90' lang='lat' dir='ltr'><strong>utilitatisque</strong></span> <span class='ocrx_word' id='word_1_666' title='bbox 1958 4756 2210 4814; x_wconf 84' lang='lat' dir='ltr'><strong>respectu</strong></span> 
     </span>
    </p>
   </div>
   <div class='ocr_carea' id='block_1_91' title="bbox 610 4833 2207 4910">
    <p class='ocr_par' dir='ltr' id='par_1_91' title="bbox 610 4833 2207 4910">
     <span class='ocr_line' id='line_1_91' title="bbox 610 4833 2207 4910; baseline 0.003 -20"><span class='ocrx_word' id='word_1_667' title='bbox 610 4833 837 4891; x_wconf 83' lang='lat' dir='ltr'><strong>ederent</strong></span> <span class='ocrx_word' id='word_1_668' title='bbox 882 4837 1194 4909; x_wconf 68' lang='lat' dir='ltr'><strong>prophetat,</strong></span> <span class='ocrx_word' id='word_1_669' title='bbox 1250 4850 1574 4910; x_wconf 87' lang='lat' dir='ltr'><strong>essentque,</strong></span> <span class='ocrx_word' id='word_1_670' title='bbox 1620 4854 1689 4895; x_wconf 92' lang='lat' dir='ltr'><strong>ne</strong></span> <span class='ocrx_word' id='word_1_671' title='bbox 1744 4840 1797 4895; x_wconf 93' lang='lat' dir='ltr'><strong>in</strong></span> <span class='ocrx_word' id='word_1_672' title='bbox 1850 4838 2089 4894; x_wconf 88' lang='lat' dir='ltr'><strong>futurum</strong></span> <span class='ocrx_word' id='word_1_673' title='bbox 2137 4840 2207 4894; x_wconf 91' lang='lat' dir='ltr'><strong>ita</strong></span> 
     </span>
    </p>
   </div>
   <div class='ocr_carea' id='block_1_92' title="bbox 618 4926 2211 4998">
    <p class='ocr_par' dir='ltr' id='par_1_92' title="bbox 618 4926 2211 4998">
     <span class='ocr_line' id='line_1_92' title="bbox 618 4926 2211 4998; baseline 0.003 -16"><span class='ocrx_word' id='word_1_674' title='bbox 618 4926 878 4998; x_wconf 88' lang='lat' dir='ltr'><strong>deinceps</strong></span> <span class='ocrx_word' id='word_1_675' title='bbox 958 4930 1232 4997; x_wconf 86' lang='lat' dir='ltr'><strong>facerent.</strong></span> <span class='ocrx_word' id='word_1_676' title='bbox 1297 4931 1678 4989; x_wconf 88' lang='lat' dir='ltr'><strong>Ecclesiastica</strong></span> <span class='ocrx_word' id='word_1_677' title='bbox 1758 4932 1974 4988; x_wconf 90' lang='lat' dir='ltr'><strong>tandem</strong></span> <span class='ocrx_word' id='word_1_678' title='bbox 2049 4932 2211 4988; x_wconf 92' lang='lat' dir='ltr'><strong>disci-</strong></span> 
     </span>
    </p>
   </div>
   <div class='ocr_carea' id='block_1_93' title="bbox 615 5018 2204 5096">
    <p class='ocr_par' dir='ltr' id='par_1_93' title="bbox 615 5018 2204 5096">
     <span class='ocr_line' id='line_1_93' title="bbox 615 5018 2204 5096; baseline 0.002 -21"><span class='ocrx_word' id='word_1_679' title='bbox 615 5018 758 5091; x_wconf 90' lang='lat' dir='ltr'><strong>plina</strong></span> <span class='ocrx_word' id='word_1_680' title='bbox 788 5022 1098 5079; x_wconf 88' lang='lat' dir='ltr'><strong>coercendi.</strong></span> <span class='ocrx_word' id='word_1_681' title='bbox 1130 5026 1299 5080; x_wconf 90' lang='lat' dir='ltr'><strong>Erant</strong></span> <span class='ocrx_word' id='word_1_682' title='bbox 1326 5027 1575 5096; x_wconf 89' lang='lat' dir='ltr'><strong>equidem</strong></span> <span class='ocrx_word' id='word_1_683' title='bbox 1600 5024 1716 5080; x_wconf 66' lang='lat' dir='ltr'><strong>haec</strong></span> <span class='ocrx_word' id='word_1_684' title='bbox 1746 5024 2020 5096; x_wconf 87' lang='lat' dir='ltr'><strong>prophetis</strong></span> <span class='ocrx_word' id='word_1_685' title='bbox 2053 5025 2204 5091; x_wconf 90' lang='lat' dir='ltr'><strong>ipsis,</strong></span> 
     </span>
    </p>
   </div>
   <div class='ocr_carea' id='block_1_94' title="bbox 612 5115 2204 5189">
    <p class='ocr_par' dir='ltr' id='par_1_94' title="bbox 612 5115 2204 5189">
     <span class='ocr_line' id='line_1_94' title="bbox 612 5115 2204 5189; baseline 0 -21"><span class='ocrx_word' id='word_1_686' title='bbox 612 5129 721 5170; x_wconf 86' lang='lat' dir='ltr'><strong>non</strong></span> <span class='ocrx_word' id='word_1_687' title='bbox 780 5115 939 5171; x_wconf 90' lang='lat' dir='ltr'><strong>donis</strong></span> <span class='ocrx_word' id='word_1_688' title='bbox 1010 5132 1197 5172; x_wconf 90' lang='lat' dir='ltr'><strong>eorum</strong></span> <span class='ocrx_word' id='word_1_689' title='bbox 1279 5120 1638 5189; x_wconf 91' lang='lat' dir='ltr'><strong>propheticis,</strong></span> <span class='ocrx_word' id='word_1_690' title='bbox 1718 5120 1849 5172; x_wconf 92' lang='lat' dir='ltr'><strong>vitio</strong></span> <span class='ocrx_word' id='word_1_691' title='bbox 1925 5116 2204 5171; x_wconf 88' lang='lat' dir='ltr'><strong>vertenda.</strong></span> 
     </span>
    </p>
   </div>
   <div class='ocr_carea' id='block_1_95' title="bbox 612 5204 2208 5281">
    <p class='ocr_par' dir='ltr' id='par_1_95' title="bbox 612 5204 2208 5281">
     <span class='ocr_line' id='line_1_95' title="bbox 612 5204 2208 5281; baseline 0.002 -21"><span class='ocrx_word' id='word_1_692' title='bbox 612 5204 783 5273; x_wconf 90' lang='lat' dir='ltr'><strong>Quem</strong></span> <span class='ocrx_word' id='word_1_693' title='bbox 830 5206 977 5265; x_wconf 87' lang='lat' dir='ltr'><strong>enim</strong></span> <span class='ocrx_word' id='word_1_694' title='bbox 1044 5208 1347 5265; x_wconf 88' lang='lat' dir='ltr'><strong>habuerunt</strong></span> <span class='ocrx_word' id='word_1_695' title='bbox 1416 5212 1703 5281; x_wconf 75' lang='lat' dir='ltr'><strong>Spiritum,</strong></span> <span class='ocrx_word' id='word_1_696' title='bbox 1772 5210 2047 5281; x_wconf 90' lang='lat' dir='ltr'><strong>subjectus</strong></span> <span class='ocrx_word' id='word_1_697' title='bbox 2100 5208 2208 5263; x_wconf 89' lang='lat' dir='ltr'><strong>illis</strong></span> 
     </span>
    </p>
   </div>
   <div class='ocr_carea' id='block_1_96' title="bbox 2312 4635 3905 4728">
    <p class='ocr_par' dir='ltr' id='par_1_96' title="bbox 2312 4635 3905 4728">
     <span class='ocr_line' id='line_1_96' title="bbox 2312 4635 3905 4728; baseline -0.018 -11"><span class='ocrx_word' id='word_1_698' title='bbox 2312 4662 2504 4728; x_wconf 87' lang='lat' dir='ltr'><strong>vellet,</strong></span> <span class='ocrx_word' id='word_1_699' title='bbox 2563 4658 2657 4713; x_wconf 77' lang='lat' dir='ltr'><strong>vix</strong></span> <span class='ocrx_word' id='word_1_700' title='bbox 2707 4667 2886 4711; x_wconf 89' lang='lat' dir='ltr'><strong>tamen</strong></span> <span class='ocrx_word' id='word_1_701' title='bbox 2940 4652 3008 4707; x_wconf 91' lang='lat' dir='ltr'><strong>ad</strong></span> <span class='ocrx_word' id='word_1_702' title='bbox 3061 4650 3195 4705; x_wconf 87' lang='lat' dir='ltr'><strong>alios</strong></span> <span class='ocrx_word' id='word_1_703' title='bbox 3249 4660 3408 4718; x_wconf 83' lang='lat' dir='ltr'><strong>quam</strong></span> <span class='ocrx_word' id='word_1_704' title='bbox 3462 4640 3745 4696; x_wconf 54' lang='lat' dir='ltr'><strong>haereticos</strong></span> <span class='ocrx_word' id='word_1_705' title='bbox 3800 4635 3905 4691; x_wconf 86' lang='lat' dir='ltr'><strong>Ec-</strong></span> 
     </span>
    </p>
   </div>
   <div class='ocr_carea' id='block_1_97' title="bbox 2313 4731 3906 4820">
    <p class='ocr_par' dir='ltr' id='par_1_97' title="bbox 2313 4731 3906 4820">
     <span class='ocr_line' id='line_1_97' title="bbox 2313 4731 3906 4820; baseline -0.019 -8"><span class='ocrx_word' id='word_1_706' title='bbox 2313 4755 2493 4812; x_wconf 77' lang='lat' dir='ltr'><strong>clesia:</strong></span> <span class='ocrx_word' id='word_1_707' title='bbox 2515 4765 2763 4809; x_wconf 88' lang='lat' dir='ltr'><strong>extorres</strong></span> <span class='ocrx_word' id='word_1_708' title='bbox 2791 4748 3100 4820; x_wconf 80' lang='lat' dir='ltr'><strong>pertineant</strong></span> <span class='ocrx_word' id='word_1_709' title='bbox 3123 4758 3185 4799; x_wconf 94' lang='lat' dir='ltr'><strong>ea</strong></span> <span class='ocrx_word' id='word_1_710' title='bbox 3204 4785 3219 4808; x_wconf 96' lang='lat'><strong>,</strong></span> <span class='ocrx_word' id='word_1_711' title='bbox 3266 4738 3459 4809; x_wconf 89' lang='lat' dir='ltr'><strong>quibus</strong></span> <span class='ocrx_word' id='word_1_712' title='bbox 3499 4731 3755 4790; x_wconf 66' lang='lat' dir='ltr'><strong>Ecclesia:</strong></span> <span class='ocrx_word' id='word_1_713' title='bbox 3780 4743 3906 4785; x_wconf 86' lang='lat' dir='ltr'><strong>cau-</strong></span> 
     </span>
    </p>
   </div>
   <div class='ocr_carea' id='block_1_98' title="bbox 2313 4822 3902 4908">
    <p class='ocr_par' dir='ltr' id='par_1_98' title="bbox 2313 4822 3902 4908">
     <span class='ocr_line' id='line_1_98' title="bbox 2313 4822 3902 4908; baseline -0.021 0"><span class='ocrx_word' id='word_1_714' title='bbox 2313 4867 2428 4908; x_wconf 86' lang='lat' dir='ltr'><strong>sam</strong></span> <span class='ocrx_word' id='word_1_715' title='bbox 2480 4842 2909 4902; x_wconf 87' lang='lat' dir='ltr'><strong>labefactandam</strong></span> <span class='ocrx_word' id='word_1_716' title='bbox 2954 4835 3201 4894; x_wconf 82' lang='lat' dir='ltr'><strong>credidit.</strong></span> <span class='ocrx_word' id='word_1_717' title='bbox 3237 4829 3522 4903; x_wconf 78' lang='lat' dir='ltr'><strong>Egregiunt</strong></span> <span class='ocrx_word' id='word_1_718' title='bbox 3573 4840 3702 4879; x_wconf 86' lang='lat' dir='ltr'><strong>vero</strong></span> <span class='ocrx_word' id='word_1_719' title='bbox 3753 4822 3902 4877; x_wconf 82' lang='lat' dir='ltr'><strong>illum</strong></span> 
     </span>
    </p>
   </div>
   <div class='ocr_carea' id='block_1_99' title="bbox 2314 4913 3908 5004">
    <p class='ocr_par' dir='ltr' id='par_1_99' title="bbox 2314 4913 3908 5004">
     <span class='ocr_line' id='line_1_99' title="bbox 2314 4913 3908 5004; baseline -0.021 -4"><span class='ocrx_word' id='word_1_720' title='bbox 2314 4940 2572 5002; x_wconf 85' lang='lat' dir='ltr'><strong>Ecclesiae</strong></span> <span class='ocrx_word' id='word_1_721' title='bbox 2595 4951 2877 4994; x_wconf 90' lang='lat' dir='ltr'><strong>censorem</strong></span> <span class='ocrx_word' id='word_1_722' title='bbox 2895 4976 2910 5000; x_wconf 91' lang='lat'><strong>,</strong></span> <span class='ocrx_word' id='word_1_723' title='bbox 2934 4933 3025 5004; x_wconf 90' lang='lat' dir='ltr'><strong>qui</strong></span> <span class='ocrx_word' id='word_1_724' title='bbox 3057 4946 3122 4986; x_wconf 92' lang='lat' dir='ltr'><strong>ne</strong></span> <span class='ocrx_word' id='word_1_725' title='bbox 3145 4927 3440 4984; x_wconf 85' lang='lat' dir='ltr'><strong>Ecclesiatn</strong></span> <span class='ocrx_word' id='word_1_726' title='bbox 3468 4919 3683 4992; x_wconf 89' lang='lat' dir='ltr'><strong>quidem</strong></span> <span class='ocrx_word' id='word_1_727' title='bbox 3712 4916 3779 4971; x_wconf 91' lang='lat' dir='ltr'><strong>ab</strong></span> <span class='ocrx_word' id='word_1_728' title='bbox 3799 4913 3908 4968; x_wconf 75' lang='lat' dir='ltr'><strong>hm-</strong></span> 
     </span>
    </p>
   </div>
   <div class='ocr_carea' id='block_1_100' title="bbox 2314 5014 3905 5092">
    <p class='ocr_par' dir='ltr' id='par_1_100' title="bbox 2314 5014 3905 5092">
     <span class='ocr_line' id='line_1_100' title="bbox 2314 5014 3905 5092; baseline -0.021 1"><span class='ocrx_word' id='word_1_729' title='bbox 2314 5037 2609 5092; x_wconf 88' lang='lat' dir='ltr'><strong>reticorum</strong></span> <span class='ocrx_word' id='word_1_730' title='bbox 2672 5031 2748 5085; x_wconf 90' lang='lat' dir='ltr'><strong>illi</strong></span> <span class='ocrx_word' id='word_1_731' title='bbox 2791 5025 3274 5085; x_wconf 85' lang='lat' dir='ltr'><strong>iufensissitnorum</strong></span> <span class='ocrx_word' id='word_1_732' title='bbox 3306 5014 3661 5075; x_wconf 88' lang='lat' dir='ltr'><strong>conventibus</strong></span> <span class='ocrx_word' id='word_1_733' title='bbox 3692 5015 3905 5082; x_wconf 87' lang='lat' dir='ltr'><strong>poterat</strong></span> 
     </span>
    </p>
   </div>
   <div class='ocr_carea' id='block_1_101' title="bbox 2313 5123 2676 5197">
    <p class='ocr_par' dir='ltr' id='par_1_101' title="bbox 2313 5123 2676 5197">
     <span class='ocr_line' id='line_1_101' title="bbox 2313 5123 2676 5197; baseline -0.017 -13"><span class='ocrx_word' id='word_1_734' title='bbox 2313 5129 2638 5197; x_wconf 87' lang='lat' dir='ltr'><strong>distinguere</strong></span> <span class='ocrx_word' id='word_1_735' title='bbox 2663 5123 2676 5177; x_wconf 76' lang='grc' dir='ltr'>ι</span> 
     </span>
    </p>
   </div>
  </div>
