4158 6260
220 285 307 342 ’55

1289 473 1762 492 —..___________

1778 486 2054 498 ——~.—__.

466 642 2125 835 DISSERTATIO
2211 678 3310 859 SECUNDA

1734 522 2017 536 ἠδ-ο...-

1356 308 1445 366 DE
1485 310 1962 376 PRESBYTERIS
2003 318 2453 385 DOCTORIBUS.
3498 349 3570 406 3d

2062 491 2157 500 .-—.

2412 497 2854 512 Μ.
2508 510 2544 512 ,γ
2554 511 2561 512 ,

822 983 1103 1127 AD
1187 985 1911 1147 SANCTI
1988 1005 2878 1170 CYPRIAN
2888 1029 2957 1170 Ι

902 1313 1554 1477 EPISTOLAM
1600 1324 2160 1502 QUARTAM
2209 1341 2901 1538 VIGESIMAM,

1524 1615 1847 1678 AUCTORE
1888 1625 2298 1689 DODWELLO.

379 1799 491 1862 DE
532 1797 1078 1863 PRESBYTERIS
1132 1796 2097 1912 DOCTOBJBUSLDDCTORE
2137 1816 2647 1890 AUDIENTIUM
2690 1830 2794 1894 ET
2824 1833 3417 1912 LEGATIONIBUS

1565 1905 1891 1974 ECCLES]
1901 1914 2229 1982 ASTICIS.

1563 2119 2220 2152 4-

258 2272 288 2347 §
322 2275 374 2330 1.
403 2272 699 2346 Presbyteri
728 2272 963 2327 doctores
988 2270 1248 2343 Cypriane
1278 2271 1611 2343 antiquiores,
1664 2275 1857 2382 prima-
1883 2283 1936 2340 A
1964 2279 2065 2382 Ubi
2091 2281 2164 2382 ita
2188 2286 2347 2358 hujus
2361 2290 2489 2349 doni
2517 2299 2783 2365 meminit,
2805 2314 2865 2361 ut
2890 2307 3053 2378 plane
3077 2312 3146 2370 ab
3171 2315 3368 2378 ofﬁciis
3396 2324 3570 2382 eccle-

329 2372 422 2427 τίω
444 2373 496 2426 in
524 2370 757 2427 Ecclesia
782 2371 1070 2442 dignitatis.
1097 2400 1169 2410 —
1198 2369 1226 2441 §
1251 2370 1306 2425 2.
1332 2371 1593 2441 Apostolis
1623 2375 1799 2441 cowui,
1828 2392 1861 2429 a

326 2466 629 2521 Judteorum
652 2465 850 2520 Scribis
870 2463 1160 2519 doctoribus
1177 2463 1402 2519 deducti.
1434 2495 1505 2505 —
1526 2464 1554 2537 §
1578 2466 1632 2520 5.
1668 2465 1862 2522 Eorum

330 2560 550 2630 ofﬁciunt
589 2561 642 2613 in
681 2561 813 2614 dono
843 2558 1252 2613 extraordinario
1279 2558 1573 2630 fundatum.
1602 2589 1673 2600 —
1706 2560 1770 2633 §§
1799 2561 1854 2627 4,

340 2651 400 2719 5,
426 2650 483 2706 6.
520 2648 646 2705 Non
673 2652 887 2706 omnium
933 2650 1093 2722 fuisse
1131 2654 1558 2723 presbyterorum,
1600 2662 1657 2705 ut
1711 2652 1860 2723 vulgo

338 2754 541 2814 putant,
589 2760 770 2798 munus
794 2743 919 2797 illud
944 2742 1181 2798 docendi.
1209 2774 1281 2784 ——-
1310 2742 1338 2814 ᾗ
1367 2743 1417 2796 7.
1454 2741 1517 2798 1η
1544 2743 1860 2799 audientium

326 2838 536 2891 doctore
562 2835 825 2906 probando
850 2834 1171 2906 presbyteros
1206 2834 1437 2889 doctores
1488 2835 1625 2889 solos
1670 2852 1856 2890 consu-

336 2932 429 2986 luit
457 2930 761 3004 Cyprianus.
788 2929 908 3002 -δ
934 2928 987 2985 8.
1016 2928 1287 2983 Audientes
1316 2928 1472 2982 iidem
1499 2929 1585 2992 qui
1612 2929 1854 2983 catechu-

335 3024 483 3079 rnem'.
513 3054 584 3064 —-
609 3020 637 3095 §
664 3022 718 3078 9.
756 3020 890 3076 Voce
912 3022 1065 3075 etiam
1084 3021 1432 3076 catechumeni
1459 3023 1537 3075 usi
1565 3032 1699 3076 sunt.
1746 3022 1855 3077 Au-

325 3116 573 3171 dientium
595 3132 780 3170 nomen
815 3114 950 3169 unde
998 3114 1293 3168 deductum.
1319 3144 1390 3153 —-
1418 3113 1446 3185 §
1470 3114 1556 3169 10.
1599 3113 1857 3169 Catecltu-

319 3225 587 3264 menorutu
626 3208 879 3261 institutio
930 3206 1183 3277 mysteriis
1226 3206 1583 3273 respondebat.
1612 3237 1683 3248 -—
1710 3205 1738 3279 §
1764 3208 1854 3261 11.

319 3300 518 3357 Doctor
540 3301 863 3356 audientium
881 3296 1143 3370 Cypriane
1160 3297 1568 3369 hypodiaconus.
1602 3297 1680 3352 De
1707 3296 1855 3352 Pan-

319 3408 490 3461 (ωηο,
545 3394 806 3452 Clemente
834 3391 1225 3458 Alexandrino,
1277 3388 1532 3461 Origene,
1582 3391 1636 3444 in
1679 3390 1856 3445 schola

318 3479 676 3544 Alexandrina
698 3486 1083 3541 catechistis.-—
1106 3485 1135 3559 ᾗ
1156 3485 1242 3541 12.
1272 3484 1586 3557 lnferiorum
1615 3485 1856 3540 ordinum

322 3580 561 3645 ministri,
581 3596 721 3635 nunc
741 3577 880 3634 Cleri
906 3579 1161 3634 communi
1183 3580 1388 3635 nomine
1404 3589 1691 3645 censentur,
1721 3597 1854 3634 nunc

1966 2372 2197 2431 siasticis
2251 2382 2593 2454 episcopatus
2637 2402 2690 2447 et
2727 2372 3042 2458 diaconatus
3088 2406 3403 2482 distinguat.
3437 2417 3568 2483 Quae

1964 2467 2107 2520 enim
2136 2483 2455 2539 sequuntur,
2489 2494 2839 2547 personarum
2867 2502 2991 2546 sunt
3020 2494 3184 2562 dona,
3219 2467 3325 2557 nun
3353 2503 3564 2562 ofﬁcio-

1965 2568 2325 2631 rum;eaque
2353 2562 2467 2633 ipsa
2508 2568 2580 2622 ita
2611 2570 2756 2629 inter
2780 2591 2840 2632 se
2889 2583 3149 2651 gradibus
3192 2587 3466 2661 distincta,
3509 2607 3568 2655 ut

1963 2655 2269 2720 proximum
2295 2662 2515 2731 martyri
2539 2666 2762 2733 gradum
2794 2670 2985 2730 doctor
3005 2692 3254 2753 occupet,
3275 2702 3374 2743 nec
3394 2689 3568 2748 viduis

1965 2742 2126 2798 modo
2161 2747 2253 2811 sit,
2284 2751 2379 2805 sed
2407 2762 2460 2808 et
2492 2756 2788 2827 virginibus
2817 2763 3080 2837 dignitate
3118 2742 3565 2845 superior.ideni

1964 2848 2151 2905 postea
2171 2859 2183 2895 :
2205 2860 2223 2892 ‹
2248 2843 2341 2897 Est
2360 2848 2543 2918 utique
2571 2851 2757 2923 frater,
2778 2857 2964 2931 inquit,
2984 2843 3380 2935 aliquisdoctor
3396 2877 3566 2946 gratia

1963 2929 2203 2987 scientia:
2223 2935 2491 2996 donatus?
2527 2963 2546 2996 ι
2581 2957 2685 3002 etc.
2720 2929 2961 3010 Meminit
2989 2956 3324 3020 Tertulliano
3352 2929 3566 3026 coaevus

1963 3030 2170 3126 martyr
2206 3025 2433 3087 Saturus
2457 3037 2664 3107 Aspasii
2685 3044 2984 3116 presbyteri
3012 3049 3251 3111 doctoris
3277 3058 3346 3114 ab
3372 3060 3565 3131 Optato

1965 3114 2231 3187 episcopo
2258 3120 2595 3183 dissidentis.
2621 3129 2711 3201 (In
2729 3114 3083 3209 ActaPerpet.
3101 3154 3148 3197 et
3166 3143 3332 3204 Felic.

1962 3203 2188 3281 Saturi.)
2212 3210 2451 3271 Meminit
2477 3220 2642 3276 variis
2664 3221 2718 3278 in
2752 3225 2885 3282 locis
2902 3203 3150 3300 Hermas,
3181 3236 3275 3293 lib.
3307 3255 3343 3304 ι,
3369 3241 3467 3296 vis.
3493 3244 3561 3300 5:

1967 3316 1987 3349 ι
2015 3298 2250 3372 Lapides
2298 3309 2518 3377 quidem
2546 3313 2621 3368 illi
2649 3319 2894 3386 quadrati
2927 3334 2982 3379 et
3009 3298 3143 3396 albi,
3181 3298 3566 3396 convenientes

1959 3391 2014 3447 in
2028 3397 2421 3469 commissuris,
2454 3403 2493 3459 ii
2524 3420 2648 3462 sunt
2668 3416 2927 3484 apostoli,
2956 3428 3012 3473 et
3035 3423 3298 3496 episcopi,
3331 3436 3386 3483 et
3428 3432 3563 3488 doc-

1960 3491 2128 3553 tores,
2159 3498 2213 3544 et
2239 3494 2494 3562 ministri,
2518 3500 2608 3569 qui
2642 3501 2871 3574 ingressi
2912 3522 3037 3565 sunt
3073 3491 3130 3569 in
3152 3517 3439 3577 clementia
3468 3523 3563 3581 Dei

1958 3585 2014 3631 et
2034 3580 2400 3653 episcopatum
2425 3604 2734 3660 gesserunt,
2760 3607 2814 3653 et
2851 3600 3176 3674 docuerunt,
3210 3620 3264 3664 et
3289 3613 3562 3671 ministra-

321 3673 684 3739 excluduntur,
740 3671 884 3738 apud
934 3671 1272 3744 Cyprianum.
1303 3701 1375 3713 —-
1404 3670 1433 3742 ς
1468 3673 1556 3729 15.
1607 3670 1856 3743 Cypriani
1884 3680 1932 3740 Β
1960 3685 2154 3772 verunt
2180 3690 2366 3772 sancte
2400 3692 2457 3738 et
2482 3686 2728 3745 modeste
2758 3692 2946 3750 electis
2983 3696 3076 3754 Dei
3106 3670 3194 3772 qui
3224 3704 3562 3768 dormierunt

323 3767 595 3840 legationes
638 3783 835 3832 omnes,
879 3766 1096 3838 aliteque
1154 3782 1370 3836 quorum
1414 3766 1598 3820 mentio
1638 3768 1692 3820 in
1742 3767 1853 3837 ejus

320 3860 587 3933 Epistolis.
611 3860 732 3933 —§
759 3861 847 3917 14.
871 3858 1175 3931 Legationes
1203 3877 1293 3929 per
1315 3860 1545 3926 clericos,
1574 3870 1622 3914 et
1648 3860 1853 3929 quidem

316 3955 461 4024 illos,
504 3967 559 4010 ut
610 3956 912 4027 plurimum,
970 3953 1133 4021 binos,
1198 3971 1317 4008 raro
1384 3956 1851 4057 hypodiacouatunt

328 4048 615 4102 medentes
637 4058 789 4102 astate
812 4044 1079 4117 Cypriani.
1111 4075 1183 4086 —-
1214 4045 1242 4118 §
1270 4045 1357 4102 15.
1400 4044 1702 4116 Legationes
1733 4046 1852 4100 alia:

329 4140 585 4212 Cypriane
626 4140 960 4211 antiquiores,
1015 4137 1288 4194 Clementis
1318 4139 1660 4243 Alexandrini
1693 4149 1846 4243 atque

320 4232 533 4287 [παισί.
566 4230 683 4305 -ς
712 4231 800 4288 16.
837 4230 1140 4304 Legationes
1196 4230 1440 4286 Ecclesia:
1494 4231 1846 4302 Stnyrnensis,

318 4326 719 4400 Polycorpiana:
738 4336 889 4398 atque
919 4324 1212 4398 lgttatiante
1239 4327 1423 4430 magis,
1450 4342 1603 4428 quam
1626 4326 1850 4430 Cypria:

315 4419 374 4474 ni
430 4418 570 4486 ille,
629 4418 943 4486 honoriﬁcus.
993 4448 1065 4458 —
1108 4414 1136 4489 ἓ
1183 4416 1273 4472 17.
1323 4415 1625 4489 Legationes
1674 4419 1849 4473 steattli

316 4510 625 4581 Apostolici.
662 4508 783 4580 -ς
829 4509 916 4564 18.
965 4506 1074 4562 Pro
1128 4507 1352 4562 ntoribus
1398 4508 1536 4579 juris
1579 4509 1849 4579 hospitalis

314 4617 594 4674 expressa.
627 4600 760 4674 -ἓ
801 4602 892 4658 19.
950 4601 1181 4671 Αροειοιὶ
1232 4602 1615 4673 peregrinantes
1660 4602 1734 4655 ittt
1785 4603 1849 4657 ab

314 4695 567 4752 Ecclesiis
616 4696 804 4767 recepti
856 4703 913 4750 ut
968 4696 1185 4750 solerent
1235 4712 1267 4749 a
1313 4696 1706 4764 provincialibus
1741 4698 1849 4751 suis

320 4788 561 4859 prmities
610 4787 1008 4859 provinciarum.
1037 4817 1109 4826 —
1158 4785 1186 4857 §
1235 4785 1325 4841 20.
1377 4785 1683 4857 Legationes
1709 4788 1849 4843 illius

314 4881 498 4939 surculi
519 4882 742 4936 maxime
771 4880 1089 4949 honoriﬁcw.

313 4974 345 5047 §
376 4975 505 5030 1.-
517 4974 618 5029 Aut
636 4973 843 5042 quando
859 4989 974 5026 cum
995 4971 1298 5043 presbyteris
1315 4972 1605 5027 doctoribus
1635 4974 1847 5039 lectores

1961 3766 2162 3838 quique
2188 3771 2366 3829 adhuc
2398 3788 2546 3847 sunt,
2582 3791 2636 3836 et
2668 3798 2885 3856 semper
2909 3805 3031 3846 cum
3061 3794 3165 3850 illis
3190 3812 3562 3862 convenerunt

1957 3857 2086 3913 etin
2115 3876 2175 3916 se
2200 3878 2385 3932 pacem
2414 3867 2721 3930 habuerunt
2761 3887 2817 3932 et
2847 3895 2906 3936 se
2933 3882 3166 3942 invicem
3190 3893 3497 3952 audierunt.
3531 3917 3551 3951 ι

1955 3949 2148 4009 Mirum
2172 3960 2407 4029 estquod
2437 3963 2538 4020 hoc
2561 3967 2735 4026 eloco
2765 3973 2944 4031 eliciat
2971 3977 3302 4054 Blondellus,
3335 3991 3556 4048 eosdem

1956 4041 2124 4102 fuisse
2151 4050 2437 4124 episcopos
2484 4069 2648 4131 atque
2694 4064 2982 4137 doctores;
3015 4078 3167 4143 quasi
3212 4094 3338 4136 vero
3392 4086 3556 4143 verba

1954 4136 2068 4203 illa,
2102 4148 2159 4195 et
2177 4143 2545 4217 episcopatum
2570 4168 2872 4222 gesserunt,
2893 4136 3238 4224 addoctores
3268 4170 3555 4234 referenda

1956 4228 2088 4299 sint,
2144 4242 2199 4288 et
2249 4251 2355 4292 non
2390 4239 2537 4309 ipsos
2583 4245 2762 4313 potius
2800 4251 2891 4319 qui
2945 4254 3106 4311 etiam
3162 4274 3557 4330 praecesserant

1955 4322 2240 4396 episcopos
2275 4346 2286 4382 :
2323 4337 2618 4400 praesertim
2659 4353 2781 4395 cum
2812 4358 3100 4404 occurrant
3145 4352 3342 4413 ibidem
3387 4363 3552 4421 verba

1955 4413 2067 4483 illa,
2085 4428 2140 4473 et
2165 4420 2484 4492 docuerunt,
2515 4446 2634 4500 qua:
2654 4431 2968 4495 doctoribus
3003 4445 3294 4514 aptissimae
3321 4469 3550 4527 respon-

1954 4505 2136 4563 deant.
2161 4510 2351 4571 Fuisse
2372 4520 2618 4590 equidem
2646 4523 2750 4583 hoc
2783 4528 2928 4587 dono
2952 4505 3240 4598 insiructos
3264 4505 3552 4621 episcbpos

1955 4609 2013 4652 ut
2044 4601 2354 4672 plurimum,
2378 4620 2460 4665 est
2498 4627 2630 4671 sane
2668 4619 3120 4686 verisimillimum
3152 4601 3372 4705 propter
3413 4601 3554 4712 ptrue—

1954 4699 2170 4793 ceptum
2199 4700 2468 4770 Apostoli,
2497 4721 2605 4776 quo
2629 4708 2951 4784 Episcopum
2977 4720 3088 4776 vult
3118 4699 3239 4783 esse
3252 4699 3549 4793 deviasti-mou

1954 4781 1972 4836 Ι
2003 4785 2169 4887 T.im.,
2214 4806 2295 4860 ιιι,
2327 4792 2397 4859 2;
2428 4795 2474 4852 Il
2501 4796 2666 4866 Titn.,
2699 4818 2758 4871 ll,
2786 4781 2879 4873 2d,
2910 4819 3072 4881 atque
3098 4781 3234 4872 adeo

1955 4876 2086 4930 teris
2115 4878 2267 4936 illum
2324 4889 2597 4958 praecipue
2626 4891 2694 4946 ad
2742 4876 3086 4967 episc0patus
3115 4876 3376 4967 honorem
3426 4876 3548 4975 esse

1952 4983 2268 5039 provectum
2300 4992 2459 5046 quem
2490 4995 2557 5036 eo
2594 4982 2739 5038 dono
2764 4991 3047 5048 constabat
3071 5010 3194 5053 esse
3235 5005 3540 5070 praeditum.

248 5068 517 5142 diligenter
532 5067 884 5140 probaremus,
919 5064 1166 5135 Optatum
1197 5072 1328 5120 inter
1352 5066 1560 5120 lectores
1590 5067 1847 5122 doctorem
1875 5067 1921 5131 C
1953 5066 2024 5120 At
2046 5066 2480 5167 presbyterorum
2511 5075 2672 5130 etiam
2699 5077 2980 5139 doctorum
2994 5086 3104 5157 jam
3127 5097 3376 5167 exempla
3405 5101 3546 5157 vidi-

248 5161 565 5217 audientium
614 5160 990 5214 constituimus.
1041 5156 1446 5213 Observandum
1498 5158 1603 5214 hoc
1652 5172 1848 5213 munus

1953 5171 2095 5224 mus,
2130 5167 2187 5213 ut
2232 5161 2459 5230 proinde
2503 5180 2730 5227 necesse
2772 5188 2878 5227 non
2905 5176 2976 5232 sit
3004 5182 3094 5250 qui
3121 5161 3311 5243 doctor
3355 5190 3542 5262 fuerit,

247 5252 689 5325 presbyterorum
716 5251 1025 5318 doctorum,
1045 5249 1186 5322 quod
1209 5265 1316 5306 non
1333 5249 1583 5323 Cypriani
1614 5252 1844 5322 primum
1950 5264 2073 5305 eum
2104 5254 2216 5309 lore
2242 5257 2403 5311 etiam
2426 5259 2762 5333 episcopum.
2796 5249 3174 5334 Frustraivero
3202 5295 3300 5335 nos
3323 5281 3393 5339 ad
3418 5284 3544 5345 illos

248 5351 499 5416 tempore
525 5354 704 5402 natum
734 5353 873 5413 erat,
900 5344 998 5401 sed
1029 5358 1159 5401 vero
1185 5343 1254 5398 ab
1275 5344 1546 5441 Apostolis
1576 5360 1747 5441 usque
1775 5345 1844 5401 ad
1948 5357 2198 5441 auctores
2254 5350 2422 5407 refert
2465 5353 2800 5431 Blondellus,
2852 5366 2941 5436 qui
2985 5379 3103 5439 post
3145 5373 3439 5435 extinctum
3488 5382 3545 5441 in

244 5439 373 5513 ejus
408 5447 635 5510 tempora
674 5440 989 5498 deductum.
1018 5437 1288 5512 Cypriane
1317 5437 1589 5511 antiquior
1626 5437 1845 5496 Tertul-

1948 5436 2189 5495 Ecclesia
2232 5441 2544 5503 doctoratus
2584 5451 2784 5510 donum
2827 5436 3143 5518 ﬂoruerunt.
3174 5464 3281 5522 Sed
3309 5471 3376 5528 ad
3408 5436 3545 5532 Her:

242 5532 428 5592 lianns
455 5534 713 5593 meminit.
751 5532 1077 5609 (Prtescript.
1105 5532 1225 5587 adv.
1253 5530 1420 5599 Hann,
1449 5550 1492 5587 ε.
1528 5529 1619 5604 5.)
1656 5553 1675 5585 ‹
1702 5532 1842 5637 Quid
1941 5547 2097 5637 tuam.
2156 5546 2403 5637 nostrum
2474 5544 2781 5605 redeamus.
2833 5551 2977 5609 ldem
3030 5571 3249 5626 rursus,
3312 5563 3406 5621 lib.
3467 5529 3541 5637 ἰί,

243 5642 400 5700 ergo,
444 5625 653 5698 inquit,
681 5628 731 5685 si
776 5629 1081 5700 episcopus,
1106 5627 1154 5682 si
1183 5626 1464 5690 diaconus,
1496 5628 1543 5682 si
1566 5626 1744 5695 vidua,
1792 5629 1840 5684 si
1938 5625 2118 5753 Mandt;
2155 5631 2220 5687 ιε
2270 5649 2290 5685 t
2319 5631 2494 5693 Etiam
2538 5655 2698 5711 nunc,
2748 5643 2991 5711 Domine,
3037 5650 3215 5709 audivi
3242 5670 3273 5712 a
3315 5661 3538 5731 quibus-

243 5722 399 5753 ..ἴ-...ιι
450 5725 497 5753 .s
532 5723 725 5753 ιιι-..σιη-
790 5723 833 5753 οε
882 5722 1040 5753 ..εει-ν.-
1072 5732 1277 5753 mne-ny-
1341 5720 1520 5753 Ιιιηωιο
1568 5737 1595 5753 σι
1654 5721 1837 5753 -ιηηιιισι
1938 5720 2060 5753 Λα...
2124 5724 2393 5753 ,νειμ-εις..-
2462 5731 2600 5753 --αι
2642 5734 2736 5753 ,ιεΔ
2842 5752 2849 5753 ,
2902 5738 2933 5753 ο.

239 5722 420 5796 virgo,
450 5725 500 5780 si
530 5723 746 5790 doctor,
788 5723 835 5779 si
881 5722 1040 5779 etiam
1072 5732 1298 5793 martyr,
1341 5720 1522 5793 lapsus
1567 5737 1597 5777 a
1654 5721 1839 5794 regula
1938 5720 2061 5842 gain
2084 5721 2426 5842 doctoribus,
2457 5731 2600 5801 quod
2638 5734 2742 5790 alia
2773 5738 3082 5806 poenitentia
3114 5761 3219 5803 non
3248 5760 3352 5820 est,
3382 5763 3485 5810 etc.
3513 5774 3532 5809 ι

239 5810 425 5842 μηδι.
462 5814 582 5842 :A-..
604 5817 844 5842 suum---
862 5816 1135 5842 ---τμη-η
1168 5814 1493 5842 ..ιιιηιη-..ιω-
1519 5815 1830 5842 ..ιιιεηιηηιμ
1983 5816 1996 5842 :
2085 5831 2144 5842 .-.
2236 5820 2346 5842 ξμς·
2391 5822 2424 5842 n
2519 5826 2560 5842 η
2617 5841 2620 5842 ,
2654 5827 2667 5842 .
2770 5828 2782 5842 .
2831 5839 2839 5842 _
3075 5841 3079 5842 ,

235 5810 428 5887 fuerit;
461 5814 587 5875 ideo
604 5817 845 5877 btereses
862 5816 1138 5874 veritatem
1168 5814 1493 5873 videbuntur
1516 5815 1832 5875 obtinere?»
1936 5812 2057 5873 Lib.
2085 5831 2166 5890 ιιι,
2194 5819 2369 5879 Simil.
2391 5822 2443 5880 9.
2472 5842 2491 5876 ‹
2517 5826 2877 5903 Quadraginta
2899 5848 3027 5896 vero
3054 5841 3296 5913 Apostoli
3327 5810 3383 5905 et
3408 5847 3541 5908 doc-
