4230 6212
596 258 667 324 53
1562 250 1932 318 DODWELLI
1964 256 2413 318 DISSERTATIO
2449 252 2874 318 CYPRIANICA
3828 262 3898 326 36

598 394 743 439 tores
772 378 1309 452 suntpraedicationis
1324 376 1419 433 lilii
1442 376 1557 432 Dei.
1583 397 1601 430 ι
1629 377 1822 431 Postea
1845 394 1858 432 :
1880 395 1899 427 ‹
1930 375 1998 431 Et
2023 375 2189 431 dixit:
2221 378 2271 436 Α
2298 375 2548 432 eumdem
2578 378 2747 446 gratia
2796 375 3041 432 scientiae
3067 376 3325 434 donatum
3360 391 3483 436 esse
3504 381 3655 437 dicit.
3691 381 3898 439 proba-

596 475 859 544 Quoniam
900 476 954 529 hi
981 474 1211 545 apostoli
1239 481 1296 528 et
1347 472 1601 527 doctores
1647 470 1737 538 qui
1768 469 2199 539 praedicaverunt

596 584 791 624 nomen
818 569 909 623 lilii
938 568 1059 634 Dei,
1090 583 1211 622 cum
1236 566 1499 623 habentes
1527 565 1687 621 tidem
1728 564 1846 635 ejus
1874 575 1928 619 ct
1958 573 2194 635 potestas

596 672 701 718 tem
728 661 962 718 defuncti
986 668 1171 718 essent
1196 660 1627 732 prmdicaverunt
1650 656 1734 715 his
1762 660 1851 732 qui
1879 662 2004 714 ante
2045 652 2196 714 obiee

594 766 739 812 runt.
767 775 786 809 ι
809 756 1039 812 lterum:
1074 774 1094 806 ι
1126 757 1203 812 De
1227 765 1417 810 octavo
1443 769 1571 810 vero
1592 763 1797 821 monte,
1832 754 1884 807 in
1922 766 2029 822 quo
2080 751 2198 821 plu-

596 851 717 908 rimi
751 861 907 907 erant
931 850 1107 907 fontes
1134 851 1400 921 inquibus
1431 849 1797 919 adaquabatur
1826 862 1988 902 omne
2028 859 2196 916 genus

593 957 858 1001 creaturae
887 944 1002 1008 Dei,
1050 942 1183 998 tales
1228 951 1354 997 sunt
1394 942 1485 1012 qui
1526 939 1875 996 crediderunt
1913 928 2192 1009 apdstolis,

593 1053 728 1109 quos
768 1038 915 1092 misit
942 1036 1199 1090 Dominus
1230 1035 1285 1089 ili
1311 1040 1481 1090 tutum
1525 1033 1710 1088 orbem
1766 1031 2061 1102 praedicare
2096 1047 2110 1083 :
2143 1018 2231 1084 εἴ

593 1129 812 1200 quidam
834 1130 1088 1184 doctores
1121 1128 1208 1198 qui
1240 1136 1389 1182 caste
1435 1134 1491 1182 et
1512 1127 1721 1181 sincere
1770 1124 2199 1191 prtedicaverunt

591 1232 646 1279 et
695 1224 1013 1288 docuerunt,
1064 1230 1167 1277 etc.
1207 1239 1226 1273 ι
1265 1221 1340 1274 Ex
1389 1219 1587 1289 quibus
1639 1218 1891 1274 omnibus
1934 1218 1989 1273 id
2032 1219 2193 1273 etiam

591 1316 959 1387 intelligimus,
993 1330 1236 1385 quaenam
1263 1313 1353 1368 illa
1375 1310 1541 1366 fuerit
1569 1307 1814 1366 doctrina
1840 1300 1985 1366 unde
2011 1308 2196 1366 docto-

590 1423 710 1463 rum
751 1423 948 1463 nomen
977 1406 1300 1471 habuerunt,
1356 1419 1551 1459 munus
1592 1396 1723 1458 illud
1754 1400 2108 1475 praedicandi,
2138 1389 2197 1458 ut

592 1501 830 1573 loquitur
891 1503 1151 1569 Hermas,
1204 1508 1516 1569 tantamque
1581 1498 1745 1552 etiam
1798 1498 1963 1553 fuisse
2009 1512 2195 1553 eorum

590 1593 930 1664 dignitatem,
965 1606 1022 1650 ut
1051 1610 1173 1649 cum
1223 1591 1505 1663 apostolis,
1540 1602 1597 1646 ut
1625 1591 1939 1661 plurimum,
1967 1590 2195 1661 conjun-

591 1699 809 1757 gantur.

2301 468 2477 523 vimus
2515 470 2659 524 enim
2704 469 3028 524 istiusmodi
3065 470 3296 540 Spiritus
3338 477 3654 548 χαρίσματα
3696 475 3763 530 ad
3792 476 3898 547 Cy-

2300 564 2934 633 prianinostritempora
2982 565 3367 635 permansisse.
3415 567 3612 624 Fateor
3646 567 3894 639 equidem

2300 654 2388 708 illa
2418 662 2577 711 aetate
2606 654 2873 711 donorum
2905 644 3460 713 exiraOrdinaridrum
3482 656 3638 713 usum
3669 648 3725 714 ih
3752 658 3899 714 ordi-

2300 749 2573 804 nariorum
2620 764 2835 820 quoque
2869 766 3154 806 munerum
3201 749 3670 807 administratione
3706 752 3896 810 fuisse.

2301 841 2409 897 Sed
2463 858 2590 898 vero
2632 859 2825 899 munus
2868 843 2971 900 hoc
3016 844 3304 900 doctorum
3346 862 3453 901 non
3509 847 3898 905 minusfuisse

2298 942 2457 1007 quam
2487 924 2684 993 donum
2713 940 2888 1009 ipsum
2929 936 3193 994 ductrihae
3220 938 3735 1009 extraordinarium,
3773 940 3900 1000 inde

2298 1022 2605 1099 colligimus
2632 1030 2777 1100 quod
2817 1018 3196 1087 deficientibus
3226 1030 3532 1100 hujusmodi
3555 1032 3733 1098 donis,
3764 1048 3900 1103 pau-

2298 1118 2446 1174 latim
2468 1122 2641 1191 ipsum
2673 1137 2887 1193 quoque
2909 1139 3102 1179 munus
3134 1125 3187 1179 in
3224 1123 3634 1183 desuetudinem
3679 1126 3901 1182 abierit.

2296 1210 2457 1266 Nulla
2479 1214 2623 1268 enim
2654 1214 2772 1285 ejus
2810 1217 3049 1270 occurrit
3094 1217 3150 1272 in
3183 1218 3546 1288 posteriorum
3573 1218 3901 1275 saeculorum

2296 1298 2594 1360 canentibus
2624 1302 2850 1360 mentio.
2880 1298 2991 1362 Nec
3032 1300 3196 1363 etiam
3248 1308 3400 1365 ullibi
3449 1324 3569 1365 cum
3609 1308 3903 1365 ordinariis

2298 1390 2557 1464 episcopi,
2594 1396 2899 1468 presbyteri
2933 1408 3027 1453 aut
3068 1398 3280 1454 diaconi
3308 1399 3505 1458 officiis
3557 1402 3903 1475 conjungitur

2297 1487 2351 1542 in
2374 1486 2438 1542 N.
2474 1488 2537 1543 T.
2572 1490 2667 1545 sed
2715 1505 2835 1545 cum
2868 1492 3315 1549 extraordinariis
3347 1494 3457 1549 illis
3511 1495 3902 1566 apostolorum,
4000 1551 4007 1557 ,

2298 1579 2705 1651 prophetarum,
2727 1584 3246 1655 miraculorumque,
3268 1603 3389 1658 qua:
3405 1589 3611 1659 jamdiu
3640 1589 3905 1646 defecisse

2298 1691 2490 1732 omnes
2534 1678 2881 1735 confitentur.
2928 1680 3041 1736 Nec
3088 1693 3384 1753 suppetunt
3433 1683 3678 1754 patribus
3724 1683 3906 1756 quarti

667 1781 695 1852 §
727 1776 1145 1850 2....Freqncns
1167 1772 1327 1835 etiam
1353 1778 1590 1835 occurrit
1616 1777 1809 1833 horum
1830 1770 2114 1833 doctorum
2146 1770 2198 1832 i‘n
2229 1778 2277 1846 Β
2305 1770 2489 1825 saeculi
2516 1778 2570 1827 et
2601 1770 2860 1844 deinceps
2881 1773 2950 1829 de
2971 1790 3158 1830 eorum
3186 1772 3367 1832 ofﬁcio
3391 1766 3535 1847 quod
3567 1777 3809 1833 scribant
3838 1791 3907 1832 ex

594 1876 775 1930 Sacris
807 1874 1024 1928 Litteris
1052 1873 1254 1928 mentio
1280 1890 1293 1925 :
1318 1872 1503 1926 Actor.
1515 1910 1530 1937 ,
1558 1888 1713 1936 mu,
1745 1887 1782 1937 I,
1808 1870 2191 1941 prophetarum

593 1978 646 2024 et
674 1967 989 2031 doctorum;
1016 1965 1205 2033 lCor.,
1230 1982 1323 2029 sit,
1354 1967 1528 2035 primo
1544 1966 1937 2036 apostolorum,
1956 1963 2194 2043 secundo

595 2061 1001 2128 prophetarum,
1034 2057 1194 2112 tertio
1220 2056 1504 2112 doctorum
1556 2067 1682 2113 ante
1707 2058 1811 2111 alia
1841 2056 2074 2126 Spiritus
2098 2071 2193 2111 ex-

592 2148 948 2203 traordinaria
977 2140 1321 2224 χαρίσματα,
1348 2163 1402 2202 v.
1433 2146 1643 2213 28,29;
1667 2148 1830 2219 Eph.,
1862 2164 1933 2214 tv,
1975 2164 2033 2214 ιι,
2063 2162 2192 2216 apo-

591 2241 877 2310 stolorum,
904 2240 1312 2313 prophetarum,
1339 2238 1815 2312 evangelistarum,
1837 2250 2113 2311 pastorum
2141 2244 2195 2295 et

590 2337 898 2394 doctorum.
956 2334 1269 2392 lliseruntur
1302 2336 1388 2391 hic
1435 2335 1791 2407 Evangeiista:
1822 2344 1877 2390 et
1912 2342 2190 2406 pastores;

587 2434 727 2489 dona
757 2430 819 2488 Ν.
860 2430 924 2489 Τ.
958 2433 1200 2505 propria,
1247 2448 1347 2489 nec
1369 2448 1396 2486 a
1426 2426 1773 2499 Pentecoste,
1807 2446 1916 2503 quo
1947 2439 2194 2502 tempore

594 2529 826 2598 Spiritus
879 2527 1082 2583 effusus
1127 2534 1230 2592 est,
1274 2518 1613 2582 deducenda.
1650 2524 2007 2595 Evangelistre
2049 2524 2192 2578 enim

594 2632 662 2674 co
693 2618 935 2690 tempore
964 2617 1261 2675 necessarii
1282 2628 1438 2673 erant
1458 2634 1564 2689 quo
1594 2619 1930 2688 evangelium
1948 2612 2014 2671 ad
2045 2626 2195 2671 exte—

595 2726 686 2767 ros
715 2704 1070 2769 de'rivandum
1101 2718 1239 2779 erat,
1269 2710 1413 2782 quod
1456 2710 1638 2766 nescio
1687 2725 1754 2764 an
1797 2718 1924 2764 ante
1957 2704 2196 2762 Cornelii

596 2802 878 2862 historiam
909 2805 1218 2876 contigerit,
1240 2803 1358 2860 fieri
1384 2814 1533 2860 certe
1561 2804 1647 2856 vix
1678 2810 1855 2872 potest
1886 2812 1941 2856 ut
1966 2808 2193 2855 mortem

593 2892 855 2967 Stephani
906 2897 1281 2963 antecesserit,
1336 2895 1875 2966 persecutionemque
1930 2908 1994 2947 ea
2040 2906 2196 2946 occa-

591 2990 742 3044 sione
769 2989 1076 3044 excitatam.
1128 2986 1411 3043 Pastorum
1446 2992 1641 3041 munus
1670 2995 1797 3041 tunc
1826 2984 2194 3041 necessarium

590 3086 726 3148 crat,
775 3090 896 3136 cum
948 3078 1209 3136 Ecclesia:
1250 3080 1612 3151 eleemosyna:
1656 3086 1810 3135 erant
1844 3079 1897 3132 in
1932 3087 2196 3147 pauperes

2300 1865 2382 1920 sui
2412 1867 2596 1921 saeculi
2623 1868 2856 1938 receptis
2888 1868 3128 1925 moribus
3155 1869 3243 1927 vel
3270 1871 3503 1926 evanida
3533 1872 3780 1943 vestigia,
3805 1873 3905 1929 sed

2300 1961 2524 2031 perinde
2546 1977 2607 2017 ac
2642 1978 2763 2024 nos.
2812 1978 2843 2019 e
2874 1972 3022 2019 textu
3068 1964 3241 2019 solum
3291 1975 3642 2035 veterumque
3683 1966 3903 2039 scriptis

2297 2051 2691 2122 conjectantur.
2738 2054 2970 2111 Videant
3017 2056 3179 2126 igitur
3224 2057 3425 2113 fratres
3467 2058 3908 2129 Iudependentes

2296 2160 2402 2216 qua
2430 2146 2640 2201 ratione
2686 2145 2792 2200 hoc
2843 2146 3082 2200 officium
3136 2149 3561 2206 continuandum
3615 2160 3904 2220 censeant,

2299 2246 2632 2293 cumtamen
2660 2234 2800 2292 dona
2828 2237 2942 2303 illa,
2992 2237 3188 2309 quibus
3233 2238 3481 2296 innixum
3532 2236 3904 2313 probavimus,

2297 2344 2401 2386 nec
2421 2329 2519 2401 ipsi
2549 2328 2811 2386 defecisse
2839 2330 3168 2387 inficientur.

2369 2422 2397 2496 §
2418 2418 3107 2480 4.——Animadvertondum
3128 2431 3410 2495 prasterea,
3435 2438 3560 2481 cum
3579 2425 3647 2482 de
3666 2424 3907 2499 Presby-

2300 2520 2429 2575 teris
2455 2516 2770 2576 doctoribus
2800 2519 3048 2575 meminit.
3075 2519 3396 2590 Cyprianus,
3431 2518 3486 2577 id
3509 2520 3671 2577 simul
3706 2518 3908 2578 innue—

2297 2627 2378 2677 re,
2405 2612 2569 2667 fuisse
2593 2612 2777 2683 utique
2803 2612 2941 2667 alios
2964 2630 2995 2669 e
3026 2612 3367 2682 presbyterio
3391 2613 3482 2684 qui
3532 2626 3639 2668 non
3669 2610 3905 2671 fuissent

2298 2702 2569 2759 doctores.
2602 2703 2711 2759 Nec
2736 2704 2879 2759 enim
2900 2719 3038 2774 opus
3058 2713 3174 2760 erat
3197 2712 3257 2759 ut
3277 2705 3624 2778 presbyteros
3651 2706 3909 2764 doctores

2298 2795 2367 2851 ab
2407 2793 2677 2867 episcOpis
2727 2792 2913 2851 itidem
2943 2797 3255 2853 doctoribus
3296 2809 3625 2868 secerneret,
3668 2800 3784 2871 ipse
3811 2802 3911 2872 qui

2299 2887 2415 2943 haec
2441 2887 2703 2944 scriberet
2729 2890 3037 2960 episc0pus.
3082 2889 3193 2947 Nec
3226 2892 3402 2948 locum
3429 2892 3702 2950 habebant
3730 2894 3819 2951 alii
3848 2896 3907 2952 in

2300 2996 2485 3037 eorum
2520 2983 2839 3052 probatione
2865 2984 2956 3054 qui
2984 2983 3041 3039 in
3083 2984 3287 3040 clerum
3321 2987 3671 3056 promovendi
3697 2997 3907 3058 essent,

2299 3092 2461 3148 quam
2495 3077 2820 3152 presbyteri.
2846 3079 2991 3136 Idem
3025 3078 3417 3148 Saturus,cum
3441 3078 3725 3152 ASpasium
3752 3098 3912 3153 pres-

591 3174 999 3231 distribuendae.
1030 3168 1128 3229 Est
1147 3174 1292 3231 enini
1321 3190 1383 3230 ea
1408 3175 1521 3244 ipsa
1566 3171 1879 3229 diStributio
1914 3174 2196 3247 ποιμαίνειν
2226 3180 2269 3242 C
2302 3170 2552 3243 byterum
2584 3171 2862 3228 doctorem
2891 3172 3151 3246 appellat.
3175 3174 3309 3231 Cum
3334 3174 3499 3244 igitur
3519 3176 3747 3234 docendi
3771 3176 3912 3236 illud

589 3266 607 3321 i
634 3267 774 3331 Pet.,
795 3283 848 3335 v,
866 3266 923 3335 2,
948 3267 1097 3338 juita
1125 3283 1187 3323 ea
1214 3283 1334 3338 qua:
1357 3282 1518 3338 supra
1549 3265 1961 3337 disputavimus.
1994 3266 2068 3321 Ita
2102 3266 2195 3323 liet

589 3370 648 3417 ut
706 3360 971 3416 donorum
1016 3348 1357 3433 originalium
1390 3360 1665 3429 proximus
1722 3369 1846 3431 post
1898 3359 2192 3431 prophetas

589 3453 742 3509 locus
771 3453 840 3510 sit
864 3453 1176 3510 doctoribus
1201 3453 1581 3526 assignandus.
1610 3454 1688 3509 Ex
1714 3453 1828 3525 ipsa
1856 3456 1999 3510 enim
2027 3469 2190 3527 synav

590 3532 726 3617 goga
767 3546 1067 3601 derivatum
1123 3555 1208 3602 est
1261 3546 1330 3601 ad
1392 3545 1689 3602 Ecclesiam
1740 3545 1898 3617 hujus
1952 3547 2193 3602 muneris

592 3640 922 3709 exemplum.
952 3636 1228 3709 Siquidem
1259 3639 1336 3693 illi
1366 3654 1580 3711 quoque
1631 3648 1786 3695 erant
1833 3640 1914 3695 sui
1962 3637 2192 3695 Rabbini

591 3736 885 3809 καθηγηταὶ,
901 3737 1184 3798 συζητηταί
1204 3736 1297 3790 τοῦ
1318 3735 1496 3796 αἰῶνος
1510 3734 1719 3799 τούτου,
1736 3728 1959 3799 Scriba},
1974 3734 2189 3807 νομικοὶ,

589 3824 1011 3899 νομοδιδάσκαλοι
1029 3829 1045 3895 (
1062 3826 1144 3881 his
1170 3827 1316 3881 enim
1342 3825 1594 3881 omnibus
1614 3825 1783 3881 titulis
1809 3822 2190 3897 insigniuntur)

590 3920 676 3989 qui
707 3928 762 3975 et
787 3916 1084 3975 διδάσκαλοι
1102 3919 1419 3990 simpliciter
1448 3920 1810 3991 appellantur,
1830 3919 1987 3989 Luc.,
2010 3936 2069 3989 ιι,
2096 3920 2187 3977 46.

588 4015 781 4073 Fuisse
810 4018 972 4073 etiam
1005 4016 1150 4088 apud
1200 4016 1345 4088 ipsos
1394 4034 1591 4073 munus
1622 4018 1912 4074 admodum
1963 4016 2190 4073 honori-

588 4108 748 4163 llcum
777 4116 1037 4164 constate
1078 4106 1264 4174 Rom.,
1292 4124 1353 4177 ιι,
1386 4109 1472 4177 18,
1504 4107 1592 4175 19,
1624 4108 1718 4175 20,
1747 4108 1841 4165 21.
1866 4110 1937 4166 Ut
1963 4123 2189 4165 necesse

591 4210 738 4255 esset
783 4196 1053 4256 Salv'atori
1103 4200 1172 4256 de
1211 4216 1277 4257 eo
1325 4201 1620 4274 discipulos
1642 4217 1771 4261 suos
1824 4218 2070 4268 monere,
2122 4218 2190 4261 ne

590 4290 739 4347 ilittm
761 4292 972 4347 titulum
996 4292 1284 4349 ambirent.
1312 4293 1483 4362 Quam
1502 4305 1701 4363 tamen,
1727 4311 1830 4352 una
1845 4310 1968 4353 cum
1983 4295 2186 4377 officio,

589 4385 936 4441 ambitionem
965 4387 1133 4441 etiam
1157 4386 1468 4445 christianis
1499 4390 1785 4462 irrepsisse
1813 4392 2052 4462 suspicio
2081 4399 2185 4460 est,

592 4475 648 4533 S.
679 4474 891 4541 Jacob.,
922 4492 1002 4542 ιιι,
1030 4494 1067 4533 ι.

2295 3281 2496 3322 munus
2521 3282 2586 3321 ex
2606 3266 2805 3322 Henna
2829 3264 2971 3322 idem
3000 3266 3169 3325 fuisse
3195 3266 3566 3339 didicerimus,
3598 3272 3741 3343 quod
3762 3287 3910 3343 prm-

2295 3356 2530 3425 dicandi,
2546 3359 2703 3431 plane
2715 3358 3094 3431 sequitur,non
3116 3363 3354 3417 onmium
3376 3360 3542 3420 fuisse
3556 3365 3911 3438 presbytero-

2294 3464 2435 3515 rum,
2469 3463 2527 3506 ut
2551 3451 2604 3506 in
2630 3448 2870 3508 Ecclesia
2899 3455 3374 3522 concinnarentur,
3405 3453 3606 3512 nedum
3634 3454 3705 3512 ita
3732 3454 3907 3515 fuisse

2294 3540 2473 3598 oflicio
2492 3542 2843 3617 presbyterali
2869 3540 3176 3616 essentiale,
3211 3563 3372 3619 quam
3410 3558 3600 3618 putant
3622 3547 3904 3617 hodierni,

2294 3632 2627 3692 schismatici
2650 3648 2707 3692 ut
2734 3638 2823 3710 qui
2855 3637 2987 3694 illud
3010 3654 3204 3695 munus
3234 3656 3342 3696 non
3384 3640 3717 3713 praestiterit,
3748 3642 3795 3698 is
3827 3658 3906 3701 ne

2295 3742 2392 3799 pro
2427 3729 2741 3801 presbytero
2766 3730 3044 3787 habendus
3073 3730 3394 3804 sitquidem.
3419 3732 3529 3791 Nec
3549 3749 3680 3792 vero
3697 3746 3903 3793 recen-

2296 3822 2495 3878 tiormn
2524 3821 2849 3879 saeculorum
2909 3823 2962 3879 id
3004 3826 3177 3882 errori
3211 3824 3549 3883 tribuendum
3577 3836 3715 3884 erat.
3744 3827 3902 3887 Idem

2294 3917 2454 3971 etiam
2478 3915 2578 3972 sub
2595 3918 2854 3988 apostolis
2874 3917 3173 3976 obtinuisse
3189 3929 3397 3976 constat
3413 3936 3480 3975 ex
3494 3919 3517 3976 Ι
3533 3919 3698 3989 Tim.,
3721 3936 3776 3988 v,
3799 3921 3902 3991 17,

2293 4024 2618 4080 quamquam
2642 4025 2926 4082 perperam
2949 4012 3209 4083 colligunt
3230 4019 3567 4089 προεστῶτας
3592 4012 3715 4069 illos
3741 4028 3905 4084 pres-

2292 4104 2533 4176 byteros,
2555 4102 2647 4177 qui
2687 4104 2777 4161 alii
2799 4107 3029 4161 essenta
3078 4112 3324 4163 κοπιῶσιν
3364 4108 3415 4163 ἐν
3454 4106 3595 4182 λόγῳ
3629 4108 3718 4164 καὶ
3747 4104 3904 4166 διδα-

2294 4200 2499 4275 σκαλίᾳ,
2527 4197 2690 4253 fuisse
2719 4196 2904 4254 laicos.
2936 4194 3046 4253 Cur
3066 4197 3139 4251 ita
3168 4197 3445 4268 colligunt,
3476 4198 3609 4252 nihil
3632 4197 3836 4255 habent
3863 4215 3904 4257 e

2294 4302 2465 4359 textu,
2497 4289 2626 4346 nihil
2647 4307 2678 4347 e
2703 4291 2939 4362 receptis
2972 4289 3119 4346 illius
3145 4288 3328 4344 saeculi
3352 4287 3615 4356 moribus,
3639 4286 3900 4351 subsidii.

2294 4386 2735 4458 Sequituritaque
2751 4402 2818 4441 ne
2844 4386 2991 4457 ipsos
3017 4385 3233 4457 quidem
3247 4385 3520 4455 apostolos
3532 4387 3733 4442 donum
3758 4384 3901 4445 illud

2291 4482 2346 4535 in
2374 4479 2688 4535 ordinandis
2715 4480 2960 4551 exegiSse
2985 4482 3267 4552 praevium,
3288 4494 3388 4539 nec
3405 4482 3547 4538 inter
3570 4484 3901 4559 χαρίσματα

662 4568 690 4643 §
716 4568 923 4627 ‘5.-—Ut
949 4580 1130 4627 autem
1147 4568 1328 4628 omnia
1352 4568 1608 4631 Ecclesia:
1629 4592 1851 4632 munera
1869 4576 2187 4648 primisillis
2210 4582 2264 4643 D
2291 4574 2406 4644 ipsa
2441 4590 2697 4630 manuum
2748 4575 3094 4646 impositione
3124 4578 3319 4634 collata
3371 4578 3550 4634 locum
3600 4577 3898 4648 habuisse;

591 4661 892 4735 originibus
916 4665 1347 4723 extraordinario
1368 4668 1600 4740 Spiritus
1628 4670 1808 4726 Sancti
1850 4671 2047 4726 auxilio
2096 4670 2188 4726 ad.

591 4760 891 4815 ministrata
917 4770 1077 4831 sunt;
1116 4760 1256 4817 idem
1283 4774 1338 4819 et
1368 4766 1420 4819 in
1448 4763 1552 4820 hoc
1570 4780 1785 4836 quoque
1800 4782 2023 4821 munere
2051 4781 2184 4823 con-

589 4853 772 4923 tigisse
801 4863 1011 4910 certum
1036 4865 1141 4911 est.
1176 4852 1230 4911 id
1258 4857 1435 4913 innuit
1462 4861 1681 4913 verbum
1714 4857 1872 4917 ἔδωκε
1902 4858 2070 4930 Eph,
2107 4876 2182 4927 iv,

590 4943 678 5012 11,
710 4941 1049 5000 referendum
1080 4947 1223 5002 enim
1254 4947 1321 5002 ad
1348 4947 1526 5004 locum
1574 4949 1660 5005 Ps.
1693 4966 1877 5016 vaut,
1921 4950 2007 5018 19,
2042 4967 2092 5006 v.
2124 4950 2179 5018 8,

587 5036 863 5093 laudatum
898 5056 911 5091 :
945 5025 1120 5096 ἔδωκε
1150 5034 1353 5116 δόματα
1391 5049 1498 5105 τοῖς
1551 5045 1856 5119 ἀνθρώποις.
1886 5043 2023 5100 Sunt
2054 5058 2183 5114 ergo

590 5133 748 5187 ctiam
773 5130 1030 5189 doctores
1048 5134 1158 5191 illis
1183 5126 1401 5210 δόμοισιν
1421 5137 1767 5193 accensendi.
1796 5136 2029 5194 Proinde
2047 5137 2186 5194 inter

589 5221 820 5296 Spiritus
853 5230 1167 5303 χαρίσματα
1204 5230 1464 5285 habemus
1495 5224 1843 5297 διδασκαλίαν,
1874 5230 2058 5295 Rom.,
2087 5248 2183 5301 XII,

589 5314 640 5373 ϐ.
670 5318 703 5369 7
725 5336 739 5377 ξ
766 5322 1074 5395 προφητείαν
1089 5333 1140 5376 et
1158 5314 1400 5395 διδαχὴν.
1425 5316 1611 5388 lCor.,
1635 5338 1746 5391 XIV,
1773 5323 1826 5391 6,
1856 5324 1920 5378 ad
1938 5325 2185 5381 eamdem

588 5410 749 5482 plane
772 5409 996 5469 fortnam
1026 5430 1129 5485 qua
1171 5429 1331 5485 supra
1382 5416 1637 5487 cenjungi
1664 5416 1894 5474 vidimus
1922 5424 2186 5498 προφήτας

586 5512 747 5575 atque
776 5500 1135 5569 διδασκάλους.
1161 5504 1390 5574 Rursus,
1416 5507 1568 5577 ibid.,
1596 5506 1843 5583 διδαχὴν,
1867 5527 1919 5566 ν.
1950 5511 2045 5565 21.
2078 5512 2187 5569 Nec

585 5597 747 5652 aliam
778 5596 945 5653 fuisse
966 5599 1248 5662 doctorum
1293 5598 1658 5659 africanorum
1699 5604 1964 5660 rationem
1996 5614 2183 5671 esten.

580 5691 718 5746 riunt
769 5682 856 5746 illa
903 5708 1028 5765 qua:
1078 5695 1325 5768 superius
1376 5711 1409 5754 e
1450 5695 1785 5755 Tcrtulliano
1832 5697 2184 5770 produximus

579 5778 924 5861 (Prwscripl.,
944 5807 1012 5851 ε.
1040 5782 1165 5859 id);
1192 5782 1388 5862 quibus
1415 5809 1571 5866 quem
1602 5791 1877 5852 doctorem
1905 5793 2174 5867 appellat,

2288 4667 2383 4722 sed
2416 4682 2516 4723 nec
2542 4667 2709 4723 Deum
2757 4668 2957 4737 ipsum,
2990 4669 3146 4740 cujus
3175 4680 3306 4726 nutu
3353 4670 3534 4726 omnia
3578 4681 3702 4726 tunc
3732 4680 3898 4742 gesta

2289 4771 2434 4829 sunt,
2462 4762 2662 4833 quique
2691 4760 2951 4817 Ecclesia:
2975 4762 3030 4817 in
3051 4764 3372 4820 necessariis
3404 4779 3510 4820 non
3539 4766 3903 4836 eratprocul-

2287 4853 2451 4911 dubio
2472 4855 2775 4923 defuturus,
2806 4855 2912 4911 tale
2944 4855 3045 4911 hoc
3075 4856 3314 4912 officium
3344 4856 3663 4926 instituisse,
3710 4867 3769 4913 ut
3815 4858 3900 4916 ad

2284 4951 2403 5021 ejus
2430 4951 2955 5007 administrationem
2987 4959 3132 5007 esset
3161 4950 3265 5008 hoc
3295 4951 3496 5008 donum
3526 4952 3750 5010 omnino
3780 4966 3898 5010 ne-

2285 5048 2601 5101 cessarium.
2845 5105 2863 5122 _

2361 5137 2388 5209 §
2416 5138 2472 5193 5.
2495 5166 2567 5178 ——
2592 5134 2727 5193 Cum
2759 5136 2921 5192 etiam
2950 5152 3014 5193 ex
3041 5137 3274 5208 receptis
3293 5140 3471 5195 astatis
3500 5152 3612 5195 suae
3642 5136 3903 5200 moribus

2288 5247 2413 5288 suas
2462 5231 2779 5302 plerumque
2830 5230 3252 5289 consuetudines
3318 5243 3504 5315 mutuo
3574 5230 3905 5306 acceperint

2289 5322 2605 5390 christiani;
2634 5322 2720 5378 vix
2746 5314 2875 5395 puto
2893 5324 3058 5381 ullum
3091 5324 3260 5381 fuisse
3291 5314 3599 5397 exemplum
3638 5341 3745 5399 quo
3781 5320 3900 5382 do-

2290 5418 2444 5474 cendi
2488 5434 2683 5475 munus
2708 5433 2829 5474 cum
2863 5420 3165 5477 sacerdotio
3208 5429 3351 5477 esset
3396 5418 3705 5479 necessario
3749 5432 3901 5478 con-

2285 5511 2555 5582 junctutn.
2588 5512 2789 5569 Judwis
2818 5513 3056 5570 diximus
3079 5514 3288 5572 scribas
3317 5513 3482 5573 fuisse
3512 5527 3671 5587 atque
3699 5498 3896 5570 rabbi-

2290 5619 2411 5669 nos,
2441 5621 2473 5660 e
2524 5604 2666 5661 tribu
2719 5606 3072 5677 proculdubio
3118 5608 3442 5666 sacerdotali
3497 5590 3642 5663 illos.
3689 5606 3895 5681 Longe

2288 5705 2466 5754 tamen
2494 5697 2687 5755 aberat
2711 5708 2771 5756 ut
2798 5709 2908 5756 tota
2937 5698 3139 5756 familia
3163 5700 3509 5761 sacerdotalis
3536 5697 3730 5757 scriba:
3759 5699 3894 5759 fue-

2284 5794 2391 5851 rint
2410 5803 2502 5849 aut
2522 5793 2753 5853 rabbini.
2782 5793 3091 5855 Scribarum
3115 5797 3357 5857 ordinem
3376 5796 3443 5856 ab
3467 5792 3733 5870 Egyptiis
3760 5791 3893 5852 for-
