4158 6260
249 336 325 396 '57
1372 336 1461 400 DE
1502 336 1977 400 PRESBYTERIS
2005 324 2455 396 DOCTOltlBUS.
3490 337 3561 401 38

256 461 418 516 lassis
445 458 967 532 acceperintJudtei.
989 454 1255 517 lliisenim
1289 466 1369 517 sui
1392 469 1547 517 erant
1574 462 1867 543 ἰερογραμ-
1898 462 1944 521 Α
1973 457 2241 511 communi
2272 454 2709 527 presbyterorum
2741 455 2971 513 consilio
3000 468 3095 514 sua
3129 459 3306 515 omnia
3334 474 3362 514 a
3393 461 3566 529 primo

256 563 441 627 ματεῑς
482 552 585 609 viri
638 570 919 610 sacrorum
960 556 1271 625 peritissimi
1327 565 1488 627 atque
1539 557 1859 623 doctissimi,

258 656 320 701 ιιι
348 645 572 717 proinde
598 647 913 703 Sacerdotes
943 648 1108 703 fuisse
1137 648 1587 704 verisimiliintum
1627 651 1714 703 sit.
1754 647 1866 705 Nec

261 746 446 794 tamen
484 748 776 810 propterea
820 738 1131 795 sacerdotes
1178 754 1365 795 omnes
1414 739 1865 818 ἰερογραμματεῐς

224 868 231 873 -
261 838 439 893 erant,
483 834 612 901 quin
638 847 935 901 paucorum
967 832 1145 903 potius
1165 831 1334 888 fuisse
1369 833 1585 889 videtur
1621 834 1735 889 haec
1786 834 1866 890 di-

258 925 461 995 gnitas,
488 939 611 981 cum
639 934 818 979 tamen
852 925 1005 979 tertia
1028 925 1207 995 populi
1238 916 1476 997 Egyptii
1525 939 1648 994 pars
1685 939 1865 981 sacer-

260 1017 461 1072 dotalis
486 1017 668 1071 iuerit.
699 1015 848 1071 Idem
871 1016 937 1071 de
961 1014 1369 1072 Atheniensium
1399 1017 1559 1072 etiam
1599 1018 1868 1087 gentium-

261 1123 370 1179 que
390 1110 623 1164 aliarum
650 1108 1143 1188 ’ἱερογραμματεῦσι
1172 1118 1226 1166 et
1245 1108 1595 1184 Ἱερομνήμοσι
1622 1121 1864 1167 statuen-

260 1201 415 1268 dum,
446 1213 502 1256 ut
528 1201 650 1257 sine
677 1202 924 1270 exetnplu
948 1200 1119 1255 fuisse
1145 1196 1369 1258 necesse
1409 1208 1500 1268 sit,
1529 1202 1573 1257 si
1616 1204 1732 1259 haec
1759 1204 1865 1262 duo

260 1308 514 1361 munera,
541 1304 652 1349 tam
682 1294 823 1350 inter
843 1308 901 1349 se
927 1292 1162 1362 diversa,
1194 1295 1533 1352 censuissent
1553 1304 1733 1351 tamen
1764 1296 1866 1353 sibi

260 1387 497 1442 invicem
523 1388 695 1443 fuisse
721 1386 1114 1457 coniungenda.
1154 1386 1322 1442 Erant
1355 1397 1531 1443 tamen
1574 1388 1863 1445 admodum

262 1493 458 1549 pauca,
492 1480 541 1533 si
568 1494 675 1549 qua
701 1480 806 1534 sittt
827 1479 1071 1547 omnino,
1100 1493 1221 1549 qua:
1246 1494 1277 1534 a
1305 1478 1630 1536 Christianis
1649 1479 1866 1537 inducta

270 1581 393 1627 sunt
425 1573 550 1627 sine
578 1573 845 1643 exemplo.

345 1668 446 1741 gs.
462 1668 690 1724 —Cutn
713 1669 893 1739 itaque
921 1666 1287 1740 probavimus,
1312 1684 1487 1741 neque
1511 1687 1577 1727 ex
1599 1672 1861 1737 instituto,

267 1778 447 1835 neque
511 1766 674 1821 etiam
722 1763 791 1819 de
842 1762 1003 1831 facto,
1060 1764 1408 1836 presbyteros
1464 1780 1653 1821 omnes
1705 1765 1867 1821 fuisse

1969 565 2136 620 usque
2167 552 2508 620 cpisCOpalUS
2531 549 2776 617 exordio,
2816 560 2968 623 gesta
2998 568 3120 608 esse
3156 566 3564 620 commemorat,

1971 653 2028 696 ttt
2053 644 2105 697 iit
2138 642 2297 698 rebus
2327 642 2548 713 singulis
2582 645 2875 712 neminem,
2927 643 2993 698 ad
3041 661 3201 716 quem
3257 646 3471 717 quidem
3503 660 3567 701 ea

1974 749 2061 789 res
2115 735 2394 802 attineret,
2445 750 2474 789 a
2504 735 2731 790 Consilio
2755 749 2855 790 suo
2909 734 3221 803 excluserit,
3272 751 3569 808 omnesque

1969 830 2154 898 etiam,
2179 844 2300 886 cum
2321 846 2409 885 res
2435 831 2674 884 omnium
2697 829 3006 897 interesset,
3039 828 3334 885 admiserit.
3364 826 3420 886 id
3446 832 3567 902 qui-

1967 922 2090 977 dem
2127 922 2375 992 exigebat
2412 922 2708 991 apestolica
2757 920 2843 976 illa
2871 918 2938 975 de
2969 920 3125 976 donis
3156 920 3337 991 regula
3379 919 3570 993 (cujus

1970 1015 2131 1071 modo
2161 1016 2540 1087 meminimus)
2571 1024 2629 1071 ut
2654 1030 2761 1086 quo
2786 1014 2927 1070 dono
2956 1015 3184 1086 quisque
3215 1013 3405 1069 fuisset
3431 1029 3571 1086 pra:-

1968 1108 2135 1175 ditus,
2169 1109 2289 1178 ejus
2310 1109 2568 1163 exercitio
2599 1108 2758 1163 unice
2789 1107 3144 1172 incumberet,
3199 1122 3298 1163 nec
3343 1123 3403 1164 se
3450 1109 3570 1163 aliis

1970 1202 2304 1259 immisceret
2348 1204 2415 1258 ad
2444 1201 2645 1257 donttut
2678 1219 2834 1258 suum
2870 1200 3001 1257 niltil
3048 1202 3422 1259 attinentibus.
3477 1201 3574 1259 Se-

1969 1297 2150 1366 quitur
2171 1299 2332 1353 etiam
2364 1296 2508 1352 idem
2547 1312 2670 1353 esse
2697 1296 2900 1352 donum
2952 1312 3059 1368 quo
3106 1297 3388 1355 audientes
3414 1304 3573 1368 atque

1970 1388 2101 1445 illud
2157 1406 2263 1461 quo
2320 1388 2506 1447 lideles
2528 1399 2714 1447 essent
2757 1390 3007 1458 docendi,
3069 1392 3193 1464 quia
3242 1391 3295 1446 in
3348 1389 3573 1447 audien-

1973 1481 2105 1535 tiutn
2136 1481 2357 1538 doctore
2384 1480 2763 1538 constituendo
2794 1481 3142 1554 presbyteros
3172 1482 3424 1540 doctores
3443 1499 3574 1540 con-

1970 1576 2154 1629 suluit.

2046 1667 2074 1740 §
2099 1664 2399 1727 8.—Erant
2419 1669 2670 1742 equidem
2699 1669 2787 1724 alii
2815 1666 3168 1727 audientesin
3193 1674 3571 1745 pmnitentium

1971 1775 2155 1828 censu,
2178 1761 2268 1832 qui
2293 1761 2380 1817 ubi
2399 1761 2705 1832 Seripturas
2722 1771 2884 1833 atque
2903 1760 3236 1821 διδασκαλίαν
3253 1764 3572 1836 audiissent,

264 1858 498 1916 docendi
530 1860 678 1914 dono
703 1859 996 1928 praeditos;
1030 1858 1188 1929 plane
1206 1858 1470 1930 sequitur,
1491 1859 1583 1928 qui
1608 1858 1751 1915 dono
1770 1858 1865 1915 illo
1895 1848 1942 1923 Β
1970 1868 2001 1908 e
2025 1855 2320 1925 synaxibus
2340 1865 2493 1909 erant
2523 1855 2864 1911 excludendi.
2886 1854 2953 1911 Et
2971 1857 3189 1927 quidem
3212 1859 3286 1913 illi
3307 1857 3577 1932 Cypriane

276 1955 601 2019 caruissent,
622 1954 693 2007 ita
722 1968 831 2007 non
860 1949 1027 2008 fuisse
1054 1951 1120 2006 ad
1135 1952 1435 2008 docendum
1461 1952 1776 2019 obstrictos,
1810 1962 1868 2008 ut

268 2052 450 2121 potius
471 2051 539 2104 ab
584 2065 652 2103 eo
676 2046 913 2103 docendi
955 2061 1178 2102 munere
1207 2058 1511 2116 temperare
1557 2046 1859 2102 debuerint.

270 2142 335 2199 1d
360 2145 502 2199 enim
524 2143 771 2197 hortatur
799 2140 1108 2211 Apostolus,
1141 2150 1223 2206 ut,
1270 2154 1376 2211 quo
1406 2138 1552 2194 dotto
1598 2140 1863 2209 quispiam

274 2238 463 2294 fuisset
492 2240 803 2303 instructus,
848 2234 899 2291 ei
942 2235 1096 2290 unice
1145 2234 1500 2299 incumberet,
1538 2233 1719 2299 Rom.,
1767 2246 1862 2297 xu,

266 2333 323 2399 6,
353 2336 486 2402 7,8,
508 2345 649 2391 etc.:
682 2352 699 2383 ι
725 2333 933 2403 Sapere
959 2338 1285 2404 quemquam
1316 2331 1381 2385 ad
1410 2332 1779 2397 sobrietatem,
1814 2339 1868 2386 et

270 2429 560 2499 unicuique
608 2428 749 2483 sicut
796 2428 940 2482 Deus
971 2425 1152 2482 divisit
1198 2441 1506 2482 mensuram
1557 2424 1702 2493 ﬁdei,
1732 2427 1864 2492 v.5;

269 2537 423 2581 certo
440 2524 672 2596 quodam
690 2523 918 2579 consilio
940 2520 1009 2577 ita
1033 2522 1375 2578 distribuisse
1407 2523 1595 2587 Deum,
1626 2531 1685 2575 ut
1708 2535 1867 2575 nemo

272 2621 418 2677 dona
449 2622 631 2676 omnia
660 2621 773 2691 ipse
801 2617 1021 2685 habeat,
1049 2619 1190 2674 alter
1215 2628 1394 2673 autem
1429 2626 1487 2671 ut
1526 2617 1750 2672 alterius
1774 2614 1868 2671 dc.-

272 2710 457 2768 feetus
478 2712 742 2783 suppleat,
760 2715 969 2782 sintque
1000 2710 1070 2764 ita
1095 2711 1195 2766 sibi
1213 2710 1441 2765 invicem
1471 2722 1661 2763 omnes
1683 2717 1868 2763 mutuo

275 2804 593 2870 necessarii,
628 2812 686 2859 ut
715 2820 820 2859 non
838 2804 1144 2859 sitscntsna
1171 2801 1224 2856 in
1256 2817 1483 2872 corpore
1516 2798 1569 2874 (l
1590 2800 1735 2867 Con,
1769 2815 1865 2866 xu,

272 2899 370 2962 18,
402 2897 497 2962 id,
524 2894 654 2968 ΞΒ).
689 2915 709 2949 r
741 2897 793 2952 Si
824 2899 1005 2967 itaque
1053 2910 1245 2950 omnes
1273 2896 1364 2966 qui
1420 2895 1563 2949 dono
1615 2894 1867 2964 quapiam

277 2992 599 3055 caruissent,
648 2989 774 3045 illud
844 3004 915 3045 ne
976 2988 1194 3060 quidem
1252 3003 1508 3045 exercere
1549 2986 1865 3053 debuerint,

277 3084 519 3153 sequitur
543 3082 663 3137 illos
690 3082 886 3153 quibus
915 3090 1165 3153 negatum
1210 3090 1355 3137 esset
1385 3079 1613 3136 docendi
1643 3080 1865 3147 donum,

270 3191 343 3233 ne
382 3178 580 3232 docere
607 3175 826 3247 quidem
879 3177 1203 3246 oportuisse.
1248 3174 1605 3247 Agnoscimus
1652 3174 1867 3229 interim

1973 1959 2159 2003 nostro
2184 1950 2373 2027 cogevi,
2408 1951 2452 2003 si
2501 1950 2747 2021 Gregorii
2778 1948 3167 2023 Thaumaturgi
3194 1954 3436 2023 epistola:
3481 1968 3577 2009 ca-

1971 2043 2181 2098 ttouiem
2210 2042 2539 2099 credendum
2571 2044 2660 2098 sit.
2707 2042 2813 2100 Sed
2840 2044 3033 2100 horum
3065 2044 3270 2101 nulluttt
3303 2047 3356 2102 in
3385 2044 3575 2103 Eccle-

1972 2136 2051 2192 sia
2083 2138 2316 2192 alricana
2341 2147 2507 2218 extat,
2537 2138 2679 2208 quod
2708 2137 2927 2209 quidem
2958 2140 3148 2205 sciam,
3180 2155 3245 2196 ea
3274 2141 3574 2211 praisertim

1973 2239 2150 2299 aetate,
2183 2232 2491 2302 vestigium.
2519 2231 2629 2287 Nec
2656 2232 2794 2288 alios
2820 2232 3076 2289 doctores
3107 2233 3380 2290 habebant
3414 2250 3576 2305 quant

1975 2322 2184 2379 ﬁdeles.
2222 2325 2387 2380 Erant
2414 2326 2556 2381 enitn
2584 2327 2825 2381 omnium
2851 2325 3091 2382 ﬁdelium
3108 2341 3425 2383 communes
3448 2327 3577 2397 illae,

1974 2418 2167 2488 quibus
2198 2419 2251 2473 hi
2286 2419 2601 2484 intererant,
2640 2418 2970 2475 auditiones.
3017 2420 3202 2490 Neque
3227 2435 3357 2474 vero
3382 2435 3449 2475 ex
3480 2435 3579 2476 usu

1975 2511 2238 2567 Ecclesia:
2267 2511 2521 2568 al‘ricanze
2552 2511 2643 2567 alii
2687 2513 2971 2569 audientes
3014 2522 3172 2570 erant
3219 2530 3379 2585 quam
3434 2526 3581 2571 cate-

1972 2604 2245 2659 chumcni.
2279 2602 2397 2660 Jam
2426 2592 2586 2675 supra
2616 2603 2849 2660 vidimus
2870 2606 2960 2677 qui
2987 2605 3364 2663 catechumeni
3396 2614 3583 2664 essent

1974 2695 2122 2751 clero
2144 2712 2387 2764 romano,
2410 2696 2508 2767 Ep.
2531 2714 2608 2763 ιιι,
2625 2699 2845 2753 eosdem
2859 2696 3140 2755 audientes
3151 2714 3272 2756 esse
3289 2694 3581 2772 Cypriano,

1974 2789 2073 2859 Ep.
2105 2803 2219 2843 xm.
2251 2790 2581 2860 Constatque
2621 2791 2784 2845 etiam
2823 2806 2855 2846 e
2900 2788 3253 2857 Tértulliauo,
3287 2806 3394 2860 quo
3421 2805 3582 2845 nemo

1973 2883 2168 2937 melior
2191 2892 2275 2938 est
2301 2881 2555 2953 Cypriani
2589 2882 2880 2953 interpres.
2914 2882 3068 2952 Apud
3103 2882 3254 2937 illum
3298 2880 3583 2938 audientes

1976 2975 2213 3031 intinctis
2236 2989 2603 3047 opponuntur,
2636 2992 2744 3048 quo
2771 2991 2933 3032 sensu
2968 2978 3135 3048 tingui
3160 2976 3301 3047 apud
3330 2975 3580 3033 eumdem

1977 3067 2116 3123 idem
2167 3068 2311 3124 valet
2365 3068 2505 3140 quod
2564 3068 2823 3140 baptizari
2873 3068 2987 3139 (De
3030 3067 3250 3139 PaeniL,
3282 3086 3331 3125 c.
3380 3069 3435 3140 6,
3489 3069 3577 3144 7).

1976 3161 2211 3218 Eosdem
2245 3161 2523 3218 auditores
2553 3163 2813 3232 appellat,
2843 3179 3071 3233 quorum
3101 3173 3156 3220 et
3188 3165 3450 3237 tyrocinia
3480 3180 3587 3221 me-

272 3284 345 3326 ex
371 3268 617 3339 Apost'oli
640 3278 846 3332 mente,
871 3267 919 3322 si
943 3270 1032 3338 qui
1058 3268 1164 3322 sint
1195 3279 1429 3338 utroque
1455 3267 1600 3321 dono
1654 3266 1865 3335 ιιι-αξᾶὶιὶ
1900 3257 1946 3321 C
1980 3266 2178 3324 morat,
2203 3271 2271 3311 ne
2302 3257 2423 3327 quis
2464 3254 2674 3312 dubitet
2705 3256 2840 3313 alios
2889 3271 3011 3339 esse
3051 3272 3212 3329 quam
3240 3256 3587 3315 catechume-

273 3372 328 3419 et
346 3364 676 3440 προστασίας
714 3370 768 3417 ει
806 3358 1159 3425 διδασκαλίας,
1215 3356 1337 3414 illos
1364 3376 1483 3414 esse
1514 3358 1728 3425 uterito,
1775 3357 1874 3412 du-

271 3454 400 3527 plici
427 3454 539 3521 illo,
573 3470 737 3525 quem
769 3453 924 3520 dicit,
954 3453 1161 3509 honore
1198 3453 1412 3524 dignos.
1438 3451 1628 3523 Neque
1677 3450 1793 3506 haec
1842 3467 1872 3507 a

272 3552 431 3610 nobis
453 3568 521 3609 eo
546 3552 732 3609 animo
772 3552 1040 3622 disputata
1074 3559 1199 3606 sunt
1230 3560 1286 3606 ut
1314 3551 1540 3622 ignaviae
1569 3552 1874 3622 patrocine-

276 3660 421 3711 mur,
446 3647 631 3718 siquis
656 3646 768 3699 "non
799 3648 871 3699 sit
899 3644 1019 3699 aliis
1050 3643 1307 3699 Ecclesia:
1338 3643 1656 3699 necessariis
1686 3658 1875 3697 mune-

276 3734 428 3793 ribus
452 3736 763 3793 obstrictus.
798 3734 909 3791 Nec
961 3734 1012 3790 id
1042 3735 1276 3791 voluisse
1315 3734 1633 3807 Apostolum
1686 3734 1877 3791 existi-

277 3841 511 3894 mantus,
541 3832 633 3882 aut
649 3827 946 3883 Ecclesiatn
964 3827 1297 3899 primaevam.
1322 3826 1505 3882 Potius
1529 3826 1873 3897 gaudendum

276 3920 647 3979 eti‘stimarem
669 3930 830 3992 atque
856 3920 1252 3992 gratulandum,
1284 3919 1329 3976 si
1352 3936 1452 3990 qua
1479 3918 1721 3975 Ecclesia
1745 3920 1877 3973 tales

279 4012 509 4069 haberet
526 4012 866 4085 presbyteros
894 4002 983 4084 qui
1014 4022 1203 4068 omnes
1228 4010 1355 4067 huic
1409 4010 1643 4067 docendi
1670 4010 1875 4066 muneri

282 4107 366 4162 ita
392 4104 697 4163 satisiatere
724 4117 969 4177 possent,
992 4115 1049 4160 ut
1090 4121 1191 4161 nec
1230 4104 1359 4160 illud
1414 4106 1590 4176 ipsum
1622 4104 1880 4159 indecore

283 4212 720 4272 exequerentur,
771 4216 874 4256 nec
920 4199 1028 4254 alia
1082 4199 1438 4270 neglige'rent.
1498 4194 1651 4264 Quod
1702 4208 1878 4251 tamen

278 4294 594 4353 Schismatis
621 4305 934 4367 prietextum
968 4294 1165 4349 faciant
1193 4291 1509 4357 adversarii,
1545 4292 1681 4361 siqui
1736 4291 1879 4345 dono

279 4388 393 4445 hoc
418 4389 667 4445 destituti
708 4388 765 4445 in
795 4398 980 4445 sacros
1025 4388 1242 4443 Ordines
1291 4387 1660 4449 adnti‘t'latttur,
1692 4382 1880 4441 aliisve

278 4480 547 4541 Bmlesize
590 4484 733 4540 cu‘ris
772 4485 976 4554 pariter
1016 4482 1339 4537 necessariis
1367 4481 1744 4543 distineantur,
1773 4488 1878 4549 quo

278 4575 468 4633 minus
489 4575 617 4631 huic
638 4576 843 4646 possint
864 4590 1008 4632 cura:
1033 4578 1189 4631 unice
1208 4574 1488 4645 invigilare
1507 4590 1522 4639 ;
1544 4572 1684 4645 quod
1714 4574 1877 4629 etiam

1980 3364 2098 3405 DOS.

2053 3440 2159 3513 §9.
2188 3472 2258 3481 —
2288 3440 2355 3497 Et
2384 3441 2600 3513 quidem
2650 3442 2825 3512 ipsum
2869 3438 2976 3498 hoc
3005 3440 3341 3499 audientium
3382 3440 3603 3499 nomen

1979 3531 2473 3605 frequentissimum
2499 3534 2667 3591 fuisse
2695 3533 2928 3590 videtur.
2952 3533 3063 3590 Nec
3084 3544 3261 3591 tamen
3285 3535 3499 3602 desunt,
3522 3549 3587 3592 ea

1981 3645 2195 3700 quoque
2226 3640 2406 3697 mtate,
2439 3628 2684 3699 exempla
2736 3629 2933 3698 quibus
2985 3627 3151 3683 iidem
3202 3624 3582 3683 eatechumeni

1982 3720 2224 3785 audiunt,
2247 3729 2300 3776 et
2322 3720 2537 3791 quidem
2556 3718 2696 3790 apud
2719 3719 2918 3774 latinos
2939 3718 3102 3775 etiam
3127 3721 3440 3791 scriptores.
3468 3717 3588 3774 Jam

1983 3812 2218 3868 diximus
2258 3813 2361 3868 hoc
2408 3812 2926 3868 catechumenorum
2985 3814 3208 3868 nomine
3260 3822 3416 3868 usum
3465 3825 3590 3868 esse

1983 3908 2187 3962 clerum
2211 3922 2517 3965 romanum.
2551 3907 2694 3964 Usus
2721 3912 2883 3965 etiam
2907 3916 2993 3964 est
3039 3919 3095 3965 et
3143 3908 3259 3980 ipse
3286 3910 3588 3982 Cyprianus

1986 3999 2214 4055 Testim.
2248 4000 2342 4056 lib.
2370 4014 2448 4054 ιιι.
2477 4013 2598 4070 cap.
2630 3998 2733 4063 98;
2770 4008 2825 4055 et
2853 3998 3241 4069 Tertullianus,
3271 4000 3341 4057 de
3384 3999 3585 4056 Coron.

1986 4092 2098 4147 Mil.
2122 4105 2170 4148 c.
2201 4090 2259 4160 2;
2283 4102 2337 4147 et
2367 4088 2595 4148 Praescr.
2644 4109 2698 4148 c.
2726 4093 2814 4147 41.
2841 4091 2999 4161 Quod
3030 4104 3224 4163 quarto
3275 4093 3491 4148 tandem
3525 4092 3586 4151 S.

1985 4186 2268 4257 Augustini
2296 4188 2495 4243 smcuio
2534 4198 2588 4243 et
2613 4186 2872 4257 deinceps
2922 4187 3099 4243 solum
3151 4187 3405 4244 obtinuit.
3428 4186 3588 4258 Quod

1984 4294 2113 4336 vero
2134 4279 2199 4334 ad
2229 4295 2443 4335 noment
2494 4280 2828 4335 audientiunt
2870 4281 3084 4345 attinet,
3139 4295 3171 4336 e
3214 4296 3370 4337 sacro
3400 4282 3585 4340 codice

1986 4374 2205 4430 omnino
2236 4374 2456 4428 ductum
2488 4380 2639 4444 puto,
2668 4387 2733 4428 ex
2766 4371 2872 4428 illis
2918 4373 3173 4428 nimirum
3220 4372 3356 4429 lueis
3391 4374 3587 4446 quibus

1987 4466 2120 4520 lides
2142 4466 2257 4535 ipsa
2292 4464 2450 4520 teties
2491 4468 2615 4525 ἀκοὴ
2647 4464 2866 4531 dicitur,
2898 4481 3058 4537 quam
3104 4466 3347 4523 auditum
3400 4468 3584 4525 reddi-

1986 4560 2179 4615 derunt
2208 4559 2414 4631 antiqui
2440 4561 2600 4616 etiam
2629 4561 2973 4631 interpretes.
2995 4561 3093 4630 ita,
3129 4558 3261 4619 fides
3288 4578 3354 4619 ex
3381 4564 3587 4634 auditu,

281 4668 496 4740 ητιφη
536 4669 830 4742 negligant,
863 4684 1052 4740 preces
1089 4668 1330 4740 publicas
1360 4666 1721 4737 quotidianus,
1754 4665 1883 4721 visi-
1906 4656 1961 4719 D
1988 4654 2201 4710 auditus
2250 4663 2430 4709 autem
2464 4670 2559 4725 per
2602 4656 2850 4721 verbum,
2881 4652 3064 4723 Rom.,
3120 4671 3176 4721 ι,
3211 4656 3309 4722 17;
3360 4657 3591 4714 Auditus

282 4762 545 4820 tationem
597 4763 856 4828 ﬁdelium,
906 4763 1295 4817 inStitut’tunem
1342 4759 1876 4826 eatecltutnenorum,

280 4860 752 4913 sacraueutorum
794 4854 1235 4917 celebrationem,
1274 4852 1717 4909 nteribundorum
1764 4855 1879 4908 via-

278 4948 415 5018 Sea,
436 4950 580 5023 quod
602 4954 760 5008 unius
788 4952 945 5023 hujus
975 4951 1213 5007 muneris
1244 4960 1526 5021 praetextu,
1553 4967 1620 5006 ne
1670 4960 1883 5022 tempus

280 5040 510 5117 quidem
538 5043 640 5099 sibi
668 5059 895 5099 vacuum
949 5042 1256 5114 relinquant
1302 5043 1523 5114 reliquis
1570 5042 1883 5098 muneribus

592 5136 667 5193 is:
697 5151 760 5192 ea
792 5152 922 5192 sane
950 5137 1022 5191 ita
1047 5151 1150 5190 non
1179 5138 1303 5190 su‘nt
1332 5134 1649 5205 apostolica,
1679 5135 1748 5189 ita
1776 5146 1883 5189 non

592 5136 667 5193 is:
697 5151 760 5192 ea
792 5152 922 5192 sane
950 5137 1022 5191 ita
1047 5151 1150 5190 non
1179 5138 1303 5190 su‘nt
1332 5134 1649 5205 apostolica,
1679 5135 1748 5189 ita
1776 5146 1883 5189 non

206 5288 233 5323 ί
284 5134 986 5379 Ξὲἓὴήειὶωιίωιὶ
1027 5228 1353 5298 conformia,
1384 5238 1441 5286 ut
1485 5245 1553 5284 ne
1609 5228 1883 5299 probanda

370 5410 410 5485 ς
457 5402 595 5469 τμ-
614 5414 871 5474 Videmus
890 5431 1053 5486 porro
1079 5416 1132 5471 in
1160 5415 1263 5470 boc
1298 5414 1632 5469 audientium
1661 5411 1886 5467 doctore

278 5504 704 5587 ιεοὺειιάόὶω
729 5512 872 5567 alios
897 5526 926 5567 a
948 5511 1220 5582 Cypriane
1246 5508 1591 5581 presbyteros
1614 5523 1772 5577 quam
1790 5505 1887 5561 do-

280 5600 477 5665 m
499 5618 627 5662 esse
652 5605 943 5663 msultos.
976 5603 1232 5674 Idemque
1260 5603 1327 5658 ab
1356 5619 1420 5657 eo
1447 5601 1498 5655 itt
1528 5601 1645 5654 aliis
1672 5613 1885 5670 quoque

278 5684 481 5759 σιώ
500 5684 847 5757 observatum
864 5712 987 5755 esse
1006 5707 1089 5755 est
1110 5710 1242 5754 sane
1253 5694 1543 5752 admodum
1565 5690 1882 5759 verisimile,

506 5784 659 5853 me
678 5794 915 5866 quisque
936 5792 1276 5858 'entinuisset,
1318 5790 1373 5845 in
1402 5802 1466 5845 ea
1497 5788 1644 5842 illum
1675 5785 1889 5842 duxerit

270 5862 856 5947 imam.
881 5882 1115 5943 Proinde
1143 5884 1216 5942 ita
1243 5880 1626 5954 intelligendus
1648 5888 1733 5938 est
1762 5893 1886 5936 cum

1987 4748 2136 4813 ﬁdei,
2169 4749 2312 4813 Gal.,
2346 4765 2423 4815 ιιι,
2448 4748 2505 4815 2,
2538 4749 2607 4815 5;
2642 4747 2875 4804 Verbum
2925 4749 3137 4804 auditus
3166 4744 3283 4813 Dei,
3314 4746 3338 4803 Ι
3368 4748 3583 4815 Thess.,

1986 4860 2045 4911 ιι,
2078 4845 2166 4900 15.
2210 4843 2286 4899 Ex
2320 4845 2487 4900 veteri
2512 4854 2695 4899 autem
2752 4842 3114 4898 Instrumento
3156 4841 3378 4898 deduxit
3436 4845 3587 4915 Apo-

1989 4937 2182 5003 stolus,
2210 4934 2336 5002 lsa.,
2373 4952 2483 4998 Lm,
2516 4934 2543 4989 l
2567 4953 2581 4989 :
2607 4934 2738 5001 Quis
2768 4933 2997 4989 credidit
3032 4932 3236 4990 auditui
3260 4934 3483 4991 nastro?
3510 4934 3585 4990 Ita

1988 5029 2133 5083 enim
2163 5028 2337 5082 locum
2392 5027 2540 5080 illum
2570 5026 2815 5096 legerunt
2844 5022 3160 5081 Tertulliani
3217 5041 3431 5098 quoque
3473 5024 3583 5100 Cy-

1989 5121 2269 5192 priauique
2301 5121 2643 5189 interpretes.
2672 5118 2753 5174 Ad
2799 5119 2947 5173 illum
2996 5128 3173 5174 autent
3208 5118 3360 5176 Isaias
3407 5114 3586 5178 locum

1990 5230 2091 5273 nos
2117 5215 2489 5271 disertissimis
2519 5213 2700 5270 verbis
2731 5214 2916 5270 retulit
2952 5208 3265 5286 Apostolus,
3314 5214 3496 5282 Rom.,
3527 5231 3585 5286 ιι,

1992 5310 2081 5368 16.
2113 5304 2257 5367 Nihil
2286 5311 2389 5367 huc
2419 5300 2620 5366 faciunt
2658 5311 2895 5383 vulgaria
2940 5310 3218 5383 gentilium
3258 5311 3586 5385 ἀκροάματα,

1991 5404 2109 5477 qua:
2135 5406 2337 5460 ludicra
2372 5405 2689 5481 plerumque
2726 5413 2927 5461 essent.
2975 5403 3202 5459 Faciunt
3246 5412 3425 5460 tamen
3474 5403 3590 5461 for-

1995 5510 2137 5555 tasse
2170 5498 2611 5570 philoSOphUl'um
2642 5500 2729 5554 illa
2762 5515 2881 5571 qua:
2909 5514 3013 5553 non
3066 5497 3185 5552 aliis
3231 5499 3592 5556 crederentur

1993 5608 2153 5664 quant
2182 5593 2477 5663 initiandis,
2507 5593 2572 5648 ad
2599 5593 2825 5647 formam
2855 5590 3255 5667 mySteriorum.

2071 5686 2100 5760 ς
2138 5686 2448 5743 lt).——Illam
2476 5692 2624 5742 certe
2641 5684 3018 5756 mysteriorum
3042 5679 3268 5739 formam
3290 5698 3589 5756 repraesen-

1996 5782 2142 5838 tabat
2171 5789 2281 5837 tota
2308 5779 2824 5836 catechumenorum
2851 5775 3267 5834 erudiendorum
3299 5775 3455 5831 ratio.
3500 5774 3592 5832 Vi-

1998 5876 2156 5933 vendi
2183 5890 2376 5933 novatn
2406 5871 2635 5929 formam
2655 5870 3019 5943 suscipiebant
3054 5869 3299 5929 initiandi
3326 5864 3582 5945 (Meum,
