4230 6212
616 216 686 273 59
1663 208 2030 268 DODWELLI
2071 205 2527 265 DlSSERTATlO
2564 203 2980 264 CYPRIANICA
3856 213 3927 267 40

614 323 878 388 Ειειιείη.,
929 340 975 379 c.
1009 322 1121 396 l7).
1154 322 1226 379 Et
1245 320 1462 394 quidem
1491 322 1545 378 in
1576 336 1639 378 ea
1671 331 1816 379 totus
1853 332 1938 379 est
1965 323 2218 377 Clemens
2245 325 2289 383 Α
2323 337 2440 376 mus
2472 336 2568 377 vos
2594 332 2721 378 ante
2769 323 3075 389 consulere,
3101 330 3207 378 etc.
3236 339 3256 375 ι
3291 321 3434 394 Ergo
3464 331 3520 377 et
3549 323 3780 381 clericus
3810 337 3931 383 erat

614 416 1036 483 Alexandrinus,
1072 417 1125 471 in
1152 415 1530 485 antiquissimo
1571 415 1710 485 ejus,
1766 416 1908 486 quod
1960 416 2221 472 habemus

614 510 798 577 hodie,
831 525 997 579 Opere
1026 509 1383 575 catechetico,
1403 508 1707 579 Pa-dagogo
1736 508 2020 564 videlicet.
2053 509 2223 564 Erant

613 605 775 660 etiam
791 604 842 658 in
862 603 1171 659 Petrotnate
1190 602 1310 657 libri
1331 603 1555 657 rituales
1574 601 1848 656 initiandis
1873 601 2086 672 legendi
2114 602 2222 672 pri-

613 711 782 763 mum,
797 695 994 751 deinde
1007 694 1348 751 describendi
1366 692 1501 766 (Id.,
1518 695 1589 748 ib.
1604 735 1617 755 ,
1636 710 1683 748 c.
1703 695 1815 763 l0).
1838 695 1900 749 Et
1922 694 2138 766 quidem
2154 696 2222 751 de

611 790 861 859 baptismi
887 788 1101 857 ritibus,
1133 788 1202 843 de
1233 790 1472 854 συντάξει
1498 797 1553 844 et
1580 790 1847 854 ἀποτάξει.
1867 790 2223 844 conversione

608 878 675 934 ad
698 880 961 936 orientem
984 878 1449 951 occidentemque,
1470 890 1575 936 etc.
1589 923 1603 947 ,
1624 882 1732 951 agit
1759 882 1812 934 in
1833 879 2220 936 Catechesibus

606 975 722 1030 suis
749 974 987 1047 Cyrillus
1013 974 1540 1047 Hierosolymitanus
1568 974 1785 1042 aliique.

683 1067 820 1139 §H.
854 1097 926 1107 —
951 1064 1364 1122 Observandum
1393 1067 1628 1137 denique
1671 1065 1735 1120 ad
1767 1065 2003 1121 officium
2050 1065 2221 1137 hypo-

610 1159 933 1216 diaconatus
977 1169 1254 1231 spectasse
1303 1159 1453 1215 illum
1486 1158 1819 1215 audientium
1854 1159 2215 1214 doctoratum.

610 1249 756 1307 Idem
802 1252 999 1323 Optato
1050 1252 1365 1307 doctoratus
1417 1251 1778 1317 audientium,
1853 1252 1995 1321 quod
2056 1253 2219 1308 lectio

614 1347 808 1402 Saturo
829 1346 896 1401 ad
914 1347 1141 1417 gradum
1163 1345 1382 1401 lectoris
1406 1345 1800 1416 promovendo,
1826 1343 1992 1401 futuri
2024 1360 2219 1416 nempe

610 1440 770 1496 officii
803 1442 1069 1512 praevium
1096 1441 1551 1510 experimentum.
1577 1439 1635 1493 In
1683 1439 2048 1494 Alexandrino
2091 1463 2218 1497 κατ·

611 1542 877 1609 ηχήσεως,
919 1535 1033 1590 sive
1072 1537 1217 1612 ἱερῶν
1242 1535 1423 1608 λόγων,
1452 1531 1792 1604 διδασκαλείῳ
1843 1531 1983 1587 idem
2025 1548 2219 1587 munus

613 1626 949 1699 presbyteris
978 1624 1213 1680 fortasse
1254 1639 1639 1696 nonnunquam
1672 1626 2024 1694 assignatum.
2078 1623 2218 1679 Pan—

2327 416 2577 470 Aurelius
2604 425 2656 471 et
2686 416 2990 471 ordinatus.
3029 435 3047 467 ι
3074 415 3399 483 Merebatur,
3434 417 3629 486 inquit,
3669 419 3791 473 talis
3820 420 3932 475 cle-

2332 509 2458 564 rica:
2489 508 2844 565 ordinationis
2867 509 3149 564 inferiores
3192 508 3408 579 gradus.
3437 528 3456 561 ι
3493 502 3622 564 Erat
3670 511 3831 581 igitur
3878 519 3935 568 et

2328 598 2415 655 hic
2472 600 2690 670 quidam
2735 601 2933 673 gratius
2979 601 3191 658 clericze
3245 602 3617 657 ordinationis.
3675 602 3929 659 Rursus:

2332 709 2349 743 ι
2375 691 2527 747 Hunc
2560 693 2743 763 igitur,
2777 695 2972 750 fratres
2990 693 3328 750 dilectissimi
3359 737 3375 761 ,
3402 710 3431 750 a
3456 710 3543 751 me
3563 706 3618 751 et
3646 710 3675 749 a
3706 696 3933 767 collegis

2323 786 2413 856 qui
2447 796 2745 856 praesentes
2775 787 3022 853 aderant,
3063 786 3371 842 ordinatum
3402 787 3617 854 sciatis;
3646 788 3789 859 quod
3836 803 3932 846 vos

2324 881 2438 934 scio
2464 890 2519 934 et
2548 880 2780 936 libenter
2805 881 3082 951 amplecti,
3110 891 3165 937 et
3197 889 3386 951 optare
3422 882 3557 937 tales
3589 883 3642 937 in
3684 882 3930 939 Ecclesia

2325 979 2507 1025 nostra
2528 972 2789 1041 plurimos
2807 972 3069 1028 ordinari.
3099 993 3117 1026 ι
3146 974 3218 1029 De
3239 973 3489 1030 Celerino
3506 975 3578 1030 ita
3601 975 3704 1047 Ep.
3726 992 3928 1045 xxxw,

2323 1061 2546 1133 dignum
2612 1078 2734 1120 esse
2775 1064 2938 1121 dicit:
2972 1083 2993 1117 ι
3049 1066 3117 1123 Ut
3160 1068 3248 1137 qui
3295 1066 3600 1126 sublimiter
3648 1069 3931 1127 Christum

2323 1155 2609 1212 confessus
2629 1167 2794 1224 esset,
2823 1158 3031 1214 clerum
3056 1159 3404 1231 postmodum
3440 1159 3641 1217 Christi
3679 1163 3929 1220 ministe-

2322 1249 2418 1304 riis
2437 1251 2821 1307 ecclesiasticis
2844 1253 3152 1310 adornaret.
3182 1273 3200 1306 ι
3227 1253 3435 1311 Rursus
3456 1255 3705 1312 eumdem
3730 1276 3749 1308 ι
3770 1254 3920 1315 Cele~

2323 1343 2502 1401 rinum
2535 1344 2778 1413 fratrem,
2814 1348 3007 1420 inquit,
3041 1358 3308 1416 nostrum,
3341 1349 3631 1407 virtutibus
3653 1352 3854 1421 pariter
3871 1359 3931 1409 et

2322 1437 2562 1493 moribus
2593 1439 2912 1510 gloriosum,
2935 1440 3083 1496 clero
3101 1450 3290 1497 nostro
3315 1457 3422 1496 non
3469 1442 3705 1498 humana
3726 1442 3928 1499 suffra-

2320 1531 2555 1600 gatione,
2605 1531 2698 1587 sed
2728 1532 2910 1588 divina
2968 1532 3280 1604 dignatione
3326 1534 3697 1605 conjunctum.
3728 1557 3747 1589 ι
3780 1536 3927 1594 Idem

2322 1638 2499 1683 tamen
2526 1627 2627 1686 hac
2655 1629 2791 1699 ipsa,
2815 1646 2975 1702 quam
3000 1631 3053 1687 itt
3077 1632 3328 1687 manibus
3354 1631 3639 1701 habemus,
3669 1634 3923 1706 epistola,

608 1728 809 1778 taznutn
827 1719 989 1788 vulgo
1016 1719 1329 1774 existimant
1352 1716 1521 1772 fuisse
1546 1717 1939 1787 presbyterum,
1972 1715 2218 1788 quamvis
2247 1728 2294 1789 Β
2324 1720 2578 1777 lectorem
2624 1722 2875 1795 Optatum
2924 1726 3071 1782 clero
3121 1725 3403 1783 dumtaxat
3454 1727 3760 1798 proximum
3802 1744 3927 1785 esse

611 1812 798 1869 nescio
843 1825 973 1865 sane
1003 1819 1321 1866 velerumne
1372 1808 1639 1879 quispiam
1682 1823 1804 1863 eum
1853 1809 1923 1863 ita
1974 1809 2216 1879 appellet

610 1904 866 1980 (Euseb.,
915 1903 1053 1959 Hist.
1106 1902 1277 1968 Eccl.,
1310 1919 1363 1966 v,
1398 1903 1501 1970 10;
1534 1919 1606 1969 Vl,
1641 1904 1697 1966 ὅ,
1726 1902 1813 1973 6).
1873 1900 2210 1957 Clementem

608 1999 727 2068 ejus
753 2000 805 2054 in
837 2013 905 2053 eo
926 2013 1150 2053 munere
1184 2011 1578 2059 successorem,
1636 1995 2007 2068 presbyterum
2060 2004 2215 2050 vocat

609 2090 918 2149 Alexander
941 2090 1461 2162 Hierosolymitanus
1482 2089 1777 2159 Episcopus
1808 2088 2017 2161 (Euseb.
2034 2130 2048 2155 ,
2072 2087 2211 2143 Hist.

610 2182 767 2249 eccl.,
808 2199 886 2251 vi,
918 2182 1033 2254 ll).
1070 2183 1174 2239 Sed
1204 2182 1419 2253 quando
1445 2183 1643 2251 seripta
1678 2190 1761 2236 est
1789 2182 1856 2236 ab
1905 2180 2213 2237 Alexandro

609 2289 672 2333 ea
703 2277 952 2345 epiStola.
1001 2275 1112 2347 iam
1142 2278 1469 2332 successisse
1515 2275 1724 2332 videtur
1766 2277 1816 2330 in
1869 2275 1986 2346 ejus
2036 2276 2210 2331 locum

615 2368 908 2441 Origenes,
940 2378 998 2424 ttt
1025 2370 1252 2439 proinde
1283 2385 1388 2425 n0n
1420 2378 1631 2424 constet
1661 2367 1894 2426 fueritne
1933 2371 2213 2441 presbyter

611 2476 733 2517 cum
764 2477 988 2517 munere
1020 2462 1112 2516 illo
1141 2463 1257 2533 ipse
1284 2461 1618 2533 fungeretur.
1646 2462 1762 2517 Non
1790 2473 1968 2519 tamen
1993 2463 2214 2535 presby-

613 2553 807 2609 teratui
830 2553 881 2608 id
914 2553 1078 2610 fuisse
1105 2571 1300 2610 munus
1334 2555 1645 2611 necessario
1672 2571 1939 2611 annexum
1977 2566 2209 2624 constat,

615 2646 759 2718 quod
786 2647 852 2702 ad
884 2646 1014 2702 illud
1063 2656 1283 2704 evectus
1330 2648 1493 2703 fuerit
1522 2663 1552 2703 a
1596 2648 1869 2704 Demetrio
1926 2648 2209 2720 Origenes,

613 2750 862 2796 oetavum
915 2738 1184 2797 decimum
1241 2741 1501 2798 duntaxat
1549 2742 1724 2798 mtatis
1770 2758 1969 2797 annum
2025 2757 2210 2813 agens.

614 2850 720 2906 quo
740 2843 983 2905 tempore
1005 2852 1110 2890 non
1132 2846 1344 2891 constat
1366 2835 1448 2891 vel
1471 2835 1815 2891 inferioribus
1839 2837 2052 2907 quidem
2080 2836 2208 2905 illis,

616 2943 754 3001 quos
793 2945 892 2999 pro
921 2930 1089 2985 sacris
1121 2929 1338 2995 habent,
1387 2929 1661 2985 ordinibus
1708 2929 1872 2987 fuisse
1920 2932 2207 2987 initiatum.

616 3022 1054 3095 Presbyteratutn
1083 3031 1289 3079 certum
1327 3030 1430 3091 est,
1463 3039 1569 3078 non
1597 3032 1725 3079 ante
1776 3025 1876 3079 iter
1918 3023 2210 3079 Achaicum

2319 1813 2470 1882 dicit,
2498 1816 2743 1889 interque
2758 1833 2855 1874 eos
2878 1830 3125 1875 numerat
3145 1820 3237 1890 qtti
3258 1819 3324 1876 ad
3348 1822 3552 1877 clerum
3576 1821 3923 1893 parabantur.

2317 1907 2387 1963 Et
2418 1910 2469 1964 in
2500 1910 2745 1981 epistolis
2782 1912 2899 1983 ejus
2928 1913 3010 1970 vel
3038 1914 3167 1969 cieri
3192 1915 3433 1976 nomine.
3463 1915 3549 1971 vel
3596 1914 3663 1970 ad
3693 1915 3919 1982 clerum,

2316 2003 2476 2069 datis,
2505 2021 2765 2077 nusquam
2796 2009 3034 2064 occurrit
3057 2008 3286 2064 aliorum
3319 2010 3526 2065 mentio
3561 2018 3923 2080 praeterquam

2316 2097 2758 2167 presbyterorum
2808 2108 2971 2169 atque
3001 2100 3374 2155 diaconorum.
3428 2101 3561 2168 Quis
3607 2117 3713 2157 non
3775 2102 3925 2159 videt

2315 2206 2475 2262 quam
2503 2192 2635 2247 cleri
2668 2194 2888 2249 nomine
2927 2209 3071 2251 nunc
3122 2194 3298 2250 laxius
3321 2204 3527 2259 utatur,
3571 2210 3716 2251 nunc
3762 2196 3925 2251 stric-

2318 2290 2442 2353 tius,
2471 2302 2568 2357 pro
2590 2303 2740 2343 more
2757 2288 2966 2354 saeculi,
2993 2289 3158 2361 utqui
3192 2305 3297 2343 uno
3326 2304 3491 2345 sensu
3520 2289 3708 2345 clerici
3736 2289 3924 2359 appel-

2316 2378 2515 2446 lantur,
2538 2380 2665 2445 sint,
2696 2379 2763 2435 ad
2780 2379 2914 2437 alios
2934 2381 2980 2436 si
3008 2380 3377 2449 conferantur,
3398 2382 3550 2438 laicis
3566 2382 3922 2438 accensendi?

2314 2470 2461 2527 Idem
2484 2471 2552 2527 de
2580 2473 2974 2528 recentioribus
3021 2473 3276 2530 Ecclesiae
3298 2475 3599 2531 canonibus
3621 2475 3920 2531 observare

2317 2577 2645 2635 poteramus.
2693 2566 2801 2623 Sed
2857 2581 2957 2624 nos
3004 2566 3072 2623 de
3115 2568 3369 2640 Cypriani
3419 2568 3777 2639 temporibus,
3825 2576 3922 2625 aut

2315 2656 2480 2750 e'tjam
2526 2657 2937 2729 antiquioribus,
2992 2659 3477 2729 impraesentiarum
3508 2675 3672 2732 agere
3701 2661 3912 2717 consti-

2315 2754 2537 2805 tuimus.

2390 2842 2419 2914 §
2462 2843 2548 2899 l3.
2577 2874 2648 2885 —-—
2676 2842 2774 2899 Est
2796 2846 2958 2901 etiam
2990 2843 3366 2903 observatione
3396 2846 3593 2919 dignus
3620 2863 3740 2904 mos
3770 2848 3922 2906 illius

2320 2935 2505 2990 saaculi
2553 2935 2605 2990 in
2635 2936 2992 3008 legationibus
3038 2938 3438 2994 ecclesiasticis.
3473 2939 3643 2995 Erant
3670 2941 3813 2996 enim
3839 2941 3924 2996 di-

2314 3025 2555 3095 gnitatis,
2607 3037 2717 3082 tum
2768 3044 2954 3084 eorum
3001 3044 3032 3084 a
3074 3031 3291 3100 quibus,
3325 3041 3436 3085 tum
3463 3031 3530 3087 ad
3557 3047 3710 3105 quos.
3744 3034 3921 3089 mitte-

618 3117 720 3173 sub
749 3116 1054 3173 Alexandro
1083 3118 1307 3185 Severo,
1341 3117 1409 3172 ab
1443 3132 1510 3173 eo
1558 3116 1724 3174 fuisse
1750 3129 2083 3189 susceptum.
2121 3118 2208 3175 ld-
2241 3121 2288 3185 C
2322 3132 2529 3183 rentur.
2561 3120 3047 3178 observantissimi.
3098 3123 3280 3179 Priua
3330 3124 3584 3195 Cypriani
3623 3126 3818 3198 legatio
3847 3126 3922 3183 ad

619 3227 724 3284 que
750 3227 817 3268 eo
842 3212 1070 3268 fortasse
1107 3212 1336 3268 consilio
1365 3212 1669 3267 institutum
1699 3222 1805 3279 est,
1834 3213 1975 3285 quod
2028 3213 2219 3269 fideles

616 3322 740 3362 cum
756 3307 864 3375 jam
884 3308 936 3361 in
965 3307 1143 3361 sinum
1170 3306 1429 3362 Ecclesia:
1453 3308 1689 3376 suscepti
1722 3307 1971 3375 fuissent,
1992 3308 2221 3377 proinde

618 3397 917 3465 doctorem,
968 3399 1169 3456 habere
1216 3398 1521 3465 debuerint,
1577 3398 1670 3470 qni
1718 3400 1806 3455 vel
1861 3402 1914 3456 in
1959 3400 2218 3456 Ecclesize

620 3494 974 3549 mstimatione
1027 3504 1172 3550 esset
1217 3493 1492 3549 sacerdos.
1552 3493 1632 3549 Ad
1695 3494 2004 3551 sacerdotes
2074 3496 2216 3551 enim

620 3586 949 3659 pertinuisse
996 3586 1144 3641 illam
1189 3586 1431 3641 scientiae
1476 3587 1726 3656 gratiam,
1765 3602 1870 3658 qua
1911 3587 2216 3644 donandum

625 3678 994 3736 Teriullianus
1020 3680 1158 3736 dixit
1182 3695 1305 3735 esse
1345 3679 1646 3747 doctorem,
1681 3696 1712 3737 e
1754 3682 1953 3737 veteris
2006 3697 2221 3754 quoque

620 3768 756 3844 legis
783 3773 1116 3845 praescriptio
1141 3779 1398 3839 constat.,
1432 3771 1579 3838 Μαι,
1614 3788 1670 3838 ιι,
1703 3773 1757 3827 7.
1789 3773 1882 3828 llla
1916 3773 2060 3828 enim
2106 3773 2219 3844 ipsa

624 3864 870 3920 scientia
893 3880 1026 3920 voce
1054 3879 1183 3921 usus
1203 3873 1287 3921 est
1308 3864 1361 3920 in
1389 3879 1457 3920 eo
1478 3864 1618 3930 loco,
1648 3879 1752 3919 non
1783 3864 1942 3918 modo
1961 3875 2111 3921 vetus
2141 3866 2223 3920 in-

624 3967 835 4029 terpres
863 3958 1181 4027 hodiernus,
1206 3958 1301 4015 sed
1331 3959 1445 4032 ipse
1471 3974 1685 4030 quoque
1709 3957 2027 4032 Cyprianus.
2062 3957 2221 4017 Cate-

623 4052 907 4109 chumeuis
936 4068 1065 4109 vero
1107 4051 1439 4118 erudiendis,
1484 4053 1573 4123 qui
1606 4061 1756 4108 extra
1807 4052 2098 4108 Ecclesiam
2132 4053 2221 4109 siti

625 4155 830 4213 essent,
853 4145 983 4200 satis
1011 4154 1130 4200 erat
1176 4144 1256 4200 vel
1308 4145 1496 4209 laicus,
1542 4160 1701 4215 quem
1746 4154 1945 4209 tamen,
2003 4145 2224 4201 honoris

626 4254 809 4306 causa,
840 4239 987 4294 clero
1020 4239 1323 4308 proximum
1374 4237 1669 4308 eligebant.
1726 4236 2029 4294 Praesertim
2076 4252 2219 4305 cum,

627 4348 694 4389 ex
720 4332 786 4387 iis
805 4347 926 4402 qua:
949 4329 1015 4386 de
1033 4344 1224 4386 eorum
1254 4327 1521 4384 sententia
1546 4329 1795 4399 superius
1810 4328 2220 4401 disputavimus,

626 4435 840 4483 constet
865 4425 949 4480 vel
983 4424 1172 4493 vulgus
1199 4421 1619 4478 christianorum
1665 4423 1735 4477 ita
1782 4424 2054 4479 extraneis
2099 4422 2221 4492 qni-

2322 3209 2596 3267 Romanos
2625 3228 2720 3283 per
2744 3212 3103 3270 Clementium
3132 3214 3565 3287 hypodiaconum
3593 3219 3756 3274 missa
3791 3228 3919 3288 est;

2322 3304 2478 3373 cujus
2509 3305 2841 3361 mentionem
2891 3305 3151 3362 habemus
3179 3306 3279 3378 Ep.
3314 3323 3394 3374 ιιι,
3424 3324 3498 3374 tv,
3530 3324 3619 3364 xv.
3674 3310 3928 3368 Secunda

2326 3395 2443 3453 haec
2486 3403 2570 3451 est
2597 3396 2664 3451 ad
2692 3396 2897 3452 clerum
2927 3412 3209 3453 romanum
3243 3413 3341 3469 per
3369 3399 3625 3455 Saturum
3656 3400 3926 3459 lectorem

2323 3488 2681 3558 Optatutuque
2706 3487 3157 3560 hypodiaconutn.
3193 3490 3433 3546 Meminit
3462 3494 3563 3547 hac
3591 3490 3705 3562 ipsa
3738 3493 3835 3563 Ep.
3869 3502 3930 3550 et

2320 3597 2470 3649 nix,
2497 3597 2665 3637 nm.
2700 3581 2901 3648 Tertia,
2928 3583 2995 3639 ad
3024 3584 3274 3639 eumdem
3302 3584 3504 3640 clerum
3534 3600 3631 3655 per
3652 3584 3927 3642 Fortuna-

2323 3684 2434 3731 tum
2466 3675 2895 3746 hypodiacouutn
2922 3717 2936 3740 ,
2984 3675 3088 3746 Ep.
3131 3692 3260 3732 xxx.
3304 3676 3503 3744 Quarta
3546 3676 3827 3733 Novatiani
3854 3678 3928 3735 ad

2322 3764 2648 3839 Cyprianum
2680 3768 2747 3823 de
2771 3769 3113 3825 ordinatione
3138 3785 3235 3826 sua
3265 3785 3361 3841 per
3378 3770 3666 3825 Maximum
3697 3770 3927 3842 prcsby-
3960 3778 3963 3787 ’

2325 3869 2533 3925 terum,
2583 3868 2639 3916 et
2679 3860 3001 3932 Augendum
3052 3860 3359 3929 diaconum,
3414 3859 3710 3916 Machaeutn
3758 3862 3930 3919 etiam

2323 3950 2606 4022 quemdam
2637 3960 2798 4022 atque
2818 3952 3138 4025 Longinum,
3171 3956 3260 4025 qui
3290 3953 3444 4025 cujus
3468 3953 3674 4010 ordinis
3704 3953 3928 4022 fuerint,

2326 4059 2433 4101 non
2477 4053 2711 4113 constat,
2758 4046 2860 4117 Ep.
2889 4063 2999 4103 xu.
3033 4048 3232 4115 Quinta
3273 4046 3529 4121 Cypriani
3561 4064 3684 4106 cum
3714 4048 3930 4122 synodo

2324 4139 2392 4196 ad
2409 4140 2791 4211 explorandam
2812 4140 3052 4199 Cornelii
3067 4143 3465 4201 ordinationem
3490 4160 3585 4215 per
3604 4144 3930 4202 Caldonium

2326 4229 2788 4305 Fortunatumque
2815 4235 3120 4307 episcopos,
3152 4234 3250 4305 Ep.
3280 4250 3392 4302 xu,
3441 4250 3573 4304 xui,
3604 4251 3731 4291 xu.
3761 4234 3931 4294 Sexta

2325 4325 2581 4398 Cypriani
2601 4329 2846 4400 privatim
2868 4329 2936 4385 ad
2957 4328 3269 4386 Cornelium
3295 4344 3392 4401 per
3417 4328 3750 4387 Primitivutn
3775 4346 3934 4402 pres—

2328 4420 2599 4492 byterum,
2646 4422 2748 4494 Ep.
2800 4438 2911 4480 xu.
2968 4423 3207 4495 Septima
3253 4423 3510 4493 Ejusdem
3551 4424 3619 4480 ad
3670 4425 3931 4483 eumdem

626 4518 815 4576 httsvis
841 4517 1128 4573 sanctitate
1156 4514 1540 4585 praecelluisse,
1564 4522 1624 4568 ut
1643 4524 1825 4569 essent
1849 4515 2063 4582 merito,
2082 4515 2126 4570 si
2155 4515 2223 4571 ad
2246 4519 2300 4583 1)
2326 4528 2423 4584 per
2450 4514 2692 4572 Mettium
2732 4516 3186 4590 hypodiaconum,
3248 4527 3304 4573 et
3350 4517 3710 4586 Nicephorum
3740 4520 3933 4591 acoly-

626 4612 747 4670 illos
764 4609 1163 4676 conferrentur,
1194 4623 1292 4680 pro
1316 4607 1685 4664 sacerdotibus
1712 4606 1962 4663 habendi.

703 4706 731 4779 §
762 4704 851 4761 12.
872 4735 945 4747 ——
964 4702 1373 4760 Observandum
1407 4702 1648 4770 insuper,
1680 4716 1746 4756 ex
1770 4700 1958 4757 eodem
1987 4700 2089 4757 hoc
2114 4702 2224 4774 Cy-

627 4798 807 4873 priani
832 4798 972 4861 loco,
1007 4795 1242 4853 lectores
1265 4795 1426 4851 etiam
1453 4804 1613 4864 atque
1636 4793 2038 4865 hypodiaconos
2063 4810 2228 4867 gene-

627 4891 733 4951 rali
755 4890 1077 4948 clericorum
1125 4888 1278 4944 titulo
1323 4887 1554 4944 censeri.
1588 4886 1643 4941 Id
1682 4900 1812 4943 sane
1862 4888 2053 4956 innuit,
2106 4905 2225 4946 cum

628 5002 726 5060 per
754 4986 985 5042 clericos
1032 4983 1098 5041 ad
1139 4998 1419 5041 romanum
1459 4983 1663 5039 clerum
1713 4982 2056 5039 scribendum
2108 4998 2229 5040 esse

626 5082 778 5149 dicit,
808 5095 981 5152 eaque
1002 5081 1115 5150 ipsa
1142 5078 1213 5134 de
1239 5092 1424 5145 causa,
1459 5078 1714 5133 lectorem
1741 5074 1912 5133 fuisse
1947 5077 2228 5143 Saturum.

629 5174 1065 5249 hypodiaconum
1088 5186 1219 5227 vero
1245 5171 1500 5240 Optatum
1528 5186 1558 5224 a
1585 5184 1645 5226 se
1658 5170 2028 5225 constitutum.
2054 5168 2229 5226 Simili

630 5270 881 5340 exemplo
908 5265 1217 5323 Feliciantts
1241 5266 1523 5337 acolythus
1539 5264 1768 5322 clericus
1792 5266 1990 5322 dicitur
2007 5265 2106 5337 Ep.
2135 5280 2225 5320 ιγ.

631 5362 784 5432 Quod
812 5364 973 5417 etiam
1001 5361 1067 5418 ad
1111 5362 1342 5417 lectores
1368 5360 1581 5429 attinet,
1632 5361 1721 5431 qui
1770 5369 1948 5415 tamen
2003 5359 2229 5416 inferior

630 5465 750 5516 erat
779 5453 1206 5527 hypodiaconatu
1236 5452 1455 5524 gradus,
1486 5463 1697 5509 constat
1727 5453 1866 5509 idem
1892 5468 1959 5509 ex
1984 5452 2227 5523 ejusdem

630 5547 878 5622 epistolis
903 5544 971 5602 de
1016 5546 1236 5603 Aurelio
1264 5555 1320 5601 et
1360 5545 1608 5603 Celerino
1650 5548 1719 5601 ad
1749 5544 2011 5602 honorem
2065 5544 2231 5601 lecto-

624 5648 779 5700 ratus
802 5654 832 5694 a
859 5654 920 5694 se
947 5640 1234 5710 provectis.
1256 5639 1330 5695 De
1349 5637 1571 5697 Aurelio
1588 5640 1659 5696 ita
1673 5639 1881 5705 scribit,
1913 5639 2229 5709 Ep.xxxnt:

623 5731 732 5792 «1η
762 5730 1200 5798 ordinationibus
1227 5733 1458 5804 clericis,
1503 5735 1697 5796 fratres
1715 5731 2041 5804 cltarissimi,
2087 5731 2229 5792 sole-

2330 4609 2499 4677 thutn,
2537 4609 2639 4681 Ep.
2688 4625 2818 4678 xui,
2874 4626 3024 4678 mn,
3049 4627 3195 4668 thv.
3225 4609 3423 4665 Octava
3450 4609 3688 4666 Cornelii
3715 4611 3782 4667 ad
3822 4610 3935 4686 Cy-

2332 4704 2575 4772 prianum
2626 4719 2719 4775 per
2766 4704 3081 4775 Augendutn
3128 4703 3536 4772 confessorem,
3579 4702 3681 4774 Ep.
3733 4721 3930 4763 XLVIII.

2332 4797 2501 4866 Quem
2551 4809 2727 4854 tamen
2774 4799 2864 4856 ille
2892 4800 3070 4855 locum
3115 4798 3169 4854 in
3219 4797 3464 4854 Ecclesia
3493 4800 3791 4855 obtinuerit
3815 4816 3932 4857 non

2334 4892 2523 4962 liquet.
2554 4890 2704 4946 Nona
2758 4892 3048 4947 Antoniani
3076 4890 3145 4946 ad
3169 4890 3496 4962 Cyprianum
3547 4906 3643 4960 per
3666 4891 3933 4958 Quintum

2335 4984 2732 5055 presbyterum,
2770 4984 2865 5058 Ep.
2910 5000 2999 5041 ιιι.
3056 4984 3270 5038 Decima
3311 4982 3546 5039 Cornelii
3591 4983 3657 5038 ad
3700 4982 3934 5054 Cyprias

2335 5093 2463 5133 num
2487 5094 2582 5150 per
2603 5079 2855 5133 Saturum
2881 5077 3211 5149 acolythum,
3238 5076 3338 5146 Ep.
3395 5092 3481 5131 LV.
3509 5075 3804 5133 Undecima
3829 5075 3937 5151 Cy-

2335 5169 2507 5241 priani
2536 5168 2601 5224 ad
2629 5167 2940 5225 Cornelium
2971 5184 3064 5239 per
3092 5165 3421 5222 Felicianum
3454 5168 3787 5241 acolytltum.
3821 5169 3932 5243 Ep.

2335 5262 2457 5318 ead.
2508 5261 2834 5319 Duodecima
2880 5260 3156 5332 Pomponii
3198 5258 3437 5330 episcopi
3485 5260 3551 5315 ad
3597 5261 3931 5335 Cyprianum

2331 5371 2454 5413 cum
2480 5357 2687 5430 synodo
2712 5374 2805 5429 per
2833 5356 3120 5413 Paconium
3150 5355 3391 5423 fratrem,
3423 5354 3525 5428 Ep.
3554 5374 3683 5425 an;
3710 5357 3803 5414 sed
3827 5372 3937 5413 ncc

2332 5451 2449 5521 ejus
2478 5451 2709 5521 dignitas
2737 5458 3087 5505 memoratur.
3119 5447 3297 5503 Tertia
3329 5447 3537 5505 decima
3566 5449 3936 5506 Eeclcsiarum

2336 5544 2698 5601 Asturicensis
2720 5554 2774 5600 et
2800 5543 3152 5601 Emeritensis
3183 5558 3276 5614 per
3315 5545 3602 5618 episcopos
3626 5558 3753 5598 suos
3784 5540 3937 5597 Feli-

2334 5653 2452 5694 cem
2479 5647 2533 5694 et
2565 5637 2847 5704 Sabinum,
2878 5636 3051 5708 Epist.
3107 5652 3291 5694 vatn.
3338 5639 3394 5695 in
3441 5653 3504 5696 ea
3541 5651 3702 5693 causa
3732 5650 3834 5707 qua
3861 5633 3939 5691 de

2338 5731 2458 5802 ipso
2487 5730 2658 5790 fuerat
2696 5731 3009 5804 episcopatu
3038 5731 3417 5805 disceptatum.
3458 5730 3745 5805 Subrogati
3783 5726 3936 5789 enim
