4230 6212
231 188 305 246 ιι
1284 192 1293 201 ’
1361 195 1449 254 DE
1472 196 1947 261 PRESBYTERIS
1988 203 2432 265 DOCTURIBUS.
3477 224 3551 281 l2

232 313 393 361 erant
431 302 485 359 hi
522 299 576 358 in
618 302 769 360 locos
810 302 1077 362 Martialis
1121 313 1177 362 et
1204 305 1457 366 Basilidis
1486 311 1837 371 Libellatico-
1866 323 1918 383 Λ
1944 319 2200 385 obierint,
2244 319 2446 376 factum
2477 320 2529 377 id
2556 335 2665 378 non
2687 331 2772 380 est
2802 326 2902 382 nisi
2931 327 3229 396 rarissime,
3264 333 3551 406 causisque

230 419 378 460 rum.
411 402 612 472 Quarta
644 402 848 458 decima
874 421 888 457 :
914 401 1099 471 Quinti
1131 404 1382 476 Episcopi
1410 407 1742 464 Mauritania:
1771 411 1838 467 ad

230 496 563 569 Cyprianum
593 497 874 567 primatem
915 512 1013 567 per
1042 496 1339 554 Lueianmu
1387 500 1522 556 forte
1552 504 1837 576 presbyte-

227 604 375 654 rum,
406 589 509 661 Ep.
534 606 676 646 usi.
702 590 899 660 Quinta
923 590 1134 647 decima
1159 610 1173 647 :
1201 593 1479 665 Cypriani,
1511 596 1605 652 sed
1651 601 1836 667 totius,

229 693 292 739 ut
322 684 532 741 videtur
553 727 570 751 ,
617 685 878 741 Ecclesia:
902 685 1153 749 africana:
1183 687 1401 745 nomine
1425 731 1440 753 ,
1471 689 1537 745 ad
1568 690 1841 747 Firmilia-

228 794 362 836 num
388 776 744 849 Cappadocia:
770 778 1113 849 primarium,
1148 788 1206 834 ut
1232 780 1468 846 videtur,
1498 784 1835 854 episcopum,

230 885 332 940 per
349 868 703 941 Rogatianum
724 869 1039 934 diaconum.
1068 870 1167 942 Ep.
1198 887 1358 927 Lxxv.
1390 872 1563 929 Sexta
1590 873 1835 931 decima:

230 961 472 1018 Tandem
500 961 802 1034 eademque
828 963 1016 1019 ultima
1062 963 1318 1035 Cypriani
1364 965 1535 1037 ipsius
1579 967 1632 1022 in
1675 969 1839 1024 exilio

223 1054 340 1127 jam
369 1055 650 1112 constituti
677 1055 746 1111 ad
796 1056 1035 1128 collegas
1057 1057 1245 1114 itidem
1267 1058 1557 1130 episcopos
1585 1060 1838 1116 eosdem-

225 1165 338 1222 que
367 1151 420 1205 in
454 1149 688 1206 metallis
717 1160 1001 1206 versantes
1023 1191 1040 1218 ,
1076 1166 1172 1221 per
1201 1150 1501 1208 Victorium
1536 1152 1836 1209 Herennia-

225 1258 359 1298 num
411 1240 869 1315 hypodiaconum,
911 1241 1211 1312 Lucanum,
1238 1244 1526 1301 Maximum
1550 1254 1606 1302 et
1633 1248 1839 1302 Aman-

228 1336 363 1390 tium
393 1335 702 1409 acolythos,
728 1335 829 1406 Ep.
860 1351 1086 1403 Lxxvm,
1113 1353 1295 1404 um,
1324 1354 1491 1394 Lxxx.

310 1427 337 1499 §
365 1428 452 1483 14.
480 1426 724 1483 Notanda
749 1438 928 1484 autem
957 1429 1045 1484 illa
1071 1430 1323 1501 Cypriani
1342 1432 1537 1487 verba:
1567 1450 1586 1484 ε
1615 1432 1680 1488 Et
1705 1448 1841 1504 quo-

226 1520 380 1579 niam
396 1521 637 1592 oportuit
654 1535 743 1576 me
763 1536 860 1592 per
885 1522 1116 1578 clericos
1142 1523 1407 1591 scribere,
1440 1544 1459 1577 ι
1480 1534 1587 1581 etc.
1616 1525 1696 1581 Ex
1722 1528 1840 1596 qui-

224 1613 335 1670 bus
359 1620 586 1681 constat,
613 1628 713 1684 pro
739 1615 923 1671 smculi
954 1614 1100 1671 illius
1128 1633 1312 1684 more,
1345 1619 1642 1690 legationes
1664 1619 1840 1675 eccle-

1943 413 2145 485 alioqui
2171 414 2527 486 gravissimis.
2562 417 2619 472 ln
2644 418 2911 491 legatione
2937 423 3096 479 tertia
3119 424 3350 490 decima,
3386 442 3549 483 causa

1942 506 2230 562 manifesta
2263 517 2367 563 est.
2419 508 2474 563 In
2505 510 2691 580 quinta
2720 512 2881 567 etiam
2917 514 3105 571 facilis.
3143 515 3273 571 Erat
3295 519 3436 573 enim
3469 518 3551 573 in-

1943 608 2029 655 ter
2052 601 2339 672 episcOpos
2389 602 2800 675 disceptandum
2829 607 3143 667 Cornelium
3178 624 3339 683 atque
3370 613 3552 669 Nova-

1942 692 2169 746 tianttm.
2202 694 2335 750 Erat
2373 696 2537 751 etiam
2564 696 2631 753 de
2660 698 2855 756 litteris
2894 700 3139 757 formatis
3183 704 3235 758 in
3273 714 3548 776 posterum

1941 782 2137 839 dandis
2179 788 2509 854 cavendum,
2542 805 2770 860 quarum
2801 808 2964 849 omne
2988 798 3371 853 commercium
3414 799 3557 855 inter

1940 874 2079 930 alios
2128 892 2235 933 non
2288 886 2409 933 erat
2453 895 2613 949 quam
2660 883 2967 953 episcopos.
3016 886 3156 955 Quid
3184 889 3326 959 quod
3357 889 3549 961 synodi

1940 966 2198 1024 africanm
2226 970 2390 1025 etiam
2432 973 2612 1028 missa:
2652 985 2799 1048 sunt,
2832 987 2886 1032 et
2914 977 2979 1033 ad
3010 980 3301 1051 synodum,
3334 984 3552 1053 provin-

1940 1060 2039 1115 cia:
2071 1063 2327 1119 nimirum
2373 1066 2682 1137 episcopos,
2730 1068 2798 1125 ad
2829 1087 2964 1141 quos
3004 1075 3283 1144 spectabat
3311 1077 3553 1147 episcopi

1941 1155 2150 1209 romani
2182 1156 2474 1213 ordinatio.
2502 1158 2706 1231 Synodi
2734 1163 2878 1218 enim
2907 1167 3147 1232 nomine,
3194 1168 3267 1222 uti
3314 1185 3342 1222 a
3374 1171 3552 1240 genti-

1942 1244 2072 1300 lium
2102 1262 2203 1303 usu
2235 1249 2299 1303 ad
2329 1248 2661 1307 christianos
2695 1259 2988 1324 emanavit,
3020 1260 3357 1316 sacerdotum
3380 1262 3550 1318 colic-

1940 1338 2025 1409 gia
2073 1356 2304 1412 quicque
2349 1342 2466 1399 sive
2515 1343 2885 1404 fraternitates
2929 1351 3290 1420 appellantur,
3337 1354 3451 1409 sive
3498 1353 3552 1409 in

1941 1435 2298 1492 conventibus
2325 1477 2339 1501 ,
2381 1437 2503 1492 sive
2548 1442 2712 1495 etiam
2753 1442 2973 1513 singuli.
3010 1443 3119 1500 Nec
3148 1445 3346 1501 desunt
3387 1447 3550 1503 etiam

1939 1529 2082 1598 apud
2114 1530 2412 1587 ECclesiam
2455 1533 2615 1603 hujus
2658 1534 3067 1606 significationis
3113 1541 3395 1612 exempla,
3425 1543 3470 1596 si
3498 1541 3553 1598 id

1940 1621 2413 1693 inpraesentiarum
2445 1642 2686 1699 agerem.

223 1709 477 1765 siastieas
534 1724 641 1764 non
689 1709 812 1764 aliis
850 1725 1011 1779 quam
1052 1711 1264 1768 clericis
1296 1711 1464 1769 fuisse
1508 1712 1832 1769 credendas.
1864 1722 1912 1784 Β
2015 1715 2043 1787 §
2080 1718 2168 1774 l5.
2196 1719 2273 1774 ita
2301 1721 2519 1792 quidem
2562 1737 2620 1778 se
2647 1738 2735 1779 res
2766 1723 2951 1780 habuit
2977 1725 3235 1799 legatoria
3264 1738 3422 1785 aetate
3444 1731 3553 1804 Cy-

224 1800 290 1857 ld
322 1801 519 1857 factum
548 1800 789 1859 fortasse
821 1813 1107 1875 propterea
1132 1820 1239 1875 quo
1263 1805 1438 1876 major
1466 1806 1601 1864 fides
1633 1808 1838 1862 nuntiis

226 1892 373 1949 ultro
423 1893 670 1966 citroque
716 1896 1023 1952 referendis
1067 1898 1376 1954 accederet.
1420 1898 1479 1954 ω
1526 1899 1650 1955 tulit
1689 1912 1838 1957 certe

223 1990 514 2060 aegerrime
544 1988 847 2062 Cyprianus
891 2006 1016 2047 eum
1068 1992 1167 2063 Ep.
1218 2009 1275 2048 ut
1312 1993 1444 2049 cleri
1475 1995 1684 2050 romani
1717 2009 1839 2050 sus-

226 2090 451 2153 pectam
482 2082 737 2151 haberet,
764 2084 1014 2141 laborare
1041 2085 1112 2140 ita
1139 2087 1383 2157 epi3tola:
1410 2087 1622 2144 clerica:
1651 2088 1855 2155 fidem,

227 2187 304 2230 ne
332 2174 612 2231 mendacio
639 2175 870 2234 fortasse
897 2178 1079 2249 aliquo
1106 2188 1161 2234 ct
1184 2178 1375 2235 fraude
1395 2190 1651 2251 corrupta
1668 2188 1834 2237 esset.

226 2268 356 2326 Scio
383 2271 634 2342 equidem
682 2272 970 2343 epistolam
1018 2273 1272 2337 elericam
1308 2282 1415 2328 tam
1449 2272 1631 2329 vocari
1677 2287 1839 2344 posse

229 2365 380 2423 illam
410 2382 531 2439 qua:
578 2382 607 2422 a
660 2366 808 2423 clero
837 2382 1066 2423 romano
1114 2367 1318 2438 scripta
1364 2375 1512 2422 esset
1554 2363 1683 2439 (Ep.
1714 2366 1836 2436 1v),

225 2476 389 2532 quam
420 2477 541 2533 qua:
568 2460 870 2517 Clementio
909 2460 1307 2533 hypodiacono,
1342 2460 1443 2531 ipsi
1483 2473 1699 2531 quoque
1728 2457 1842 2514 cle-

226 2553 372 2621 rico,
398 2553 580 2624 legato
612 2553 827 2609 tradita.
854 2552 961 2610 Sed
989 2569 1116 2610 vero
1145 2554 1318 2609 nuntii
1343 2553 1448 2609 hoc
1471 2553 1523 2607 in
1550 2553 1673 2609 loco
1705 2551 1841 2608 fides

225 2644 403 2701 solius
428 2686 445 2713 ,
481 2661 589 2702 non
613 2646 741 2702 item
772 2646 863 2703 illa
891 2647 1239 2704 scribentium
1261 2689 1276 2712 ,
1312 2648 1364 2703 in
1393 2646 1618 2702 dubium
1650 2655 1841 2703 vocata

224 2749 335 2796 est.
367 2740 512 2812 Ergo
539 2740 723 2797 clerici
757 2751 908 2798 erant
953 2742 1032 2797 illi
1072 2757 1285 2815 quoque
1310 2741 1471 2813 legati
1515 2741 1581 2798 de
1608 2756 1838 2814 quorum

226 2836 497 2908 dignitate
523 2837 678 2894 aliter
700 2853 804 2893 non
834 2847 1065 2894 constat.
1097 2839 1163 2894 Et
1186 2836 1453 2910 acolytbi,
1479 2847 1532 2893 et
1560 2838 1605 2894 si
1628 2837 1719 2909 qui
1749 2836 1842 2892 alii

230 2929 555 2987 inferiorum
585 2930 836 2987 ordinum
867 2932 1125 2998 ministri,
1157 2931 1454 3002 legationes
1479 2930 1737 2997 obierint,
1768 2929 1838 2985 il-

224 3022 315 3080 los
340 3037 557 3096 quoque
584 3025 727 3081 inter
754 3025 1008 3090 clericos,
1038 3024 1142 3080 hoc
1167 3024 1287 3095 ipso
1313 3024 1473 3080 etiam
1496 3031 1839 3095 argumento,

1942 1809 2137 1880 priani.
2171 1810 2343 1867 Erant
2393 1814 2563 1870 etiam
2610 1818 2886 1873 nonnulla:
2921 1818 3194 1891 Cypriano
3223 1824 3554 1894 antiquiores

1942 1902 2242 1975 legationes
2267 1906 2336 1962 ad
2368 1910 2614 1966 eamdem
2640 1909 2868 1966 formam
2896 1928 3197 1983 expressa'.
3225 1915 3459 1987 Legatus
3487 1916 3556 1972 ab

1944 1999 2256 2058 Alexandro
2303 2002 2798 2077 llierosolyntitano
2844 2008 3085 2063 antistite
3133 2008 3374 2082 (Euseb.,
3405 2010 3549 2065 Hist.

1941 2094 2093 2162 eccl.,
2125 2112 2198 2159 γι,
2233 2096 2323 2165 ll)
2363 2096 2565 2151 missus
2603 2108 2683 2152 est
2719 2097 2980 2154 Ecclesia:
3007 2100 3360 2158 Antiochense
3387 2104 3551 2159 totius

1941 2187 2117 2260 Syria:
2140 2189 2410 2259 primaria:
2443 2190 2552 2262 (cui
2574 2200 2629 2248 et
2656 2190 2841 2246 Judzra
2870 2192 3127 2248 attributa
3155 2194 3261 2267 est)
3292 2195 3553 2252 Clemens

1943 2283 2347 2341 Alexandrinus
2393 2287 2676 2359 presbyter
2695 2328 2710 2352 ,
2754 2287 2850 2342 sed
2878 2288 3048 2343 solus.
3080 2288 3246 2346 Plane
3274 2290 3340 2344 ad
3370 2306 3556 2345 exem-

1944 2378 2087 2449 plum
2131 2378 2412 2449 legationis
2440 2389 2647 2450 quartm
2679 2379 2927 2435 deoimau
2974 2380 3207 2452 Legatus
3253 2391 3372 2436 erat
3400 2397 3550 2437 mar-

1943 2479 2119 2542 tyrum
2188 2471 2604 2541 lugdunensium
2637 2471 3121 2543 vicnnensiumque
3169 2472 3236 2528 ad
3289 2459 3550 2530 Eleuthe-

1943 2578 2063 2618 rum
2110 2578 2392 2618 romanum
2439 2563 2749 2633 pontificem
2799 2564 3087 2637 presbyter
3139 2565 3375 2623 lrenmus
3426 2568 3553 2637 (nec

1944 2655 2090 2710 enim
2122 2664 2207 2711 est
2249 2654 2391 2725 quod
2420 2656 2738 2728 cpisc0pum
2769 2656 2920 2711 illum
2947 2668 3073 2714 tunc
3106 2660 3370 2730 temporis
3394 2660 3555 2717 faciat

1946 2747 2283 2819 Blondellus)
2303 2749 2417 2819 ipse
2434 2748 2618 2805 itidem
2634 2750 2779 2805 solus
2804 2748 3041 2820 (Euseb.,
3064 2750 3197 2805 Hist.
3216 2754 3365 2816 ccrl.,
3392 2770 3445 2818 v,
3465 2755 3547 2823 4).

1945 2842 2185 2898 Aliarum
2218 2842 2566 2911 legationum,
2601 2853 2659 2897 ut
2685 2853 2836 2915 puto,
2869 2859 2973 2900 non
3009 2844 3275 2901 habemus
3298 2847 3552 2918 exempla

1945 2950 2119 3007 usque
2133 2935 2199 2991 ad
2220 2945 2462 3005 tempora
2487 2936 2771 3009 Polycarpi
2789 2936 3151 3008 atquelguatii
3169 2938 3187 3008 (
3205 2937 3322 2992 Vid.
3351 2936 3553 3005 ναίει,

1948 3029 2077 3085 Not.
2108 3031 2163 3085 in
2193 3031 2362 3086 locum
2396 3030 2646 3101 Eusebii).
2694 3029 2808 3086 Illa:
2838 3030 3018 3102 itaque
3062 3039 3120 3086 ut
3147 3046 3205 3087 se
3234 3030 3553 3099 habuerint,

227 3128 549 3176 numeratos
597 3111 768 3177 fu'isse
806 3135 1031 3176 necesse
1077 3128 1180 3176 est.
1212 3118 1440 3174 Notetur
1481 3119 1642 3174 etiam
1672 3118 1841 3189 pluri-
1865 3121 1913 3187 C
1945 3137 2044 3195 age
2069 3122 2451 3192 despiciamus.

226 3228 349 3269 mas
399 3213 702 3285 legationes
750 3212 964 3269 duobus
1012 3212 1204 3284 legatis
1256 3210 1427 3269 fuisse
1479 3211 1839 3279 commissas,

226 3309 538 3380 praesertim
602 3308 1018 3364 transmarinas.
1075 3306 1230 3376 Quod
1302 3306 1447 3363 enim
1506 3304 1843 3361 Novatianus

226 3410 465 3471 quatuor
514 3400 750 3468 miserit,
797 3400 852 3457 id
898 3400 1294 3457 benevolentia:
1341 3397 1625 3470 captanda:
1670 3398 1843 3469 gratia

228 3494 435 3552 factum
456 3509 581 3552 esse
603 3493 886 3567 probabile
911 3504 1014 3551 est.
1045 3493 1192 3550 Idem
1223 3493 1452 3550 fortasse
1480 3492 1548 3547 de
1574 3491 1845 3563 legatione

230 3588 300 3644 ad
320 3596 620 3659 .martyras
661 3586 1005 3642 statuendum
1029 3627 1045 3654 ,
1078 3592 1309 3656 quatuor
1338 3583 1465 3639 illos
1499 3583 1710 3655 legatos
1756 3582 1841 3639 vel

232 3682 288 3739 in
340 3692 639 3756 martymm
672 3680 937 3738 honorem
966 3696 1089 3738 esse
1115 3680 1335 3747 missos,
1383 3678 1472 3734 vel
1504 3677 1648 3749 quod
1678 3677 1844 3733 variis

233 3775 286 3832 in
320 3776 458 3832 locis
503 3786 772 3847 martyres
818 3772 1097 3830 constituti
1127 3780 1351 3837 essent,
1396 3770 1482 3825 vel
1526 3785 1634 3842 quo
1666 3770 1847 3841 plures

232 3868 493 3925 adessent
519 3867 643 3924 fidei
677 3877 845 3924 testes
887 3867 941 3922 in
983 3866 1243 3923 Ecclesia:
1272 3865 1637 3938 eleemosyuis
1662 3864 1846 3920 distri-

235 3960 496 4019 buendis.
526 3962 693 4019 Erant
720 3961 888 4027 enim,
917 3960 973 4016 in
996 3961 1087 4017 illa
1114 3960 1277 4017 etiam
1308 3969 1489 4029 :ctate,
1520 3960 1720 4030 alioqui
1750 3974 1848 4014 au-

233 4070 366 4122 rea,
389 4054 545 4111 mala:
569 4054 685 4111 fidei
702 4055 953 4127 exempla
968 4056 1021 4109 in
1040 4069 1101 4111 re
1121 4055 1452 4126 pecuniaria.
1478 4052 1627 4109 Talis
1650 4053 1843 4120 fuerat,

233 4147 293 4204 in
325 4146 444 4218 ipsa
485 4145 646 4203 etiam
673 4146 925 4204 Ecclesia
964 4145 1202 4203 africana
1253 4148 1540 4220 presbyter
1583 4146 1843 4214 Novatus,

233 4240 340 4312 Ep.
371 4256 523 4298 χιιι.
571 4240 720 4298 Talis
762 4240 1155 4309 Felicissitnus,
1189 4240 1292 4311 Ep.
1319 4255 1545 4297 xxxvnt.
1575 4238 1720 4295 Talis
1746 4238 1846 4294 de-

235 4334 406 4407 nique
431 4334 579 4407 (quis
602 4333 921 4405 crederet!)
973 4332 1317 4389 Nicostratus
1356 4332 1474 4403 ipse
1503 4332 1767 4388 diaconus
1794 4340 1850 4387 et

232 4429 548 4495 confessor,
577 4426 681 4498 Ep.
711 4443 894 4493 sum,
917 4444 1069 4484 κως.
1104 4426 1162 4483 id
1188 4427 1350 4483 etiam
1378 4426 1848 4483 animadversione

2020 3217 2048 3288 §
2106 3215 2195 3271 16.
2228 3215 2295 3270 Et
2322 3215 2537 3286 quidem
2578 3213 2806 3285 epistola
2840 3214 3094 3270 Ecclesia:
3125 3216 3454 3287 smyrucnsis
3484 3215 3555 3273 ad

1945 3306 2401 3363 Philomelienses
2425 3308 2494 3363 de
2516 3308 2774 3379 martyrio
2800 3306 3107 3379 Polycarpi,
3132 3309 3331 3379 scripta
3352 3317 3437 3365 est
3458 3325 3554 3381 per

1945 3400 2181 3457 Marcum
2200 3399 2483 3472 quemdam
2504 3400 2748 3465 fratrem,
2770 3400 2840 3473 ad
2865 3400 3090 3456 formam
3114 3402 3398 3473 legationis
3413 3403 3555 3460 duo-

1948 3497 2171 3553 decima:
2188 3512 2345 3566 quem
2366 3496 2563 3552 latinus
2578 3505 2735 3553 vetus
2752 3496 3020 3567 interpres
3034 3495 3353 3552 Martianum
3373 3498 3555 3567 appel-

1947 3590 2042 3659 lat,
2062 3590 2130 3647 de
2149 3589 2304 3659 cuius
2328 3590 2379 3645 in
2405 3588 2649 3645 Ecclesia
2683 3589 2804 3643 loco
2831 3589 2964 3645 nihil
2990 3598 3223 3645 constat.
3254 3589 3356 3644 Par
3379 3589 3554 3647 estde

1947 3684 2255 3742 Crescentis
2285 3685 2406 3740 loco
2425 3683 2721 3749 silentium,
2742 3698 2850 3754 quo
2883 3685 3073 3740 nuntio
3102 3700 3229 3740 usus
3256 3694 3341 3741 est
3363 3686 3413 3741 in
3438 3685 3552 3754 illa,

1948 3793 2108 3849 quam
2137 3776 2203 3833 ad
2235 3777 2612 3848 Philippenses
2655 3775 2840 3840 dedit,
2874 3777 3116 3847 Epistola
3150 3778 3267 3849 ipse
3297 3779 3555 3852 Polycar-

1948 3885 2070 3941 pus.
2090 3871 2347 3941 Epistola:
2370 3868 2561 3940 lgnatii
2583 3868 2715 3943 (Ep.
2735 3872 2806 3925 ad
2829 3870 3041 3943 Smyrn.
3060 3915 3076 3939 ,
3100 3871 3237 3943 §12;
3262 3873 3333 3926 ad
3352 3871 3552 3943 Epltes.

1952 3963 2125 4037 δη).
2175 3963 2241 4019 ad
2293 3964 2643 4035 Smyrnams,
2699 3963 2985 4035 Ephesios,
3035 3965 3551 4035 Philadelphienses,

1949 4055 2162 4112 Burrho
2209 4055 2479 4121 diacono,
2535 4055 2632 4110 sed
2678 4056 2768 4125 qui
2825 4055 3094 4111 communi
3149 4056 3550 4127 Smyrnaeorum

1950 4149 2417 4220 Ephesiorumque
2444 4147 2664 4203 nomine
2689 4145 2756 4201 ad
2786 4146 2935 4201 illum
2968 4146 3163 4202 missus
3188 4147 3395 4216 fuerat,
3441 4160 3553 4205 tra-

1950 4243 2080 4299 dita:
2100 4241 2368 4298 videntur.
2395 4240 2637 4310 Reliqua:
2656 4239 2741 4294 cui
2772 4236 2983 4293 tradita:
3010 4240 3116 4293 sint
3135 4278 3151 4305 ,
3181 4253 3286 4294 non
3308 4250 3550 4308 constat;

1951 4336 2045 4393 sed
2073 4335 2283 4391 Burrho
2308 4335 2473 4391 etiam
2503 4332 2746 4400 traditas,
2784 4341 2871 4388 est
2892 4347 3023 4389 sane
3049 4332 3337 4390 admodum
3364 4333 3553 4390 verisi-

1950 4430 2103 4486 mile.
2133 4427 2380 4484 Notauda
2420 4426 2565 4484 enim
2593 4426 2790 4497 lgnatii
2817 4428 2980 4483 verba
3025 4426 3076 4481 in
3110 4426 3211 4498 Ep.
3243 4427 3311 4482 ad
3366 4428 3553 4501 Smyr-

232 4522 489 4596 dignum,
533 4520 860 4594 praecipuum
910 4521 1230 4593 plerumque
1259 4521 1558 4591 legatorum
1589 4518 1844 4592 hypodia-

1951 4537 2121 4591 meos,
2150 4520 2203 4577 ὂν
2221 4522 2553 4579 ἀπεστείλατε
2581 4521 2691 4593 μετ’
2714 4522 2861 4593 ἐμοῦ.
2884 4519 3001 4575 Νοη
3027 4520 3185 4591 igitur
3201 4521 3267 4576 ad
3292 4521 3553 4593 lgnatium

230 4631 441 4674 conum
471 4615 663 4682 fuisse,
713 4630 814 4672 nec
859 4631 983 4672 eum
1014 4616 1239 4686 gradum
1280 4613 1601 4670 excessisse.
1636 4611 1715 4668 Ita
1748 4611 1849 4668 fuit
1949 4617 2233 4674 dumtaxat
2252 4660 2267 4685 ,
2296 4617 2393 4674 sed
2418 4632 2539 4672 cum
2568 4630 2636 4670 eo
2663 4615 2863 4670 missus
2890 4624 2971 4669 est
2998 4613 3241 4670 Burrhus
3264 4614 3414 4686 (Vid.
3450 4616 3555 4685 Ep.

233 4712 293 4767 in
321 4710 619 4782 legatione,
651 4709 846 4780 prima,
876 4711 1134 4778 secunda,
1180 4709 1373 4775 tertia,
1412 4708 1663 4778 septima,
1697 4716 1851 4764 sexta
1949 4711 2019 4766 ad
2038 4708 2252 4784 Ephes.,
2274 4708 2402 4781 ἐξ),
2428 4721 2612 4764 eomes
2641 4705 2853 4761 itineris
2870 4704 3103 4770 futurus,
3127 4712 3451 4776 nuntiusque
3476 4707 3556 4761 le-

233 4804 477 4861 decima.
532 4801 686 4871 Quod
727 4803 774 4858 si
825 4802 1115 4874 aliquando
1160 4802 1411 4874 superior
1465 4801 1732 4873 quispiam
1785 4802 1855 4858 sit

235 4898 463 4959 missus.
499 4895 552 4951 id
582 4905 708 4951 tunc
734 4895 1051 4968 plermnque
1096 4896 1324 4967 contigit
1363 4910 1484 4950 cum
1514 4895 1705 4950 unicus
1732 4891 1856 4949 mit-

240 5000 451 5048 teretur
477 5032 495 5058 ,
531 4998 592 5045 ut
620 4989 829 5046 numeri
869 4989 1138 5047 defectum
1191 4990 1263 5045 ita
1304 5004 1554 5061 persona:
1594 4989 1854 5062 dignitate

242 5091 691 5156 compensarem.
709 5082 783 5139 lta
812 5085 864 5140 in
897 5084 1188 5154 legatione,
1212 5097 1376 5149 nona,
1408 5095 1601 5154 quarta
1620 5081 1853 5147 decima,

242 5176 433 5247 quinta
454 5177 691 5234 decima.
716 5176 871 5246 Quod
894 5177 1051 5234 aliter
1072 5176 1404 5248 singulorum
1424 5175 1663 5241 nomina,
1693 5172 1853 5229 etiam

243 5266 529 5325 inferioris
553 5268 782 5337 ordinis,
815 5267 1133 5338 habeamus;
1175 5283 1281 5325 non
1323 5278 1408 5324 est
1438 5278 1622 5323 tamen
1644 5275 1854 5324 certum

241 5359 505 5434 singulos
531 5360 805 5418 dumtaxat
831 5362 996 5418 fuisse
1027 5362 1241 5418 missos.
1275 5361 1421 5419 Idem
1451 5361 1706 5427 obtinuit,
1745 5373 1853 5415 non

243 5457 299 5515 in
327 5455 698 5529 legationibus
746 5457 909 5514 modo
959 5454 1361 5521 transmarinis,
1419 5453 1514 5511 sed
1568 5462 1625 5509 et
1672 5453 1725 5508 in
1754 5449 1859 5507 illis

242 5568 466 5627 quoque
504 5569 631 5626 qua:
680 5553 1088 5626 provincialium
1134 5561 1318 5610 essent
1347 5551 1738 5624 Episcoporum
1790 5548 1860 5606 ad

244 5648 657 5719 provinciarum
715 5648 1032 5720 primatem,
1091 5646 1265 5720 qualis
1314 5655 1435 5704 erat
1503 5647 1702 5718 legatio
1770 5643 1861 5701 illa

245 5752 439 5819 quarta
487 5741 725 5801 decima.
762 5741 918 5810 Quod
946 5756 1077 5798 vero
1115 5740 1357 5817 episcOpi
1386 5740 1487 5816 ipsi
1535 5738 1863 5814 legationem

718 5832 996 5899 Ριτιιοι.
1027 5832 1105 5896 ν.

1953 4803 2262 4877 gationibus
2291 4798 2580 4856 obeundis.
2612 4796 2730 4863 Quo
2759 4795 2977 4851 nomine
2997 4796 3156 4850 etiam
3186 4794 3448 4865 Ephesios
3492 4796 3559 4852 il-

1956 4895 2038 4950 los
2063 4894 2197 4949 alios
2223 4889 2351 4960 (Ep.
2377 4891 2446 4944 ad
2473 4886 2652 4952 Rom.,
2699 4886 2728 4957 §
2771 4883 2892 4953 10),
2927 4883 3188 4951 Crocum,
3217 4886 3549 4954 Onesimum,

1955 4986 2186 5058 Euplum
2215 4992 2374 5053 atque
2403 4979 2733 5035 Frontonem
2756 5017 2772 5042 ,
2806 4975 2999 5029 missos
3045 4985 3170 5044 puto
3192 5017 3205 5041 ,
3235 4985 3393 5046 atque
3416 4978 3554 5035 adeo

1957 5094 2066 5136 non
2093 5077 2228 5133 alios
2264 5087 2422 5146 quam
2466 5069 2588 5127 illos
2631 5066 2922 5139 pertulisse
2948 5067 3232 5139 epistolam
3263 5066 3329 5122 ad
3358 5068 3555 5124 Roma-

1958 5188 2080 5230 nos.
2111 5169 2315 5226 Eodem
2343 5178 2567 5222 munere
2588 5160 2806 5217 functus
2820 5170 2904 5215 est
2921 5160 3075 5216 Philo
3096 5161 3256 5216 etiam
3275 5160 3555 5229 diaconus,

1959 5264 2098 5322 Cilix
2125 5260 2254 5335 (Ep.
2279 5259 2346 5315 ad
2373 5254 2701 5324 Pliiladelp.,
2726 5253 2754 5326 §
2784 5253 2895 5323 ll).
2919 5252 3025 5308 Sed
3058 5268 3157 5308 nec
3185 5252 3401 5307 Diaconi
3429 5254 3555 5322 soli,

1957 5357 2049 5413 alii
2078 5356 2240 5412 etiam
2271 5348 2513 5408 diaconis
2539 5346 2848 5417 superiores
2875 5344 3168 5415 legationes
3195 5352 3372 5399 tamen
3404 5346 3561 5403 obie.

1954 5458 2088 5507 runt
2115 5457 2363 5519 tempore
2393 5440 2604 5514 lgnatii.
2634 5436 2985 5494 Honorabant
3003 5434 3258 5491 Sanctum
3286 5435 3559 5509 (inquiunt

1962 5552 2212 5601 auctores
2234 5535 2453 5609 martyri
2470 5532 2661 5606 lgnatii
2685 5528 2907 5599 martyri
2923 5523 3110 5598 comvi)
3134 5541 3231 5599 per
3251 5529 3533 5601 episcopos
3546 5571 3563 5597 ,

1964 5637 2317 5711 presbyteros
2350 5638 2407 5687 et
2449 5628 2728 5688 diaconos,
2765 5620 2908 5677 Asia:
2950 5619 3190 5678 civitatis
3218 5630 3275 5677 et
3312 5621 3566 5677 Ecclesia:

1967 5733 2139 5811 (κάει.
2186 5729 2389 5797 (Issen,
2440 5741 2492 5797 ῃ.
2524 5721 2606 5792 5).
2633 5714 2732 5789 Qui
2765 5720 2915 5773 certe
2960 5714 3087 5873 ips;
3119 5711 3411 5790 legationis
3452 5725 3568 5771 mos
