4230 6212
596 213 670 301 ιζ
1557 204 1927 283 DODWELLI
1962 204 2461 277 DISSSERTATIO
2495 206 2914 275 CYPRIANICA
3824 212 3906 280 ﬂ-

598 330 859 391 smculum
890 329 1112 395 omnino
1137 330 1472 402 Ignatianum
1503 329 1681 401 sapit,
1708 344 1817 386 non
1858 328 2082 402 aliquod
2113 344 2201 385 re-
2228 330 2279 391 Α
2308 342 2369 385 se
2396 330 2679 400 haberem,
2727 341 2845 390 erat
2887 331 3071 403 utique
3107 328 3330 391 omnino
3371 330 3797 393 consentaneum
3844 346 3905 393 ut

600 427 832 483 centius.
865 424 923 485 Id
946 425 1148 487 factum
1173 440 1202 479 a
1231 424 1516 495 Maguesiis
1545 425 1703 479 testis
1732 425 1847 495 ipse
1874 433 1957 480 est
1984 423 2205 495 amplis-

600 520 769 578 simus
802 519 1033 592 lgnatius
1066 518 1193 592 (Ep.
1242 518 1309 573 ad
1336 517 1598 590 Magna,
1631 517 1659 589 §
1688 515 1769 590 3),
1821 532 1929 575 non
1981 517 2203 579 Damam

600 613 764 669 modo
793 628 983 669 eorum
1010 610 1326 683 episcopum
1351 653 1367 681 ,
1399 612 1494 667 sed
1525 619 1580 667 et
1605 610 1956 684 presbyteros
1979 611 2204 671 Bassum

601 714 658 761 et
697 704 1064 778 Apollonium,
1095 714 1150 760 et
1190 704 1477 761 diaconum
1507 703 1789 773 Sotionem
1818 719 2007 762 secum
2036 703 2207 763 fuisse

599 799 866 872 Smyrna}.
927 798 1100 871 tingat
1151 798 1245 854 ille
1290 798 1489 868 saepius
1534 797 1825 866 Ecclesias,
1864 808 1921 854 ut
1971 798 2205 869 legatum

606 892 839 963 aliquem
865 891 1145 947 mitterent
1169 889 1553 946 confirmanda:
1584 890 1699 948 sedi
1727 904 1841 947 sua:
1864 889 2204 946 antiocbenre

601 985 858 1058 episcopo
886 984 1183 1040 destitutae.
1228 982 1381 1039 Hune
1412 982 1505 1038 ille
1541 997 1685 1038 nunc
1723 981 1993 1059 θεοδρὸμον
2020 981 2208 1054 appel-

598 1080 672 1135 lat
703 1078 827 1154 (Ep.
859 1078 927 1133 ad
958 1076 1264 1149 Polycarp.,
1298 1076 1326 1148 §
1354 1074 1430 1149 7),
1460 1091 1603 1134 nunc
1628 1078 2032 1152 θεοπρεσϐευτήν
2077 1074 2204 1149 (Ep.

600 1172 670 1227 ad
697 1171 935 1243 Smyrn.,
985 1169 1160 1243 §ll),
1203 1170 1359 1239 cujus
1405 1169 1651 1226 meminit
1680 1169 1844 1227 etiam
1889 1170 1943 1226 in
1992 1169 2096 1239 Ep.
2138 1168 2207 1227 ad

600 1264 977 1339 Philippenses
1008 1261 1360 1334 Polycarpus.
1385 1260 1534 1328 Quos
1563 1275 1695 1317 vero
1725 1260 1832 1319 illa:
1858 1260 2067 1332 legatos
2113 1261 2209 1318 de-

599 1357 879 1422 stinarint,
929 1355 1168 1411 ostendit
1199 1355 1339 1410 idem
1372 1355 1746 1413 sanctissimus
1793 1365 2002 1428 martyr
2055 1355 2209 1428 Igna-

603 1450 711 1506 tius
737 1450 788 1505 in
823 1446 925 1520 Ep.
954 1447 1024 1503 ad
1073 1447 1614 1518 Philadelphienses:
1645 1449 1703 1505 Ai
1743 1446 1957 1525 ἔγγιστα
1989 1447 2207 1521 (inquit)

599 1543 861 1602 ἐκκλησίαι
898 1539 1132 1615 ἔπεμψαν
1177 1540 1511 1607 ἐπισκόπους,
1545 1540 1599 1596 αἱ
1627 1539 1682 1597 δὲ
1707 1542 2094 1619 πρεσϐυτέρους
2121 1544 2211 1599 καὶ

601 1634 866 1695 διακόνους
904 1632 1035 1702 (Ep.
1082 1632 1150 1685 ad
1182 1631 1600 1704 Philadelph.,§
1640 1630 1754 1705 10).
1802 1634 2126 1705 Dubitatque
2154 1634 2209 1691 in

2308 436 2415 479 non
2441 423 2575 481 alios
2602 424 2961 496 legationibus
2985 440 3145 497 quam
3165 427 3507 498 superiorum
3534 428 3781 485 ordinum
3807 429 3905 485 adq

2308 515 2576 585 biberent,
2606 517 2846 575 nondum
2872 518 2926 583 in
2951 519 3249 578 Ecclesiam
3279 521 3604 581 introductis
3632 524 3739 580 illis
3761 523 3905 580 infe-

2308 608 2510 665 riorum
2556 610 2807 667 ordinum
2850 611 3114 670 ministris
3155 613 3350 684 quibus
3394 631 3488 673 usa
3541 624 3627 673 est
3663 616 3907 677 Ecclesia

2307 711 2546 774 telasque
2575 702 2850 777 Cypriani.

2382 794 2412 868 §
2444 797 2531 853 l7.
2565 796 2730 857 Plane
2764 797 3077 858 referebant
3101 800 3219 859 haec
3244 800 3519 875 Ignatiana
3546 804 3723 863 artatis
3743 806 3908 863 etiam

2309 888 2619 957 apostolicae
2646 893 3015 952 recentissima
3043 895 3293 967 vestigia.
3324 895 3543 952 Illorum
3571 911 3733 969 opera
3760 912 3907 969 pra:-

2309 980 2466 1051 cipua
2496 982 2548 1036 in
2575 981 2996 1043 disseminandis
3027 988 3226 1060 potius,
3255 1004 3417 1059 quam
3444 990 3694 1062 regendis
3718 991 3910 1048 Eccle-

2309 1073 2405 1128 siis
2430 1074 2692 1132 collocata
2720 1084 2824 1135 est.
2859 1077 3092 1137 Proinde
3133 1091 3558 1139 consentaneum
3597 1092 3717 1140 erat
3744 1085 3908 1141 utle-

2309 1167 2417 1237 gati
2435 1183 2595 1238 quam
2614 1169 3142 1230 honorificentissimi
3170 1174 3555 1248 deligerentur,
3578 1180 3904 1249 prtesertim,

2311 1275 2435 1317 cum
2467 1262 2518 1318 id
2549 1262 2723 1333 ipsum
2769 1264 3047 1339 Evangelii
3087 1270 3419 1342 propagandi
3457 1286 3673 1338 munus,
3717 1287 3908 1329 eorum

2313 1356 2502 1412 fuisset
2541 1360 2811 1429 praecipue
2839 1362 2931 1432 qui
2956 1362 3009 1418 in
3042 1363 3295 1434 primaria
3325 1375 3513 1421 essent
3537 1365 3796 1422 Ecclesiae
3821 1366 3909 1422 dic

2310 1448 2515 1519 gnitate
2560 1452 2838 1508 constituti
2857 1493 2872 1519 ,
2920 1454 3110 1524 quales
3138 1464 3295 1512 erant
3326 1456 3426 1526 ipsi
3455 1458 3719 1528 apostoli,
3746 1473 3910 1515 evan-

2310 1542 2538 1613 gelistte,
2571 1553 2675 1601 etc.
2708 1544 2990 1603 Habebam
3028 1547 3190 1619 igitur
3217 1548 3492 1616 Ecclesiae,
3527 1560 3722 1621 praeter
3746 1551 3868 1607 illos
3892 1590 3911 1619 ,

2312 1637 2558 1707 primarii
2586 1639 2840 1706 nominis,
2856 1639 3057 1696 Christi
3078 1642 3373 1711 apostolos,
3394 1642 3523 1713 ipsa:
3548 1659 3763 1715 quoque
3782 1659 3911 1701 suos

601 1740 664 1782 ea
694 1741 854 1795 quam
884 1722 1116 1780 diximus
1140 1723 1208 1778 ad
1233 1723 1619 1795 Pbilippenses
1641 1724 1881 1796 Epistola
1908 1727 2024 1798 ipse
2049 1726 2212 1799 Poly-
2242 1732 2291 1803 Β
2322 1742 2458 1798 quos
2494 1729 2681 1787 itidem
2711 1731 3057 1802 appellabant
3083 1735 3380 1804 apostolos,
3415 1745 3719 1807 propterea,
3750 1746 3809 1791 ut
3835 1737 3916 1791 vi-

601 1836 831 1893 carpus,
873 1820 1062 1892 ipsene
1111 1819 1438 1891 legationem
1471 1820 1672 1886 obiret,
1716 1837 1784 1875 an
1815 1821 1982 1881 alium
2028 1822 2209 1892 potius

602 1914 845 1969 mitteret
896 1912 1156 1985 legatum.
1205 1911 1281 1967 lta
1310 1926 1417 1967 non
1448 1920 1567 1967 erat
1594 1928 1621 1966 a
1650 1912 1773 1969 loco
1799 1913 1965 1971 etiam
1991 1915 2209 1985 episco-

598 2008 708 2079 pali
741 2007 977 2069 alienum
1010 2015 1068 2061 ut
1095 2006 1195 2076 ipsi
1224 2004 1554 2077 legationum
1579 2021 1805 2064 munere
1834 2007 2207 2080 fungerentur.

602 2100 683 2159 Ex
709 2114 821 2171 quo
851 2098 1013 2155 etiam
1039 2098 1217 2154 obiter
1241 2106 1455 2153 constat
1477 2114 1638 2168 quam
1667 2116 1772 2157 non
1801 2099 1983 2167 fuerit,
2011 2115 2079 2156 eo
2103 2115 2209 2157 Ste-

602 2194 749 2262 culo,
783 2191 1025 2265 episcopi
1055 2191 1292 2248 officium
1325 2192 1396 2246 ita
1428 2192 1615 2260 fixum,
1669 2204 1728 2251 ut
1774 2193 1981 2264 putavit
2010 2194 2211 2251 Salma-

603 2288 734 2345 sius.
778 2286 957 2359 Ipsum
987 2285 1165 2359 potius
1190 2285 1431 2357 episcopi
1460 2300 1656 2341 nomen
1691 2300 1721 2341 a
1751 2286 2209 2358 peregrinantium

603 2380 657 2437 in
684 2381 877 2452 graecis
898 2377 1206 2434 civitatibus
1233 2375 1413 2432 officio
1441 2377 1783 2449 desumptum
1806 2387 1941 2434 erat.
1978 2379 2045 2437 Et
2073 2380 2208 2435 cho-

602 2474 916 2545 repiscopos
943 2470 1278 2546 περιοδευτάς
1327 2471 1601 2542 appellant
1643 2471 1929 2541 Canones,
1978 2486 2209 2543 quorum

604 2569 745 2633 idem
790 2581 918 2623 rure
944 2564 1184 2620 officium
1217 2572 1379 2635 atque
1427 2563 1481 2619 in
1532 2563 1755 2620 urbibus
1806 2564 2207 2636 episcoporum.

603 2662 701 2719 Est
721 2669 898 2731 autem
930 2656 1166 2736 περίοδος
1194 2657 1382 2712 eadem
1432 2657 1524 2711 illa
1550 2672 1655 2711 vox
1691 2672 1794 2728 qua
1838 2656 2207 2738 apostolorum

602 2752 1067 2826 peregrinationes
1096 2751 1148 2804 in
1174 2748 1574 2820 antiquioribus
1601 2748 1859 2805 Ecclesia:
1888 2763 2211 2805 monumen-

605 2847 675 2904 tis
711 2845 958 2904 denotari
1001 2842 1314 2900 observavit
1342 2843 1458 2913 ipse
1500 2841 1818 2898 Salmasius.
1847 2840 1993 2898 Nihil
2023 2842 2205 2914 itaque

607 2947 757 3009 vetat
785 2936 1005 2993 eosdem
1034 2944 1089 2992 et
1114 2933 1391 3006 apostolos
1412 2932 1581 2990 fuisse
1610 2942 1665 2989 et
1695 2932 2001 3007 episcopos,
2028 2942 2085 2991 et
2111 2950 2209 3007 pe-

603 3030 871 3105 regrinari
900 3029 1141 3100 potuisse
1161 3040 1215 3084 et
1244 3026 1408 3082 certis
1436 3036 1616 3099 tamen
1648 3026 1909 3085 Ecclesiis
1949 3041 2206 3104 praeesse.

2315 1819 2492 1890 detur,
2523 1822 2666 1893 quod
2695 1824 2869 1881 nuntii
2894 1824 3057 1896 vulgo
3078 1826 3443 1894 mitterentur,
3475 1836 3536 1883 ut
3559 1837 3916 1899 repraesenta~

2313 1922 2455 1980 rent,
2474 1929 2505 1969 a
2535 1915 2731 1985 quibus
2757 1916 3123 1985 mitterentur,
3153 1918 3445 1974 Ecclesias.
3480 1918 3535 1975 Id
3564 1920 3708 1975 enim
3739 1922 3917 1991 ipsum

2314 2005 2541 2063 innuere
2565 2006 2798 2076 videtur,
2831 2024 2894 2064 ea
2921 2016 3101 2077 aetate,
3133 2010 3309 2081 ipsum
3333 2010 3667 2081 apostolatus
3693 2027 3917 2070 nomen.

2315 2099 2378 2155 Hi
2406 2101 2635 2169 apostoli
2675 2101 3018 2171 appellantur
3063 2104 3339 2162 ἀπόστολοι
3360 2106 3633 2165 imbutam
3664 2104 3732 2179 (ll
3768 2104 3914 2176 Con,

2314 2206 2428 2255 vut,
2458 2189 2576 2264 25.)
2616 2191 2691 2246 lta
2718 2191 3127 2263 Epaphroditus
3151 2192 3583 2264 Philippensium
3611 2205 3728 2251 erat
3756 2211 3918 2267 apos-

2316 2285 2459 2341 tolus
2484 2283 2676 2358 (Pint.
2699 2302 2758 2353 tt,
2787 2285 2905 2358 25.)
2932 2287 3065 2355 Quae
3090 2297 3269 2347 autem
3298 2287 3561 2347 beneficia
3584 2289 3693 2346 illis
3719 2291 3919 2347 collata

2313 2387 2459 2443 sunt,
2478 2392 2542 2441 ea
2574 2394 2680 2437 non
2709 2380 2762 2434 in
2791 2380 2913 2435 illos
2938 2380 3085 2436 solos
3104 2380 3199 2437 sed
3227 2384 3299 2443 εἰς
3320 2382 3601 2456 πρόσωπον
3617 2390 3717 2440 τῶν
3737 2385 3917 2444 ἐκκλη-

2315 2480 2438 2527 σιῶυ
2468 2471 2773 2529 redundare
2820 2472 3206 2541 credebantur,
3239 2484 3525 2544 pr0pterea
3566 2476 3709 2546 quod
3738 2476 3920 2533 eccle~

2314 2565 2421 2619 sias
2447 2562 2587 2630 illas,
2606 2573 2664 2618 ut
2686 2563 2816 2628 dixi,
2842 2574 3316 2634 reprmsentarent.
3338 2565 3417 2621 Ex
3445 2566 3919 2639 quointelligimus

2315 2666 2570 2725 quantum
2601 2656 2866 2712 aberrarit
2890 2659 2959 2713 ab
2986 2657 3215 2727 apostoli
3242 2666 3426 2715 mente
3452 2662 3503 2714 in
3536 2658 3729 2721 horum
3752 2675 3917 2731 apos-

2316 2748 2550 2804 tolorum
2599 2749 2960 2818 eXplieatione
3002 2749 3159 2807 Walo
3190 2750 3509 2815 Messalinus
3533 2792 3547 2817 ,
3574 2767 3699 2808 cum
3719 2768 3922 2811 secun-

2314 2839 2498 2895 darios
2532 2838 2695 2894 hosce
2725 2841 3001 2911 apostolos
3038 2856 3067 2895 a
3105 2842 3377 2913 primariis
3414 2844 3612 2898 missos
3641 2844 3919 2904 existimat

2315 2930 2381 3000 ad
2409 2930 2686 2996 ecclesias,
2710 2945 2817 2986 non
2838 2932 2956 2987 vice
2976 2946 3131 2991 versa
3159 2933 3227 2988 ab
3255 2932 3504 2990 ecclesiis
3523 2934 3589 2989 ad
3610 2936 3912 3006 apostolos.

2316 3022 2372 3078 1d
2402 3026 2449 3080 si
2489 3022 2680 3082 fuisset
2710 3042 2918 3090 verum,
2949 3027 3018 3091 ad
3058 3028 3337 3102 πρόσωπον
3367 3028 3640 3088 ἐκκλησιῶν
3686 3030 3918 3088 attinere

608 3126 916 3184 Praesertim
963 3138 1085 3179 cum
1135 3137 1240 3176 non
1270 3121 1340 3176 sit
1367 3121 1437 3177 de
1463 3121 1692 3176 aliorum
1717 3120 2088 3193 apostolorum
2117 3135 2209 3192 pe-
2235 3122 2281 3187 C
2317 3132 2423 3172 non
2468 3119 2641 3189 potuit
2697 3119 2908 3175 illorum
2949 3119 3041 3177 ille
3070 3120 3256 3176 cultus
3279 3161 3294 3188 ,
3331 3120 3426 3185 sed
3470 3136 3601 3178 vero
3628 3123 3698 3181 ad
3728 3138 3918 3179 eorum

607 3217 1063 3291 regriuationibus
1090 3232 1120 3272 e
1151 3213 1210 3270 S.
1244 3214 1397 3271 Pauli
1430 3214 1681 3285 exemplo
1709 3215 2072 3289 statuendum.
2102 3214 2209 3289 Be-

607 3314 738 3387 liqui
782 3320 931 3369 certe
969 3311 1106 3366 intra
1137 3317 1315 3365 certas
1346 3323 1468 3365 sese
1496 3319 1552 3364 ut
1583 3309 1872 3379 plurimum
1905 3311 2209 3383 provincias

608 3406 977 3473 continebant,
1002 3404 1104 3461 sub
1134 3404 1277 3459 illius
1302 3402 1486 3459 saeculi
1510 3403 1695 3470 tinem,
1723 3419 1843 3459 cum
1868 3404 1980 3475 jam
2008 3406 2211 3469 consti-

609 3509 736 3569 tutze
766 3506 949 3554 essent
992 3496 1258 3562 ecclesiae,
1309 3503 1366 3550 et
1413 3494 1467 3549 in
1510 3494 1756 3551 ecclesiis
1791 3497 2052 3569 episcopi.
2089 3496 2205 3553 Non

610 3596 771 3667 longe
797 3594 865 3650 ab
912 3590 1297 3663 Hierosolymis
1326 3588 1698 3660 peregrinatus
1726 3589 1938 3646 videtur
1967 3591 2026 3648 S.
2052 3590 2209 3655 Jaco-

611 3689 734 3754 bus,
762 3688 970 3745 siveris
997 3684 1360 3741 monumentis
1407 3683 1702 3749 credimus,
1748 3684 1912 3739 etiam
1950 3684 2207 3749 Actorum

612 3782 740 3839 illis.
769 3779 875 3837 Nec
902 3778 1057 3849 longe
1083 3776 1150 3832 ab
1185 3776 1453 3846 llierapoli
1482 3774 1811 3847 Philippum,
1845 3791 1948 3843 uec
1974 3775 2043 3830 ab
2080 3776 2208 3847 Asia

612 3871 986 3946 proconsulari
1017 3869 1279 3945 Joannem
1307 3868 1620 3935 discessisse
1646 3868 1875 3933 innuunt
1901 3868 2210 3945 Polycrates

614 3974 670 4023 et
696 3964 950 4035 Clemens
973 3960 1392 4017 Alexandrinus.
1422 3959 1478 4014 lu
1510 3959 1593 4019 his
1619 3959 1878 4016 limitibus
1903 3960 2036 4016 nihil
2068 3967 2213 4037 vetat

614 4060 668 4115 in
710 4056 967 4115 Ecclesia:
998 4055 1270 4125 primaeva:
1296 4053 1580 4124 disciplina
1620 4053 1747 4129 quin
1769 4054 1859 4109 alii
1885 4070 2097 4126 quoque
2120 4069 2215 4129 pe-

614 4152 876 4225 regrinari
901 4150 1108 4222 possint
1129 4147 1389 4221 episcopi.
1413 4146 1554 4216 Quid
1581 4147 1722 4218 quod
1745 4148 1909 4205 etiam
1939 4149 1997 4207 S.
2014 4148 2214 4223 Paulus

620 4245 666 4319 (Ι
689 4246 829 4310 Con,
863 4260 930 4299 xv
953 4286 969 4313 ,
1003 4240 1089 4315 l0)
1131 4256 1255 4298 cum
1283 4256 1344 4296 se
1368 4240 1609 4311 reliquos
1638 4240 1915 4313 apostolos
1945 4241 1998 4298 in
2030 4242 2214 4302 labore

617 4353 903 4409 superasse
927 4334 1240 4401 contendit,
1274 4333 1326 4390 id
1373 4342 1521 4390 certe
1547 4334 1835 4407 manifeste
1865 4335 2072 4408 innuit,
2105 4351 2215 4393 non

618 4446 739 4495 esse
780 4430 1110 4499 reliquorum
1161 4427 1533 4499 apostolorum
1578 4426 1794 4487 labores
1838 4444 1870 4485 e
1912 4444 2012 4487 suo
2061 4430 2215 4487 unius

2314 3211 2494 3282 potius
2541 3226 2572 3273 a
2613 3212 2807 3281 quibus
2854 3213 3003 3268 missi
3052 3214 3283 3271 fuissent
3340 3216 3729 3286 apostolorum.
3778 3216 3919 3286 Quid

2314 3302 2457 3375 quod
2502 3303 2691 3359 durior
2744 3304 2832 3359 illa
2880 3305 3059 3363 omnis
3105 3306 3350 3362 videatur
3394 3306 3770 3379 interpretatio
3811 3324 3919 3381 qua

2313 3400 2590 3459 ἀπόστολοι
2637 3401 2910 3460 ἐκκλησιῶν
2949 3401 3161 3458 dicendi
3207 3413 3363 3459 erant
3409 3404 3500 3475 qui
3545 3405 3615 3460 ad
3661 3407 3921 3463 ecclesias

2315 3491 2631 3563 plantandas
2662 3492 2817 3549 missi
2850 3504 3035 3551 essent
3075 3494 3255 3566 potius
3279 3497 3548 3567 quamJlli
3578 3499 3669 3570 qui
3697 3500 3766 3556 ab
3788 3500 3920 3571 ipsis

2315 3584 2468 3651 missi
2497 3583 2723 3641 fuissent
2752 3588 3022 3643 ecclesiis.
3066 3586 3159 3643 Dei
3192 3599 3339 3644 certe
3381 3587 3693 3662 Christique
3730 3589 3919 3662 appel-

2316 3676 2497 3732 lantur
2544 3677 2775 3749 apostoli
2823 3693 2927 3734 non
2970 3681 3060 3750 qui
3106 3678 3174 3737 ad
3227 3681 3395 3741 Deum
3422 3680 3787 3748 Cltristumve,
3820 3682 3918 3739 sed

2317 3772 2408 3844 qui
2433 3770 2503 3826 ab
2528 3771 2716 3844 iisdem
2764 3772 3074 3838 mittuntur,
3115 3781 3172 3827 ut
3215 3788 3352 3827 nova
3382 3788 3605 3845 prorsus
3648 3776 3919 3847 exemplo-

2318 3878 2423 3933 que
2451 3864 2599 3923 omni
2630 3863 2882 3919 destituta
2927 3864 2997 3919 sit
3024 3867 3291 3921 contraria
3326 3867 3422 3923 illa
3445 3867 3666 3935 locutio.
3697 3868 3781 3927 Ab
3819 3868 3922 3925 hac

2318 3959 2497 4029 potius
2545 3958 2807 4015 mittentis
2836 3972 3080 4029 personae
3129 3961 3607 4033 repraesentatione
3630 3962 3920 4033 primario-

2320 4069 2437 4109 rum
2469 4068 2683 4127 quoque
2721 4054 2933 4110 videtur
2961 4055 3331 4125 apostolorum
3382 4058 3532 4129 origo
3581 4056 3917 4127 deducenda.

2322 4147 2632 4219 Principum
2661 4149 2931 4205 satellites
2960 4148 3212 4217 dicuntur
3236 4166 3464 4222 quorum
3493 4153 3545 4209 id
3572 4152 3807 4217 officium
3838 4162 3923 4212 est

2322 4248 2376 4293 ut
2425 4240 2757 4313 principibus
2806 4254 2991 4313 coram
3035 4240 3242 4307 adsint,
3276 4255 3603 4314 semperque
3649 4244 3703 4299 in
3730 4259 3922 4302 eorum

2322 4339 2611 4402 conspectu
2630 4330 3007 4389 obversentur.
3036 4330 3164 4399 Inde
3182 4332 3357 4391 vultus
3380 4334 3679 4406 principum
3698 4336 3917 4403 intueri,

2319 4433 2483 4495 atque
2512 4422 2581 4478 ab
2624 4439 2814 4480 eorum
2853 4423 3091 4481 vultibus
3117 4425 3414 4497 procedere
3450 4425 3724 4482 dicuntur.
3771 4427 3922 4496 Quos

618 4523 869 4594 exemplo
896 4519 1265 4579 :estimandos.
1293 4518 1544 4593 Singulos
1572 4519 1640 4591 ab
1669 4520 1762 4593 illo
1784 4532 2070 4595 superatos
2096 4537 2217 4587 esse
2239 4524 2297 4603 1)
2323 4515 2504 4573 vultus
2539 4515 2811 4587 appellant
2838 4517 3160 4593 interpretes
3190 4516 3377 4586 latini,
3406 4533 3501 4575 eos
3540 4523 3673 4579 nam
3700 4534 3796 4591 pro
3822 4534 3924 4575 suo

619 4616 858 4687 apertius
885 4622 967 4669 est
988 4627 1145 4685 quam
1183 4621 1240 4666 ut
1270 4611 1338 4666 de
1367 4626 1434 4669 eo
1456 4610 1690 4667 dubitari
1725 4614 1915 4683 possit.
1947 4613 2024 4673 Ita
2053 4614 2214 4689 etiam

620 4710 736 4781 ejus
757 4709 918 4767 verba
945 4706 1169 4778 intelligi
1186 4713 1411 4777 possunt
1432 4714 1490 4761 ut
1509 4719 1701 4761 omnes
1719 4705 1959 4777 omnium
1983 4707 2217 4781 labores,

622 4805 783 4861 etiam
829 4803 1085 4859 collectos
1108 4842 1123 4867 ,
1168 4800 1328 4872 longo
1354 4808 1477 4871 post
1502 4813 1562 4855 se
1602 4799 1891 4863 intervallo,
1918 4801 2217 4871 reliquerit.

617 4894 677 4953 Id
727 4897 771 4952 si
819 4911 1006 4951 verum
1049 4894 1154 4959 sit,
1204 4893 1532 4969 reliquorum
1590 4893 1961 4963 apostolorum
2007 4895 2220 4955 labores

618 5003 832 5060 aequare
858 4994 1106 5058 poterant
1134 4985 1395 5057 episcopi.
1428 4984 1683 5056 Equavit
1708 4986 1937 5043 fortasse
1967 4988 2222 5063 Polycar-

620 5095 742 5151 pus,
773 5094 894 5135 cum
921 5095 951 5133 e
977 5078 1205 5149 Smyrna
1233 5091 1327 5132 sua
1350 5077 1576 5133 Romam
1606 5078 1705 5134 sub
1738 5080 1968 5139 Aniceto
1995 5088 2221 5139 conten-

618 5175 791 5241 deret,
823 5171 947 5228 inde
975 5171 1218 5227 fortassis
1245 5172 1296 5226 in
1329 5171 1558 5227 Galliam
1590 5172 2027 5244 Lugdunensium
2069 5175 2218 5233 illam

620 5265 1113 5334 Vicunensinmque
1135 5264 1554 5321 cbristianorntn
1578 5266 1846 5323 coloniam
1864 5266 2215 5336 deduCturus.

618 5355 774 5411 Nulla
804 5365 952 5413 certe
984 5357 1253 5426 primmvre
1303 5355 1559 5417 Ecclesia:
1606 5356 1822 5415 indubia
1868 5342 2215 5417 monumenta

619 5446 845 5509 suadent
878 5446 1036 5515 hujus
1068 5444 1225 5502 unius
1252 5446 1462 5503 labores
1488 5446 1819 5517 reliquorum
1848 5450 2215 5520 apostolorum

619 5537 894 5605 laboribus
936 5537 1101 5605 fuisse
1156 5537 1460 5599 inferiores.
1502 5537 1685 5608 Longe
1734 5548 1910 5607 tamen
1956 5543 2108 5598 abest
2156 5551 2217 5599 ut

616 5628 935 5699 episcopalis
966 5629 1129 5689 ol'licii
1181 5631 1319 5691 ﬁnes
1348 5630 1666 5699 excesserit,
1701 5632 1785 5688 vel
1818 5642 1875 5695 ut
1903 5648 1970 5692 eo
1994 5638 2213 5709 nomine

611 5721 760 5778 illum
788 5730 1038 5783 veterum
1077 5724 1340 5797 quispiam
1370 5722 1801 5797 reprehenderit.
1834 5725 1963 5797 Quae
1988 5741 2111 5801 eum
2140 5729 2212 5795 ita

2322 4608 2579 4681 idiomate
2608 4610 2827 4673 hebrtci.
2863 4609 2997 4665 Eam
3042 4625 3226 4666 vocem
3262 4612 3542 4686 πρόσωπον
3580 4610 3813 4667 reddunt
3843 4612 3927 4685 iu-

2323 4712 2599 4775 tcrpretes
2636 4704 2820 4777 graeci.
2848 4702 2955 4759 Pro
2981 4716 3046 4757 eo
3072 4702 3374 4775 principum
3407 4718 3557 4759 more
3587 4703 3682 4759 Dei
3708 4718 3924 4776 quoque

2323 4798 2613 4870 przcsentia
2651 4797 2980 4871 tnajestatica
3020 4797 3199 4851 vultus
3228 4798 3486 4870 facieique
3515 4797 3846 4871 metaphoris
3869 4798 3925 4854 iu

2324 4890 2604 4962 Scriptura
2632 4890 3008 4947 obumbratur.
3054 4887 3217 4945 Panis
3246 4890 3625 4961 propositionis
3664 4890 3818 4960 panis
3848 4890 3930 4945 fa-

2324 4984 2529 5039 cierum
2561 4982 2883 5053 appellatur,
2916 4994 3104 5036 eorum
3137 4995 3331 5052 nempe
3367 4982 3619 5053 proprius
3646 4980 3737 5050 qui
3770 4980 3925 5049 prin-

2324 5076 2504 5146 cipum
2556 5072 2954 5135 commensales
3015 5074 3227 5128 tierent.
3261 5072 3496 5144 Angelus
3525 5071 3826 5142 praesentia:
3868 5074 3922 5131 in

2324 5166 2586 5239 pr0phela
2625 5166 2765 5222 idem
2808 5175 2892 5223 est
2924 5166 3016 5236 qui
3061 5165 3155 5221 Dei
3189 5165 3373 5221 faciem
3405 5165 3600 5221 intueri
3631 5163 3830 5221 dicitur
3870 5167 3923 5221 in

2325 5257 2637 5333 Evangelio.
2659 5256 2729 5314 Ut
2752 5266 2929 5329 autem
2956 5272 3052 5328 pro
3070 5257 3383 5313 nuntiorum
3406 5257 3662 5331 dignitate
3688 5258 3756 5315 de
3780 5258 3925 5329 priu-

2321 5351 2501 5425 cipum
2547 5360 2663 5409 erat
2689 5350 3017 5409 contumelia
3044 5349 3418 5421 judicandum,
3463 5365 3529 5407 eo
3560 5352 3790 5423 graviori
3816 5366 3925 5422 quo

2322 5448 2543 5503 nuntius
2597 5446 2791 5501 fuisset
2844 5444 3195 5511 honoratior;
3248 5446 3318 5501 ita
3367 5445 3413 5501 is
3466 5446 3687 5503 honoris
3724 5445 3925 5517 gradus

2322 5553 2565 5601 summus
2590 5547 2711 5613 erat
2733 5582 2749 5607 ,
2798 5538 2844 5594 si
2876 5537 2995 5610 quis
3024 5548 3169 5593 esset
3200 5538 3253 5593 in
3294 5538 3598 5609 principum
3628 5546 3927 5608 conspectu

2319 5631 2807 5702 frequentissimus.
2834 5631 2936 5702 Qui
2962 5632 3124 5711 igitur
3148 5648 3181 5693 e
3209 5632 3469 5706 principis
3494 5629 3644 5687 vultu
3674 5645 3926 5702 egressus

2318 5723 2610 5796 diceretur,
2642 5723 2796 5783 illum
2834 5724 2881 5782 si
2911 5724 3031 5800 quis
3061 5724 3240 5787 minus
3282 5722 3579 5791 honoriﬁce
3616 5731 3925 5800 tractasset,
