2115 3106
125 98 165 128 45
666 98 712 129 DE
731 98 971 130 PRESBYTERIS
990 100 1218 132 DOCTORIBUS.
1747 103 1785 134 ιϐ

126 156 239 192 perinde
252 158 312 188 erat
327 162 359 186 ac
372 155 395 185 si
415 156 566 192 principem
585 156 672 192 ipsum
693 165 784 186 coram
802 163 927 194 agentem

986 163 1083 188 rentur.
1093 160 1185 194 Ἐδὸξε,
1194 164 1247 188 etc.
1259 158 1437 198 ἔκ)εξαμὲνους
1446 161 1541 204 ἄνδρας
1549 164 1574 198 ἓξ
1580 164 1663 194 αὐτῶν
1670 165 1781 204 πέμψαι,

126 209 344 240 prmscntcmque
352 204 571 239 contempsisset.
580 203 646 232 Cum
660 206 748 240 itaque
755 213 927 233 communem

124 252 177 280 sibi
186 256 271 287 atque
280 251 407 287 apostolis
419 250 551 279 honorem
562 250 621 278 fore
629 255 868 287 contemptumque
877 252 929 280 Do-

124 298 219 332 minus
231 297 378 333 proﬁtetur,
396 296 421 325 id
436 305 534 332 nempe
550 297 637 325 innuit
656 298 682 325 in
701 305 795 326 eorum
819 300 930 326 nuntio-

123 353 189 373 rum
213 351 327 381 numero
352 343 493 372 habendos
517 344 563 379 qui
586 349 679 373 essent
698 346 750 373 ἀπὸ
772 347 928 383 προσώπου.

123 391 199 420 Idem
221 399 286 427 ergo
308 391 399 419 dehis
419 391 596 420 ecclesiarum
611 391 743 427 apostolis
758 392 929 420 statuendum

123 438 160 466 ab
172 438 348 466 ecclesiarum
362 438 441 473 quasi
452 437 568 465 vultibus
579 437 744 471 fuisse,cum
755 438 779 465 in
789 443 929 473 utrosque,

124 489 181 513 tam
194 485 325 513 ecclesias
339 484 468 519 nimirum
481 484 552 519 ipsas
564 505 571 517 ,
587 492 666 518 quam
681 484 781 512 missos
796 485 830 512 ab
844 485 931 512 eccle-

124 530 176 559 siis
188 530 337 565 apostolos,
351 537 511 557 communes
521 529 708 559 redundarent
721 530 838 558 honores
849 535 931 565 atque

125 577 309 609 contumeliae,
323 576 399 612 quasi
421 583 503 603 unam
525 576 633 611 utrique
648 576 825 612 eamdemque
838 583 932 610 perso-

125 631 189 651 nam
208 624 386 651 sustinerent.
401 622 475 656 Quod
491 623 512 650 si
530 631 623 651 verum
635 627 718 656 esset,
734 623 804 658 quod
820 627 933 651 conten-

126 670 168 703 dit
187 670 339 698 Salmasius
350 691 358 704 ,
373 669 549 699 secundarios
565 669 649 698 hosce
663 669 841 698 ecclesiarum
862 676 929 704 apo-

125 717 213 745 stolos
226 725 282 745 non
296 717 347 745 alia
359 716 392 745 de
406 724 487 745 causa
503 717 585 747 fuisse
593 716 768 745 ecclesiarum
778 724 859 752 quam
870 716 931 751 quia

127 763 166 790 ad
180 764 306 791 ecclesias
320 763 480 799 plantandas
494 763 688 791 mitterentur:
704 770 759 790 non
779 766 852 791 esset
866 769 932 790 sane

127 817 179 843 cur
191 815 302 845 pessent
315 818 330 837 a
344 810 482 845 primariis
495 810 578 838 etiam
593 810 725 845 apostolis
742 810 794 837 hoc
810 809 869 838 solo
883 817 932 837 no-

127 859 201 892 mine
216 857 355 894 distingui.
376 856 429 893 ipsi
449 857 522 885 enim
538 857 576 885 illi
587 855 687 885 Christi
701 857 818 892 apostoli
832 857 865 885 ad
880 857 932 884 hoc

128 912 239 941 quoque
253 905 324 936 idem
338 904 546 940 plantandarum
561 904 736 932 ecclesiarum
746 911 844 932 munus
856 904 932 931 missi

127 956 193 979 sunt
206 959 221 979 a
235 951 341 979 Christo
354 956 436 986 atque
451 950 579 978 destinati
593 948 686 986 (Eplt.,
703 951 739 982 iv,
753 950 797 982 11,
811 950 855 983 12,
873 949 930 986 15).

129 998 228 1030 Certos
239 998 312 1027 enim
327 1003 355 1026 et
366 998 415 1033 ipsi
429 997 568 1026 habebant
581 1005 615 1025 ex
629 1002 708 1032 pacto
722 997 839 1030 κανόνας,
855 1003 888 1024 ne
903 997 931 1023 in

129 1045 187 1074 hoc
200 1045 341 1077 inferiores
353 1046 538 1074 existimemus
553 1045 730 1074 secundarios
748 1044 831 1072 hosce
849 1044 933 1071 fuisse

129 1092 279 1128 apostolos.
292 1092 368 1126 Quod
387 1099 452 1120 vero
466 1099 564 1121 munus
577 1092 651 1123 illum
672 1090 847 1126 Epaphroditi
864 1098 931 1125 apo-

130 1139 257 1171 stolatum
275 1139 383 1175 proprie
395 1139 535 1174 spectarit,
551 1146 583 1169 ex
597 1139 692 1167 eadem
714 1139 758 1166 illa
780 1138 813 1165 ad
830 1137 933 1172 Philip-

130 1186 359 1222 pensesEpistola
370 1186 449 1214 facile
465 1185 617 1221 colligimus
633 1184 729 1221 (PIu'L,
745 1192 785 1218 tv,
802 1184 856 1220 l8).
873 1183 932 1211 Ha-

130 1232 177 1261 beo
191 1238 275 1261 autent
289 1234 386 1266 omnia,
399 1233 533 1267 etabapdo
545 1241 555 1260 :
569 1233 684 1267 repletus
697 1240 763 1265 rum,
778 1232 888 1266 acceptis
901 1230 932 1258 ab

131 1279 314 1315 Epaphrodito
335 1287 391 1314 qua
410 1279 514 1307 misistis
526 1300 533 1311 ,
553 1283 606 1306 etc.
626 1278 694 1307 Rem
714 1278 795 1313 igitur
806 1276 933 1313 pecunia-

131 1326 205 1354 riam
224 1326 365 1360 spectabat
388 1325 431 1353 illa
447 1325 553 1361 legatio.
567 1325 644 1358 Quod
661 1323 715 1353 non
731 1324 766 1353 ita
782 1329 873 1351 tamen
889 1324 931 1350 in-

131 1372 308 1408 telligendum
332 1376 401 1404 erat,
429 1374 517 1407 quasi,
537 1376 645 1408 peracta
660 1379 691 1399 ea
707 1371 911 1406 dispensatione
923 1389 932 1404 ,

130 1418 168 1446 ad
181 1426 245 1451 suos
259 1426 274 1446 e
285 1418 395 1455 vestigio
404 1423 615 1450 reverterentur.
628 1418 678 1453 Qui
692 1419 727 1446 ita
740 1418 815 1446 missi
827 1421 931 1451 essent,

129 1465 203 1499 alias
219 1465 314 1493 deinde
327 1465 477 1501 legationes
490 1487 497 1500 ,
512 1466 570 1502 ejus
588 1466 622 1494 ad
635 1474 715 1501 quem
731 1465 806 1494 miSsi
821 1469 932 1499 essent,

130 1513 244 1545 nomine
259 1513 404 1546 obierunt,
417 1514 500 1549 idque
520 1514 548 1543 in
563 1514 724 1549 longinquas
739 1519 932 1548 nonnunquam

129 1559 269 1595 regiones,
295 1559 402 1595 quaties
425 1560 452 1588 id
474 1568 489 1589 e
507 1569 538 1589 re
554 1565 625 1590 esset
646 1561 775 1589 Ecclesia:
793 1560 934 1588 catholicae

129 1607 249 1642 publica.
265 1607 304 1635 Ita
318 1608 457 1642 apostolos
481 1607 544 1638 illos
562 1607 740 1636 ecclesiarum
763 1607 935 1635 commendat

131 1653 282 1683 Corinthiis
297 1662 312 1687 a
326 1662 356 1683 se
372 1655 552 1690 proculdubio
568 1662 601 1683 eo
616 1655 724 1683 missos.
739 1654 773 1692 (ll
788 1654 861 1687 Cor.,
876 1662 933 1688 vni,

131 1699 191 1736 26).
216 1700 255 1731 lta
279 1700 414 1736 Ephesios
437 1701 470 1728 ad
488 1708 518 1729 se
539 1701 637 1729 missos
651 1701 765 1729 Romam
785 1700 936 1728 destinasse

132 1747 242 1775 videtur
256 1747 376 1783 lgnatius
393 1747 457 1784 (Ep.
472 1748 506 1775 ad
522 1749 610 1780 Rom.,
626 1749 700 1785 ﬁn.).
717 1748 802 1775 Erant
816 1748 887 1776 enim
904 1754 936 1776 eo

132 1795 197 1830 ipso
204 1794 316 1823 consilio
329 1795 404 1823 missi
415 1803 484 1831 quos
495 1797 717 1834 χειροτονοθέντας
728 1796 780 1823 ὑπὸ
790 1799 840 1823 τῶν
850 1795 937 1824 ἔκκλη-

132 1845 200 1870 σιῶν
220 1841 394 1878 συνεκδήμους
417 1842 491 1870 dicto
515 1843 574 1871 loco
590 1842 623 1878 (Π
647 1841 718 1875 Com,
737 1843 801 1876 vni,
820 1840 865 1876 19)
882 1848 938 1869 me-

132 1892 226 1916 morat
251 1889 407 1923 Apostolus.
431 1888 497 1917 lnde
523 1888 700 1924 intelligimus
715 1888 824 1924 quinam
848 1890 938 1915 essent

133 1934 250 1969 apostoli
278 1934 432 1971 σννέκόημοι
457 1942 572 1970 quorum
608 1934 775 1962 mentionem
806 1933 938 1961 habemus

135 1980 288 2016 (Act.,_xtx,
302 1981 347 2016 29)
359 1989 414 2009 non
430 1981 499 2009 alios
511 1982 603 2017 utique
617 1990 697 2017 quam
713 1982 773 2014 hos,
788 1988 856 2016 quos
869 1980 938 2007 dixi-

135 2034 205 2058 mus
212 2027 357 2062 apostolos.
367 2028 451 2061 iidem
465 2030 615 2060 σννέποντες
625 2028 703 2064 (Αςιη
716 2036 762 2060 xx,
774 2026 815 2063 4);
826 2026 939 2059 συνεξελ-

132 2074 225 2105 θόντες
236 2074 317 2108 (Ae-1.,
330 2082 384 2108 xvt,
397 2075 444 2110 5);
461 2076 631 2108 συνελθὸντες,
644 2074 727 2110 (Ach,
742 2081 787 2106 xv,
801 2072 858 2108 58),
873 2080 939 2107 qno—

137 2127 199 2147 rum
223 2119 257 2146 ad
283 2120 401 2153 ofﬁcium
426 2121 462 2148 ita
480 2121 632 2155 pertinebat
647 2120 712 2148 viris
734 2120 786 2147 illis
807 2119 941 2154 primariis

135 2167 304 2206 ministrare,
320 2172 359 2205 ut,
375 2168 399 2204 si
416 2168 460 2204 qui
473 2172 657 2203 recesserant,
668 2167 707 2194 illi
719 2167 810 2202 cilicio
823 2166 942 2194 defuisse

137 2213 370 2241 existimarentur.
386 2214 428 2242 Ab
443 2214 518 2242 hisce
540 2221 569 2241 se
592 2214 730 2241 desertum
743 2236 749 2248 ,
774 2214 800 2240 in
820 2212 942 2255 epistolis

137 2253 335 2306 nonnunquam)
361 2256 488 2306 qneritur
509 2262 667 2299 Apostolus.
684 2255 768 2302 Iidem
794 2253 940 2296 atumem}

139 2308 212 2343 (erat
227 2309 299 2336 enim
312 2306 374 2336 haec
385 2309 622 2344 eleemosynarum
638 2307 819 2343 suppeditatio
833 2306 942 2342 proprie

138 2355 182 2381 sic
196 2354 263 2381 dicta
273 2354 399 2389 διακονία)
412 2356 491 2390 (ςιίιη
504 2364 558 2386 xtx,
571 2355 632 2390 ‘29.);
649 2356 775 2391 ὑπηρέται
789 2354 869 2387 (ΑΓΛ,
881 2360 940 2385 XIII,

139 2401 179 2436 5).
203 2401 238 2428 Et
252 2410 316 2429 vero
330 2403 522 2437 quamplurimi
545 2407 622 2429 erant
640 2403 683 2436 qui
702 2402 729 2428 S.
748 2403 754 2426 l
769 2401 829 2427 aulo
843 2401 877 2427 ita
891 2400 942 2427 mi-

140 2450 306 2482 nistrarent,
323 2451 445 2476 nonnulli
461 2449 583 2484 equidem
597 2450 629 2476 ab
647 2449 705 2483 ipso
721 2449 862 2482 assumpti,
876 2454 942 2474 non-

142 2496 208 2524 nulli
222 2498 257 2528 ab
270 2497 396 2524 ecclesiis
411 2497 443 2524 ad
463 2497 536 2523 illum
553 2496 679 2530 delegati,
696 2495 817 2521 nonnulli
833 2494 911 2528 (“liam
926 2500 941 2520 a

143 2542 242 2580 seipsis
255 2543 345 2572 devoti
366 2548 446 2578 atque
470 2543 562 2571 dicati.
582 2543 654 2570 Idem
677 2543 710 2569 ab
728 2542 857 2576 apo~toiis
877 2540 943 2575 ipsis

145 2588 316 2618 observatum
328 2595 386 2623 est,
401 2594 428 2616 ut
440 2589 609 2625 gravissimis
626 2590 658 2615 de
675 2589 762 2615 causis
780 2589 880 2622 legatos
890 2594 943 2614 non

142 2635 221 2662 alios
233 2635 385 2664 adhiberent
402 2644 480 2672 quam
503 2637 546 2671 qui
566 2636 675 2671 reliquis
696 2635 894 2670 pra'ccllcrcnt.
907 2633 944 2661 lta

139 2682 251 2711 factum
265 2682 292 2710 in
304 2683 422 2720 Qoncilio
441 2684 691 2718 hierosolymitano,
709 2691 769 2709 cum
782 2683 814 2708 (ID
830 2683 945 2708 circum-

140 2729 258 2757 cisionis
275 2731 433 2758 necessitate
449 2731 481 2757 ad
499 2730 650 2757 Ecclesium
673 2729 863 2756 antiocltt-ttntn
881 2726 944 2754 mit-

139 2775 256 2817 tendum
278 2782 350 2805 esset
372 2777 564 2812 Apostolorum
592 2775 747 2808 decretum,
772 2783 825 2802 non
850 2773 947 2801 obvios

138 2812 279 2859 quoslibet
294 2823 338 2858 qui
356 2830 387 2850 se
402 2823 471 2850 ultro
485 2822 651 2854 olierebant,
669 2821 716 2848 scd
737 2821 838 2848 electos
861 2828 876 2848 e
898 2827 948 2847 suo

137 2875 256 2909 nurnero
277 2868 351 2909 viros
371 2868 570 2897 constituerunt
592 2868 637 2903 qui
654 2867 705 2895 hoc
722 2874 835 2895 ntunere
852 2866 946 2908 funge~

982 211 1033 234 etc.
1051 206 1132 243 (Act.,
1158 216 1203 240 xv,
1227 208 1285 244 2‘2),
1308 210 1380 245 quod
1406 215 1434 239 et.
1456 219 1485 239 re
1508 213 1566 248 ipsa
1585 214 1778 248 praestiterunt.

981 261 1006 279 v.
1029 252 1144 281 95.Nec
1168 254 1248 282 aliter
1275 255 1370 288 Judaei,
1396 265 1410 284 a
1436 258 1533 292 quibus
1560 260 1592 287 ad
1615 261 1778 290 christianos

981 306 1124 327 emanasse
1136 301 1245 329 videtnr
1257 303 1421 337 exemplum.
1435 304 1474 331 llli
1489 305 1569 333 etiam
1584 306 1679 344 ἄνδρας
1694 311 1780 337 ἐκλεκ·

981 348 1042 377 τοὺς
1056 346 1217 382 delcgarunt
1238 348 1265 375 in
1286 356 1392 377 omnem
1419 354 1528 384 terram,
1545 354 1658 390 λέγοντες
1685 356 1783 395 αἳρεσιν

982 391 1054 421 ἄθεον
1074 400 1235 433 χριστιανῶν
1249 398 1395 433 πεφηνέναι,
1413 401 1497 431 teste,
1514 407 1567 426 non
1584 408 1637 428 uno
1658 401 1684 428 in
1701 391 1760 429 loco
1773 424 1782 437 ,

983 440 1011 469 S.
1026 441 1132 469 Justino
1147 442 1263 477 Martyre
1289 443 1406 480 (Dialog.
1431 453 1488 473 cum
1512 445 1655 482 Tryphon,
1674 457 1700 483 p.
1716 449 1781 484 234,

983 495 1009 519 Ε,
1025 487 1088 520 355,
1103 488 1141 524 c).

1020 533 1033 569 §
1055 534 1098 561 18.
1119 534 1211 570 Neque
1228 543 1291 564 vero
1311 537 1463 566 mirandum
1484 540 1615 574 apostolis
1630 541 1689 569 haec
1711 550 1782 577 pra:-

983 579 1083 607 stitissc
1099 581 1245 615 ecclesias,
1260 590 1321 610 eum
1342 584 1423 612 etiam
1440 585 1553 620 plebeiis
1568 587 1723 615 christianis
1739 596 1784 617 ca-

982 625 1044 653 dem
1059 628 1244 662 prmstiterint,
1260 630 1282 657 si
1292 631 1399 665 quando
1411 632 1436 659 in
1448 632 1529 660 rebus
1540 641 1596 661 rem
1611 634 1785 663 christianam

983 671 1115 706 publicam
1139 675 1315 703 atlinentihus
1341 683 1549 712 occuparentur.
1574 679 1640 707 Erat
1658 681 1785 709 nimirum

983 725 1036 745 non
1046 719 1156 747 minima
1166 722 1367 750 communionis
1379 731 1441 758 pars
1452 724 1478 751 in
1491 724 1601 760 hospitii
1613 727 1673 761 jure
1686 729 1785 763 posita,

983 772 1035 800 quo
1046 767 1257 800 spectantetiam
1269 773 1392 796 veterum
1401 771 1605 805 quamplurimm
1614 773 1786 802 litteraecom-

984 811 1159 847 mendatilire,
1172 821 1285 848 quarum
1299 814 1332 842 ad
1348 815 1526 844 imitationem
1537 817 1634 846 litterae
1642 820 1724 847 etiam
1738 829 1786 848 ec-

983 857 1142 886 clesiastica:
1167 858 1296 891 .l‘ormatae
1324 867 1457 897 suscepta:
1489 869 1679 901 concepttequc
1713 872 1787 896 sunt.

984 904 1140 940 llospitibus
1151 910 1240 934 autem
1252 909 1485 937 commorantibus
1496 917 1619 947 sumptus
1629 913 1713 947 gratis
1721 921 1787 949 sup-

984 951 1094 986 peditati
1103 956 1165 979 sunt
1180 951 1382 982 discedentibus
1392 956 1472 983 xenia
1485 956 1594 989 donata,
1606 963 1633 985 et
1642 961 1664 986 si
1675 968 1787 988 necesse

983 1002 1070 1030 esset,
1085 999 1199 1026 comites
1215 999 1320 1027 itineris
1341 1001 1437 1036 additi,
1451 1002 1473 1029 si
1489 1003 1557 1030 ultra
1572 1010 1663 1034 essent
1679 1006 1787 1041 profec-

984 1044 1047 1071 turi.
1057 1043 1120 1071 llmc
1131 1052 1165 1072 ex
1175 1045 1372 1081 antiquissimis
1385 1047 1496 1076 Homeri
1511 1050 1634 1085 hospitiis
1646 1052 1788 1080 manifesta

984 1094 1062 1123 sunt,
1076 1099 1136 1126 qua:
1157 1091 1184 1118 in
1208 1100 1298 1121 mores
1316 1093 1473 1123 Graecorum
1491 1099 1672 1126 recentiorum
1691 1099 1789 1127 deinde

985 1137 1160 1165 transierunt.
1182 1138 1257 1167 Hanc
1279 1142 1414 1177 φιλοξένιαν
1437 1144 1627 1172 commendant
1646 1146 1789 1182 aliquoties

984 1183 1113 1217 apostoli,
1130 1188 1157 1211 et
1170 1185 1278 1219 quidem
1302 1195 1335 1214 eo
1353 1188 1379 1214 in
1399 1188 1458 1216 loco
1472 1190 1544 1217 illam
1565 1191 1716 1220 habuerunt
1731 1194 1788 1228 pri-

983 1229 1061 1256 mmvi
1073 1230 1212 1267 christiani
1225 1235 1254 1259 ut
1270 1233 1365 1267 privati
1380 1234 1522 1270 aliquoties
1534 1237 1632 1266 divites
1642 1246 1672 1266 se
1685 1247 1789 1275 suaque

984 1276 1074 1303 omnia
1087 1278 1188 1305 sanctis
1204 1279 1384 1316 undequaqtte
1400 1284 1635 1318 peregrinantibus
1650 1287 1789 1322 excipien-

984 1322 1026 1350 dis
1039 1323 1171 1352 dicarent.
1187 1325 1261 1353 Talis
1276 1326 1360 1355 fuisse
1378 1328 1486 1356 videtur
1503 1329 1585 1358 Gaius
1601 1340 1654 1359 non
1668 1333 1696 1360 S.
1711 1334 1789 1361 Pauli

984 1369 1065 1397 modo
1089 1371 1208 1405 privatus
1232 1372 1346 1408 hospes,
1372 1374 1420 1402 scd
1444 1377 1527 1404 totius
1551 1377 1632 1405 etiam
1657 1379 1788 1407 Ecclesia:

984 1415 1076 1451 (Rom.
1094 1425 1155 1451 xvi,
1173 1418 1232 1454 25).
1249 1419 1407 1456 Eodemque
1421 1422 1531 1450 nomine
1548 1425 1755 1453 commendatur
1773 1434 1789 1453 a

984 1460 1013 1489 S.
1034 1462 1154 1498 Joanne,
1176 1465 1255 1492 tertia
1270 1465 1328 1500 ejus
1347 1466 1446 1501 Epist.,
1464 1468 1501 1502 7/.
1524 1469 1550 1502 5,
1569 1470 1596 1503 6,
1618 1470 1645 1502 7,
1667 1471 1693 1498 8.
1716 1471 1789 1499 Talis

985 1509 1065 1536 etiam
1079 1509 1128 1537 fuit
1147 1510 1304 1545 Philemon,
1319 1512 1369 1548 Ep.
1385 1513 1419 1540 ad
1434 1513 1562 1549 Philcm.,
1581 1516 1598 1551 ᾖ
1611 1536 1617 1542 .
1632 1517 1661 1549 5,
1676 1517 1702 1551 6,
1720 1518 1746 1551 7,
1762 1523 1790 1546 et

984 1555 1095 1584 Mnason
1114 1555 1244 1593 Cyprius,
1266 1559 1328 1586 Act.
1351 1567 1412 1592 xxx,
1436 1560 1480 1587 16.
1504 1561 1685 1590 Ecclesiarum
1699 1569 1789 1591 tamen

988 1603 1123 1638 publicum
1138 1604 1164 1631 id
1179 1605 1260 1640 vulgo
1274 1605 1357 1633 fuisse
1371 1607 1478 1635 videtur
1488 1608 1615 1636 ofﬁcium.
1630 1610 1680 1638 Illo
1692 1619 1790 1647 nempe

988 1649 1097 1684 hospitii
1108 1651 1169 1685 jure
1185 1658 1247 1678 usas
1261 1651 1375 1687 legimus
1389 1653 1414 1680 in
1429 1661 1458 1681 se
1469 1654 1583 1682 invicem
1598 1656 1704 1684 illorum
1720 1663 1789 1686 tem-

988 1702 1083 1730 porum
1097 1696 1215 1731 intcgras
1231 1698 1311 1725 etiam
1326 1699 1462 1727 civitates.
1478 1700 1608 1737 Exempla
1624 1703 1705 1731 habet
1721 1713 1791 1731 non-

988 1741 1075 1775 nulla,
1097 1742 1125 1769 ni
1144 1742 1233 1776 fallor,
1255 1744 1282 1771 in
1305 1744 1425 1772 Verrinis
1442 1745 1548 1774 Cicero.
1568 1747 1603 1776 Ut
1624 1750 1735 1784 proinde
1756 1751 1792 1779 ad

988 1788 1133 1821 ecclesias,
1155 1797 1215 1824 quae
1233 1790 1357 1818 civitates
1372 1791 1511 1827 integras,
1530 1801 1579 1828 pro
1593 1795 1665 1822 illius
1683 1804 1791 1832 quoque

989 1836 1080 1863 δίρρυιὶ
1097 1843 1192 1869 more,
1215 1837 1474 1873 complecterentur,
1498 1848 1611 1876 qumque
1635 1843 1791 1872 civitatibus

990 1882 1102 1917 proinde
1116 1882 1292 1911 conferuntur
1306 1885 1340 1912 ab
1354 1885 1471 1921 Origene
1485 1886 1543 1923 (lib.
1560 1896 1599 1921 tu,
1616 1895 1684 1916 cont.
1698 1889 1790 1927 Cels.),

990 1928 1128 1957 dimanare
1151 1929 1276 1958 facillime
1299 1932 1427 1966 pottterit.
1448 1933 1602 1962 Przesertim
1625 1943 1685 1964 cum
1706 1937 1791 1965 Jndmi

990 1975 1070 2002 etiam
1091 1975 1322 2012 hicrosolymitani
1345 1985 1406 2005 cum
1423 1980 1633 2014 provincialibus
1647 1982 1794 2020 διασπορᾶς

992 2022 1085 2050 eadem
1100 2022 1199 2056 ofﬁcia,
1211 2028 1274 2051 ante
1287 2023 1485 2052 Christianismi
1501 2027 1581 2054 etiam
1598 2029 1702 2056 natales
1716 2037 1795 2057 exer-

992 2069 1168 2097 cuissent.Ne
1184 2070 1290 2105 longius
1304 2071 1410 2104 abeam,
1425 2071 1451 2098 id
1466 2072 1564 2107 colligo
1572 2081 1604 2101 ex
1621 2075 1681 2102 Act.
1698 2084 1790 2109 xxvrn,

992 2116 1037 2149 21,
1052 2120 1194 2151 propterea
1212 2117 1258 2152 qui
1275 2117 1301 2144 in
1321 2117 1434 2152 publicis
1447 2123 1539 2146 essent
1553 2120 1681 2149 Ecclesia:
1696 2123 1793 2151 ciliciis

993 2163 1142 2195 constituti,
1156 2163 1190 2190 ad
1202 2163 1262 2191 illos
1277 2164 1413 2199 praecipue
1425 2166 1584 2200 spectabant
1598 2168 1658 2196 haec
1672 2159 1794 2205 hospita«

993 2209 1075 2236 litatis
1090 2210 1190 2236 munia.
1204 2210 1241 2237 De
1251 2210 1339 2238 viduis
1353 2211 1482 2239 Ecclesiae
1494 2213 1528 2240 ita
1543 2214 1636 2242 scribit
1647 2216 1796 2251 Apostolus

952 2276 980 2306 D
995 2255 1024 2292 (l
1042 2255 1121 2290 Tim.,
1137 2265 1163 2287 v.
1179 2256 1232 2292 10)
1250 2264 1256 2284 :
1272 2257 1304 2284 Si
1332 2257 1441 2293 hospitio
1466 2260 1571 2296 recepit,
1599 2261 1622 2288 si
1646 2268 1794 2290 sanctorum

994 2302 1069 2336 pedes
1093 2302 1173 2336 lavit,
1201 2303 1224 2330 si
1250 2304 1440 2331 tribulationem
1471 2306 1626 2340 patientibus
1655 2309 1793 2336 subminis-

993 2349 1078 2375 travit.
1109 2349 1145 2376 De
1162 2350 1313 2384 episcopo;
1339 2348 1444 2385 Oportet
1471 2351 1538 2378 enim
1561 2353 1706 2387 episcopum
1730 2354 1795 2380 irrc-

993 2395 1186 2430 pre/tensibilem
1199 2404 1268 2428 esse,
1285 2396 1360 2422 unius
1375 2396 1462 2423 uxoris
1478 2398 1575 2430 virum,
1590 2399 1716 2433 sobrium,
1733 2409 1796 2436 pru-

993 2442 1103 2473 dentem,
1120 2446 1250 2474 ornatum,
1266 2442 1398 2476 pudicum,
1414 2442 1566 2477 hospitalem
1581 2444 1602 2480 (ι
1614 2445 1694 2478 Tim.,
1705 2455 1742 2479 ut,
1753 2447 1794 2482 2).

993 2490 1098 2517 Rursus
1110 2489 1143 2516 de
1158 2489 1252 2516 eodem
1271 2498 1278 2515 :
1295 2488 1349 2516 Sed
1360 2489 1522 2523 hospitalem,
1535 2491 1670 2527 benignum
1684 2493 1796 2522 sol/rium

996 2536 1071 2573 (Tit.,
1083 2544 1102 2567 1,
1117 2534 1155 2571 8),
1166 2539 1218 2562 etc.
1230 2534 1254 2562 IS
1263 2535 1335 2562 enim
1344 2538 1410 2563 πᾶσι
1422 2540 1475 2566 τοῖς
1487 2538 1511 2564 ἐν
1523 2539 1603 2576 χρείᾳ
1613 2536 1671 2567 οὖσι
1682 2539 1797 2575 zodiaca»

995 2588 1064 2614 erat,
1079 2586 1147 2609 teste
1161 2581 1189 2609 S.
1206 2581 1313 2608 Justino
1326 2587 1445 2618 martyre
1460 2581 1594 2619 (Apolog.,
1611 2586 1651 2621 ιι).

1034 2629 1048 2666 §
1070 2629 1113 2656 19.
1136 2628 1199 2656 Haec
1210 2628 1290 2663 igitur
1307 2636 1370 2663 erga
1384 2636 1480 2656 omnes
1496 2636 1574 2658 erant
1592 2632 1798 2666 peregrinantes

996 2675 1151 2703 communia
1165 2674 1341 2702 ecclesiarum
1359 2674 1464 2708 ol'licia,
1481 2684 1541 2711 qua:
1556 2677 1619 2711 quin
1635 2677 1701 2711 ipsis
1716 2680 1799 2707 etiam

997 2722 1126 2758 apostolis
1137 2720 1284 2749 ofﬁciosius
1298 2727 1501 2757 praestarentur,
1514 2723 1577 2750 nihil
1592 2731 1658 2751 sane
1673 2730 1715 2752 est
1728 2726 1800 2760 quod

998 2770 1161 2798 dubitemus.
1178 2768 1276 2797 Nescio
1295 2770 1475 2806 quicquamne
1490 2769 1569 2797 fuerit
1583 2778 1637 2809 quo
1656 2773 1704 2800 viri
1725 2773 1801 2801 illus-

997 2821 1063 2850 tres,
1075 2824 1122 2853 pro
1134 2817 1205 2844 illius
1215 2815 1307 2844 sreculi
1320 2823 1406 2849 more,
1419 2815 1504 2850 excipi
1515 2815 1720 2852 solerent,qnin
1732 2819 1804 2846 idem

1001 2864 1067 2893 illud
1088 2864 1114 2893 in
1130 2863 1260 2901 apostolis
1280 2862 1473 2898 primariisqne
1493 2862 1557 2892 Eccl
1566 2864 1636 2894 εεὶίο
1656 2864 1720 2892 viris
1740 2865 1811 2893 escis
