4230 6212
636 212 712 271 ιτ
1584 197 1953 263 DODWELLI
1990 194 2441 261 DISSERTATIO
2464 196 2874 259 CYPRIANICA
3860 202 3931 264 ιε

640 326 849 403 piendis
890 324 1227 382 observarint
1273 321 1435 380 etiam
1475 319 1766 388 Ecclesiae;
1811 330 1867 376 et
1908 319 2124 391 quidem
2174 332 2239 375 eo
2265 315 2319 376 A
2344 314 2670 383 ritmentio,
2703 318 3077 389 episcoporum
3106 317 3361 377 videlicet
3389 317 3826 391 presbyterorum
3854 331 3937 377 at-

642 421 963 495 promptiori
988 422 1170 476 animo
1191 463 1206 488 ,
1237 419 1379 491 quod
1409 433 1516 474 non
1540 416 1750 473 illorum
1784 414 1947 471 modo
1975 413 2204 486 gratiam
2223 453 2238 478 ,

642 513 837 586 quibus
866 529 930 570 ea
949 514 1343 583 iprzestiterant,
1372 512 1467 568 sed
1499 510 1592 566 Dei
1626 509 1763 565 adeo
1789 508 1977 579 ipsius,
2005 508 2158 579 cujus
2189 508 2240 562 in

642 619 812 677 opere
838 614 1254 674 occuparentur.
1285 619 1347 661 se
1375 602 1642 660 demereri
1671 600 1991 666 eroﬁerent,
2022 601 2248 671 partici-

643 714 851 771 pesque
879 714 939 755 se
970 698 1183 754 illorum
1209 713 1425 770 quoque
1465 711 1687 768 operum
1724 694 1956 751 futuros.
1986 692 2246 764 Apostolo

556 826 559 831 -
642 793 873 849 Romam
904 791 1138 848 venienti
1169 791 1383 845 obviam
1410 789 1563 845 etl‘usi
1591 795 1717 842 sunt
1736 787 1952 852 fratres,
1982 799 2150 855 usque
2177 783 2245 841 ad

647 888 808 959 Appii
826 886 999 943 forum
1018 895 1073 941 et
1086 886 1218 941 Tres
1233 884 1509 941 Tabernas
1522 882 1683 954 (Act.,
1698 896 1889 945 xxvnt,
1912 878 2002 948 15)
2014 919 2026 931 .
2042 876 2248 949 Ignatio

651 994 831 1039 tamen
875 981 941 1036 ad
984 979 1298 1051 martyrium
1349 976 1657 1048 properanti
1692 989 1862 1046 usque
1902 971 1969 1027 ad
2013 980 2248 1041 portum.

654 1075 948 1134 Metitenses
974 1073 1310 1129 discedentem
1337 1072 1509 1127 ntultis
1538 1068 1813 1125 honoribus
1843 1063 2249 1128 Itonoraverunti,

648 1184 702 1229 et
725 1170 1078 1243 navigantibus
1102 1172 1452 1240 imposuerunt
1478 1181 1593 1238 qua:
1618 1162 1903 1220 necessaria
1921 1168 2064 1216 erant
2086 1156 2250 1231 (Ibid.

654 1282 731 1333 tv,
749 1266 865 1336 IO).
890 1264 1057 1319 Erant
1070 1261 1187 1318 haec
1200 1277 1386 1316 eorum
1406 1257 1757 1330 proculdubio
1771 1255 1947 1311 xenia.
1966 1250 2255 1307 Disceden-

653 1368 763 1414 tcm
802 1358 868 1412 ad
901 1372 1089 1413 navem
1117 1370 1286 1426 usque
1306 1354 1544 1409 comitati
1574 1359 1703 1407 sunt
1732 1349 1951 1420 Ephesii
1983 1346 2122 1419 (Act.
2154 1361 2252 1410 xx,

654 1453 772 1523 58).
805 1452 933 1508 llaec
961 1461 1077 1506 erat
1105 1454 1428 1523 προπομπὴ,
1457 1446 1611 1517 cujus
1643 1446 1805 1501 etiam
1836 1444 1951 1513 ipse
1978 1440 2257 1513 quamplu-

653 1545 808 1601 rimis
847 1545 899 1599 in
932 1543 1064 1598 locis
1104 1543 1352 1597 meminit
1388 1538 1702 1609 Apostolus.
1738 1536 1794 1591 Id
1834 1546 2014 1591 autem
2055 1533 2120 1588 ad
2163 1533 2259 1588 lto-

655 1652 845 1692 norem
894 1636 1192 1700 venientis,
1229 1649 1329 1704 pro
1374 1633 1516 1687 illius
1559 1646 1772 1703 quoque
1809 1629 1984 1684 aetatis
2026 1642 2258 1684 consue-

2346 427 2449 484 qne
2472 411 2844 469 diaconornm.
2866 410 3286 484 Frequentiores
3308 422 3467 480 erant
3488 411 3933 481 extraordinarii,

2351 506 2614 577 apostoli,
2665 504 3041 575 evangelistte,
3089 516 3333 578 pastores
3378 514 3540 577 atque
3587 505 3837 564 doctores
3884 515 3941 563 et

2348 599 2628 670 pr0pheta3
2664 599 3011 671 potioresque
3043 599 3265 655 omnino
3302 608 3465 670 atque
3500 599 3846 655 celebriores.
3873 597 3944 655 Et

2350 692 2628 765 probabile
2656 693 2873 765 quidem
2903 703 2986 749 est
3015 692 3208 749 horum
3240 694 3405 750 fuisse
3444 692 3716 764 propriam
3747 692 3947 764 prima.

2352 784 2484 840 riam
2522 785 2669 840 illam
2710 786 3272 858 simplicissimamque
3298 786 3558 844 Ecclesia:
3597 785 3947 843 administra-

2358 876 2591 942 tionem;
2628 884 2739 932 tum
2767 877 2985 949 deinde,
3013 893 3137 935 cum
3162 878 3606 949 perturbatiorem
3632 878 3777 934 illam
3804 879 3953 935 inor-

2352 968 2787 1045 dinatioremque
2831 972 3039 1042 experti
3087 980 3302 1039 essent,
3352 971 3608 1043 paulatim
3654 972 3708 1027 in
3760 986 3948 1028 eorum

2355 1063 2531 1120 locum
2561 1066 2888 1122 successisse
2920 1065 3200 1123 ministros
3220 1067 3370 1136 illos,
3402 1082 3538 1139 quos
3568 1065 3728 1125 hodie
3754 1069 3953 1124 retine-

2356 1171 2511 1225 mus,
2552 1157 2856 1214 ordinarios
2877 1201 2892 1225 ,
2925 1159 3324 1231 paulatimque,
3357 1176 3453 1231 pro
3489 1175 3765 1234 synaxeon
3793 1160 3955 1217 disci-

2357 1251 2541 1321 plina,
2594 1252 3052 1311 extraordinarios
3092 1254 3216 1310 illos
3270 1254 3557 1311 ordinariis
3609 1254 3781 1311 factus
3834 1269 3957 1311 esse

2359 1343 2625 1402 subditos.
2657 1346 2883 1415 Quando
2910 1347 3072 1418 igitur
3095 1362 3370 1419 synaxeon
3412 1348 3593 1403 munia
3624 1346 3876 1403 obierunt
3901 1345 3957 1401 hi

2359 1439 2771 1494 extraordinarii
2800 1438 3063 1506 ministri,
3094 1440 3292 1495 frustra
3317 1440 3721 1511 expectabimus
3740 1437 3961 1496 ordina-

2361 1531 2563 1588 riorum
2613 1534 2978 1590 ministrorum
3019 1533 3372 1589 mentionem.
3413 1531 3472 1588 Id
3521 1548 3687 1588 unum
3727 1531 3960 1600 sufﬁcit,

2363 1624 2527 1683 fuisse
2554 1626 2706 1695 illos,
2741 1643 2849 1682 non
2873 1641 3084 1682 summa
3108 1625 3273 1681 modo
3301 1624 3561 1695 dignitate
3582 1666 3597 1691 ,
3622 1624 3717 1680 sed
3748 1638 3963 1682 summo

659 1729 879 1797 tudine,
924 1728 1228 1799 spectabat,
1275 1735 1333 1780 ut
1380 1740 1488 1797 quo
1541 1723 1768 1795 quisque
1816 1722 2077 1791 dignitate
2115 1728 2262 1777 esset
2287 1716 2339 1779 B
2365 1718 2549 1787 etiam,
2580 1720 2632 1776 in
2660 1720 2919 1777 Ecclesiae
2947 1718 3434 1784 administratione,
3461 1718 3601 1787 loco,
3628 1728 3687 1773 ιιι
3715 1717 3964 1788 proinde,

656 1821 939 1887 illustrior,
972 1835 1037 1877 eo
1065 1821 1239 1876 forent
1280 1817 1442 1874 etiam
1498 1817 1825 1872 illustriores
1865 1814 1903 1869 ii
1941 1813 2113 1886 quiin
2145 1812 2262 1884 ejus

659 1927 943 1969 occursum
984 1912 1345 1971 mitterentur.
1392 1909 1556 1981 quue
1602 1908 1765 1965 etiam
1812 1907 2156 1962 observatum
2206 1904 2263 1961 in

662 2004 997 2075 cxcipiendis
1025 2002 1425 2073 provinciarum
1456 1999 1794 2071 praesidibus,
1818 2007 1877 2054 ut
1902 2014 2061 2071 quem
2083 1997 2150 2054 ad
2183 1998 2265 2053 lo-

661 2112 783 2152 cum
825 2096 1115 2167 provincia:
1146 2095 1377 2165 primum
1404 2093 1733 2165 appulissent
1757 2132 1773 2158 ,
1805 2106 1872 2146 eo
1908 2089 2204 2162 legationes
2230 2104 2262 2144 a

662 2189 993 2254 civitatibus,
1036 2188 1276 2243 virorum
1314 2188 1365 2242 in
1405 2202 1500 2241 sua
1541 2187 1768 2258 quisque
1806 2184 2023 2240 civitate
2065 2184 2263 2254 prima-

664 2286 901 2347 riornm,
929 2283 1289 2337 mitterentur.
1314 2279 1461 2336 Idem
1486 2280 1649 2335 etiam
1681 2295 1710 2332 a
1744 2276 2050 2334 civitatibus
2073 2276 2264 2332 vicinis

666 2375 1009 2431 observatum
1043 2374 1096 2428 in
1139 2371 1682 2443 peregrinationibus.
1720 2369 1775 2424 Id
1814 2383 1936 2424 cum
1983 2368 2264 2425 christiani

661 2472 721 2526 in
765 2469 1130 2541 apostolorum
1181 2467 1526 2536 virorumque
1574 2463 1832 2520 Ecclesiae
1883 2462 2262 2533 primariorum

665 2564 1186 2636 peregrinationibus
1241 2561 1614 2624 imitarentur,
1667 2558 1720 2613 id
1768 2573 1982 2629 quoque
2029 2557 2266 2613 imitatos

663 2655 958 2713 verisimile
979 2665 1081 2722 est,
1103 2670 1169 2710 ne
1188 2652 1518 2710 venientium
1541 2650 1785 2722 dignitati
1807 2649 2058 2706 deessent
2083 2651 2262 2721 legati.

665 2751 998 2820 Quamquam
1029 2748 1173 2803 enim
1202 2746 1399 2802 fastum
1429 2744 1760 2802 mundanum
1793 2740 1980 2813 procul
2007 2740 2265 2796 amanda-

665 2849 776 2901 rint
792 2843 1043 2914 apostoli,
1056 2850 1211 2897 erant
1228 2851 1407 2895 tamen
1425 2838 1610 2895 decori
1624 2836 1785 2893 iidem
1804 2836 2265 2893 observantissimi

663 2936 1200 3006 retinentissimique.
1250 2933 1307 2989 Id
1358 2942 1506 2989 certe
1550 2933 1608 2989 S.
1649 2932 1802 2989 Pauli
1849 2932 2016 2989 luisse
2055 2932 2266 2989 videtur

662 3029 962 3102 ingenium,
990 3042 1053 3084 ea
1085 3026 1312 3083 indoles.
1341 3026 1451 3082 Nec
1480 3026 1531 3081 id
1559 3025 1775 3097 quidem
1807 3025 2097 3081 immerito.
2130 3024 2264 3079 Cum

2363 1812 2410 1868 si
2436 1828 2573 1884 quas
2595 1814 2669 1869 illi
2700 1815 2998 1886 legationes
3024 1812 3290 1880 obierint,
3317 1811 3607 1868 admodum
3648 1810 3774 1868 illas
3798 1807 3969 1868 fuisse

2365 1905 2690 1964 bonoriﬁcas
2713 1922 2934 1965 necesse
2959 1917 3126 1964 esset.
3155 1905 3290 1963 Cum
3320 1922 3450 1963 vero
3478 1903 3716 1972 tandem,
3746 1911 3970 1975 propter

2365 2018 2641 2074 synaxean
2690 2002 3067 2072 disciplinam,
3107 2002 3394 2060 ordinariis
3438 1999 3836 2071 subjicerentnr
3877 2014 3970 2071 sy-

2365 2109 2574 2150 naxeon
2595 2095 2873 2159 ministris,
2903 2095 3081 2151 adhuc
3104 2104 3285 2151 tamen
3316 2095 3575 2152 honorem
3609 2090 3969 2165 proculdubio

2366 2203 2638 2243 summum
2662 2188 3026 2245 retinuerunt.
3057 2188 3168 2245 Nec
3195 2188 3338 2244 enim
3366 2196 3525 2243 erant
3553 2187 3630 2242 illi
3662 2186 3825 2243 certis
3852 2186 3972 2256 qni-

2367 2281 2595 2339 busdam
2639 2281 2885 2339 ecclesiis
2922 2280 3103 2349 afﬁxi,
3146 2281 3244 2338 sed
3285 2282 3467 2353 potius
3506 2280 3671 2336 totius
3711 2278 3972 2336 Ecclesiae

2366 2373 2646 2430 catholicae
2686 2389 3036 2441 communes,
3077 2373 3220 2446 quod
3268 2372 3363 2446 (ea
3392 2372 3748 2445 proculdubio
3772 2379 3971 2439 aetate,

2367 2483 2490 2523 cum
2528 2466 2582 2522 in
2622 2483 2690 2524 eo
2728 2469 2921 2540 positae
2954 2477 3138 2524 essent
3176 2482 3553 2539 supremorum
3596 2466 3971 2522 ministrorum

2368 2576 2549 2632 operte
2569 2603 2584 2628 ,
2626 2560 2806 2632 potius
2834 2568 2894 2616 ut
2923 2560 3029 2615 late
3069 2559 3521 2616 christianitatetn
3551 2549 3971 2615 disseminarent

2368 2669 2527 2724 quam
2554 2660 2613 2708 ut
2632 2653 2894 2709 ecclesias
2924 2661 3177 2724 regerent
3198 2651 3310 2723 jam
3341 2651 3588 2731 fundatas
3616 2652 3972 2708 constitutas-

2365 2749 2493 2816 que)
2527 2744 2643 2799 ﬁeri
2684 2744 2774 2799 vix
2811 2754 2988 2815 potest
3015 2744 3144 2815 quin
3183 2759 3371 2801 eorum
3399 2742 3577 2800 officio
3610 2745 3975 2801 anteferretur

2326 2860 2349 2878 ι
2367 2837 2460 2910 qui
2486 2837 2816 2909 singularum
2847 2844 3030 2893 essent
3054 2836 3337 2893 dumtaxat
3354 2836 3729 2894 ecclesiarum.
3759 2836 3846 2893 Ex
3869 2837 3975 2894 hoc

2367 2942 2549 2991 autem
2575 2933 3126 2991 extraordinariornm
3150 2933 3520 2991 ministrorum
3547 2948 3780 2990 numero
3807 2933 3975 2990 fuisse

2367 3030 2617 3087 videntur
2638 3030 2728 3101 qui
2757 3029 2916 3102 legati
2952 3029 3228 3086 constituti
3255 3038 3461 3086 essent.
3494 3028 3613 3100 Ipsa
3646 3027 3736 3084 illa
3783 3042 3973 3086 eorum

666 3122 810 3177 enim
850 3121 902 3176 in
945 3121 1014 3175 ita
1054 3120 1293 3190 exceptis
1344 3118 1548 3173 nullum
1596 3126 1771 3181 esset,
1818 3116 1923 3172 illis
1962 3115 2262 3187 praesertim
2290 3109 2339 3175 C
2370 3123 2508 3179 dona
2548 3123 2841 3180 inﬁdelium
2886 3137 3081 3190 causa,
3130 3124 3307 3194 potius
3352 3137 3514 3194 quam
3545 3121 3818 3191 fidelium,
3847 3121 3974 3179 data

664 3213 1105 3286 persecutionum
1143 3210 1385 3274 saeculis,
1416 3210 1583 3284 fastus
1605 3209 1939 3281 periculum;
1980 3208 2145 3264 multa
2177 3216 2261 3263 ta-

659 3323 792 3366 men
822 3316 976 3362 erant
1004 3307 1058 3361 in
1090 3307 1175 3362 his
1200 3306 1508 3376 adiaphoris
1532 3323 1652 3379 quae
1680 3307 1748 3362 ad
1778 3307 2115 3364 subditorum
2142 3307 2262 3363 cul-

664 3408 778 3455 tum
807 3400 1275 3470 reverentiamque
1298 3400 1692 3457 conciliandam
1720 3400 1979 3468 facerent,
2012 3417 2131 3473 qua:
2152 3416 2260 3456 non

666 3503 820 3549 erant
837 3508 969 3549 sane
990 3492 1329 3564 negligenda,
1343 3509 1464 3549 cum
1490 3495 1785 3563 praesertim
1804 3509 1910 3549 non
1930 3493 2263 3562 imperaren-

659 3594 751 3641 tur
804 3587 919 3641 hazc
959 3584 1160 3647 ofﬁcia.
1188 3584 1283 3642 sed
1314 3600 1443 3642 vero
1470 3585 1747 3642 liberrimo
1773 3585 2263 3657 ardentissimoque

663 3678 1002 3737 subditorum
1032 3689 1416 3751 praestarentur
1437 3681 1722 3752 obsequio.

658 3838 665 3844 θ
738 3772 767 3845 §
803 3773 895 3829 20.
938 3775 1115 3844 Atque
1144 3773 1267 3831 hinc
1287 3775 2023 3847 concludimus,quamquam
2046 3775 2262 3832 aliunde

660 3880 773 3922 non
803 3866 1226 3938 intelligeremns
1266 3883 1425 3939 quem
1457 3869 1630 3923 locum
1659 3868 1714 3923 in
1748 3867 1987 3924 Ecclesia
2015 3868 2263 3924 obtinue-

660 3957 777 4014 rint
805 3957 895 4029 qni
917 3958 1001 4014 his
1025 3958 1381 4030 legationibus
1406 3959 1672 4016 obeundis
1698 3960 2120 4031 destinarentur,
2152 3976 2258 4020 non

663 4067 789 4108 esse
817 4062 995 4110 tamen
1021 4053 1166 4125 quod
1203 4053 1511 4110 dubitemus
1540 4056 1668 4126 quin
1699 4056 1743 4110 is
1776 4056 1936 4112 fuerit
1969 4058 2259 4115 admodum

660 4143 1012 4201 bonoriticus.
1045 4147 1450 4203 Ordinariorum
1489 4146 1681 4202 borum
1719 4148 1975 4205 Ecclesia:
2013 4150 2260 4207 ministe-

659 4238 865 4295 riorum
882 4239 932 4294 in
950 4241 1121 4312 prima
1139 4241 1214 4297 illi
1227 4242 1324 4298 teri
1344 4242 1618 4315 apostolici
1637 4242 2063 4317 llistOl‘inJariOI’
2079 4259 2261 4301 occur-

2367 3233 2490 3275 esse
2517 3217 2763 3290 agnoscit
2786 3219 3063 3289 apostolus
3093 3217 3306 3274 utiliora
3334 3217 3562 3288 proinde
3597 3216 3777 3271 futura
3796 3257 3812 3283 ,
3842 3216 3890 3272 si
3920 3215 3976 3272 in

2367 3312 2748 3369 convertendis
2778 3311 3080 3368 inlidelibus
3107 3313 3287 3384 potius
3313 3326 3473 3382 quam
3500 3309 3751 3367 fidelibus
3777 3310 3976 3367 contir-

2367 3409 2580 3466 mandis
2600 3451 2615 3475 ,
2642 3408 3060 3466 collocarentur.
3084 3407 3219 3465 Cum
3248 3409 3548 3480 praesertim
3586 3421 3654 3462 eo
3684 3406 3809 3477 ipso
3845 3420 3979 3463 con-

2367 3503 2490 3560 silio
2511 3501 2659 3557 missi
2681 3510 2885 3567 essent,
2905 3516 3011 3557 non
3033 3501 3124 3571 qui
3147 3501 3425 3556 venientes
3445 3498 3763 3569 exciperent
3784 3496 3967 3564 modo,

2365 3596 2461 3653 sed
2489 3596 2579 3668 qui
2607 3595 2834 3653 comites
2861 3602 3045 3651 essent
3068 3603 3123 3650 et
3143 3596 3382 3671 συνεργοί
3407 3592 3780 3649 itinerantium
3812 3602 3976 3664 atque

2365 3691 2843 3764 peregrinantium.
2895 3687 3006 3745 Sed
3054 3704 3185 3745 vero
3231 3688 3391 3743 aliam
3439 3686 3660 3744 omnino
3704 3684 3977 3741 adminis-

2365 3785 2542 3843 trandi
2570 3784 2834 3840 rationem
2862 3781 3116 3853 exigebat
3143 3781 3291 3836 illius
3314 3779 3488 3836 aetatis
3522 3778 3772 3835 Ecclesia
3811 3789 3977 3847 quam

2364 3879 2725 3948 sequentium,
2753 3888 2809 3933 ut
2832 3877 3031 3933 frustra
3059 3876 3168 3931 sint
3190 3874 3414 3930 omnino
3442 3873 3534 3945 qui
3566 3869 3694 3928 nihil
3722 3869 3889 3927 hodie
3918 3870 3977 3925 in

2366 3973 2607 4031 Ecclesia
2661 3971 2978 4043 permittunt
3023 3970 3125 4025 nisi
3166 3967 3310 4041 quod
3354 3965 3421 4022 ad
3470 3966 3612 4021 illius
3654 3962 3977 4036 apostolica:

2365 4065 2623 4124 Ecclesi'e
2647 4064 2855 4122 accedit
2880 4062 3211 4134 exemplum.
3243 4057 3669 4118 Considerandte
3695 4065 3829 4113 sunt
3852 4070 3976 4112 om-

2363 4160 2493 4215 nino
2516 4156 2935 4214 circumstantiaz
2962 4164 3020 4212 et
3047 4154 3326 4225 prudentia
3355 4150 3681 4217 adhibenda,
3717 4164 3827 4221 qua
3855 4163 3982 4206 cer-

2363 4263 2475 4308 tum
2506 4261 2590 4308 est
2615 4251 2796 4307 multis
2824 4251 2877 4306 in
2908 4249 3068 4305 rebus
3093 4262 3221 4305 usos
3249 4262 3377 4305 esse
3402 4245 3702 4317 apostolos.

669 4342 3973 4427 Ἠ
1723 4413 1864 4424 _.
1870 4408 3644 4427 _.._._...__...________

955 4413 2610 4663 mni—lno
2721 4413 3674 4659 ΤΕιῇἶΧ

1245 4734 1405 4817 DE
1461 4735 2021 4831 SECUNDO
2078 4740 2664 4825 MARTYPJI
2721 4736 3340 4844 BAPTISMO,

1465 4870 1470 4876 ’
1918 4875 2243 4937 AUCTORE
2282 4878 2694 4938 DODWELLO.

1944 4417 2215 4427 -ο--σ

654 5016 686 5089 §
717 5015 770 5071 I.
794 5042 865 5055 --
886 5012 988 5069 Cur
1031 5011 1343 5085 singularem
1383 5014 1501 5071 huic
1531 5024 1834 5088 argumento
1879 5015 2103 5073 dicemus
2144 5018 2250 5074 dis-

728 5106 1075 5163 sertationem.
1098 5134 1167 5146 ——
1197 5105 1228 5178 ἑ
1253 5105 1307 5160 2.
1330 5105 1403 5160 Ab
1427 5108 1793 5176 antiquissimis
1820 5125 1979 5180 usque
2005 5108 2249 5165 Ecclesia:

721 5198 1027 5271 temporibus
1055 5198 1125 5252 ad
1161 5212 1333 5253 nostra
1360 5198 1468 5254 ha'c
1511 5200 1771 5255 descendit
1800 5202 1994 5271 opinio.
2028 5223 2099 5243 -—
2130 5202 2158 5275 §
2186 5204 2242 5259 5.

730 5290 1023 5365 Baptismus
1083 5306 1276 5362 aqueus
1322 5301 1368 5345 et
1421 5292 1542 5346 nnio
1589 5304 1801 5349 externa
1845 5311 1961 5350 cum
2016 5293 2255 5352 Ecclesia

735 5385 1082 5454 prwrequisita
1145 5383 1214 5437 ad
1257 5383 1589 5455 sanguineum
1630 5387 1865 5458 ntartyrii
1919 5389 2247 5461 baptismum.

724 5505 797 5518 —
823 5474 852 5548 §
879 5476 934 5530 4.
980 5476 1296 5545 Baptismum
1334 5478 1671 5549 sanguineum
1709 5496 1872 5550 aqueo
1911 5483 2247 5551 praetulerunt

725 5577 932 5622 ueteres.
965 5596 1037 5606 -—
1061 5567 1125 5639 ες
1152 5568 1207 5636 5,
1241 5567 1294 5625 6.
1323 5567 1648 5639 Explicatur,
1683 5571 1780 5625 hac
1818 5571 1871 5626 in
1897 5589 2075 5640 causa,
2104 5575 2247 5632 locus

724 5657 993 5729 Cypriani.
1020 5687 1091 5700 -—
1123 5658 1152 5730 ᾗ
1174 5661 1226 5716 7.
1256 5658 1565 5733 Defenditur
1592 5661 1702 5717 haec
1729 5672 1950 5719 ueterum
1976 5669 2241 5725 sententia.

722 5776 794 5793 α-
842 5748 874 5828 ξ
902 5751 955 5809 8.
991 5749 1042 5808 E
1065 5750 1242 5825 quibus
1271 5752 1561 5828 Scriptura:
1604 5754 1731 5830 locis
1758 5756 1902 5814 illam
1929 5758 2245 5834 collegerint.

3268 4408 3644 4421 _

2427 5015 2559 5089 -—§
2602 5015 2656 5073 9.
2695 5014 2905 5071 Observ.
2956 5016 3123 5087 primo
3154 5030 3181 5069 e
3223 5013 3376 5087 factis
3417 5013 3630 5069 Domini
3681 5012 3975 5087 legitimam

2430 5112 2704 5178 procedere
2728 5108 3244 5181 argumentationem,
3270 5105 3530 5178 praecipue
3545 5106 3600 5161 id
3627 5122 3792 5178 genus
3819 5108 3974 5182 factis

2426 5201 2603 5271 qualia
2619 5200 2983 5268 adhibuerunt,
3006 5201 3168 5257 hacin
3186 5215 3362 5267 causa,
3383 5199 3743 5274 νείκει-ἑῇ
3768 5204 3862 5275 10,
3879 5205 3969 5262 ﬂ.

2431 5294 2553 5350 Obs.
2612 5296 2873 5365 secundo,
2928 5313 3031 5351 non
3074 5313 3101 5351 e
3137 5296 3291 5367 factis
3339 5293 3517 5361 modo,
3565 5295 3656 5376 sed
3713 5313 3785 5353 ex
3841 5297 3973 5366 ipsis

2427 5386 2642 5444 Domini
2667 5387 2851 5458 verbis,
2879 5397 3077 5445 constat
3120 5405 3214 5462 pro
3258 5387 3513 5459 baptismo
3539 5388 3831 5446 habendum
3862 5405 3975 5446 esse

2428 5484 2753 5554 martyrium.
2784 5515 2856 5525 ---
2883 5484 2912 5557 ᾗ
2942 5483 3029 5540 12.
3065 5483 3190 5539 Obs.
3222 5483 3393 5550 tertio,
3426 5500 3531 5540 non
3563 5484 3836 5539 uerborum
3862 5500 3974 5541 esse

2428 5574 2717 5645 dumtaxat,
2748 5578 2838 5633 sed
2865 5595 3039 5633 rerum
3073 5579 3229 5634 etiam
3266 5578 3500 5650 ipsarum
3537 5576 3782 5648 baptismi
3816 5589 3973 5650 atque

2361 5684 2365 5689 '
2428 5670 2665 5741 martyrii
2701 5670 3016 5743 aﬂinitatem.
3065 5671 3320 5729 Locorum
3367 5670 3684 5727 occasionem
3705 5708 3720 5735 ,
3750 5669 3805 5724 in
3847 5669 3971 5742 qui-

2426 5760 2520 5820 bus
2562 5763 2627 5821 de
2672 5766 2923 5840 baptismo
2967 5767 3237 5844 sanguinis
3277 5766 3365 5836 agi
3392 5764 3720 5822 crediderunt
3749 5774 3963 5837 ueteres,
