4230 6212
262 270 348 332 49
1302 272 1391 328 DE
1422 270 1740 329 SECUNDO
1777 270 1961 331 MART
1976 274 2165 333 YRUM
2196 271 2553 330 BAPTISMO.
3520 272 3590 332 50

349 389 512 462 fuisse
548 386 872 460 martyrium.
927 383 1141 441 Domini
1185 386 1468 457 baptismus
1496 386 1726 457 ejusdem
1772 396 1882 441 erat
1909 388 1962 451 Α
1987 404 2199 446 morum
2231 398 2533 460 temporum
2563 372 2855 461 martyriis,
2885 390 3063 446 locum
3091 391 3161 447 ab
3185 391 3386 447 auxilio
3410 390 3592 448 divino
3680 388 3698 405 °

350 483 679 555 martyrium,
710 480 861 550 idque
884 495 1038 535 sensu
1067 477 1442 535 Ecclesiastico.
1465 509 1537 521 ——
1567 478 1631 551 §§
1658 480 1724 535 13
1746 521 1761 544 ,
1794 479 1884 550 14,

352 576 381 631 1
393 573 453 643 5,
474 573 563 630 i6.
591 571 835 627 Hteretici
849 570 1101 641 apostolis
1117 571 1272 627 coaevi
1293 572 1596 642 martyrium
1610 571 1884 644 negabant.

361 666 564 722 Horum
605 664 1056 736 pseudo-Christos
1085 664 1347 737 refellebat
1379 664 1440 719 S.
1473 663 1708 719 Joannes
1731 681 1889 736 argu-

349 770 523 816 mento
562 778 595 815 a
625 759 730 813 veri
761 755 971 813 Messio:
1003 758 1221 811 adventu
1263 774 1353 827 per
1387 773 1573 828 aquam
1605 768 1652 812 et
1679 758 1893 828 sangui-

348 871 493 910 nem.
519 851 829 924 Explicatur
859 861 965 907 tota
990 851 1084 906 illa
1110 852 1577 923 argumentatio.—
1608 851 1635 924 §
1663 850 1750 907 17.
1787 851 1893 907 0b-

348 965 487 1005 serv.
523 958 727 1020 quarto,
776 949 831 1002 in
875 948 989 1019 ipso
1018 947 1112 1001 illo
1139 946 1448 1001 initiationis
1488 947 1894 1019 expiationisque

358 1044 489 1110 ritu,
516 1044 596 1097 cui
626 1049 951 1109 peccatorum
988 1040 1345 1111 purgationem
1371 1038 1654 1093 tribuebant
1681 1049 1888 1106 veteres,

360 1148 469 1193 tam
518 1137 830 1209 frequentem
872 1132 1033 1203 fuisse
1082 1131 1225 1202 apud
1271 1131 1391 1185 illos
1432 1131 1701 1202 sanguinis
1738 1148 1893 1200 quam

356 1246 510 1295 aqute
526 1246 675 1285 usum
702 1244 721 1284 :
748 1237 795 1282 et
821 1226 1024 1299 quidem
1042 1225 1308 1296 sanguinis
1326 1224 1645 1279 initiatorum
1672 1222 1889 1295 proprii.

354 1356 431 1366 —
455 1323 483 1396 ᾗ
513 1322 601 1377 18.
634 1318 747 1375 Nec
774 1318 827 1373 id
852 1316 1004 1372 modo
1031 1317 1084 1370 in
1114 1315 1505 1379 initiationibus,
1528 1314 1618 1370 sed
1644 1315 1755 1370 etin
1778 1330 1902 1385 pac-

377 1418 442 1471 tis
491 1411 772 1472 obtinebat.
818 1426 911 1480 pro
957 1408 1183 1464 moribus
1237 1401 1455 1463 veterum
1495 1407 1889 1476 antiquissimis.

362 1504 605 1579 -—§i9.
637 1501 705 1559 Ut
748 1502 1024 1573 sanguini,
1079 1501 1133 1554 in
1185 1501 1282 1554 hoc
1332 1499 1642 1571 expiationis
1692 1499 1895 1569 negotio

367 1607 537 1669 partes
559 1592 905 1650 concedebant
932 1593 1085 1664 facile
1110 1592 1406 1662 printarias,
1434 1592 1507 1644 ita
1546 1590 1756 1645 humani
1781 1606 1905 1644 san-

362 1693 566 1765 guinis,
595 1704 702 1761 pra:
724 1689 846 1743 aliis
871 1688 1025 1742 etiam
1052 1685 1406 1759 sanguinibus,
1430 1685 1530 1739 vim
1558 1686 1708 1757 longe
1733 1684 1899 1739 maxi-

1995 484 2312 556 primarium
2330 484 2628 540 obtinuisse
2657 494 2873 555 recepta
2892 484 3039 540 illius
3059 485 3304 542 ecclesia:
3324 485 3595 555 primaevte

1994 580 2063 635 de
2113 578 2357 651 martyrii
2407 577 2669 648 tignitate
2698 576 2979 648 dogmata,
3012 576 3143 632 illud
3190 578 3435 649 inprimis
3488 591 3597 649 quo

1994 672 2220 729 secundi
2275 670 2526 743 baptismi
2570 669 2744 726 vicem
2795 681 2956 741 atque
3020 668 3280 727 beneﬁcia
3330 672 3593 744 martyrio

1994 765 2357 821 vindicabant.
2414 762 2546 826 lloe,
2573 766 2696 834 quia
2726 763 2961 819 alienutn
2990 762 3104 818 scio
3157 779 3186 817 a
3226 764 3593 821 recentiorum

1998 858 2211 928 placitis
2236 857 2327 928 qui
2374 872 2501 911 suas
2527 870 2805 911 sacrarum
2856 855 3157 911 litterarum
3196 855 3599 925 interpretatio-

1999 971 2114 1021 nes,
2154 964 2442 1024 utcumque
2464 953 2734 1019 inﬁrmas,
2774 969 2875 1009 nec
2910 962 3059 1010 certo
3095 956 3275 1024 aliquo
3308 954 3591 1009 ratiocinio

2001 1050 2255 1110 nitentes.
2288 1056 2528 1102 veterum
2575 1055 2752 1103 tamen
2799 1046 3101 1102 ratiociniis
3142 1056 3506 1117 anteponunt;
3551 1056 3610 1103 et

1962 1209 1969 1214 _
2001 1141 2126 1211 quia
2173 1150 2283 1194 tota
2316 1138 2429 1193 Inee
2452 1138 2696 1210 mystica:
2740 1139 3226 1209 argumentationis
3275 1140 3413 1194 ratio
3435 1181 3451 1205 ,
3480 1153 3602 1209 qua!

2005 1232 2351 1304 mysticorum
2379 1232 2604 1287 omnino
2632 1231 3050 1300 scripturarum,
3081 1230 3349 1301 lmjusque
3371 1229 3509 1287 adeo
3536 1230 3605 1285 de

2003 1324 2367 1380 sacramentis
2405 1321 2733 1394 argumenti,
2767 1332 2871 1389 est,
2906 1337 3007 1377 suo
3054 1322 3289 1393 qundam
3319 1322 3443 1393 jure
3481 1337 3611 1393 pro-

2004 1418 2143 1490 pria,
2170 1425 2478 1487 contempta
2509 1423 2692 1472 tamen
2718 1415 2802 1471 vel
2821 1415 3065 1486 neglecta
3092 1425 3222 1471 esta
3240 1415 3616 1472 celeberrimis

2009 1509 2282 1580 plerisque
2307 1519 2618 1563 nostrorum
2644 1518 2946 1576 temporum
2977 1507 3385 1577 interpretibus;
3412 1517 3467 1563 et
3487 1507 3612 1577 quia

2009 1602 2102 1671 qui
2131 1600 2273 1657 bane
2296 1610 2539 1655 veterum
2567 1600 2892 1656 sententiam
2928 1607 3146 1655 tuentur
3176 1599 3338 1655 hodie
3380 1600 3615 1670 scripto-

2009 1711 2096 1751 res
2148 1694 2443 1767 pontiﬁcii,
2504 1709 2665 1750 unam
2711 1706 2953 1748 veterum
3009 1691 3405 1752 auctoritatem
3436 1700 3616 1748 tamen

362 1805 503 1844 mam
544 1793 882 1859 agnoverunt.
909 1813 982 1823 —
1012 1782 1040 1855 §
1080 1782 1171 1838 ΞΟ.
1207 1780 1331 1837 Obs.
1369 1783 1579 1852 quinto,
1635 1781 1703 1835 ad
1732 1782 1901 1849 ipsum

2011 1790 2330 1857 obtendunt,
2365 1790 2525 1854 plane
2566 1788 2636 1845 de
2688 1804 2877 1845 eorum
2928 1788 3226 1845 ratiociniis
3256 1788 3453 1853 securi,
3483 1803 3607 1843 rec-

370 1881 609 1951 baptismi
654 1887 1033 1933 sacramentum
1072 1875 1327 1946 pertinere
1367 1875 1706 1946 sanguineum
1765 1875 1901 1928 hunc

372 1976 713 2047 baptismum,
740 1980 785 2025 et
811 1970 1015 2041 quidem
1061 1968 1133 2022 ita
1159 1968 1412 2039 pertinere
1453 1977 1508 2020 ut
1548 1977 1747 2036 partem
1790 1966 1903 2035 ejus

375 2068 687 2143 prtecipuam
737 2073 1063 2120 consummet.
1111 2092 1182 2103 -—-
1240 2062 1268 2135 §
1310 2058 1405 2117 21.
1454 2059 1636 2115 Primo
1697 2070 1904 2131 pactum

381 2160 680 2233 baptismale
703 2175 794 2228 pro
816 2158 919 2212 illis
945 2156 1055 2231 (qui
1085 2154 1227 2225 apud
1248 2164 1437 2210 veteres
1455 2151 1771 2225 obtinebant)
1805 2170 1902 2224 pa-

371 2265 568 2310 ctorum
593 2268 700 2308 esse
724 2251 950 2306 moribus
978 2249 1363 2322 explicandum.
1388 2279 1458 2287 —
1486 2247 1514 2320 §
1540 2248 1633 2303 2‘2.
1662 2247 1903 2303 Secundo

375 2357 431 2402 ut
472 2347 526 2400 in
570 2345 688 2399 aliis
716 2344 903 2415 pactis,
928 2343 1001 2397 ita
1022 2351 1068 2396 et
1090 2342 1143 2395 in
1166 2349 1341 2395 nostro
1361 2356 1558 2411 quoque
1592 2340 1903 2412 baptismali,

373 2442 474 2495 duo
518 2455 625 2495 esse
651 2455 683 2491 a
708 2454 764 2491 se
791 2436 1005 2491 invicem
1033 2433 1393 2505 distinguenda
1440 2433 1757 2489 diversarum
1785 2448 1909 2504 par-

375 2535 503 2589 tium
545 2531 743 2604 ofﬁcia,
771 2527 871 2583 Dei
903 2528 1031 2595 alia,
1062 2529 1167 2582 alia
1193 2536 1387 2582 nostra.
1410 2556 1483 2565 —
1514 2526 1542 2597 §
1583 2525 1674 2582 25.
1708 2525 1900 2593 Tertio,

370 2627 466 2698 jus
490 2622 620 2678 illud
641 2622 803 2693 legale
820 2638 982 2684 omne,
1004 2619 1141 2692 quod
1162 2621 1298 2692 pacti
1325 2618 1574 2686 bene/icio
1601 2618 1904 2684 obtinemus,

380 2720 453 2774 ad
490 2715 591 2771 Dei
616 2716 1008 2789 promissiones,
1062 2731 1129 2770 ea:
1182 2713 1345 2784 ofﬁcii
1374 2712 1537 2766 nostri
1582 2712 1909 2782 praestatione

376 2829 486 2869 esse
528 2808 902 2866 deducendum.
933 2839 1001 2849 —
1032 2807 1061 2881 ᾗ
1088 2808 1179 2863 ει.
1222 2805 1439 2872 Quarto,
1466 2820 1581 2875 qua:
1627 2804 1776 2858 nobis
1823 2803 1905 2857 iri-

377 2906 622 2962 eumbunt
644 2904 695 2957 in
712 2905 807 2957 hoc
827 2912 978 2973 pacto
1007 2901 1302 2971 baptismali
1326 2899 1641 2953 conditiones
1673 2914 1704 2950 a
1731 2906 1907 2951 nostra

374 3011 524 3074 parte
550 2997 861 3072 prastandw
882 3014 909 3051 e
942 2995 1286 3067 symbolarum
1312 2994 1615 3048 solemnium
1643 2992 1910 3062 significa-

370 3095 511 3149 tione
534 3088 904 3161 colligendum.
926 3119 998 3128 —
1015 3087 1043 3160 §
1058 3086 1151 3142 9.5.
1183 3086 1395 3153 Quinto,
1427 3085 1481 3139 in
1509 3082 1757 3155 symbolis
1782 3082 1909 3155 bap-

2008 1895 2130 1939 tene
2155 1893 2264 1939 tam
2294 1900 2324 1939 e
2351 1882 2669 1952 Scripturis,
2693 1892 2749 1938 et
2776 1898 2873 1953 pro
2896 1882 3167 1952 primaeuo
3194 1878 3608 1936 Christianitatis

2006 1984 2163 2045 captu
2196 1972 2306 2049 (cui
2340 1984 2518 2030 tamen
2546 1974 2647 2029 soli
2678 1972 2940 2044 Spiritum
3104 1975 3157 2028 in
3206 1970 3607 2043 Scripturarmn

2007 2065 2425 2122 concinnatione
2458 2065 2799 2121 consuluisse
2846 2065 2973 2120 alibi
3006 2064 3350 2135 probavimus
3377 2064 3454 2137 (in
3480 2063 3617 2118 Pro-

2009 2158 2193 2230 legom.
2221 2158 2290 2212 ad
2316 2156 2472 2213 Dom.
2494 2157 2725 2223 Stearn.,
2754 2157 2817 2210 de
2847 2154 3151 2227 0bstinat.),
3173 2167 3337 2228 atque
3361 2154 3500 2211 adeo
3525 2172 3612 2212 so-

2009 2249 2137 2314 lide,
2168 2250 2529 2320 collegerint:
2569 2246 2793 2319 proinde
2838 2247 3301 2303 consultissimum
3357 2246 3614 2302 duximus

2009 2343 2053 2396 si
2083 2351 2188 2396 tant
2215 2340 2454 2411 iucundo
2486 2340 2713 2410 ntilique
2741 2349 3061 2411 argumento
3088 2381 3103 2405 ,
3138 2338 3412 2409 propriam
3459 2351 3613 2392 suam

2008 2435 2442 2507 singularemque
2467 2433 2901 2489 dissertationem
2927 2432 3352 2503 assignaremus.

2084 2530 2112 2602 §
2138 2532 2194 2584 9...
2222 2560 2295 2569 —
2316 2529 2399 2584 Ab
2438 2528 2826 2599 antiquissimis
2858 2528 3039 2599 itaque
3064 2529 3401 2599 temporibus
3428 2530 3617 2587 Eccle-

2010 2625 2125 2688 εἰς»,
2156 2622 2634 2692 recentissimaque
2663 2621 3029 2692 apostolorum
3060 2622 3347 2689 memoria,
3378 2623 3610 2681 deducta

2010 2719 2127 2773 hare
2148 2727 2233 2774 est
2262 2717 2329 2774 de
2352 2717 2593 2773 secundo
2614 2716 2858 2789 martyrii
2876 2716 3143 2786 baptismo
3169 2717 3463 2784 sententia,
3485 2728 3541 2774 et
3561 2718 3616 2774 itt

2011 2812 2256 2868 Ecclesia
2284 2810 2575 2883 vulgariter
2604 2820 2843 2881 recepta.
2886 2810 2961 2865 De
3002 2809 3283 2866 Felicitate
3316 2810 3385 2865 ita
3422 2820 3612 2867 auctor

2011 2909 2267 2961 Actorum
2289 2906 2429 2976 (Act.
2452 2902 2654 2977 Perpet.
2673 2912 2717 2957 et
2738 2900 2927 2969 Felic.,
2946 2920 3000 2971 p.
3018 2902 3110 2967 29,
3127 2902 3217 2969 '50,
3236 2903 3358 2957 edit.
3383 2901 3615 2975 0301s.):

2017 3018 2037 3053 s
2087 3000 2215 3054 item
2258 2998 2510 3054 Felicitas
2553 2997 2756 3052 salvam
2798 3011 2858 3052 se
2903 2996 3185 3066 peperisse
3228 2995 3512 3067 gaudens,
3558 3007 3618 3051 ut

2011 3093 2079 3149 ad
2108 3092 2309 3149 bestias
2342 3100 2625 3163 pugnaret,
2658 3090 2918 3181 sanguine
2946 3089 3016 3145 ab
3042 3090 3335 3144 obstetrice
3355 3088 3422 3144 ad
3444 3089 3617 3145 retia—

374 3189 514 3243 tismi
534 3183 698 3240 nostri
720 3181 1105 3237 sacramentalis
1118 3177 1448 3242 solemnibus,
1469 3194 1571 3230 non
1587 3191 1734 3246 aqua:
1747 3175 1905 3229 solius
1933 3185 1978 3247 ί]
2013 3189 2150 3243 rium
2172 3188 2346 3242 mura
2370 3194 2489 3255 ροει
2515 3195 2725 3255 panum
2750 3175 3016 3255 baptismo
3047 3182 3307 3238 secundo.
3347 3201 3366 3234 ,
3401 3181 3610 3238 Eodem

371 3279 658 3350 baptismus
671 3275 963 3340 denotatur,
979 3272 1067 3328 sed
1080 3272 1230 3325 etiam
1244 3269 1331 3323 ille
1342 3268 1629 3339 sanguinis;
1644 3276 1691 3321 et
1703 3264 1908 3333 quidem

367 3375 446 3429 ita
486 3370 761 3426 denotatur
812 3378 866 3422 ut
913 3368 980 3421 ad
1022 3382 1182 3419 unum
1223 3362 1551 3433 eamdemque
1599 3361 1909 3432 baptismum

372 3479 585 3540 uterque
609 3464 866 3537 pertinere
894 3461 1229 3530 intelligatur.
1262 3488 1333 3499 —-
1380 3455 1409 3529 ᾗ
1439 3455 1531 3510 26.
1568 3454 1653 3508 lla
1681 3470 1735 3508 se
1763 3452 1911 3507 habet

381 3565 445 3615 de
467 3561 706 3631 facto.—
804 3556 896 3624 27,
917 3554 1007 3610 28.
1034 3552 1288 3607 Redditur
1307 3552 1430 3620 facti
1450 3551 1600 3605 ratio.
1628 3578 1697 3590 --
1815 3545 1908 3611 '29,

383 3657 474 3713 50.
506 3654 687 3720 Sexto,
731 3654 806 3707 ita
859 3650 1194 3704 adumbratnr
1243 3647 1295 3699 in
1339 3645 1453 3716 ipso
1501 3643 1647 3713 aquai
1676 3641 1913 3712 baptismi

377 3748 611 3820 symbolo
663 3745 940 3817 baptismus
970 3740 1318 3811 sanguineus,
1361 3749 1416 3790 ut
1459 3737 1613 3805 plane
1668 3735 1913 3788 innuatur

377 3840 578 3895 nullout
604 3855 712 3895 esse
742 3837 892 3905 aquei
912 3833 1147 3905 baptismi
1173 3831 1446 3902 efﬁcaciam
1473 3829 1572 3883 nisi
1601 3828 1670 3882 ad
1700 3827 1911 3898 sangui-

385 3948 540 3987 neum
577 3930 880 3999 baptismum
915 3926 1183 3995 referatur.
1213 3954 1282 3963 —
1406 3923 1468 3978 51
1499 3963 1514 3988 ,
1560 3920 1648 3977 52.
1679 3919 1913 3989 lnfertur

392 4024 627 4095 septimo,
643 4038 741 4076 non
768 4020 919 4074 modo
944 4035 1006 4073 ea:
1022 4017 1159 4089 pacti
1184 4014 1505 4085 baptismalis
1528 4014 1656 4085 lege,
1684 4012 1775 4065 sed
1796 4026 1913 4065 vero

389 4133 457 4174 ea:
482 4114 705 4188 ejusdem
730 4114 881 4169 etiam
900 4112 1166 4180 cequitate.
1193 4108 1440 4164 vindicari
1466 4122 1613 4177 posse
1640 4106 1692 4158 in
1711 4105 1914 4175 sangui-

380 4226 480 4266 neo
507 4208 754 4279 baptismo
780 4206 952 4262 omnia
979 4203 1220 4274 beneficia
1241 4219 1272 4255 a
1294 4200 1517 4263 Christo,
1546 4216 1640 4272 pro
1662 4215 1755 4252 sua
1777 4198 1915 4268 pacti

382 4303 703 4375 baptismalis
733 4311 897 4371 parte,
923 4298 1236 4370 prtestanda.
1266 4328 1336 4336 —
1367 4295 1431 4367 ἐς
1458 4295 1548 4360 35,
1575 4293 1663 4349 54.
1686 4292 1915 4364 lnfertur

379 4406 561 4451 octavo
612 4395 819 4465 plenam
868 4393 1097 4447 omnium
1146 4399 1466 4460 peccatorum
1521 4386 1914 4457 prwcedentium

378 4488 757 4561 indulgentiam
800 4496 904 4541 tam
941 4501 1051 4541 esse
1100 4483 1383 4553 martyrio,
1434 4497 1589 4552 quam
1640 4480 1911 4550 baptismo,

2014 3286 2226 3350 spectat
2262 3277 2423 3332 etiam
2470 3274 2752 3346 gentilium
2800 3273 2868 3329 de
2910 3272 3107 3329 Saturo
3144 3272 3463 3328 acclamatio
3489 3288 3611 3328 cum

2014 3388 2122 3428 uno
2149 3370 2390 3444 leopardi
2408 3384 2592 3426 morsu
2614 3377 2758 3425 totus
2777 3382 2876 3424 suo
2896 3367 3156 3439 sanguine
3178 3366 3613 3437 perfunderetur,

2014 3469 2220 3525 salvum
2246 3466 2451 3521 lotum!
2486 3464 2691 3520 salvum
2735 3462 2924 3517 lotum!
2960 3460 3102 3533 quod
3130 3460 3200 3516 ita
3231 3460 3617 3530 interpretatur

2014 3563 2271 3618 Actorum
2323 3567 2532 3626 auctor,
2566 3566 2623 3613 ut
2648 3556 2716 3612 ad
2758 3555 3047 3612 secundam
3080 3555 3323 3626 martyrii
3351 3553 3608 3609 lotionem

2015 3656 2153 3711 facta
2180 3661 2323 3709 esset
2354 3652 2492 3707 vela
2523 3648 2892 3705 nescientibus
2919 3647 3091 3703 turbis
3127 3632 3340 3700 allusio.
3390 3644 3469 3700 Ita
3502 3644 3614 3715 jam

2015 3747 2322 3801 obtinuerat
2377 3741 2517 3815 apud
2566 3740 2892 3798 christianos
2934 3753 2997 3795 ea
3043 3736 3297 3808 loquendi
3326 3736 3465 3791 ratio
3503 3750 3620 3806 qua

2015 3842 2137 3913 quis
2166 3841 2328 3897 etiam
2375 3836 2619 3910 martyrii
2664 3835 2865 3907 pariter
2891 3848 2955 3887 ac
2981 3847 3135 3902 aqua:
3173 3831 3442 3901 baptismo
3468 3828 3609 3884 lotus

2015 3936 2308 3992 diceretur.
2338 3931 2603 3989 Secunda:
2647 3944 2811 4001 porro
2839 3925 3175 3983 intinctionis
3207 3940 3337 3979 voce
3365 3937 3496 3980 usus
3531 3933 3616 3979 est

2016 4030 2084 4086 de
2113 4028 2370 4099 martyrio
2396 4024 2760 4081 Tertullianus
2787 4019 3055 4089 (Tertull,
3079 4019 3143 4072 de
3174 4015 3423 4082 Patient.,
3453 4032 3499 4069 c.
3523 4015 3616 4082 15,

2018 4123 2081 4177 de
2106 4120 2286 4190 Bapt.,
2316 4135 2364 4173 c.
2392 4115 2507 4192 16),
2532 4115 2676 4188 quod
2706 4123 2761 4169 et
2786 4111 2916 4167 alibi
2953 4107 3175 4166 secundi
3209 4107 3454 4173 Lavacri,
3489 4121 3619 4161 san-

2016 4215 2195 4285 guinis
2213 4211 2464 4266 nimirum
2496 4206 2768 4278 baptismi,
2796 4204 3011 4258 nomine
3027 4200 3294 4271 designat.
3321 4200 3432 4256 Nec
3454 4199 3614 4256 aliter

2017 4308 2277 4378 Origenes
2297 4304 2387 4374 qui
2414 4317 2480 4358 ex
2508 4315 2576 4356 eo
2606 4302 2730 4371 ipso
2748 4294 3194 4368 baptismiolﬁcio
3219 4293 3428 4365 colligit
3448 4302 3617 4359 recte,

2018 4396 2335 4471 martyrium
2383 4392 2641 4465 baptismi
2691 4390 2935 4456 nomine,
2991 4388 3315 4457 meritoque,
3370 4383 3620 4457 insigniri

2019 4508 2199 4566 posse,
2229 4487 2374 4561 quod
2401 4496 2745 4559 peccatorum
2774 4482 3150 4539 remissionem
3177 4487 3401 4551 praestet
3417 4478 3621 4549 pariter

382 4582 779 4641 concedendam.
806 4611 881 4622 —
925 4580 954 4653 ᾗ
1004 4578 1094 4635 55.
1126 4575 1277 4631 Nihil
1322 4591 1428 4630 esse
1466 4573 1689 4629 alienant
1719 4589 1751 4626 a
1791 4573 1914 4644 bap-

2021 4601 2083 4642 ac
2109 4583 2406 4656 baptismus
2425 4622 2442 4650 ,
2471 4595 2541 4636 ne
2570 4578 2738 4634 solius
2767 4575 3003 4633 nominis
3033 4574 3121 4628 hic
3142 4572 3332 4629 haberi
3356 4570 3624 4627 rationem

388 4682 522 4734 tismi
551 4689 740 4732 natura
770 4676 907 4748 quod
929 4674 1170 4747 temporis
1216 4669 1485 4726 interuallo
1520 4668 1853 4740 sejungantur
1883 4681 1915 4718 a

384 4773 665 4828 scinvicem
681 4770 963 4841 baptismus
976 4782 1166 4840 aqueus
1184 4776 1335 4836 atque
1346 4763 1674 4835 sanguineus.
1687 4789 1761 4800 —
1779 4757 1807 4829 §
1823 4757 1911 4814 56.

382 4898 456 4908 —
486 4863 644 4921 Nono
676 4874 959 4935 martyrum
991 4862 1292 4934 sanguinem
1320 4876 1411 4929 pro
1446 4854 1635 4912 Christi
1671 4854 1917 4926 sanguine

387 4961 625 5015 habuisse
673 4968 883 5013 veteres.
913 4985 981 4995 -—
1020 4954 1170 5027 §57.
1208 4950 1411 5006 Decimo
1439 4947 1698 5019 praecipue
1716 4948 1782 5012 si,
1822 4962 1916 5015 pro

394 5052 580 5108 Christi
627 5050 884 5122 xtemplo,
936 5048 1142 5123 publica
1194 5045 1484 5100 animarum
1534 5056 1689 5094 causa
1738 5040 1917 5111 fuisset

402 5145 604 5211 effusus.
625 5175 697 5186 —
725 5144 755 5218 ᾗ
781 5144 871 5200 ⁸58.
892 5141 1250 5215 Defenduntur
1272 5147 1476 5193 veteres.
1500 5135 1620 5209 —§
1645 5133 1735 5191 59.
1767 5133 1915 5191 Mar-

407 5238 590 5309 tyrium
612 5238 665 5293 in
701 5235 863 5292 altero
892 5237 1046 5291 etiam
1081 5233 1401 5289 eucharistias
1426 5240 1744 5285 sacramento
1762 5243 1918 5298 spon-

401 5334 605 5388 demus.
629 5364 697 5374 ——
730 5331 759 5404 ᾗ
794 5329 885 5388 40.
916 5328 983 5385 1η
1013 5329 1259 5400 martyrio
1287 5328 1381 5399 jus
1429 5326 1498 5381 ad
1547 5322 1791 5393 beneﬁcia
1831 5321 1921 5375 ba-

395 5423 584 5499 ptismi
631 5434 727 5478 tam
767 5423 1037 5497 privativa,
1067 5438 1220 5493 quam
1258 5421 1407 5475 etiam
1452 5417 1685 5489 positivo,
1741 5429 1920 5470 conse-

397 5522 625 5595 quimur.

396 5615 429 5688 ς
455 5616 508 5670 l.
535 5645 609 5655 —
630 5613 894 5681 Diximus,
916 5611 1182 5683 superiori
1207 5606 1591 5665 dissertatione
1614 5602 1711 5677 (’),
1736 5604 1789 5658 in
1813 5602 1925 5674 pri-

399 5729 596 5813 Ctti
649 5727 841 5811 titulus
885 5745 901 5784 :
937 5725 1349 5813 De.pr‘i'morum
1400 5731 1694 5813 martyrum
1738 5720 1927 5813 insigni

329 5797 667 5879 fortitudine,
680 5800 888 5871 ejusque
911 5797 1100 5857 causis.
1118 5797 1285 5856 Nobis
1305 5807 1413 5855 erat
1432 5797 1660 5870 prinmm
1683 5797 1733 5850 in
1749 5803 1929 5853 mente

2019 4672 2669 4750 suspicenturadversarii
2687 4670 2949 4743 (0rigen.,
2968 4667 3018 4721 in
3044 4666 3250 4731 Matth,
3271 4684 3323 4735 ρ.
3347 4663 3474 4727 416,
3496 4662 3620 4716 edit.

2020 4771 2198 4827 Huctii
2222 4769 2245 4838 )
2279 4786 2292 4823 :
2323 4770 2482 4832 Καθὸ,
2516 4765 2715 4835 inquit,
2752 4761 2928 4836 ἄφεσιν
2956 4760 3206 4832 λαμϐάνει
3234 4755 3622 4832 ἁμαρτημάτων

2019 4865 2045 4921 ὁ
2073 4865 2375 4935 ὑπομείνας.
2398 4857 2674 4933 βάπτισμὰ
2701 4856 2839 4908 ἐστιν
2864 4866 2877 4879 ⁸
2910 4853 2952 4904 εἰ
2980 4851 3080 4922 γὰρ
3110 4850 3170 4902 τὸ
3198 4846 3474 4919 βάπτισμα
3501 4841 3621 4917 ἄφε-

2021 4978 2102 5013 σιν
2155 4950 2538 5030 ἁμαρτημάτων
2588 4943 2972 5017 ἐπαγγέλλεται,
3033 4940 3196 4999 καθὼς
3242 4935 3622 5012 παρειλήφαμεν

2020 5050 2255 5124 περὶτοῦ
2277 5046 2328 5098 ἐν
2356 5039 2509 5096 ὕδατι
2538 5040 2626 5093 καὶ
2654 5036 2909 5108 πνεύματι
2933 5032 3300 5108 βαπτίσματος
3320 5069 3336 5095 ,
3368 5024 3542 5102 ἄφεσιν
3567 5023 3624 5079 δέ

2019 5121 2266 5215 λαμϐάνει
2312 5132 2696 5207 ἁμαρτημάτων
2725 5129 2813 5182 καὶ
2838 5126 2863 5182 ὁ
2889 5127 2949 5182 τὸ
2974 5130 3068 5180 τοῦ
3095 5126 3379 5200 μαρτυρίου
3406 5121 3626 5190 ὑπομεία

2020 5211 2114 5295 ναξ
2140 5232 2445 5304 βάπτισμα,
2480 5226 2755 5299 βάπτισμα
2798 5222 2856 5277 τὸ
2888 5220 3173 5295 μαρτύριον
3203 5215 3421 5288 εὐλόγως
3446 5211 3627 5286 λέγοιτ’

2024 5323 2109 5392 ἂν,
2154 5336 2260 5381 etc.
2305 5321 2454 5377 Idem
2500 5329 2555 5375 et
2606 5318 2661 5373 in
2711 5314 2832 5370 aliis
2883 5312 3016 5368 locis
3070 5325 3214 5380 smpe
3264 5308 3426 5363 habet
3481 5308 3626 5363 idem

2025 5415 2381 5475 Adamantius
2401 5410 2665 5485 (0rigen.,
2682 5408 2739 5462 in
2772 5406 2863 5461 lib.
2886 5403 3092 5465 Judic.,
3111 5405 3225 5455 hom
3246 5400 3277 5453 7
3299 5406 3344 5454 et
3371 5403 3422 5454 in
3442 5398 3626 5466 Joan.,

2031 5522 2153 5567 tom.
2170 5526 2283 5573 vm,
2306 5527 2357 5580 p.
2380 5506 2506 5571 155,
2524 5503 2645 5559 edit.
2658 5500 2882 5573 Haetii).
2901 5497 3044 5553 ldem
3059 5508 3204 5564 stupe
3222 5502 3407 5549 noster
3421 5492 3634 5564 Cypria-

2031 5623 2150 5674 nus,
2183 5602 2482 5675 (Cyprian.,
2533 5596 2635 5667 Ep.
2681 5613 2794 5665 Ltv,
2842 5596 2907 5649 de
2952 5588 3098 5644 Orat.
3147 5585 3361 5644 Domin.
3388 5585 3607 5641 Exhort.

2032 5720 2183 5777 illam
2215 5719 2268 5774 in
2301 5719 2408 5776 hoc
2438 5724 2584 5769 tomo
2606 5712 2885 5776 inserere;
2914 5702 3079 5761 multa
3109 5717 3243 5761 vero
3272 5710 3487 5777 propter
3506 5695 3645 5754 male

2037 5792 2288 5851 sonantia
2330 5784 2624 5851 omittenda
2655 5782 2789 5845 fuit.
3228 5834 3316 5855 μὴ,

4202 2510 4217 2713 ξ

4204 2764 4219 2811 l

4204 2856 4217 2951 ἰ
