4230 6212
627 304 696 365 δι
1500 302 1501 309 κ
1632 279 2005 354 DODWELLI
2044 274 2498 353 nrsseitTA'rto
2533 268 2953 348 CYPRIAMCA
3857 289 3931 350 59,

618 422 849 493 Martgr.
882 416 987 491 Ep.
1018 418 1227 488 exmu),
1266 422 1321 472 et
1361 413 1694 471 recentiores
1718 411 1810 467 alii
1836 409 2094 482 Cypriano
2125 408 2227 464 Pa-
2252 420 2306 480 Α
2332 422 2437 478 que
2466 404 2805 477 comprobat;
2859 418 2930 460 ex
2970 402 3087 474 ipsa
3134 403 3299 493 etiam
3343 392 3605 460 Ecclesiae
3645 378 3929 464 catholica:

624 527 742 574 tres
767 511 1169 586 quamplurimi,
1196 522 1332 580 quos
1360 506 1526 563 taedet
1570 506 1626 560 in
1663 503 1771 560 hoc
1801 503 1921 559 loco
1949 502 2223 574 sigillatim

623 621 931 665 recensere.
961 604 1089 660 Inde
1118 603 1264 658 enim
1292 596 2083 657 consentientibu.Graecarum
2122 594 2229 650 La-

626 700 953 767 tinorumque
981 694 1253 766 suﬁ‘ragiis
1275 691 1626 764 comprobata
1654 689 1773 746 hmo
1798 689 1982 760 opinio
2022 687 2091 744 ad
2126 702 2226 744 no-

629 802 742 848 stra
759 804 928 860 usque
944 797 1187 859 tempora
1206 783 1506 842 descendit.

710 883 739 956 §
771 884 824 938 5.
858 910 930 922 -
954 881 1053 936 Est
1077 894 1240 951 porro
1286 878 1417 934 illud
1455 875 1926 933 animadversione
1967 876 2185 947 dignum
2208 917 2224 945 ,

627 976 704 1032 ita
727 976 869 1030 inter
895 989 956 1029 se
981 972 1118 1027 duos
1148 971 1315 1027 hosce
1342 985 1496 1042 aqua:
1522 978 1685 1039 atque
1711 969 1989 1039 sanguinis
2017 967 2225 1037 baptis-

632 1085 756 1128 mos
781 1067 1126 1125 contendisse
1175 1066 1421 1131 Veteres,
1476 1074 1535 1118 ut
1570 1076 1960 1133 nonnunquam
2010 1070 2232 1131 postpo-

628 1171 764 1219 nant
787 1159 1083 1216 secundum
1112 1156 1256 1212 hunc
1300 1154 1578 1227 sanguinis
1610 1152 1936 1224 baptismum
1963 1167 2117 1223 aqua:
2154 1151 2232 1206 illi

632 1257 835 1331 primo,
866 1265 920 1312 et
936 1255 1051 1311 vice
1073 1269 1229 1309 versa
1253 1263 1638 1320 nonnunquam
1665 1246 1990 1315 anteferam,
2012 1245 2232 1301 diverso

632 1351 690 1408 id
740 1348 994 1404 nimirum
1045 1356 1297 1416 respecm
1348 1353 1511 1415 atque
1557 1340 2016 1397 consideratione.
2075 1338 2231 1406 Quod

631 1444 852 1517 quidem
875 1443 943 1497 ad
970 1441 1100 1496 illud
1128 1448 1337 1512 spectat
1366 1438 1525 1509 aquei
1564 1437 1820 1508 baptismi
1846 1434 2085 1492 ofﬁcium
2125 1451 2234 1508 quo

635 1538 855 1595 unimur
875 1537 1091 1593 Christo
1118 1546 1276 1605 atque
1296 1533 1555 1588 Ecclesiae
1570 1574 1585 1599 ,
1617 1544 1942 1602 quamquam
1963 1530 2233 1603 superiori

632 1635 746 1705 jam
777 1632 1160 1688 dissertatione
1186 1629 1586 1686 osrenderlmus
1614 1643 1765 1683 suam
1794 1636 2007 1700 quoque
2045 1629 2153 1683 vim
2181 1627 2235 1682 in

634 1727 743 1782 bac
771 1726 888 1795 ipsa
926 1738 1141 1795 quoque
1179 1722 1383 1778 unione
1411 1720 1658 1792 augenda
1689 1714 1883 1777 saltem
1919 1733 2079 1791 atque
2107 1735 2235 1791 pro-

2331 498 2487 570 praxl
2518 497 2717 569 liquet,
2760 512 2879 568 quae
2922 509 3046 552 cum
3082 492 3337 552 verorum
3381 494 3681 568 martyrum
3720 496 3932 569 semper

2329 591 2492 649 fuerit
2528 591 3004 649 observantissima
3024 633 3039 660 ,
3068 586 3363 662 numquam
3384 592 3560 645 tamen
3592 588 3701 645 illis
3723 592 3933 647 haereti-

2332 704 2429 746 cos
2456 687 2902 745 schismaticosve
2932 689 3291 757 accensuerit,
3326 686 3472 743 nulla
3494 703 3681 743 eorum
3715 691 3933 746 nomina

2333 778 2387 840 in
2412 782 2581 840 fastos
2599 799 2724 840 suos
2752 781 3055 852 admiserit,
3083 778 3289 839 nullam
3321 776 3818 840 institueriteorum
3849 800 3936 841 so-

2334 875 2571 933 lemnem
2615 877 3210 933 cemmemorationem.

2406 968 2511 1041 θλ.
2538 1001 2611 1011 —
2638 962 2972 1040 Quamquam
3008 985 3138 1041 ergo
3172 968 3238 1026 ad
3260 968 3489 1041 subjecti
3523 968 3936 1043 dispositionem

2334 1063 2675 1121 necessarius
2696 1064 2764 1118 sit
2782 1065 2928 1134 prior
2954 1060 3047 1119 ille
3069 1079 3223 1135 aqua:
3241 1063 3557 1135 baptismns,
3579 1072 3636 1119 ut
3661 1062 3784 1136 qnis
3813 1080 3936 1120 san-

2337 1152 2519 1228 guinei
2545 1156 2799 1227 baptismi
2837 1148 3009 1226 possit
3048 1153 3281 1212 fructum
3328 1156 3638 1227 percipere;
3686 1157 3732 1211 si
3760 1152 3939 1213 tamen

2336 1258 2486 1306 recte
2531 1250 2670 1305 hanc
2694 1250 3153 1321 comparationem
3190 1249 3474 1306 instituere
3514 1250 3764 1319 velimus,
3793 1261 3849 1307 et
3876 1252 3943 1309 de

2338 1345 2620 1415 utriusque
2647 1342 2902 1414 baptismi
2935 1343 3203 1399 beneﬁcio
3229 1342 3496 1423 judicare,
3519 1340 3575 1407 id
3605 1340 3768 1415 porro
3792 1361 3942 1415 qua:-

2338 1438 2569 1494 rendum
2600 1438 2772 1495 utrius
2805 1438 3052 1510 baptismi
3082 1436 3252 1510 magis
3277 1439 3348 1494 sit
3369 1434 3692 1496 beneﬁcium
3730 1441 3784 1495 in
3815 1441 3944 1497 sub-

2336 1530 2484 1602 jecto
2510 1530 2613 1587 i‘ite
2643 1529 2947 1601 disposito?
2976 1516 3040 1586 Et
3073 1529 3292 1602 quidem
3323 1528 3482 1602 hujus
3529 1528 3779 1588 beneﬁcii
3824 1547 3944 1588 res~

2340 1630 2498 1695 pecto
2574 1624 2929 1694 Sanguineum
2978 1620 3304 1694 baptismum
3355 1638 3529 1695 aqueo
3596 1626 3947 1696 prmtulerunt

2341 1714 2603 1787 Origenes
2633 1725 2686 1770 et
2717 1724 2902 1770 noster
2924 1713 3244 1787 Cyprianus.
3283 1734 3302 1766 ι
3336 1708 3608 1787 Baptisma
3644 1717 3945 1788 sanguinis,

633 1820 907 1876 movenda
936 1818 1271 1876 concessisse
1296 1816 1521 1873 Veteres
1551 1834 1565 1870 :
1601 1815 1672 1871 ita
1704 1825 1882 1873 tamen
1918 1815 2066 1871 illam
2097 1830 2232 1872 con-
2265 1808 2312 1883 Β
2342 1809 2517 1881 inquit
2562 1807 2809 1879 Origines
2840 1806 3091 1881 (Origen.
3111 1850 3126 1876 ,
3152 1810 3206 1863 in
3236 1795 3413 1863 Judic.
3444 1806 3637 1864 Iiomil.
3659 1808 3740 1883 7),
3769 1810 3949 1885 solum

638 1922 924 1970 cesserunt
955 1922 1011 1968 ut
1030 1913 1140 1968 vim
1167 1912 1383 1968 interim
1436 1909 1554 1981 ejus
1584 1910 1787 1965 nullam
1831 1910 2150 1981 agnoverint
2170 1910 2236 1966 ad

634 2023 830 2064 eorum
883 2007 1138 2062 unionem
1180 2004 1606 2076 promovendam
1637 2004 1727 2075 qui
1774 2005 2013 2060 nondum
2056 2014 2242 2061 essent

637 2100 846 2170 praevio
866 2099 1047 2169 aliquo
1071 2108 1234 2169 atque
1254 2097 1509 2154 inchoato
1523 2096 1714 2152 saltem
1738 2097 1998 2152 unltibnis
2023 2097 2240 2153 vinculo

642 2193 907 2250 Ecclesiae
947 2192 1332 2264 conglutinati,
1369 2206 1464 2247 seu
1512 2190 1911 2247 communionis
1955 2191 2009 2246 in
2059 2189 2240 2247 ofﬁcio

640 2287 1029 2355 eucharistico,
1058 2302 1152 2342 seu
1177 2284 1427 2355 baptismi
1450 2285 1627 2356 reipsa
1652 2284 1912 2355 suscepti,
1937 2285 2021 2340 vel
2042 2285 2094 2340 in
2119 2293 2243 2340 voto

642 2380 836 2438 saltem
863 2379 1106 2450 cXpetiti,
1141 2394 1261 2449 quae
1289 2392 1448 2434 causa
1483 2387 1600 2433 erat
1625 2377 2048 2449 competentium
2079 2378 2240 2436 Cate-

642 2473 1072 2539 chumenorum;
1104 2471 1209 2526 vim
1241 2485 1427 2527 rursus
1457 2472 1657 2527 nullam
1690 2471 1759 2528 ad
1798 2473 2044 2547 martyrii
2073 2474 2244 2530 bene-

643 2563 769 2619 ﬁcia
792 2560 1029 2619 nondum
1064 2563 1229 2619 unitis
1270 2563 1629 2633 impetranda.
1663 2563 1776 2621 Nec
1814 2566 1956 2621 enim
1986 2570 2247 2640 martyrio

644 2658 973 2716 beneficium
1023 2656 1238 2730 aliquod
1286 2658 1529 2715 tribuunt
1557 2659 1603 2714 si
1630 2659 1752 2730 quis
1781 2668 1931 2715 extra
1988 2661 2246 2717 unitatem

645 2766 842 2824 passus
885 2750 1068 2817 fuerit;
1127 2750 1221 2807 sed
1261 2766 1364 2807 nec
1390 2750 1522 2807 illud
1573 2751 1693 2821 ejus
1732 2750 2053 2808 beneﬁcium
2083 2767 2249 2824 agno-

650 2856 828 2914 scunt,
860 2857 917 2902 ut
947 2863 1011 2903 ea
1035 2846 1149 2915 ipsa
1182 2847 1392 2902 ratione
1414 2846 1537 2917 quis
1563 2848 1745 2903 unitos
1774 2843 2248 2918 'invisibili'aliqua

650 2939 859 2994 unitate
876 2948 1165 2994 censeatur
1187 2939 1232 2993 si
1249 2941 1565 3010 martyrium
1586 2953 1776 3009 passus
1805 2938 1991 2995 fuerit.
2016 2939 2251 2997 Proinde

650 3032 1029 3088 barrelicorum
1048 3032 1631 3102 schismaticorumque
1650 3034 1925 3105 martyrio,
1946 3033 2159 3089 illorum
2174 3035 2251 3090 vi-

653 3124 873 3192 delicet,
887 3126 976 3197 qui
991 3124 1172 3197 aliquo
1188 3125 1273 3180 vel
1289 3132 1367 3180 act
1379 3141 1409 3180 u
1424 3139 1544 3191 suo,
1563 3127 1645 3181 vel
1664 3125 1943 3189 Ecclesiae,
1962 3125 2030 3181 ab
2045 3129 2251 3185 unitate

2345 1910 2428 1958 est
2457 1899 2602 1973 quod
2632 1916 2732 1957 nos
2758 1903 3004 1972 puriores
3030 1896 3243 1970 reddat,
3274 1917 3434 1971 quam
3463 1919 3616 1974 aqua:
3650 1901 3953 1973 baptismus

2344 1993 2602 2049 reddidit.
2641 2011 2661 2045 ι
2688 1992 2879 2061 Quod,
2910 1991 3097 2064 paucis
3148 1990 3516 2064 interpositis,
3550 1988 3620 2048 ita
3664 1994 3901 2065 explicat
3936 2014 3949 2051 :

2353 2104 2372 2137 ‹
2412 2084 2622 2141 Vereor
2661 2100 2730 2141 ne
2757 2083 2903 2141 istud
2945 2085 3201 2158 baptismi
3229 2084 3558 2142 eminentius
3586 2084 3658 2141 sit
3698 2086 3804 2142 isto
3832 2072 3956 2158 bap-

2348 2177 2567 2235 tismate
2592 2164 2736 2250 quod
2764 2194 2859 2249 per
2889 2184 3083 2251 aquam
3117 2180 3367 2236 traditur.
3403 2179 3501 2236 lllo
3532 2179 3675 2237 enim
3704 2192 3954 2252 accepto,
3982 2172 3997 2180 ’

2349 2271 2504 2328 valde
2529 2273 2685 2343 pauci
2711 2281 2838 2328 sunt
2863 2273 2934 2327 ita
2961 2271 3130 2342 beati,
3161 2273 3253 2345 qui
3286 2274 3339 2329 id
3361 2274 3763 2331 immaculatum
3786 2291 3957 2348 usque

2349 2362 2417 2422 ad
2444 2367 2648 2422 exitum
2678 2367 2799 2421 vitae
2829 2368 3049 2423 servare
3074 2367 3374 2437 potuerint.
3399 2365 3512 2423 Hoc
3534 2384 3665 2424 vero
3688 2369 3957 2440 baptismo

2351 2450 2442 2527 qui
2471 2450 2772 2528 baptizatus
2803 2456 3000 2525 fuerit,
3035 2459 3397 2530 peccarejam
3432 2456 3575 2514 ultro
3605 2475 3711 2515 non
3752 2470 3956 2531 potest.

2351 2538 2420 2607 Et
2446 2551 2490 2606 si
2514 2551 2861 2607 temerarium
2894 2556 3000 2607 non
3033 2558 3118 2607 est
3147 2551 3199 2607 in
3223 2551 3387 2609 rebus
3414 2548 3609 2608 talibus
3635 2552 3839 2608 audere
3862 2553 3961 2608 ali—

2352 2630 2503 2714 quid,
2538 2648 2831 2712 possumus
2857 2642 3041 2700 dicere
3060 2644 3205 2715 quod
3240 2660 3339 2715 per
3362 2642 3493 2699 illud
3522 2623 3792 2714 baptisma
3818 2660 3960 2715 pra:-

2350 2732 2513 2811 _terita
2539 2744 2760 2806 peccata
2785 2745 3101 2807 purgantur,
3130 2750 3228 2806 per
3254 2735 3398 2790 istud
3426 2736 3556 2790 vero
3585 2736 3747 2790 etiam
3776 2736 3961 2791 futura

2356 2833 2716 2905 perimuntur.
2747 2832 2830 2889 lbi
2857 2846 3076 2904 peccata
3107 2832 3330 2889 dimissa
3356 2824 3504 2901 soni,
3535 2832 3621 2889 hic
3650 2834 3894 2890 exclusa.
3939 2855 3957 2887 δ

2355 2929 2415 2986 In
2443 2932 2689 2989 eamdem
2723 2931 2883 3006 plane
2909 2931 3231 2987 sententiam
3258 2926 3713 3001 gloriosissimum
3748 2929 3894 2986 hunc
3911 2942 3965 2988 et

2355 3025 2650 3085 maximum
2674 3027 2951 3098 sanguinis
2980 3025 3305 3095 baptismum
3336 3022 3575 3095 appellat
3600 3033 3791 3079 noster
3823 3041 3963 3080 mar—

2357 3130 2464 3194 tyr,
2488 3118 2631 3192 quod
2651 3134 2848 3189 nempe
2879 3117 3198 3190 gloriosiora
3228 3116 3338 3171 sint
3363 3126 3419 3171 et
3441 3115 3647 3187 majora
3677 3117 3965 3188 sanguinei

654 3218 881 3275 abscissi
900 3226 1105 3282 essent,
1136 3234 1237 3273 nec
1269 3219 1543 3274 uniter-um
1573 3218 1740 3275 fuisse
1758 3219 2125 3289 crediderunt,
2153 3239 2248 3279 nec

2358 3207 2612 3284 baptismi
2637 3213 2899 3268 beneﬁcia
2922 3227 3082 3282 quam
3105 3211 3213 3265 sint
3230 3225 3292 3265 ea
3315 3225 3434 3279 quae
3459 3224 3553 3280 per
3573 3225 3812 3281 aqueum
3840 3220 3968 3267 sunt

652 3312 790 3368 adeo
820 3312 977 3367 ullius
992 3312 1136 3383 apud
1170 3313 1338 3367 Deum
1363 3312 1539 3382 pretii.
1568 3306 2089 3369 Catechumenorum
2120 3331 2250 3371 cau-

653 3421 770 3462 sam
800 3404 1236 3461 favorabiliorem
1269 3412 1615 3473 censuerunt,
1648 3405 1737 3476 qui
1766 3421 1872 3461 non
1918 3408 2025 3461 lani
2070 3419 2256 3463 essent

654 3499 724 3554 ab
746 3498 953 3554 unitate
987 3497 1238 3568 sejuncti,
1272 3512 1431 3569 quam
1465 3513 1583 3553 eam
1625 3497 1796 3569 ipsam
1830 3499 2090 3556 unitatem
2120 3518 2256 3556 non-

656 3591 783 3645 dum
811 3590 1112 3655 consecuti;
1146 3590 1342 3659 quibus
1369 3588 1441 3643 ita
1470 3590 1600 3645 vitio
1629 3604 1736 3646 non
1759 3601 1907 3647 esset
1934 3592 2253 3647 vertendum

655 3682 801 3755 quod
847 3682 1088 3738 nondum
1132 3682 1501 3747 esscntuniti,
1536 3688 1593 3738 ut
1640 3693 1829 3738 contra
1878 3683 2020 3739 laudi
2081 3685 2257 3754 potius

657 3786 803 3835 esset
829 3776 969 3849 quod
1017 3776 1401 3833 ecclesiastica:
1447 3772 1744 3848 disciplina:
1782 3776 1928 3847 leges
1970 3776 2256 3833 observas-

658 3881 802 3929 scnt.
837 3870 1073 3927 Hicerte
1115 3880 1237 3927 voto
1272 3881 1377 3926 tam
1423 3884 1543 3938 suo,
1587 3876 1748 3942 quam
1794 3867 2090 3936 Ecclesiae,
2126 3870 2257 3926 uniti

652 3965 769 4036 jam
796 3975 980 4031 erant;
1008 3974 1062 4021 et
1088 3980 1211 4021 cum
1242 3979 1300 4020 se
1332 3964 1544 4036 legibus
1568 3961 1951 4020 ecclesiasticis
1988 3963 2256 4035 subjecis-

654 4066 798 4123 sent,
830 4072 896 4113 eo
929 4059 1045 4128 ipso
1099 4072 1159 4113 se
1209 4056 1444 4128 politicac
1493 4056 1715 4112 unitatis
1754 4053 1997 4110 membra
2027 4054 2259 4127 professi

657 4164 806 4218 sunt,
839 4153 984 4223 quod
1011 4151 1292 4223 mysticam
1326 4151 1472 4206 illam
1502 4150 1798 4218 unitatem,
1831 4149 2118 4220 quantovis
2138 4164 2258 4204 eam

659 4245 928 4303 haberent
977 4246 1030 4300 in
1074 4244 1270 4316 pretio,
1301 4245 1546 4315 arripere
1592 4252 1771 4300 tamen
1805 4259 1910 4299 non
1958 4242 2257 4312 auderent;

659 4347 1013 4411 expectarent
1059 4340 1311 4404 interim,
1365 4339 1515 4405 dum,
1551 4352 1645 4410 per
1689 4338 1841 4409 leges
1875 4337 2260 4395 ecclesiastica:

656 4436 861 4508 politiae
890 4451 1009 4490 eam
1058 4433 1161 4489 rite
1187 4433 1411 4505 adipisci
1452 4431 1661 4487 liceret.
1701 4429 1812 4487 Illis
1842 4432 2004 4504 igitur
2048 4447 2259 4502 aequum

657 4536 776 4584 erat
804 4525 1030 4582 concedi
1060 4524 1280 4581 unitatis
1335 4523 1619 4593 beneficia,
1665 4525 1755 4596 qui
1780 4520 1892 4594 jam
1947 4532 2010 4580 ea
2055 4534 2258 4595 essent,

2358 3304 2687 3376 baptismum
2728 3320 2757 3356 a
2788 3303 3034 3373 subjecto
3064 3303 3170 3358 rite
3199 3298 3857 3373 disposito'expcctanda.
3891 3306 3968 3360 lla

2358 3398 2504 3453 enim
2536 3395 2723 3452 scribit
2756 3392 2849 3451 ille
2878 3394 2933 3449 in
2961 3410 3058 3449 sua
3085 3390 3152 3450 ad
3183 3400 3501 3466 martyrium
3531 3386 3918 3454 exhortatione
3953 3416 3966 3453 :

2367 3512 2384 3543 ‹
2424 3484 2535 3548 Nos
2569 3500 2807 3553 tantum,
2842 3486 3036 3559 inquit,
3069 3490 3161 3559 qui
3207 3482 3436 3545 Domino
3474 3491 3826 3560 permittente
3859 3494 3970 3564 pri-

2362 3588 2508 3640 mum
2539 3584 2801 3655 baptisma
2824 3581 3175 3638 credentibus
3199 3580 3468 3649 dedimus,
3486 3584 3552 3638 ad
3581 3574 3728 3641 aliud
3755 3601 3972 3657 quoque

2363 3676 2601 3748 singulos
2651 3689 3038 3746 praeparemus,
3070 3674 3408 3731 insinuantes
3453 3688 3508 3731 et
3551 3659 3815 3735 docentes
3869 3681 3972 3736 hoc

2364 3787 2485 3827 esse
2504 3768 2766 3839 baptisma
2786 3769 2837 3823 in
2866 3768 3037 3839 gratia
3066 3769 3268 3840 majus,
3290 3770 3346 3825 in
3369 3782 3638 3842 potestate
3654 3773 3969 3843 sublimius,

2364 3867 2419 3923 in
2452 3864 2658 3922 honore
2698 3863 2991 3936 pretiosius
3026 3880 3039 3918 :
3072 3862 3338 3936 baptisma
3368 3867 3420 3921 in
3451 3881 3558 3937 quo
3586 3868 3765 3939 angeli
3799 3867 3974 3940 bapti-

2364 3972 2509 4027 zant,
2534 3959 2803 4031 baptisma
2832 3957 2883 4013 in
2908 3964 3016 4029 quo
3036 3957 3177 4014 Deus
3202 3968 3258 4014 et
3279 3948 3526 4015 Christus
3555 3959 3674 4030 ejus
3698 3961 3971 4027 exultant,

2364 4052 2629 4124 baptisma
2655 4060 2776 4123 post
2797 4050 2940 4122 quod
2967 4066 3129 4106 nemo
3149 4050 3260 4122 jam
3291 4061 3498 4122 peccat,
3526 4051 3799 4123 baptisma
3827 4052 3974 4125 quod

2366 4140 2489 4203 ﬁdei
2533 4153 2731 4201 nostra:
2759 4144 3095 4199 incrementa
3127 4154 3487 4210 consummat,
3522 4142 3789 4214 baptisma
3827 4144 3975 4217 quod

2366 4258 2469 4298 nos
2499 4241 2567 4297 de
2619 4238 2819 4295 mundo
2864 4237 3184 4294 recedentes
3225 4236 3406 4292 statim
3457 4237 3569 4293 Deo
3617 4238 3863 4309 copulat.
3915 4240 3976 4297 ln

2366 4352 2519 4407 aquae
2542 4335 2809 4405 baptismo
2830 4333 3098 4404 aecipitur
3121 4344 3467 4403 peccatorum
3487 4333 3738 4402 remissa;
3764 4333 3819 4390 in
3851 4351 3979 4391 san-

2366 4428 2543 4501 guinis
2569 4443 2769 4484 corona
2816 4426 3100 4483 virtotum.
3134 4425 3525 4497 Amplectenda
3566 4441 3655 4483 res
3683 4438 3769 4484 cst
3797 4438 3854 4485 et
3880 4444 3979 4500 op~

2371 4522 2547 4591 lauda,
2575 4531 2630 4579 et
2656 4520 2906 4578 omnibus
2933 4521 3349 4593 postulationum
3381 4530 3690 4578 nostrarqu
3718 4524 3980 4593 precibus

660 4635 783 4690 qua:
809 4617 1049 4690 legitima
1096 4625 1272 4685 esset,
1308 4617 1514 4672 unitate
1543 4616 1851 4687 conjuncti;
1883 4630 1981 4671 nec
2012 4614 2119 4670 ulla
2164 4631 2259 4672 sua
2286 4618 2340 4679 D
2367 4612 2690 4689 expetenda,
2724 4600 2890 4682 utqui
2917 4615 3062 4669 servi
3089 4614 3183 4668 Dei
3204 4616 3410 4683 sumus,
3441 4614 3610 4670 simus
3640 4622 3696 4669 et
3723 4616 3910 4672 amici.
3953 4634 3972 4670 ι

660 4711 817 4782 culpa
840 4710 1233 4783 impedirentur
1254 4711 1547 4781 quominus
1577 4709 1722 4765 illam
1746 4724 1957 4780 quoque
1984 4712 2264 4767 consecuti

657 4812 843 4862 essent
872 4819 993 4877 qua:
1020 4803 1256 4860 nondum
1281 4812 1427 4861 esset
1454 4803 1712 4875 legitima.
1755 4802 1885 4859 Erat
1910 4812 2090 4859 autem
2118 4814 2262 4860 mar-

660 4900 787 4974 tyrii
816 4898 1020 4956 fructus
1050 4900 1191 4955 inter
1215 4899 1439 4955 unitatis
1465 4897 1749 4967 beneﬁcia,
1782 4908 1881 4969 pro
1910 4896 2124 4953 illorum
2155 4911 2261 4954 sa:-

659 4995 906 5054 culorum
938 4995 1228 5062 sententia,
1279 4991 1606 5051 censendus.
1658 4990 1812 5049 llanc
1836 4991 2260 5049 catechumeno-

654 5108 778 5149 rum
818 5106 1035 5148 causam
1083 5091 1191 5162 agit
1233 5090 1286 5145 in
1328 5089 1556 5161 epistola
1599 5080 1667 5146 ad
1707 5087 2029 5145 Juhaiannin
2076 5094 2263 5143 noster

657 5187 960 5261 Cyprianus
983 5182 1177 5259 (Epist.
1200 5183 1412 5257 exirm).
1444 5183 1741 5238 Dam'naSse
1770 5182 1951 5237 antem
1972 5179 2260 5234 haeretico-

654 5295 777 5336 rum
803 5277 1380 5347 schismaticorumque
1408 5272 1663 5347 martyria
1695 5273 1872 5328 notius
1904 5280 1989 5329 est
2013 5286 2171 5343 quam
2207 5278 2264 5325 'ut

656 5370 771 5428 ulla
801 5369 1123 5440 probatione
1170 5368 1424 5439 indigeat.
1456 5365 1565 5422 Nec
1622 5365 1801 5421 solum
1830 5363 1997 5420 fuisse
2061 5362 2115 5418 in
2162 5362 2263 5417 hac

658 5478 823 5522 causa
853 5464 1199 5533 Cyprianum,
1234 5460 1330 5517 sed
1362 5458 1603 5515 Ecclesia
1636 5461 1837 5530 pariter
1865 5459 2111 5513 universa
2141 5450 2256 5511 suf-

657 5558 903 5627 fragante
925 5597 939 5621 ,
973 5556 1277 5624 damnasse,
1307 5570 1373 5609 ex
1401 5555 1518 5624 ipso
1539 5552 1594 5609 S.
1627 5552 1928 5623 Augustino
1950 5552 2134 5621 liquet,
2170 5552 2260 5622 qui

657 5665 780 5706 cum
812 5656 998 5703 nostro
1026 5646 1268 5721 martyri,
1300 5648 1355 5703 in
1393 5661 1555 5701 causa
1584 5645 1839 5715 baptismi
1878 5644 2258 5698 haereticorum

655 5757 779 5798 sese
801 5740 1180 5798 strenuissime
1201 5742 1448 5813 opponit,
1473 5742 1613 5797 banc
1641 5748 1822 5795 tamen
1848 5736 1965 5810 ejus
1994 5737 2061 5792 de
2085 5735 2261 5794 luere-

664 5834 887 5891 ticorum
912 5831 1493 5908 schismaticorumque
1522 5831 1800 5907 martyriis
1829 5829 2263 5908 censuramyubi-

2369 4698 2531 4768 Multa
2566 4709 2654 4766 hic
2682 4708 2942 4765 habemus
2972 4707 3026 4763 in
3047 4707 3148 4763 hoc
3174 4708 3432 4781 Cypriani
3461 4709 3631 4765 nostri
3660 4709 3980 4766 testimonio

2369 4818 2489 4860 cum
2537 4803 2863 4875 Origeniano
2908 4799 3002 4855 illo
3041 4799 3369 4869 communia,
3412 4816 3641 4872 quaeque
3688 4810 3799 4856 tam
3829 4817 3983 4858 com-

2369 4899 2516 4956 muni
2547 4897 2852 4965 asscrtioni,
2907 4911 3066 4967 quam
3097 4894 3198 4951 sibi
3241 4894 3491 4964 invicem,
3524 4884 3700 4952 lucem
3732 4896 3984 4955 vicissim

2368 4982 2724 5048 ftencrentur.

2443 5082 2471 5155 ἓ
2499 5084 2626 5137 5.-
2642 5081 2842 5137 Gratia:
2866 5080 3112 5151 inprimis
3139 5072 3561 5151 magnitudinem
3591 5078 3715 5135 inde
3740 5083 3985 5140 aestimat

2366 5170 2508 5246 quod
2527 5214 2541 5239 ,
2569 5170 2689 5228 cum
2717 5180 2839 5243 post
2868 5187 3021 5241 aquae
3051 5171 3379 5241 baptismum
3420 5172 3705 5240 peccamus
3749 5173 3973 5243 iterum,

2366 5260 2796 5337 baptizalemque
2812 5263 3040 5333 gratiam
3055 5261 3376 5329 amittimus,
3399 5262 3453 5317 in
3472 5260 3742 5334 baptismo
3759 5268 3985 5339 sangui-

2368 5359 2451 5415 nis
2482 5357 2657 5413 rutilus
2685 5355 2924 5426 supersit
2960 5366 3137 5411 metus
3173 5353 3474 5411 futurorum
3509 5369 3886 5429 peccatorum,
3923 5372 3981 5419 ut

2362 5451 2594 5523 proinde
2628 5467 2721 5522 per
2756 5448 2906 5506 illum
2958 5460 3065 5505 tam
3113 5450 3416 5507 futurorum
3468 5457 3647 5510 securi
3693 5455 3983 5515 reddimur

2364 5560 2523 5616 quam
2542 5542 2957 5613 praeteritorum,
2981 5559 3103 5598 cum
3131 5544 3398 5614 praeterita
3427 5544 3703 5601 dumtaxat
3728 5546 3781 5600 in
3803 5562 3983 5620 aqueo

2365 5632 2635 5706 baptismo
2664 5635 2971 5705 eripiantur,
3004 5630 3149 5706 quod
3177 5636 3339 5691 etiam
3363 5646 3490 5693 ante
3515 5634 3849 5709 Cyprianum
3877 5641 3981 5697 ob-

2361 5740 2676 5789 servaverat
2696 5728 2980 5804 Origenes,
3005 5739 3061 5787 et
3079 5734 3200 5802 post
3224 5728 3557 5804 Cyprianum
3583 5741 3833 5789 nostrum
3852 5751 3980 5792 san-

2367 5826 2611 5888 ctissima
2639 5839 2846 5904 martyr
2861 5827 3075 5903 Pelagia
3098 5828 3240 5905 apud
3271 5822 3637 5902 Ambrosium,
3662 5829 3760 5890 lib.
3798 5848 3880 5904 tn,
3908 5833 3977 5892 de
