4158 6260
228 334 311 411 83
1251 361 1341 420 DE
1376 358 1689 424 SECUNDO
1724 352 2124 430 MARTYRUM
2161 370 2527 436 BAPTISMO.
3500 371 3573 443 3‘

224 461 520 541 Yirginib.
548 467 693 526 Tum
716 469 785 527 ad
812 471 1006 543 gratiae
1027 480 1242 548 quoque
1267 476 1689 550 magnitudinem
1723 482 1854 539 illud
1883 489 1935 548 Α
1961 485 2279 547 etChristus
2301 491 2420 563 ejus
2433 494 2694 552 exultent.
2722 497 2887 555 Docet
2908 499 3165 559 Dominus
3183 500 3569 560 exultationem

230 562 529 631 pertinere
546 572 759 633 censet,
781 566 952 635 quod,
970 578 1093 623 cum
1112 569 1177 624 ad
1197 574 1371 647 ἀρχῆς
1393 573 1534 648 λόγον
1563 582 1616 630 et
1637 578 1858 650 θεμέλιον

233 672 490 730 aqueum
521 660 673 717 illum
694 661 1024 734 baptismum
1060 666 1300 723 retulerit
1324 669 1617 740 Apostolus
1648 670 1859 746 (Hebr.,

244 766 331 817 vi,
379 752 441 820 1,
468 752 545 826 Ξ).
584 753 879 826 Sanguinis
926 756 1014 812 hic
1058 757 1358 830 baptismus
1394 761 1461 817 ad
1497 761 1621 819 ﬁdei
1666 773 1865 822 nostrae

235 845 594 904 incrementa
625 850 1056 906 consummanda
1100 853 1385 922 pertineat;
1428 855 1595 926 quod,
1639 873 1762 913 cum
1812 859 1863 913 in

233 953 429 1009 aqueo
456 939 729 1010 baptismo
765 943 1142 1000 renuntiantes
1168 945 1371 1002 mundo
1414 945 1729 1006 fruitionem
1769 950 1864 1007 Dei

238 1036 353 1090 non
383 1036 493 1092 nisi
518 1050 553 1092 e
577 1037 877 1108 longinquo
906 1040 1084 1094 tamen
1113 1049 1488 1111 expectemus,
1527 1060 1621 1115 per
1647 1047 1859 1117 sangui-

236 1143 414 1184 neum
429 1130 611 1185 statim
627 1128 739 1186 Deo
753 1132 1090 1202 eopnlemur;
1108 1132 1250 1204 quod
1261 1177 1274 1200 ,
1295 1149 1416 1190 cum
1436 1135 1507 1191 ibi
1525 1147 1864 1206 peccatorum

237 1223 634 1280 remissionem
653 1240 1071 1296 consequamur,
1104 1226 1192 1283 hic
1220 1231 1501 1299 prtemium
1524 1232 1685 1287 etiam
1711 1248 1866 1290 coro-

239 1320 485 1387 namque
509 1327 805 1387 expectare
834 1320 1123 1388 pos'simus;
1156 1318 1270 1375 illic
1293 1337 1480 1379 servos
1508 1323 1600 1381 Dei
1626 1340 1744 1392 nos,
1778 1341 1865 1397 vel

243 1407 441 1465 saltem
483 1413 857 1488 ἀπελευθέρους
885 1414 1259 1483 profiteamur,
1285 1415 1373 1473 hic
1396 1416 1559 1473 etiam
1590 1420 1747 1475 amici
1769 1414 1866 1477 Dei

252 1518 651 1574 agnoscamur.
685 1504 852 1561 Porro
874 1514 1142 1577 potestate
1169 1508 1544 1567 sublimiorem
1570 1512 1701 1569 dicit
1725 1512 1866 1570 hunc

249 1597 541 1667 sanguinis
586 1597 937 1669 baptismum,
968 1599 1111 1670 quod
1141 1598 1418 1658 hominem
1462 1605 1769 1661 ministrum
1799 1606 1865 1662 ad

250 1704 321 1757 aq
332 1704 414 1743 ua:
429 1688 763 1759 baptismum
779 1688 1156 1759 adhibeamus,
1175 1694 1225 1748 in
1240 1696 1538 1766 sanguineo
1551 1698 1865 1769 angelorum

251 1783 565 1839 ministerio
616 1784 915 1839 initientur.
967 1784 1035 1841 Ut
1078 1788 1221 1842 enim
1264 1788 1549 1845 invisibilis
1578 1791 1740 1862 plane
1783 1801 1866 1849 est

1971 580 2023 636 in
2051 581 2189 638 coelo
2209 598 2332 641 esse
2364 585 2414 640 in
2442 591 2796 647 conversione
2821 595 3140 664 peccatoris.
3170 592 3321 651 lianc
3344 610 3571 654 conver—

1970 674 2178 730 sionem
2207 676 2279 732 illi
2304 678 2369 734 ad
2398 679 2723 751 baptismum
2751 701 2979 756 aqueum
3006 688 3232 744 fortasse
3270 688 3572 759 retulerint,

1971 774 2025 822 et
2049 769 2431 827 exultationem
2482 775 2533 828 in
2578 777 2717 832 cmlo
2750 778 2893 834 illam
2929 779 2997 834 de
3020 781 3335 851 angelorum
3366 783 3576 838 exulta-

1972 860 2117 919 tione
2154 864 2539 923 intellexerint.
2588 869 2892 942 Opponitur
2920 873 3063 929 enim
3105 874 3214 928 Deo
3254 875 3451 931 ccelum
3485 876 3572 947 (S.

1970 952 2125 1022 Luc.,
2145 973 2232 1024 xv,
2253 957 2369 1032 21).
2397 961 2464 1015 Et
2485 961 2680 1018 caelum
2702 980 2821 1019 cum
2844 973 2948 1028 τοῖς
2970 973 3267 1022 κατοικοῦσι
3288 966 3574 1039 conjungi-

1972 1058 2057 1105 tur
2083 1051 2347 1122 (Apocal.,
2377 1071 2470 1118 xu,
2507 1056 2618 1128 12),
2660 1058 2800 1128 quod
2823 1069 2970 1115 certe
2990 1058 3056 1114 de
3075 1059 3350 1115 Trin-uno
3365 1059 3475 1116 Deo
3498 1062 3571 1118 ita

1969 1145 2251 1201 commode
2304 1147 2523 1219 intelligi
2578 1153 2783 1223 nequit.
2836 1153 2910 1207 Ita
2965 1153 3123 1223 igitur
3179 1153 3346 1209 Deum
3404 1153 3567 1225 hujus

1969 1236 2248 1307 sanguinei
2279 1236 2531 1309 baptismi
2556 1243 2839 1313 prmsidem
2860 1244 3223 1312 crediderunt,
3258 1246 3421 1317 quod,
3447 1262 3571 1302 cum

1970 1332 2284 1403 martyrium
2327 1335 2614 1405 agonibus,
2644 1335 2758 1392 sive
2792 1337 2933 1394 ludis
2959 1338 3314 1395 theatralibus
3334 1381 3348 1403 ,
3381 1350 3572 1397 contu-

1971 1423 2180 1492 lissent,
2214 1425 2380 1482 Deum
2411 1428 2811 1499 Agonothetam
2843 1430 3095 1499 fecerint,
3118 1441 3172 1488 et
3202 1433 3354 1500 quasi
3377 1448 3578 1490 consu—

1970 1510 2076 1573 lem
2106 1517 2157 1571 in
2181 1516 2469 1574 Orchestra
2503 1531 2884 1591 spectatorem.
2918 1522 3036 1592 ipsa
3066 1524 3357 1593 spectaculi
3387 1539 3519 1582 voce
3546 1542 3578 1581 a

1971 1607 2199 1664 theatris
2242 1608 2526 1682 desumpta
2558 1627 2685 1667 usus
2734 1613 2836 1669 hac
2890 1615 2943 1668 in
2985 1629 3145 1669 causa
3192 1625 3276 1670 est
3323 1614 3580 1673 Octavius

1972 1702 2181 1778 (Μίνωι.
2218 1703 2335 1760 Fel.
2362 1705 2566 1772 Octav.,
2588 1724 2639 1776 ι).
2667 1708 2818 1781 558).
2843 1708 3041 1777 (Ουαηὶ
3063 1708 3581 1784 pnlchrutn(inquit)

1969 1796 2335 1867 Spectaculum
2368 1798 2497 1865 Deo,
2531 1815 2651 1854 cum
2698 1801 3027 1856 christianos
3065 1817 3188 1857 cum
3231 1801 3421 1857 dolore
3447 1818 3580 1859 con-

248 1886 555 1971 ma‘rtyrum
583 1875 676 1971 ille
689 1875 1013 1971 baptismus,
1042 1878 1232 1934 saltem
1249 1878 1393 1951 quod
1411 1880 1635 1936 adillam
1654 1891 1862 1954 partem
1893 1890 1942 1952 B
1968 1889 2228 1963 greditur.
2247 1900 2377 1959 etc.,
2403 1893 3037 1968 i.EtnosterCypriantts
3055 1896 3183 1971 (Ep.
3202 1894 3314 1969 Lvt)
3337 1917 3348 1951 :
3371 1916 3390 1949 ‹
3415 1896 3584 1968 Spec-

248 1967 442 2024 attinet
458 1984 578 2038 qua».
598 1967 768 2023 Deum
795 1968 970 2038 ipsum
1002 1977 1226 2039 spectat,
1258 1972 1329 2026 ita
1354 1981 1502 2028 certe
1534 1974 1861 2031 invisibilem

251 2058 403 2115 illam
424 2061 748 2140 λειτουργίαν
768 2059 836 2114 ad
870 2061 1035 2115 Deum
1059 2061 1233 2132 ipsutn
1263 2061 1518 2129 diximus,
1556 2080 1651 2135 pro
1675 2068 1866 2138 mysti-

251 2168 339 2210 ca:
382 2148 733 2224 philosophia:
780 2153 1090 2223 principiis,
1144 2152 1311 2211 fuisse
1363 2150 1727 2213 referendam.
1795 2156 1866 2215 Ut

256 2260 442 2305 autem
470 2248 524 2304 in
547 2250 777 2321 mystico
807 2250 1115 2306 sacerdotio
1145 2251 1253 2308 duo
1280 2261 1437 2309 erant
1466 2252 1640 2310 officia
1665 2255 1865 2313 visibili

258 2344 565 2402 sacerdotio
594 2348 924 2402 adamussim
979 2347 1385 2418 reSpoudentia,
1418 2350 1667 2420 superius
1695 2349 1863 2418 aliud,

256 2443 400 2509 quod
428 2439 755 2511 βελτιωτικὸν
788 2439 903 2495 sive
932 2442 1242 2497 τελειωτικὸν
1273 2441 1633 2512 appellarunt,
1663 2442 1866 2501 Christi

256 2532 623 2604 proculdubio
661 2534 830 2605 ipsius
870 2536 921 2589 in
976 2534 1075 2590 hac
1121 2535 1345 2607 mystica
1402 2537 1690 2616 λειτουργίᾳ
1740 2552 1867 2607 pro-

264 2625 475 2696 prium;
492 2625 716 2681 inferius
734 2626 875 2681 aliud
907 2626 1023 2682 sive
1041 2628 1369 2704 ὑπηρετικὸν,
1396 2626 1539 2698 quod
1555 2628 1868 2698 angelorum

262 2719 441 2777 etiam
473 2719 639 2777 fuisse
667 2723 932 2793 proprium
967 2722 1103 2777 nihil
1129 2721 1379 2793 estquod
1409 2722 1717 2778 dubitemus
1748 2741 1762 2776 :
1796 2721 1870 2777 ita

262 2821 423 2869 certe
454 2812 701 2883 baptismi
729 2826 924 2870 munus
970 2811 1038 2868 ad
1082 2811 1308 2868 inferius
1354 2811 1483 2868 illud
1515 2811 1871 2867 ministerium

259 2907 620 2977 pertinuisse,
642 2908 764 2964 alibi
785 2917 871 2965 est
897 2925 927 2963 a
952 2907 1124 2972 nobis,
1147 2908 1247 2962 nisi
1273 2906 1526 2975 fallimur,
1563 2905 1869 2978 probatum.

261 2996 330 3053 In
351 3010 578 3054 externo
604 3001 744 3055 enim
772 3000 933 3072 aquei
958 2998 1204 3070 baptismi
1237 3014 1461 3056 munere
1487 2996 1758 3055 inferioris
1778 3015 1870 3069 ge-

262 3090 415 3145 neris
464 3090 729 3146 ministris
782 3091 862 3145 usi
917 3099 1042 3146 sunt
1077 3100 1137 3146 ut
1170 3091 1456 3161 plurimum
1508 3091 1758 3162 apostoli.
1802 3089 1873 3147 Ut

263 3182 495 3255 proinde
520 3182 666 3239 idem
686 3185 757 3238 sit
777 3182 847 3239 de
882 3183 1133 3239 invisibili
1155 3200 1370 3255 quoque
1406 3182 1498 3239 illo
1534 3188 1870 3257 mysticoque

1971 1996 2049 2044 tat
2089 1990 2312 2046 militem
2357 2006 2514 2046 suum
2547 1991 2794 2048 Christus
2838 1993 3035 2066 ubique
3085 2004 3434 2066 pugnantem.
3469 2015 3489 2049 ι
3517 1993 3584 2052 Ει

1976 2090 2162 2151 postea
2199 2100 2212 2135 :
2253 2100 2272 2134 (
2306 2081 2445 2139 Ecce
2472 2098 2613 2155 agon
2642 2085 2890 2141 sublimis
2918 2094 2973 2142 et
3003 2101 3248 2158 magnus,
3279 2095 3335 2145 et
3359 2102 3579 2145 corona:

1971 2174 2209 2231 ctelestis
2246 2178 2469 2244 praemio
2497 2178 2792 2251 gloriosus,
2837 2190 2896 2237 ut
2924 2191 3134 2252 spectet
3176 2198 3277 2239 nos
3307 2192 3581 2242 certantes

1975 2267 2137 2323 Deus.
2164 2268 2485 2327 Praeliantes
2511 2287 2611 2330 nos
2633 2281 2686 2327 et
2711 2272 2833 2330 fidei
2864 2276 3251 2347 congressione
3281 2286 3587 2349 pugnantes

1972 2370 2183 2432 spectat
2225 2362 2384 2430 Deus,
2416 2375 2663 2434 spectant
2691 2367 2866 2437 angeli
2914 2368 3033 2437 ejus
3054 2411 3069 2437 ,
3095 2379 3309 2440 spectat
3334 2379 3387 2426 et
3415 2371 3576 2427 Chri-

1975 2461 2142 2507 stus.»
2176 2448 2244 2507 Et
2263 2454 2388 2510 alibi
2414 2454 2541 2528 (Ep.
2573 2455 2695 2527 tx):
2734 2458 2808 2512 «0
2831 2459 2987 2528 quale
3016 2459 3146 2513 illud
3174 2459 3273 2514 fuit
3299 2470 3581 2530 spectacu-

1975 2545 2088 2600 lum
2121 2545 2381 2613 Domino,
2415 2563 2574 2618 quam
2624 2548 2874 2614 sublime,
2909 2566 3068 2620 quam
3118 2566 3390 2623 magnum,
3425 2569 3587 2625 quam

1978 2640 2074 2695 Dei
2101 2640 2270 2696 oculis
2285 2649 2629 2697 sacramento
2646 2657 2711 2698 ac
2731 2641 3022 2700 devotione
3041 2645 3227 2700 militis
3245 2645 3362 2716 ejus
3379 2661 3581 2718 accep-

1979 2740 2090 2787 tum
2114 2774 2129 2800 ,
2160 2742 2264 2787 etc.
2305 2751 2324 2786 »
2356 2731 2468 2790 Nec
2499 2734 2694 2789 mirum
2722 2733 2823 2790 hac
2851 2736 3040 2792 eadem
3076 2738 3427 2796 similitudine
3456 2755 3586 2796 usos

1978 2841 2102 2883 esse
2136 2828 2294 2883 toties
2321 2827 2652 2885 christianos
2673 2871 2687 2897 ,
2721 2845 2882 2900 quam
2908 2841 2961 2886 et
2991 2831 3161 2900 ipsam
3208 2831 3456 2888 eamdem
3486 2831 3587 2888 ad-

1978 2917 2271 2975 hibuerant
2307 2919 2409 2991 ipsi
2437 2921 2599 2975 etiam
2633 2921 2960 2993 philosophi,
2988 2922 3192 2979 Seneca
3245 2922 3486 2995 (Scaea,
3525 2924 3588 2980 de

1978 3006 2161 3076 Prav.,
2175 3010 2284 3081 αὖ)
2303 3019 2357 3065 et
2373 3008 2847 3084 Epicleitts(Epist.
2867 3014 2955 3068 ad.
2977 3013 3236 3088 Arrium).
3253 3015 3589 3087 Quamquam

1977 3103 2140 3159 etiam
2166 3103 2326 3158 altius
2355 3105 2636 3174 repetitam
2660 3103 2823 3161 fuisse
2854 3107 3153 3163 verisimile
3180 3119 3281 3176 est,
3311 3124 3342 3163 a
3371 3109 3592 3165 visioni-

1979 3192 2079 3251 bus
2116 3194 2372 3251 nimirnm
2414 3197 2524 3252 illis
2548 3197 2745 3267 quibus
2773 3198 2916 3255 Deus
2946 3214 3186 3269 praesens
3218 3201 3589 3258 laborantibus

262 3277 535 3348 baptismo
565 3276 937 3345 statuendum,
970 3282 1026 3332 ut
1049 3277 1301 3331 exteriori
1321 3276 1589 3368 baptismo
1621 3276 1872 3331 adamus-
1897 3287 1943 3352 ρ
1977 3299 2321 3359 apparuerat,
2353 3288 2427 3344 ιω
2468 3290 2523 3347 s_
2558 3291 2833 3362 Stephano
2859 3291 3105 3349 Christus
3138 3293 3299 3365 (Αεεη
3336 3311 3406 3350 νη
3427 3338 3440 3359 ,
3471 3294 3590 3368 55),

263 3371 370 3428 sim
418 3368 772 3441 respondeat,
806 3369 894 3425 hic
934 3386 1148 3441 quoque
1179 3371 1447 3442 ὑπηρετῶν
1495 3367 1660 3425 fuisse
1690 3384 1871 3437 nsum,

266 3467 359 3538 qui
386 3480 494 3521 non
512 3466 602 3520 alii
623 3482 747 3522 esse
761 3467 1051 3536 potuerint,
1081 3468 1176 3535 pro
1195 3476 1438 3522 veterum
1458 3464 1673 3521 illorum
1693 3477 1873 3536 captu,

271 3572 435 3630 quam
490 3559 692 3630 angeli.
750 3558 955 3613 Divitue
1001 3561 1144 3614 enim
1196 3558 1501 3630 praesentia:
1568 3557 1875 3631 symbolum

270 3652 651 3721 (Schechinam
680 3653 956 3725 appellant
982 3652 1179 3725 Judaei)
1208 3654 1411 3725 angelis
1440 3653 1680 3709 tribuunt
1708 3655 1878 3724 scrip-

275 3757 425 3803 tores
457 3756 674 3804 veteres
727 3756 835 3802 tam
886 3746 1079 3815 Judmi,
1113 3762 1271 3817 quam
1302 3742 1681 3811 ecclesiastici,
1713 3761 1877 3817 quam

270 3843 416 3897 sacri
446 3851 500 3897 et
524 3841 799 3909 canonici;
832 3850 885 3896 et
916 3859 1076 3913 quam
1105 3841 1215 3899 Deo
1240 3841 1879 3923 tribuuntnonnunquam

270 3936 699 4006 apparitionem,
742 3934 989 3991 eamdem
1020 3935 1145 3990 alibi
1175 3934 1380 4007 angelis
1406 3934 1700 4003 assignant.
1738 3934 1879 3991 Deus

280 4031 343 4086 in
370 4029 508 4085 rubo
529 4029 695 4101 Moysi
722 4031 1041 4102 apparuisse
1067 4016 1285 4101 legitur,
1319 4046 1481 4101 quem
1513 4039 1691 4084 tamen
1725 4044 1879 4100 ange-

281 4123 404 4179 lum
454 4125 682 4195 appellat
708 4125 762 4181 S.
798 4124 1111 4196 Stephanus
1142 4124 1307 4197 (Αιτιη
1352 4139 1447 4187 vn,
1489 4122 1605 4194 55').
1640 4120 1784 4178 Deus
1825 4121 1879 4176 in

279 4227 474 4275 monte
504 4218 649 4276 Sinni
674 4219 986 4291 decalogum
1016 4218 1213 4279 edidit,
1241 4234 1399 4289 quam
1425 4226 1600 4271 tamen
1633 4216 1879 4271 eamdem

275 4313 455 4385 legem
486 4313 553 4369 ab
577 4312 783 4384 angelis
818 4314 1013 4367 editam
1047 4311 1122 4365 ait
1153 4308 1439 4380 Apostolus
1468 4302 1677 4380 (Helm,
1712 4322 1770 4374 ιι,
1800 4305 1877 4378 2).

280 4406 350 4463 Et
380 4422 511 4461 vero
535 4407 589 4460 in
622 4406 723 4461 hoc
751 4404 1052 4461 ccclestium
1085 4403 1464 4476 mysteriorum
1494 4401 1743 4457 universo
1776 4406 1872 4456 ne-

277 4501 430 4573 gotio
452 4543 468 4567 ,
507 4500 650 4571 quod
698 4510 985 4570 prmsxatur
1016 4502 1069 4554 in
1099 4496 1326 4552 visibilis
1355 4495 1735 4551 ecclesiastica:
1763 4490 1881 4550 hie-

276 4592 513 4650 rarehia:
556 4594 846 4665 mysteriis,
880 4592 1113 4647 officium
1160 4590 1228 4645 ab
1280 4587 1569 4644 ordinariis
1624 4585 1882 4644 Ecclesia:

1980 3381 2048 3437 Et
2076 3381 2129 3437 in
2173 3382 2474 3439 certamine
2507 3381 2790 3455 Polycarpi
2840 3400 3027 3439 vocem
3075 3386 3291 3441 coalitus
3332 3387 3588 3442 emissam

1979 3482 2285 3530 memorant
2303 3464 2683 3545 Smyrnenses,
2707 3474 2867 3549 ἴσχυε
2898 3479 3218 3554 melampus,
3243 3484 3330 3536 καὶ
3351 3479 3589 3556 ἀνδρίζου

1981 3565 2109 3639 (Ep.
2142 3565 2211 3618 ad
2237 3564 2468 3621 Philam.
2506 3583 2596 3635 ap.
2642 3565 2856 3631 Euseb.,
2888 3562 3025 3624 Hist.
3059 3569 3207 3636 eccl.,
3254 3584 3329 3635 iv,
3361 3567 3476 3641 15).
3524 3571 3592 3626 Et

1982 3658 2178 3714 merito
2202 3672 2333 3713 sane
2351 3654 2429 3713 illi
2464 3656 2555 3713 Dei
2575 3656 2712 3714 hanc
2736 3657 2965 3715 faventis
2993 3659 3342 3730 pra‘scntiam
3367 3660 3594 3717 maximi

1984 3749 2206 3806 honoris
2235 3750 2357 3806 loco
2383 3749 2676 3805 duxerunt.
2705 3750 2764 3805 In
2804 3767 2870 3806 eo
2898 3762 3077 3808 autem
3110 3751 3446 3822 praetulerint
3473 3746 3589 3807 for-

1984 3854 2128 3901 tasse
2153 3844 2437 3916 sanguinei
2458 3843 2617 3916 hujus
2639 3845 2893 3915 baptismi
2915 3855 3253 3917 apparatum,
3272 3845 3435 3915 quod,
3467 3861 3591 3902 cum

1942 3952 1949 3957 '
1983 3938 2037 3994 in
2078 3939 2218 3995 cmlo
2247 3937 2499 4009 gaudimn
2545 3954 2667 3994 esse
2696 3947 3002 3994 memorant
3055 3954 3225 3993 sacra:
3266 3928 3488 3994 Littera:
3536 3939 3588 3993 in

1985 4032 2342 4088 conversione
2388 4032 2691 4104 peccatoris
2722 4032 2741 4106 (
2770 4047 2946 4103 aqueo
2994 4031 3251 4087 nimirum
3322 4030 3591 4101 baptismo

1986 4123 2231 4199 expiati),
2263 4123 2387 4181 (εαξιί
2414 4126 2632 4180 nomine
2653 4126 2907 4180 caelestes
2933 4135 3231 4186 creaturas,
3261 4123 3482 4193 angelos
3511 4122 3594 4176 ni-

1985 4219 2203 4285 mirum,
2234 4217 2627 4284 intellexerint;
2660 4217 2748 4272 hic
2785 4217 2953 4272 Deum
2975 4206 3151 4287 ipsum
3186 4213 3412 4288 ejusque
3438 4212 3593 4273 Chri-

1985 4321 2127 4369 stum
2160 4311 2476 4384 plaudentes
2502 4310 2918 4367 introduxerint.

2061 4403 2356 4479 §7.—Non
2377 4420 2464 4461 me
2481 4405 2610 4462 latet
2634 4404 2967 4476 antiquitatis
2991 4414 3396 4478 contemptores
3426 4421 3589 4477 quam

1985 4497 2063 4553 illi
2106 4498 2223 4554 hmo
2250 4507 2494 4555 veterum
2524 4498 2946 4556 Christianorum
2975 4500 3261 4557 ratiocinia
3293 4500 3441 4556 nullo
3484 4502 3596 4556 sint

1987 4589 2040 4643 in
2086 4587 2210 4645 loco
2241 4586 2499 4645 habituri.
2531 4589 2686 4658 Quod
2733 4591 3053 4664 martyrium
3085 4592 3339 4664 baptismi
3372 4591 3595 4649 secundi

280 4685 565 4755 ministris,
605 4695 712 4741 tam
760 4686 1082 4759 βελτιωτικὸν
1130 4680 1295 4748 illud,
1345 4679 1489 4751 quod
1538 4679 1670 4748 dixi,
1720 4682 2144 4751 quathitulo
2195 4682 2564 4753 insigniorint;
2619 4698 2722 4740 nec
2769 4683 2914 4740 nudo
2957 4683 3237 4740 dumtaxat
3280 4684 3454 4752 titulo,
3498 4684 3595 4741 sed

284 4776 453 4834 etiam
482 4779 795 4858 ὑπηρετικὸν
817 4778 957 4834 idem
983 4777 1187 4845 angelis
1218 4772 1457 4831 ofﬁcium
1486 4774 1724 4846 as'signat
1762 4773 1882 4830 Cle-

280 4879 444 4929 mens
490 4868 890 4928 Alexandrinus
935 4890 949 4926 :
1006 4874 1202 4931 ταύτας
1250 4870 1423 4939 inquit
1461 4866 1658 4941 (Clem.
1706 4865 1880 4938 Alea,

288 4968 619 5037 Strom.,vu,
635 4966 801 5037 illiL),
821 4964 969 5040 ἄμφω
994 4968 1087 5028 τὰς
1108 4960 1365 5026 διακονίας
1395 4959 1594 5038 ἄγγελοι
1618 4984 1672 5020 τε
1698 4964 1886 5039 ὑπηρε-

293 5068 494 5119 τοῦνται
520 5069 595 5134 τῷ
633 5064 728 5133 θεῷ
756 5058 890 5115 κατά
928 5064 1016 5118 τήν
1056 5067 1154 5113 τῶν
1183 5059 1445 5132 nepa/sim
1466 5056 1771 5128 οἰκονομίαν,
1800 5058 1888 5110 καὶ

305 5154 450 5215 «ira;
468 5153 494 5210 ὃ
512 5155 817 5229 τνωστικὸς,
841 5156 945 5208 etc.
975 5142 1083 5207 Sed
1112 5146 1393 5207 redeamus
1414 5144 1479 5204 ad
1511 5153 1756 5203 uostr’ttm
1782 5144 1888 5219 Cy-

304 5247 564 5318 primum.

384 5332 935 5415 §B.-..ldemde'nique
965 5332 1416 5415 additmystieum
1448 5338 1590 5395 hunc
1616 5337 1890 5409 sanguinis

294 5434 622 5506 baptismum
650 5438 703 5494 in
732 5435 944 5494 honore
973 5450 1095 5492 esse
1121 5434 1521 5507 pretiosiorem.
1545 5432 1676 5501 Qua:
1725 5427 1891 5487 verba

294 5522 365 5586 ad
387 5528 486 5588 illa
528 5528 746 5589 fortasse
777 5526 1061 5589 referenda
1100 5540 1245 5597 sunt,
1278 5529 1421 5600 quod
1467 5542 1588 5583 cum
1626 5525 1678 5581 in
1720 5540 1892 5597 aqueo

295 5622 567 5697 baptismo
583 5629 725 5684 servi
748 5622 1027 5682 dumtaxat
1043 5622 1455 5691 conscribimur,
1486 5621 1573 5678 hic
1600 5623 1651 5677 in
1674 5619 1892 5691 sangui-

299 5730 402 5774 neo
417 5712 686 5790 baptismo
702 5717 1001 5775 amicorum
1022 5712 1178 5773 titulo
1201 5715 1357 5789 longe
1381 5713 1710 5771 honoratiori
1733 5714 1894 5770 osor-

298 5824 514 5873 nemur.
546 5810 712 5873 Forte
738 5814 903 5872 etiam
930 5810 994 5868 ad
1022 5818 1300 5869 externam
1329 5804 1496 5867 divini
1533 5808 1691 5882 hujus
1710 5808 1896 5880 agonis

292 5925 554 5988 pompam
584 5908 746 5986 atque
772 5917 1120 5983 apparatum,
1153 5904 1298 5984 quod
1339 5920 1535 5982 nempe
1574 5904 1628 5965 in
1665 5914 1729 5963 eo
1757 5903 1898 5963 Deus

1986 4786 2248 4847 praeterea
2269 4776 2447 4832 omnia
2469 4777 2665 4847 prioris
2680 4775 2929 4847 baptismi
2948 4775 3209 4833 beneficia
3238 4778 3414 4832 eidem
3436 4777 3593 4830 attri-

1987 4866 2233 4935 buerint;
2265 4884 2366 4924 nec
2394 4883 2461 4925 eo
2488 4868 2607 4939 ipso
2652 4868 2891 4924 contenti
2912 4909 2925 4932 ,
2959 4868 3301 4938 superiorem
3331 4866 3492 4922 etiam
3524 4881 3591 4922 eo

1991 4963 2108 5034 ipso
2130 4963 2396 5031 baptismo
2423 4958 2651 5016 fecerint
2674 4961 2813 5031 quia
2830 4960 2939 5015 Deo
2966 4959 3139 5014 fuerat
3162 4959 3469 5014 institutus:
3495 4972 3593 5028 pro

1992 5056 2148 5114 nudis
2174 5054 2253 5111 illi
2272 5053 2626 5126 proculdubio
2649 5052 2884 5110 habituri
2904 5062 3030 5109 sunt
3054 5062 3352 5126 martyrum
3386 5051 3593 5108 deliriis

1994 5157 2157 5221 atque
2204 5146 2545 5205 commentis.
2576 5144 3006 5217 lndignabuntur
3056 5161 3242 5218 porro,
3277 5160 3378 5202 nec
3417 5145 3595 5200 feren-

1994 5241 2118 5300 dam
2141 5240 2417 5298 audaciam
2442 5254 2564 5297 esse
2587 5239 2960 5309 clamitabunt,
2983 5246 3191 5296 tantum
3219 5239 3341 5294 illos
3362 5235 3595 5293 inventis

1995 5337 2107 5394 suis
2135 5335 2371 5392 tribuere
2402 5341 2458 5389 ut
2482 5334 2911 5389 commentitium
2949 5349 3105 5389 suum
3121 5331 3445 5403 baptismum
3465 5331 3596 5401 bap-

1994 5430 2158 5486 tismo
2182 5443 2214 5482 a
2242 5422 2458 5484 Christo
2476 5424 2721 5482 instituto
2739 5426 2823 5482 vel
2844 5424 3095 5483 conferre
3116 5414 3366 5491 audeant,
3398 5422 3597 5480 nedum

1995 5519 2286 5579 anteferre.
2336 5522 2654 5589 Quaeramus
2700 5518 2860 5591 igitur
2905 5517 3201 5583 meritone,
3233 5529 3301 5571 an
3333 5526 3512 5584 secus,
3542 5515 3596 5570 in

1996 5632 2061 5674 ea
2112 5624 2325 5672 veteres
2385 5613 2586 5672 fuerint
2633 5613 2939 5672 sententia?
2990 5612 3140 5682 Rogo
3181 5610 3398 5667 interim
3435 5619 3596 5681 atque

1998 5713 2246 5780 obsecro,
2280 5716 2340 5766 ut
2373 5709 2636 5781 tantisper
2678 5714 2941 5779 seponant
2986 5705 3210 5764 allectus
3241 5705 3381 5762 dum
3426 5705 3596 5760 ratio-

2001 5814 2125 5860 nem
2150 5798 2429 5859 reddimus
2458 5814 2556 5858 cur
2581 5800 2653 5856 ita
2698 5797 2970 5856 senserint
3000 5797 3245 5871 primani
3295 5796 3594 5854 christiani.

2002 5893 2204 5975 ltatiet
2230 5903 2363 5955 utet
2389 5891 2544 5953 nobis
2574 5892 2841 5967 aequiores
2869 5890 2999 5965 sint,
3030 5901 3082 5952 ct
3107 5890 3209 5952 sibi
3238 5888 3369 5963 ipsis
3394 5887 3597 5963 optime
