4158 6260
614 313 689 374 55
1615 313 1981 374 DODWELLI
2020 312 2475 373 DlSSERTATlO
2512 312 2925 373 CYPRIANICA
3847 317 3919 375 50

617 428 924 497 consulant,
954 430 998 485 si
1027 445 1131 487 non
1155 429 1261 486 sint
1285 431 1336 485 in
1359 428 1556 488 heroas
1585 428 1726 494 illos,
1751 427 1970 485 Christo
2000 430 2216 500 procul-
2246 430 2297 491 Α
2324 429 2375 485 id
2430 446 2646 502 quoque
2696 431 2998 489 concedent
3039 432 3234 489 medici
3280 432 3768 490 extraordinarium
3816 448 3926 494 non

618 521 781 578 dubio
807 522 1176 589 charissimos,
1209 537 1465 579 censores
1496 522 2096 579 temerarii.Videamus
2118 524 2219 580 ita-

617 630 723 685 que
774 616 1020 687 inprimis
1060 616 1202 671 unde
1231 625 1449 672 veteres
1493 614 1786 671 secundum
1836 615 1977 670 hunc
2020 615 2221 688 baptis-

619 722 769 763 mum
800 710 1135 776 collegerint.
1170 707 1298 764 lnde
1352 708 1715 779 intelligemus
1752 725 1817 760 an
1872 707 2035 775 proba
2064 707 2224 764 fuerit

615 812 671 857 et
699 802 870 858 solida
892 800 983 855 illa
1012 802 1282 857 collectio.
1311 799 1442 856 Inde
1471 817 1596 855 nutu
1626 812 1679 855 et
1709 800 1794 855 illa
1811 815 2023 870 queque
2049 801 2220 855 solida

618 909 740 964 qu;e
770 893 838 949 de
868 909 1054 948 eorum
1085 894 1226 948 inter
1273 909 1332 948 se
1382 895 1768 949 commissione
1808 895 2077 964 prioribus
2114 895 2223 950 illis

614 985 896 1056 principiis
917 984 1055 1040 datis
1080 986 1569 1056 superstruxeriut.

694 1078 722 1151 §
752 1078 951 1135 8.-——Et
975 1080 1188 1149 quidem
1210 1080 1540 1134 recentiores
1562 1078 1629 1132 ab
1649 1078 2045 1150 antiquioribus
2075 1080 2221 1135 illum

617 1175 892 1245 accepisse
914 1172 1256 1229 manifestum
1303 1181 1405 1227 est.
1453 1172 1570 1228 Non
1620 1182 1745 1227 sunt
1782 1172 1942 1243 igitur
1974 1172 2026 1227 in
2071 1172 2222 1229 hunc

615 1277 863 1322 nostrum
885 1282 1104 1322 co-nsmn
1130 1267 1237 1322 reci
1248 1266 1449 1336 piendi.
1478 1266 1590 1321 lluc
1612 1266 1794 1321 retulit
1815 1274 2018 1339 martyr
2037 1276 2224 1321 noster

618 1361 706 1430 (S.
737 1360 888 1425 Lua,
915 1377 1007 1428 xtl,
1032 1359 1147 1427 50).
1166 1361 1242 1415 De
1267 1375 1395 1430 quo,
1422 1359 1611 1430 inquit,
1644 1370 1694 1415 et
1723 1360 1981 1415 DOminus
2011 1359 2224 1415 dicebat

616 1453 818 1508 habere
849 1469 908 1508 se
940 1454 1081 1507 aliud
1135 1454 1397 1523 baptisma
1429 1453 1687 1524 baptizari
1741 1452 1865 1524 (Ep.
1905 1468 2109 1525 inun,
2156 1453 2225 1506 ad

614 1548 884 1618 Jubaiun).
917 1548 1119 1602 Retulit
1162 1548 1324 1601 etiam
1368 1544 1650 1615 Origenes.
1680 1545 2029 1615 Leotipletior
2057 1555 2139 1600 est
2172 1546 2222 1599 in

613 1656 682 1696 co
710 1640 985 1709 probando
1017 1638 1384 1692 Tertullianus
1412 1656 1423 1690 :
1460 1656 1477 1688 ι
1511 1637 1605 1691 Est
1635 1637 1849 1706 quidem
1876 1637 2029 1691 nobis
2058 1637 2221 1691 etiant

616 1732 916 1787 secundum
947 1732 1245 1795 lavacrum,
1285 1746 1444 1784 unum
1478 1740 1531 1785 et
1564 1731 1760 1800 ipsum,
1803 1731 2081 1801 sanguinis
2110 1731 2220 1785 sci-

2325 522 2493 578 fuisse
2537 523 2583 578 si
2633 523 2700 578 de
2748 538 2886 594 aqua
2928 523 3211 595 pericardii
3244 524 3314 579 sit
3356 523 3784 596 intelligendum.
3818 523 3927 581 0b—

2326 625 2571 671 scrvetur
2620 631 2786 688 porro
2839 614 3079 671 secundo
3133 615 3481 672 christianum
3535 615 3701 672 vitam
3747 617 3821 673 ita
3871 618 3925 675 in

2325 707 2476 762 Novo
2518 707 2864 763 Testamento
2898 708 3131 763 describi
3159 711 3311 779 quasi
3341 709 3486 781 quod
3533 724 3565 765 a
3595 708 3812 766 Christo
3854 711 3921 768 ad

2324 799 2554 857 litteram
2580 810 2792 869 gestum
2818 799 2909 865 sit,
2935 799 2985 854 id
3013 810 3119 854 nos‘
3136 801 3360 872 mystice
3385 816 3579 871 gerere
3607 800 3921 858 debeamus.

2329 892 2404 947 Ita
2436 908 2558 947 cum
2593 908 2658 948 eo
2680 891 2818 947 mori
2849 890 3139 960 debemus,
3163 907 3288 948 cum
3319 908 3386 949 eo
3410 893 3651 965 cruciligi
3672 936 3687 961 ,
3717 909 3842 950 cum
3862 909 3929 951 eo

2328 984 2674 1054 ignominiam
2706 983 2871 1052 ferre,
2904 1000 3027 1040 cum
3056 1000 3122 1040 eo
3154 984 3393 1055 sepeliri,
3434 1000 3722 1056 resurgere
3746 995 3802 1042 et
3837 1002 3928 1043 as-

2326 1076 2558 1131 cendere
2580 1077 2632 1131 in
2657 1077 2874 1133 caelum.
2900 1075 3125 1132 Notetur
3148 1078 3330 1144 tertio,
3352 1077 3465 1135 haec
3491 1078 3558 1135 de
3576 1076 3778 1139 Christi
3808 1094 3930 1150 pas-

2325 1169 2566 1224 sionibus
2591 1184 2712 1226 esse
2738 1171 2822 1225 vel
2850 1171 3104 1240 primario
3129 1170 3496 1242 intelligenda,
3515 1180 3571 1226 ut
3601 1187 3930 1244 quamquam

2325 1274 2473 1334 gesta
2500 1264 2610 1319 sint
2630 1264 2697 1319 ab
2714 1280 2779 1321 eo
2798 1265 3052 1320 nonnulla
3072 1265 3428 1322 imitationem
3445 1276 3681 1322 nostram
3698 1266 3934 1324 fortasse

2326 1359 2665 1428 Superantia;
2695 1369 2887 1430 atquae
2915 1374 3103 1430 passus
3135 1369 3240 1427 est,
3265 1375 3364 1415 nos
3387 1359 3574 1417 eadem
3599 1362 3705 1433 pati
3726 1361 3934 1417 debea-

2326 1466 2467 1506 mus.
2493 1451 2716 1507 NOtetur
2741 1463 2950 1523 quarto,
2977 1452 3049 1506 ita
3081 1453 3283 1523 optime
3310 1438 3381 1508 de.
3419 1468 3585 1510 sensu
3627 1454 3933 1526 prophetia:

2322 1545 2550 1617 judicari
2589 1561 2749 1618 posse
2788 1546 2833 1602 si
2876 1555 3034 1618 typus
3078 1545 3423 1617 propheticus
3465 1548 3531 1602 ad
3587 1563 3699 1603 rem
3749 1560 3931 1603 notam

2327 1637 2527 1693 alludat
2571 1638 2621 1692 in
2670 1639 2821 1710 praxi
2866 1638 3125 1694 Ecclesia:
3164 1639 3231 1696 ab
3271 1655 3337 1695 eo
3366 1651 3833 1706 reprtesenlatam.
3866 1639 3936 1697 Ut

2328 1730 2474 1785 enim
2529 1730 2582 1785 in
2635 1730 2966 1802 propheticis
2994 1732 3573 1802 reprzesentationibus
3622 1733 3676 1789 id
3720 1743 3933 1789 certum

614 1824 739 1880 licet
762 1868 776 1893 ,
823 1824 891 1881 de
936 1839 1042 1895 quo
1099 1823 1380 1887 Dominus,
1444 1821 1650 1890 llabeo,
1705 1822 1901 1894 inquit,
1950 1822 2221 1893 baptismo
2248 1826 2297 1887 B
2325 1830 2429 1888 est,
2458 1837 2565 1877 non
2596 1823 2678 1876 sui
2710 1824 2879 1894 gratia
2915 1831 3131 1895 typum,
3160 1823 3255 1879 sed
3283 1825 3513 1897 antitypi
3540 1825 3609 1880 ab
3631 1842 3698 1883 eo
3731 1842 3937 1898 reprae-

615 1921 820 1992 tingui,
871 1935 996 1975 cum
1028 1918 1139 1988 jam
1184 1919 1384 1972 tinctus
1412 1917 1622 1973 fuisset.
1669 1915 1905 1972 Venerat
1949 1918 2091 1972 enim
2124 1932 2220 1988 per

612 2030 808 2088 aquam
855 2026 908 2069 et
963 2013 1322 2084 sanguinem,
1380 2011 1519 2066 sicut
1568 2009 1809 2064 Joannes
1854 2009 2112 2079 scripsit,
2162 2019 2220 2064 ut

616 2124 755 2180 aqua
785 2108 1137 2177 tingueretur,
1172 2104 1432 2175 sanguine
1455 2102 1869 2173 gloriﬁcaretur.
1901 2100 2132 2157 Proinde
2161 2111 2218 2157 ut

611 2214 714 2254 nos
744 2197 947 2253 faceret
974 2212 1109 2268 aqua
1135 2206 1373 2262 vocatos,
1423 2195 1686 2267 sanguine
1706 2194 1935 2258 electos,
1967 2195 2066 2249 hos
2081 2193 2218 2250 duos

616 2292 914 2362 baptismos
957 2291 1025 2346 de
1071 2292 1296 2345 vulnere
1347 2287 1579 2358 perfessi
1611 2289 1795 2344 lateris
1836 2288 2034 2343 emisit.
2080 2288 2214 2357 Quia

614 2386 787 2457 quiin
817 2385 1134 2455 sanguinem
1167 2384 1283 2455 ejus
1331 2383 1639 2449 crederent,
1691 2397 1827 2453 aqua
1856 2382 2170 2437 lavarentur
2199 2401 2212 2436 :

612 2454 872 2549 quiaquia
914 2478 1205 2541 laviSseut,
1256 2478 1417 2530 etiam
1466 2476 1784 2546 sanguinem
1816 2485 2084 2545 potarent.
2120 2475 2219 2531 Hic

612 2579 697 2626 est
725 2571 998 2641 baptimus
1042 2572 1131 2641 qui
1166 2570 1441 2625 lavacrum
1471 2580 1525 2625 ct
1557 2585 1662 2624 non
1696 2582 1975 2640 acceptum
2019 2585 2220 2640 reprze-

610 2671 812 2730 sentat,
838 2674 892 2718 et
917 2663 1183 2733 perditum
1206 2663 1382 2719 reddit
1404 2662 1668 2733 (Tertull.,
1694 2665 1756 2717 de
1774 2662 1952 2734 Bapt.,
1974 2682 2019 2719 ι’.
2045 2664 2158 2738 16).
2192 2686 2210 2718 ›

611 2754 768 2823 Quod
815 2755 995 2826 itaque
1027 2755 1289 2810 Dominus
1330 2758 1638 2826 passionem
1690 2771 1842 2811 suam
1890 2758 2213 2828 baptismqu

612 2846 777 2901 alium
807 2846 1184 2918 appellaverit;
1211 2848 1352 2917 quod
1376 2848 1585 2902 venerit
1609 2848 1660 2902 in
1692 2863 1827 2918 aqua
1858 2857 1908 2901 et
1931 2851 2213 2919 sanguine;

613 2939 756 3010 quod
780 2956 904 2993 cum
927 2956 1062 3009 aqua
1088 2940 1406 3011 sanguinem
1434 2942 1485 2994 in
1501 2956 1661 2996 cruce
1681 2957 1712 2996 e
1739 2940 1960 2998 vulnere
1987 2942 2213 3010 perfossi

613 3030 801 3085 lateris
844 3030 1087 3084 emiSvrit
1138 3048 1151 3083 :
1199 3031 1322 3085 hinc
1371 3030 1632 3101 colligunt
1681 3032 1893 3088 Domini
1943 3034 2214 3104 duplicem

608 3121 780 3178 fuisse
802 3121 1146 3192 baptismum.
1173 3122 1283 3179 Nec
1307 3132 1484 3179 tamen
1507 3125 1717 3179 Domini
1745 3126 2023 3198 proprium
2049 3127 2215 3185 fuisse

610 3231 643 3272 e
671 3216 729 3272 S.
766 3216 980 3283 Matth,
1014 3233 1112 3283 xx,
1144 3216 1236 3285 22,
1269 3218 1523 3289 colligere
1556 3229 1826 3289 poterant,
1871 3220 1920 3273 in
1952 3236 2060 3290 quo
2089 3222 2210 3278 loco
2238 3220 2282 3283 C
2320 3216 2485 3272 mellli
2516 3216 2817 3273 (BCOIIOIlIia
2858 3218 3173 3274 adumbrata
3226 3238 3240 3275 :

611 3319 985 3380 apostolorum
1038 3312 1217 3380 passio
1259 3311 1513 3383 baptismi
1546 3314 1767 3369 nomine
1796 3316 1961 3369 etiam
2006 3315 2207 3372 intelli-

611 3402 787 3472 genda
814 3410 917 3457 est.
948 3400 1236 3458 Videamus
1254 3419 1385 3475 ergo
1416 3415 1633 3463 rectene
1659 3406 1946 3477 luncatque
1971 3408 2213 3479 legitime

612 3495 874 3566 procedat
891 3499 1309 3567 argumentatio.

683 3588 707 3649 §
736 3589 873 3644 9.—-—
902 3588 1265 3644 llecolendum
1296 3592 1472 3661 itaque
1500 3592 1740 3662 inprimis
1789 3594 1929 3665 quod
1959 3598 2211 3668 superius

610 3679 774 3736 etiam
827 3680 1231 3737 observavimus
1277 3681 1297 3755 (
1335 3684 1353 3738 ι
1387 3687 1446 3752 ),
1491 3700 1596 3739 non
1624 3685 1765 3741 dicta
1793 3688 1954 3742 modo
2003 3691 2210 3745 Domini

610 3772 804 3838 nostri,
852 3772 945 3826 sed
977 3784 1029 3827 et
1073 3772 1231 3840 facta,
1266 3791 1386 3845 quae
1440 3777 1657 3847 quidem
1714 3780 1919 3848 scriptis
1951 3779 2211 3837 habemus

607 3865 773 3921 hodie
819 3868 1106 3933 mandata,
1152 3869 1463 3938 prophetica
1511 3885 1665 3934 esse,
1712 3881 1767 3925 et
1811 3872 2208 3944 inperpetuum

608 3958 869 4015 Ecclesia:
921 3975 1075 4016 usum
1125 3963 1427 4034 conscripta
1449 4007 1462 4030 ,
1494 3973 1551 4018 nt
1597 3966 1819 4035 proinde
1860 3984 1924 4022 ex
1955 3969 2006 4022 id
2039 3984 2211 4039 genus

606 4050 765 4107 factis
806 4066 911 4107 non
957 4054 1027 4109 sit
1077 4052 1278 4120 futilis,
1322 4064 1379 4109 ut
1428 4066 1614 4125 putant
1655 4059 1846 4127 vulgo,
1876 4060 1969 4115 sed
2001 4061 2208 4129 solida,

608 4148 1024 4215 argumentatio.
1072 4147 1240 4204 [lecte
1288 4149 1467 4221 itaque
1519 4149 1795 4207 concludit
1845 4153 2212 4213 Tertulliath

607 4254 679 4295 ex
726 4254 792 4294 eo
837 4241 978 4310 quod
1037 4243 1297 4298 Dominus
1347 4254 1452 4299 tam
1508 4260 1603 4315 per
1653 4248 2003 4317 sanguinem,
2049 4267 2208 4322 quam

605 4345 708 4402 per
732 4347 924 4403 aquam
956 4335 1184 4397 venerit.
1215 4335 1524 4390 Christianis
1551 4337 1712 4393 etiam
1740 4348 1843 4394 tam
1867 4344 2206 4411 sanguinem,

605 4438 768 4494 quam
816 4439 1009 4494 aquam
1035 4467 1049 4491 ,
1095 4440 1218 4481 esse
1261 4427 1580 4496 proficuum.
1614 4431 1780 4487 Recte
1809 4433 2001 4489 iterum
2045 4452 2110 4492 ex
2145 4454 2213 4493 eo

608 4513 753 4583 quod
782 4516 1095 4586 sanguinem
1127 4518 1327 4584 pariter
1355 4534 1417 4573 ac
1458 4536 1650 4590 aquam
1698 4538 1728 4578 e
1764 4525 1985 4581 vulnere
2026 4528 2211 4585 lateris

2322 1915 2527 1972 Sentari
2567 1931 2597 1969 a
2638 1910 2750 1972 Deo
2801 1932 2924 1973 esse
2951 1918 3318 1990 designatum,
3351 1919 3423 1974 ita
3455 1919 3506 1974 id
3556 1936 3772 1991 quoque
3810 1936 3938 1978 cer-

2324 2015 2435 2061 tum
2464 2016 2549 2063 est
2577 2024 2683 2062 non
2717 2009 2864 2078 alibi,
2895 2026 3057 2080 quam
3088 2013 3140 2066 in
3171 2012 3438 2080 Ecclesia,
3470 2013 3599 2069 illud
3625 2015 3937 2087 antitypum

2321 2116 2442 2157 esse
2476 2103 2846 2173 qtucrendum.
2889 2103 2961 2160 Ut
2993 2104 3216 2175 proinde
3242 2106 3452 2177 quoties
3484 2116 3666 2178 aptum
3695 2110 3939 2163 occurrit

2320 2194 2376 2248 in
2424 2192 2663 2248 Ecclesia
2709 2195 3009 2265 antitypum
3048 2196 3192 2265 quod
3249 2205 3378 2268 typo
3427 2197 3757 2255 examussim
3817 2214 3938 2255 res-

2321 2285 2555 2356 pondeat
2582 2328 2596 2353 ,
2642 2301 2742 2342 nec
2789 2286 2858 2342 de
2906 2287 3014 2341 alio
3064 2290 3293 2357 qutestio
3329 2297 3430 2356 est,
3466 2305 3532 2344 an
3560 2290 3629 2345 ab
3659 2304 3726 2346 eo
3761 2293 3938 2363 magis

2319 2377 2388 2432 ad
2419 2377 2596 2432 vivum
2627 2380 2960 2448 exprimatur
2983 2421 2998 2444 ,
3045 2380 3117 2434 ita
3145 2379 3379 2435 dubitari
3436 2398 3542 2437 non
3592 2384 3763 2452 possit
3800 2385 3932 2455 quin

2323 2472 2374 2527 id
2420 2474 2592 2542 ipsum
2648 2472 2787 2526 Deus
2826 2473 3113 2543 designare
3160 2474 3430 2542 voluerit;
3483 2492 3582 2532 nec
3620 2487 3706 2533 est
3749 2479 3801 2533 in
3833 2478 3937 2534 hac

2321 2566 2806 2637 argumentationis
2858 2568 3116 2623 methodo
3144 2569 3419 2640 quippiam
3456 2571 3600 2641 quod
3644 2572 3934 2628 lascivien—

2327 2662 2465 2715 tibus
2494 2660 2724 2730 ingeniis
2752 2661 3116 2731 permittatur.
3168 2660 3266 2716 Est
3294 2663 3347 2717 id
3376 2679 3508 2719 sane
3540 2675 3784 2721 veterum
3814 2682 3933 2722 om-

2322 2753 2477 2808 nibus
2502 2752 2743 2807 moribus
2761 2754 2981 2808 omnino
2996 2763 3447 2825 consentaneum,
3464 2757 3788 2827 quicumque
3806 2769 3933 2814 sunt

2322 2846 2375 2899 itt
2396 2845 2832 2915 propheticormn
2850 2846 3217 2918 symbolorum
3245 2848 3687 2918 interpretatione
3703 2852 3925 2907 versati.

2318 2935 2376 2992 ld
2404 2952 2526 2991 curn
2558 2937 2628 2992 ob
2657 2938 2843 2993 oculos
2871 2937 3137 2995 baberent
3164 2939 3298 2995 Novi
3334 2941 3667 2997 Testamenti
3696 2943 3931 3015 scripto-

2319 3046 2405 3086 res
2423 3029 2554 3085 Novi
2574 3031 2907 3087 Testamenti
2930 3032 3237 3089 Universam
3255 3035 3612 3089 (eeonomiam
3628 3036 3929 3109 antitypatn

2319 3138 2459 3189 esse,
2492 3140 2612 3194 qua:
2643 3122 2803 3179 fuerit
2858 3125 2909 3179 in
2957 3126 3209 3181 universa
3258 3126 3445 3183 itidem
3488 3127 3696 3185 Veteris
3735 3129 3931 3186 Testa-

3292 3220 3520 3290 proinde
3557 3237 3679 3278 cum
3710 3223 3842 3294 quid
3873 3223 3927 3280 in

2317 3317 2545 3378 utraque
2566 3309 2864 3364 meonotnia
2884 3310 3061 3366 simile
3084 3312 3407 3383 repererinl,
3439 3312 3491 3368 id
3516 3330 3619 3368 una
3643 3315 3810 3372 etiam
3834 3315 3928 3372 atl—

2317 3404 2555 3470 mittunt,
2586 3402 2729 3474 quod
2760 3404 2885 3459 alibi
2918 3404 3163 3477 nuspiam
3184 3447 3199 3471 ,
3232 3417 3285 3460 ut
3319 3405 3377 3463 in
3398 3406 3449 3461 id
3477 3424 3648 3479 genus
3675 3409 3930 3467 similitu-

2315 3496 2533 3551 dinibus
2557 3511 2587 3550 a
2609 3496 2961 3552 similitudine
2980 3507 3261 3570 prototypa
3279 3498 3346 3552 ad
3376 3502 3673 3572 antitypam
3695 3502 3925 3558 Solidum

2315 3600 2610 3662 agnoscant
2628 3600 2691 3649 et
2716 3589 3007 3662 legitimam
3035 3593 3577 3663 argumentationem.
3612 3595 3680 3650 Et
3706 3595 3924 3667 quidem

2315 3700 2377 3740 ea
2404 3685 2725 3741 certitudinc
2765 3694 2967 3741 certam
2998 3687 3362 3757 agnoscebant
3385 3687 3711 3758 ‘hujusmodi
3760 3705 3922 3763 argu-

2315 3779 2696 3833 mentationem
2724 3794 2844 3849 quae
2873 3794 2993 3834 cum
3024 3794 3084 3835 ea
3129 3780 3456 3836 obscuritate
3482 3783 3758 3838 conciliari
3795 3800 3924 3855 pos-

2315 3879 2398 3926 set
2423 3887 2543 3942 qua:
2568 3870 2692 3943 Styli
2721 3870 2998 3942 symbolici
3025 3882 3079 3927 et
3106 3872 3402 3942 pr0phetici
3432 3874 3540 3928 lere
3554 3875 3789 3943 genuina
3818 3886 3922 3940 est,

2318 3966 2389 4019 ita
2417 3964 2604 4019 saltem
2635 3954 2837 4019 certam
2880 3974 2937 4021 ut
2980 3965 3157 4021 locum
3195 3965 3407 4021 interim
3440 3967 3711 4037 relinquat
3747 3967 3922 4023 libero

2314 4057 2592 4112 hominum
2635 4055 2879 4123 arbitrio,
2931 4057 3002 4112 ita
3048 4068 3252 4113 certam
3284 4070 3337 4113 ut
3388 4060 3922 4117 hominilntscorda-

2315 4152 2385 4207 tis
2421 4151 2633 4207 abunde
2673 4151 2905 4207 sufficiat
2955 4152 3020 4207 ad
3051 4153 3263 4222 praxim
3294 4153 3588 4224 prudenter
3618 4134 3919 4211 'iustitucno

2314 4244 2459 4301 dam.
2486 4244 2563 4299 lla
2598 4246 3024 4316 quibuscumque
3059 4244 3271 4300 Veteris
3301 4245 3635 4303 Testatnenti
3661 4249 3792 4303 locis
3822 4250 3921 4304 ali-

2314 4354 2472 4410 quam
2503 4338 2765 4394 habemus
2790 4355 2942 4410 aqua:
2978 4340 3333 4408 mentionem,
3359 4356 3421 4395 ea
3468 4343 3647 4397 omnia
3679 4342 3919 4398 refertu.t

2314 4433 2476 4487 etiam
2523 4432 2663 4487 sacri
2706 4434 2998 4503 scriptores
3051 4431 3116 4487 ad
3165 4431 3300 4488 Novi
3347 4434 3681 4491 Testamenti
3723 4453 3917 4508 aquam

2317 4524 2709 4594 baptismalem,
2742 4537 2796 4580 et
2821 4542 2942 4596 qua:
2979 4526 3088 4580 sint
3129 4526 3182 4581 iu
3229 4539 3416 4584 nostro
3446 4530 3714 4600 baptismo
3742 4531 3916 4587 ofﬁcia

605 4606 884 4671 emiserit,
950 4608 1264 4672 sanguinem
1324 4626 1539 4683 quoque
1602 4613 1750 4669 illum
1823 4634 1890 4672 ex
1941 4634 2041 4674 usu
2090 4616 2648 4683 foreDobservanda
2674 4617 2796 4673 inde
2817 4618 3099 4691 colligunt.
3122 4620 3196 4675 [ta
3227 4621 3360 4677 ctin
3390 4621 3914 4679 illoAtheuiensium

604 4695 886 4752 Ecclesiae.
940 4697 1017 4752 Ne
1061 4714 1187 4753 vero
1225 4699 1387 4755 nimia
1421 4704 1761 4772 permittatur
1790 4707 1845 4760 in
1892 4708 1992 4764 hoc
2034 4726 2207 4782 genus

606 4792 1165 4861 argumentationibus
1204 4794 1449 4864 licentia,
1503 4798 1821 4854 observetur
1847 4801 2112 4873 imprimis
2143 4822 2207 4862 ea

605 4897 729 4953 qu:e
795 4881 883 4938 hic
931 4884 1229 4955 protulerat
1276 4886 1640 4945 Tertulliauus
1696 4892 1904 4949 Domini
1959 4899 2205 4970 exempla

605 4989 716 5029 non
745 4976 1171 5031 extraordinaria
1212 4978 1412 5048 fuisse,
1445 4982 1542 5038 sed
1572 4983 1865 5040 ordinaria.
1893 4987 1952 5043 In
1983 4990 2205 5048 ordina-

605 5066 705 5122 riis
734 5065 889 5123 facile
918 5069 1207 5125 admittent
1254 5072 1549 5129 adversarii
1584 5076 1745 5132 vitam
1780 5079 1989 5136 Domini
2019 5099 2208 5140 exeru-

603 5161 753 5231 plum
802 5174 924 5216 esse
960 5160 1405 5219 cltristianormu.
1455 5166 1613 5234 Quod
1650 5180 1828 5225 autem
1867 5188 1960 5241 per
1985 5178 2206 5247 sangui-

607 5271 736 5310 nem
787 5256 989 5327 pariter
1034 5273 1097 5313 ac
1147 5273 1339 5328 aquam
1396 5263 1627 5329 venerit,
1680 5266 1730 5318 id
1787 5282 1947 5323 nemo
1997 5268 2208 5333 dubitet

602 5350 735 5418 quin
776 5350 882 5405 tale
933 5350 1003 5405 sit
1046 5350 1098 5405 in
1148 5366 1256 5420 quo
1295 5367 1417 5407 cum
1465 5354 1662 5411 imitari
1704 5361 1971 5428 possimus
1997 5405 2012 5428 ,
2059 5367 2204 5437 quod

606 5441 783 5511 ipsum
825 5458 924 5500 nos
967 5443 1230 5500 ordinarii
1257 5460 1388 5501 voce
1433 5446 1818 5521 intelligimus;
1869 5456 2010 5525 quod
2039 5473 2202 5530 porro

602 5535 769 5592 etiam
803 5550 923 5591 cum
951 5539 1210 5612 sanguine
1228 5555 1365 5612 aqua
1393 5556 1423 5597 e
1450 5542 1672 5601 vulnere
1700 5545 1886 5605 lateris
1910 5555 2198 5624 emanarit,

677 5671 757 5748 (1)
785 5671 869 5758 _ln
917 5672 1138 5732 Dissert.
1187 5678 1273 5758 cu_i
1320 5678 1503 5758 titulus
1550 5696 1563 5733 :
1611 5679 1691 5758 De
1729 5681 1954 5758 unitatis
2006 5688 2201 5758 primis.

603 5747 725 5830 pio,
748 5753 880 5815 ete.,
909 5759 1069 5817 quam
1098 5762 1197 5807 nec
1225 5750 1408 5810 decuit
1434 5753 1685 5824 praesenti
1711 5747 2018 5828 adiungere
2039 5760 2195 5818 volu-

601 5835 749 5876 1111111.

2310 4708 2380 4765 de
2430 4710 2597 4765 muris
2636 4710 2827 4783 ligneis
2863 4713 3085 4769 oraculo
3126 4713 3542 4782 Themistocles,
3573 4731 3696 4771 cum
3751 4717 3916 4776 Athe-

2311 4803 2577 4859 niensium
2617 4818 2777 4859 causa
2810 4804 3008 4860 editum
3034 4806 3415 4877 perpenderet,
3449 4809 3574 4864 inde
3613 4810 3918 4879 prudentis-

2309 4897 2445 4953 sime
2469 4897 2835 4969 colligebatex
2860 4899 3269 4956 Atheniensium
3289 4903 3511 4972 proinde
3538 4903 3777 4958 moribus
3796 4918 3917 4959 esse

2307 4990 2734 5062 intelligendum.
2769 4992 2837 5048 Et
2860 5008 2982 5051 cum
3009 4993 3224 5050 oracula
3254 4993 3459 5061 Loxim,
3491 4995 3731 5066 Delphici
3754 4995 3914 5050 nimi-

2310 5100 2428 5140 rum
2481 5084 2783 5156 Apollinis,
2843 5087 3045 5158 pariter
3092 5102 3159 5143 ac
3210 5087 3521 5144 Judrcorum
3575 5088 3908 5160 prophetitc,

2310 5193 2418 5232 non
2445 5188 2628 5234 essent
2656 5178 2725 5234 ad
2754 5180 3011 5246 litteram,
3041 5179 3138 5237 sed
3175 5180 3496 5253 symbolice,
3538 5181 3716 5251 potius
3747 5199 3913 5254 expo-

2309 5272 2519 5342 nenda;
2564 5272 2616 5327 id
2663 5289 2824 5345 porro
2852 5275 3203 5347 qurerendum
3243 5275 3414 5344 duxit,
3445 5275 3638 5344 ecquid
3687 5287 3832 5334 esset
3859 5279 3908 5332 in

2304 5364 2414 5436 jam
2457 5366 2746 5422 constituta
2777 5367 3187 5422 Atheniensium
3232 5367 3367 5438 Rep.
3416 5367 3560 5438 quod
3591 5382 3715 5424 cum
3745 5368 3909 5425 mutis

2303 5456 2497 5528 ligneis
2543 5459 2741 5529 aliquid
2792 5459 3016 5516 haberet
3051 5460 3213 5517 affine
3254 5460 3274 5534 (
3322 5476 3422 5518 nec
3450 5462 3597 5519 enim
3632 5465 3684 5519 in
3727 5476 3908 5517 muros

2307 5553 2517 5608 noviter
2561 5553 2917 5610 exstruendos
2952 5555 3128 5625 ipsum
3180 5555 3438 5613 iunuebat
3491 5556 3803 5628 oraculum)
3855 5565 3909 5613 et

2304 5660 2434 5701 vero
2484 5645 2621 5701 nihil
2672 5660 2786 5702 erat
2834 5647 2977 5719 quod
3033 5649 3085 5703 in
3137 5648 3271 5705 urbe
3299 5667 3420 5721 quae
3458 5652 3660 5707 viribus
3688 5650 3910 5706 floreret

2300 5740 2746 5811 eommerciisque
2792 5739 3119 5812 maritimis,
3181 5742 3251 5799 de
3314 5758 3422 5815 quo
3482 5743 3623 5798 muri
3685 5742 3775 5811 illi,
3810 5758 3907 5815 ap-

2298 5832 2402 5891 tius
2446 5842 2702 5905 possent,
2748 5849 2909 5907 quant
2964 5834 3032 5892 de
3084 5834 3309 5893 navibus
3351 5833 3596 5906 intelligi.
3633 5834 3742 5893 Nec
3779 5849 3906 5893 vero
