4158 6260
285 343 363 397 57
1317 336 1404 393 DE
1443 336 1765 395 SECUNDO
1804 337 2201 396 MARTYRUM
2240 332 2609 394 BAPTISMO.
3566 339 3635 395 58

286 460 519 533 aliquid
568 460 770 532 Opponi
808 460 863 515 in
906 458 1238 515 contrarium
1270 466 1446 529 potest
1469 458 1537 513 de
1574 458 1734 528 hujus
1759 474 1921 531 argu-
1951 461 2003 519 Α
2102 458 2130 528 §
2183 457 2269 513 ll.
2290 486 2358 495 ——
2381 451 2787 511 Observandum
2818 451 3000 522 itaque
3049 451 3311 521 secundo,
3344 452 3399 509 id
3426 469 3640 529 quoque

285 552 672 609 utentationis
713 550 1100 608 incertitudine
1127 593 1143 618 ,
1190 549 1332 620 quod
1398 564 1504 604 non
1564 549 1636 605 sit
1685 550 1926 605 onmium
2033 550 2217 622 negari
2250 565 2357 605 non
2391 561 2573 619 posse,
2624 545 2936 618 passionem
2965 558 3117 600 suam
3168 545 3496 617 baptismum
3541 564 3642 622 ap-

283 647 421 707 fere
481 648 888 721 prophetiarom
937 646 1383 716 omculorumque
1423 658 1710 701 commune
1746 644 1813 700 ab
1848 643 1928 715 ip-
2034 644 2264 715 pellasse
2312 643 2649 698 Salvatorem
2705 658 2719 695 :
2772 650 2827 694 et
2879 639 3021 709 quod
3076 641 3310 710 apoStoli
3369 657 3468 713 pro
3522 645 3642 716 ejus

289 743 380 799 sis
411 758 595 814 usque
642 752 997 813 utrorumque
1023 739 1283 795 exordiis.
2031 736 2248 792 nomine
2281 736 2487 807 passuri
2512 744 2716 799 essent,
2743 732 3078 789 tantumdem
3108 734 3248 804 apud
3282 733 3432 791 illum
3458 736 3642 795 valere

377 834 410 906 §
442 834 543 892 10.
565 864 638 876 --
660 831 787 890 Haec
810 832 990 905 itaque
1020 834 1200 888 omnia
1238 831 1567 890 validissime
1597 833 1924 904 precedent,
2029 845 2094 885 ac
2121 829 2382 901 baptizari
2430 844 2496 884 eo
2528 827 2798 896 baptismo
2840 842 2947 897 quo
2979 835 3123 881 esset
3174 826 3290 898 ipse
3338 829 3642 899 baptizatus

286 927 343 983 si
385 928 596 998 quinto
623 926 677 982 id
707 940 927 997 quoque
956 933 1309 996 supponatur.
1342 940 1433 980 res
1464 925 1536 980 ita
1566 941 1594 980 a
1650 924 1927 997 propheti-
2029 923 2119 994 (S.
2159 923 2370 989 .llattln,
2403 938 2504 987 xx,
2535 921 2650 993 22).
2681 920 2757 976 Ita
2788 921 2932 975 enim
2962 919 3014 975 in
3045 935 3223 991 graeco
3249 920 3513 978 habemus
3536 965 3553 993 ,
3587 934 3642 982 et

286 1020 380 1076 cis
433 1022 589 1093 typis
642 1026 1065 1089 repraesentatas
1117 1016 1185 1072 ad
1251 1028 1567 1088 perpetuum
1644 1018 1927 1073 attinuisse
2030 1020 2082 1074 in
2130 1020 2252 1074 aliis
2297 1018 2682 1075 vetustissimis
2732 1016 3095 1081 versionibus,
3130 1015 3329 1072 desunt
3359 1029 3535 1075 tamen
3576 1033 3640 1076 ea

292 1110 579 1167 Ecclesiae
609 1126 784 1166 osum.
824 1110 955 1179 Qua:
985 1109 1129 1165 enint
1172 1109 1241 1163 ita
1270 1119 1530 1180 perpetua
1562 1108 1735 1164 futura
1762 1118 1887 1164 sont
1907 1153 1921 1177 ,

291 1216 363 1258 ea
428 1204 549 1258 Deo
598 1217 745 1258 certe
800 1216 922 1257 esse
982 1200 1343 1256 certissimum
1394 1210 1507 1268 est,
1560 1216 1621 1256 ea
1692 1202 1927 1257 maxime

291 1300 626 1356 necessaria
669 1309 728 1354 ut
755 1308 905 1355 certo
934 1297 1115 1368 aliquo
1144 1296 1363 1352 decreto
1415 1296 1813 1361 stabilirentor;
1860 1311 1924 1352 ea

294 1392 364 1448 ad
399 1392 739 1463 primarium
781 1389 955 1446 Deiin
989 1389 1320 1461 propheticis
1349 1389 1610 1462 symbolis
1635 1389 1923 1446 consilium

296 1486 655 1557 pertinuisse
697 1481 964 1541 censenda
1007 1491 1156 1539 sunt.
1206 1480 1263 1537 In
1308 1482 1394 1538 ltis
1438 1482 1619 1555 itaque
1643 1498 1766 1538 cum
1793 1482 1923 1554 quid

299 1580 724 1637 accuratissime
762 1560 1028 1648 quadrai,
1060 1592 1168 1633 nou
1220 1575 1444 1632 fortuito
1493 1576 1547 1633 id
1593 1577 1780 1643 casui,
1827 1575 1923 1632 sed

300 1675 623 1730 certissimo
678 1671 1046 1728 Providentia:
1099 1669 1331 1727 consilio
1410 1670 1755 1727 tribuendum
1814 1680 1917 1728 est.

295 1763 436 1821 Cum
509 1780 645 1838 ergo
690 1780 812 1835 qua:
847 1763 917 1820 de
990 1763 1206 1819 Domini
1269 1763 1501 1820 adventu
1552 1764 1784 1835 legimus
1825 1780 1922 1835 per

2028 1115 2194 1170 verba
2251 1115 2303 1169 in
2358 1114 2526 1168 latino
2579 1113 2876 1182 interprete
2927 1112 3167 1182 vulgato,
3222 1110 3641 1183 suffragantibus

2028 1208 2189 1264 etiam
2223 1207 2427 1262 Hilario
2458 1207 2745 1262 Ambrosio
2799 1205 3027 1275 (Hilam,
3062 1222 3180 1260 catt.
3213 1206 3284 1263 50
3305 1206 3365 1260 in
3390 1204 3638 1281 Matth),

2031 1301 2360 1374 llieronymo
2399 1298 2670 1372 (Hierom,
2706 1298 2796 1353 lib.
2830 1314 2908 1354 ιιι.
2942 1298 3139 1353 Conon.
3196 1298 3248 1351 in
3282 1297 3473 1355 Matth.
3508 1299 3639 1371 xx),

2027 1395 2278 1466 ipsoque,
2308 1393 2564 1467 quicquid
2594 1392 2782 1449 innuat
2810 1392 2865 1447 in
2895 1390 3227 1447 contrarium
3248 1390 3489 1459 Grotius,
3516 1392 3638 1447 Ori-

2026 1504 2162 1559 gene
2183 1488 2382 1560 (0rig.,
2400 1488 2453 1541 in
2474 1486 2691 1553 Matt/t.,
2709 1496 2829 1541 tam.
2851 1501 2958 1547 xw,
2975 1483 3171 1555 p.415.
3196 1483 3297 1539 Ed.
3318 1482 3637 1556 Haetianw).

2026 1577 2293 1635 Convenit
2358 1587 2537 1633 tamen
2598 1594 2721 1633 cum
2772 1576 2964 1647 grauis
3013 1573 3290 1630 codicibus
3338 1576 3641 1633 vetustissi-

2025 1687 2145 1727 mus
2174 1672 2443 1742 interpres
2476 1669 2670 1742 Syros,
2703 1678 2754 1725 et
2785 1680 2844 1724 ιιι
2873 1669 2960 1724 hic
2986 1667 3340 1739 exputtgenda
3366 1683 3489 1724 esse
3507 1668 3640 1725 fate-

2026 1780 2249 1832 remor,
2303 1764 2432 1835 quin
2480 1772 2661 1818 tamen
2715 1762 2855 1834 apud
2898 1761 2955 1817 S.
2993 1760 3229 1816 Marcum
3281 1758 3506 1831 legenda
3531 1761 3641 1817 sint

293 1870 502 1928 aquam
559 1865 615 1911 et
640 1855 983 1927 sanguinem,
1014 1855 1087 1913 de
1110 1870 1247 1927 aqua
1279 1856 1445 1912 etiam
1496 1865 1550 1912 et
1577 1856 1838 1928 sanguine
1887 1866 1995 1944 e‘B
2025 1859 2167 1931 (cap.
2198 1877 2250 1926 κ,
2283 1859 2375 1927 58,
2405 1858 2518 1930 '59),
2572 1874 2734 1914 nemo
2778 1866 2863 1913 est
2910 1858 3001 1928 qui
3030 1858 3260 1925 dubitet,
3315 1866 3372 1914 ot
3413 1856 3638 1930 proinde

297 1947 497 2004 lateris
540 1948 769 2004 vulnere
801 1947 1193 2017 proﬂuentibus
1220 1990 1234 2011 ,
1290 1964 1388 2018 pro
1430 1948 1558 2021 styli
1614 1948 1916 2021 prophetici

301 2039 588 2107 idiomate,
632 2039 1006 2112 symbolarum
1055 2040 1227 2095 vicem
1279 2040 1646 2108 obtinuerint;
1676 2056 1796 2096 com
1854 2057 1918 2098 ea

309 2134 374 2189 in
428 2144 707 2206 utrumque
766 2134 910 2190 hunc
951 2135 1213 2192 Ecclesitc
1264 2135 1592 2207 baptismum
1638 2136 1919 2205 aptissime

307 2228 675 2293 conveniant;
723 2242 850 2281 cum
908 2226 1045 2281 nihil
1100 2229 1171 2282 sit
1216 2227 1361 2299 quod
1426 2227 1736 2285 dubitemus
1787 2229 1915 2300 quin

302 2326 603 2389 perpetuus
651 2328 882 2390 uterque
918 2317 1128 2374 iuturus
1171 2319 1279 2374 sit:
1331 2319 1488 2391 plane
1519 2321 1791 2392 sequitur,
1844 2322 1916 2377 ita

304 2424 433 2467 esse
475 2411 762 2467 Dominum
805 2412 1246 2469 commodissime
1293 2414 1721 2485 intelligendum.
1770 2415 1914 2473 Prte-

299 2503 499 2560 sertim
537 2516 693 2560 sexto
721 2503 767 2559 si
806 2503 860 2559 id
890 2519 1105 2577 quoque
1131 2506 1470 2574 observetur,
1521 2507 1572 2562 ni
1625 2508 1730 2563 huc
1759 2518 1916 2579 typos

305 2597 537 2654 Domini
560 2596 862 2653 toleramus
892 2609 948 2654 ut
980 2601 1404 2669 prmnuutiarent
1431 2616 1591 2672 quem
1624 2601 1715 2657 ille
1744 2602 1919 2658 voluit

311 2687 586 2746 Ecclesia:
633 2700 823 2746 statum
868 2701 1034 2764 atque
1072 2694 1553 2761 constitutionem,
1586 2695 1722 2752 nihil
1768 2707 1917 2755 certe

304 2798 437 2841 esse
463 2799 573 2856 quo
599 2784 815 2842 aliunde
838 2796 1053 2843 constet
1096 2787 1355 2844 Ecclesia:
1382 2788 1724 2860 disciplinam
1752 2791 1822 2846 ab
1850 2806 1917 2847 eo

304 2894 440 2937 esse
466 2881 834 2938 constitutam.
877 2881 992 2939 Nec
1043 2883 1189 2939 enim
1239 2883 1308 2939 de
1358 2900 1420 2940 ea
1465 2884 1684 2941 disertis
1735 2872 1917 2944 verbis

306 2984 349 3026 a
398 2971 623 3027 Domino
666 2973 866 3030 alicubi
911 2983 1130 3031 cautum
1176 2976 1428 3047 legimus.
1460 2977 1600 3046 Quid
1629 2978 1771 3049 quod
1803 2979 1919 3035 haec

302 3078 410 3135 per
423 3065 669 3136 symbol:
695 3066 945 3123 tradendi
969 3067 1256 3125 tnethodus
1274 3069 1346 3125 ita
1371 3078 1456 3126 est
1482 3086 1510 3125 a
1538 3070 1768 3126 Domino
1787 3086 1914 3142 pro-

297 3155 448 3223 bata,
474 3170 533 3213 ut
560 3158 897 3216 multitudini
924 3162 1126 3230 omnia,
1157 3162 1437 3232 discipulis
1466 3164 1628 3219 etiam
1659 3164 1916 3235 pleraque

2023 1953 2159 2008 nihil
2215 1953 2286 2007 sit
2324 1952 2467 2024 quod
2513 1952 2581 2007 de
2611 1960 2929 2021 argumento
2961 1960 3286 2007 metuamus.
3319 1949 3427 2007 Sed
3475 1949 3636 2006 aliant

2023 2046 2111 2102 hic
2150 2045 2788 2116 signiﬁcationemhujus
2837 2043 2985 2099 vocis
3028 2044 3333 2114 intelligent
3379 2042 3634 2098 adversa-

2021 2140 2085 2195 rii
2126 2155 2285 2212 quam
2332 2156 2436 2212 qua
2468 2139 2670 2195 utimur
2692 2154 2814 2194 cum
2847 2137 2915 2193 de
2959 2144 3302 2193 sacramento
3343 2135 3631 2207 loquimur.

2021 2232 2320 2291 Ostendant
2391 2234 2556 2305 igitur
2630 2232 2794 2287 aliam
2854 2232 2908 2286 in
2966 2230 3106 2285 illius
3165 2229 3265 2286 aevi
3322 2227 3634 2285 auctoribus

2022 2344 2181 2399 quain
2264 2342 2385 2398 qum
2456 2326 2523 2382 ad
2598 2326 2966 2398 expiationem
3042 2325 3634 2396 sanctiﬁcationemque

2024 2422 2277 2492 pertinet.
2328 2421 2407 2476 Eo
2456 2429 2605 2476 certe
2659 2422 2997 2490 spectabant,
3032 2420 3123 2491 qui
3154 2430 3264 2475 tum
3317 2418 3633 2474 obtinebant

2023 2515 2295 2587 baptismi,
2351 2523 2411 2569 ut
2455 2515 2668 2586 opinor,
2725 2529 2937 2580 omnes,
2982 2530 3088 2568 non
3137 2512 3416 2568 hominum
3469 2511 3631 2567 modo

2021 2609 2284 2681 quibusin
2307 2609 2695 2681 pharisteorom
2718 2608 3045 2664 aotJoannis
3072 2607 3410 2678 disciplinam
3433 2606 3631 2663 adscri-

2025 2706 2301 2771 bcrcntor,
2348 2704 2447 2762 sed
2489 2714 2544 2761 et
2586 2719 2841 2761 vasorum
2888 2704 3105 2775 quoque
3137 2704 3214 2759 illi
3244 2718 3628 2775 sacrorumque

2024 2800 2348 2857 utensilium.
2393 2799 2619 2868 Quando
2665 2800 2826 2870 igitur
2877 2811 3017 2854 none
3068 2798 3479 2869 significationis
3532 2812 3627 2854 vo-

2021 2909 2141 2951 cem
2173 2895 2431 2950 Dominus
2470 2893 2657 2950 tribuit
2684 2894 2971 2964 martyrio,
3008 2892 3058 2947 id
3083 2892 3236 2946 illutn
3263 2889 3501 2948 voluisse
3528 2906 3625 2946 ne-

2022 3004 2176 3046 cesse
2197 2999 2301 3057 est,
2333 2990 2474 3045 idem
2501 2989 2620 3044 fore
2649 3004 2677 3042 a
2711 2986 2996 3059 martyrio.
3027 2986 3171 3057 quod
3200 3002 3228 3039 a
3254 2985 3535 3056 baptismis
3562 2985 3625 3041 il-

2023 3082 2090 3138 lis
2120 3080 2537 3151 expectandum,
2562 3090 2618 3136 ιιι
2638 3080 2894 3136 nimirum
2926 3088 3032 3133 tam
3051 3079 3315 3150 sanguine
3340 3079 3500 3134 asois
3522 3079 3626 3133 im-

2022 3174 2346 3245 puritatibus
2359 3189 2519 3246 quam
2533 3189 2667 3245 aqua
2679 3215 2692 3238 ,
2710 3188 2872 3244 purga
2881 3183 3065 3227 rentur
3080 3182 3242 3241 atque
3253 3172 3621 3242 expiarentur.

300 3265 399 3322 per
416 3251 665 3324 symbol:
687 3252 1005 3319 tradiderit;
1034 3265 1088 3311 et
1109 3255 1347 3326 quidem,
1374 3271 1471 3327 pro
1498 3266 1743 3312 veterum
1766 3256 1834 3313 de
1854 3272 1907 3315 se

2019 3265 2175 3334 Quod
2203 3268 2247 3322 si
2280 3267 2462 3322 dicant
2491 3267 2735 3337 nuspiam
2768 3264 3036 3321 indicasse
3066 3265 3351 3320 Dominum
3379 3263 3479 3321 hos
3499 3280 3623 3321 esse

299 3346 712 3417 prophetiarum
765 3346 908 3415 ﬁde,
949 3349 1021 3403 ita
1050 3358 1167 3404 erat
1217 3349 1532 3406 traditurus.
1580 3350 1732 3407 Tunc
1776 3365 1913 3407 vero

298 3445 534 3501 maxime
560 3443 765 3501 idonea
786 3456 905 3501 erat
931 3460 995 3502 ea
1025 3447 1268 3503 tradendi
1287 3448 1424 3504 ratio
1452 3463 1576 3504 cum
1601 3465 1687 3504 res
1717 3447 1911 3504 futurae.

301 3543 645 3601 traderentur
686 3544 888 3617 quibus
941 3544 1178 3601 nondum
1225 3553 1468 3601 maturos
1514 3554 1660 3602 esset
1693 3543 1909 3600 audito-

303 3652 424 3693 rom
469 3650 675 3709 captus.
720 3636 859 3694 Cum
926 3640 1070 3695 enim
1145 3639 1270 3695 talia
1331 3638 1566 3696 traderet
1612 3638 1905 3703 Salvator,

300 3729 462 3785 etiam
489 3730 791 3802 discipulos
819 3746 913 3801 per
942 3730 1188 3804 sytnbola
1219 3732 1453 3788 instituit
1475 3775 1488 3798 ,
1520 3732 1701 3788 dedita
1741 3731 1906 3788 nimi-

297 3838 421 3879 rum
463 3839 649 3894 Opera,
705 3841 774 3881 ne
823 3835 981 3881 antea
1035 3826 1464 3898 intelligerentor
1499 3843 1657 3898 quant
1713 3843 1905 3884 eorum

297 3912 463 3973 ﬁdem
510 3926 739 3972 eventus
765 3917 1197 3989 comprobasset.
1227 3921 1390 3990 Atqui
1437 3919 1670 3989 Spiritus
1704 3921 1905 3991 baptis-

305 4022 469 4077 mos,
511 4025 629 4076 qute
672 4010 890 4083 quidem
942 4014 1262 4068 sacramenti
1295 4029 1418 4084 pars
1447 4023 1560 4070 erat
1600 4018 1898 4085 praecipua,

301 4114 424 4156 non
456 4111 629 4157 tamen
655 4113 772 4159 ante
800 4105 1261 4162 resurrectionem
1293 4115 1411 4162 erat
1435 4109 1860 4162 communicatos
1881 4148 1897 4174 ,

300 4201 368 4248 ut
410 4192 643 4264 proinde
678 4194 825 4251 illum
883 4212 1099 4268 quoque
1132 4214 1238 4252 non
1279 4197 1499 4254 disertis
1536 4198 1717 4253 verbis
1743 4240 1758 4267 ,
1802 4200 1901 4255 sed

296 4302 457 4359 aqua:
497 4288 745 4360 symbolo
770 4333 787 4358 ,
829 4290 1152 4361 praediceret
1179 4291 1274 4364 (S.
1315 4290 1498 4356 Joan..
1533 4308 1625 4357 vn,
1658 4293 1748 4359 38,
1779 4293 1892 4367 59).

295 4380 452 4451 Quod
497 4383 547 4439 si
575 4383 902 4455 baptismum
950 4384 1224 4456 Spiritus,
1276 4402 1365 4457 qut
1397 4385 1464 4441 ad
1515 4387 1742 4458 gloriam
1775 4388 1898 4456 ejus

295 4484 585 4547 tantopere
638 4476 905 4544 iaciebat,
963 4478 1207 4536 obscuris
1288 4490 1465 4537 tamen
1521 4476 1896 4553 acnigtnatibus

288 4568 686 4626 involvendum
732 4571 984 4641 duxerit,
1028 4576 1195 4630 multo
1235 4586 1385 4630 certe
1436 4576 1632 4646 potiori
1683 4576 1894 4632 ratione

2020 3360 2225 3415 fructus
2280 3377 2309 3414 a
2362 3360 2626 3433 martyrio
2689 3358 3057 3430 expectandos
3087 3401 3104 3427 ,
3138 3358 3301 3414 iidem
3332 3358 3623 3415 observare

2018 3460 2266 3523 poterant
2318 3467 2384 3508 ne
2447 3451 2516 3508 de
2571 3451 2821 3524 baptismi
2877 3449 3095 3521 quidem
3164 3462 3506 3507 sacramento
3567 3449 3619 3504 id

2017 3560 2269 3616 umquam
2310 3544 2561 3600 docuisse
2589 3542 2952 3599 Salvatorem.
3010 3541 3166 3596 Nulla
3215 3553 3365 3596 certe
3414 3541 3619 3597 mentio

2014 3648 2355 3709 peccatorum
2396 3638 2784 3710 expiandorum
2819 3640 2870 3693 in
2897 3636 3015 3708 ejus
3041 3635 3181 3707 apud
3212 3636 3271 3693 S.
3305 3635 3615 3691 Mattbazum

2012 3735 2376 3801 institutione,
2409 3735 2551 3789 nulla
2581 3734 2634 3789 itt
2665 3733 2785 3804 ejus
2813 3747 2915 3789 usu
2958 3731 3102 3803 apud
3151 3731 3209 3789 S.
3236 3730 3523 3787 Joannem.
3553 3729 3622 3785 Et

2012 3837 2188 3885 tamen
2214 3828 2355 3885 lumc
2385 3826 2636 3898 baptismi
2664 3824 3071 3882 sacramentalis
3100 3824 3331 3879 fructum
3353 3838 3453 3879 nos
3490 3822 3617 3879 alibi

2009 3939 2073 3979 ex
2105 3922 2473 3991 apostolorum
2502 3920 2716 3991 scriptis
2760 3917 3127 3989 probavimus.
3164 3915 3321 3985 Quod
3378 3930 3506 3987 ergo
3543 3915 3616 3969 ita

2007 4015 2289 4072 docuerint
2343 4013 2592 4084 apostoli,
2642 4012 2696 4067 id
2734 4026 2803 4068 ex
2830 4010 3090 4077 notailla,
3119 4023 3280 4079 quam
3305 4007 3436 4073 dixi,
3487 4016 3614 4062 tunc

2009 4110 2269 4181 temporis
2290 4108 2682 4179 signiﬁcatione
2711 4106 2880 4172 vocis,
2904 4114 2959 4160 et
2989 4104 3066 4160 rei
3099 4103 3266 4172 ipsius
3298 4101 3438 4171 apud
3468 4100 3608 4167 illos,

2004 4220 2033 4260 a
2051 4205 2243 4275 quibus
2274 4204 2416 4258 illam
2442 4200 2753 4268 Christiani,
2778 4217 2873 4254 oso
2895 4199 3016 4254 illos
3035 4196 3322 4253 deduxisse
3351 4206 3434 4252 est
3483 4211 3613 4252 sane

2004 4296 2484 4361 verisimillimum,
2539 4294 2642 4349 nisi
2695 4293 2762 4347 ad
2791 4307 2983 4347 novom
3030 4291 3206 4361 potius
3243 4290 3611 4359 apostolorum

2002 4391 2384 4448 revelationem
2426 4389 2535 4455 hic,
2565 4386 2684 4444 sine
2712 4376 2818 4441 ulla
2842 4400 3068 4456 prorsus
3095 4383 3442 4448 necessitate,
3475 4396 3607 4437 con-

2003 4482 2311 4555 fugiendum
2370 4491 2557 4553 putent
2600 4478 2919 4535 adversarii.
2976 4477 3130 4547 Quod
3161 4477 3205 4531 si
3255 4475 3489 4547 apoStoli
3541 4489 3609 4531 ex

2001 4586 2126 4633 nota
2180 4576 2269 4631 illa
2317 4576 2464 4631 vocis
2522 4574 2917 4646 signiﬁcatione
2973 4570 3291 4641 collegerint
3341 4568 3609 4638 baptismo

292 4663 647 4720 occultandas
672 4674 790 4722 erat
817 4665 1093 4743 Sanguinis
1147 4667 1222 4722 illi
1253 4677 1413 4738 atque
1461 4669 1704 4740 martyrii
1734 4684 1895 4740 quem

2013 4671 2379 4731 sacratnentali
2450 4670 2559 4724 vim
2631 4667 2776 4724 illam
2836 4675 3180 4737 peccatorum
3254 4663 3604 4733 expiatricem

294 4756 513 4813 modum
540 4768 766 4831 possent
794 4760 1015 4816 omnino
1041 4776 1258 4831 capere.
1305 4760 1415 4817 Nec
1466 4762 1612 4817 enim
1641 4760 1708 4816 ad
1756 4761 1898 4818 hunc

289 4849 471 4922 ipsum
499 4852 787 4909 Dominum
819 4869 888 4911 eo
912 4855 1193 4927 sanguinis
1224 4856 1493 4926 baptismo
1530 4856 1677 4927 fungi
1730 4870 1896 4926 opor-

291 4948 410 5000 tere
438 4944 787 5003 crediderant
812 4987 827 5012 ,
857 4947 911 5002 in
944 4948 1320 5004 inﬁdelitatem
1351 4947 1466 5004 fere
1497 4948 1696 5018 relapsi
1724 4989 1739 5014 ,
1768 4963 1894 5003 cum

297 5034 351 5093 id
369 5053 561 5094 verum
585 5082 602 5108 ,
633 5052 832 5110 praeter
852 5042 1285 5113 expectationem
1312 5056 1489 5107 suam,
1526 5057 1718 5097 revera
1743 5057 1894 5097 com-

304 5130 558 5198 perissent
575 5131 668 5203 (S.
689 5132 843 5199 Lua,
869 5151 1031 5204 xxiv,
1051 5133 1165 5208 2i),
1192 5136 1411 5207 gravius
1441 5134 1663 5190 omnino
1684 5134 1892 5205 passuri

308 5221 608 5280 scandalum
634 5225 683 5281 si
715 5225 820 5281 sibi
849 5242 1067 5298 quoque
1088 5227 1337 5284 eumdem
1385 5227 1724 5284 subeundum
1754 5242 1891 5283 non-

304 5311 445 5368 dum
480 5318 671 5379 maturi
707 5318 1052 5376 didicissent.
1103 5320 1337 5378 Proinde
1382 5322 1629 5393 quamvis
1678 5335 1888 5386 eorum,

295 5421 431 5480 qua
457 5422 552 5463 sua
573 5425 726 5467 causa
748 5414 957 5483 passuri
985 5422 1141 5469 erant
1169 5412 1439 5485 discipuli,
1468 5412 1777 5470 meminerit
1803 5411 1895 5467 ali-

294 5498 515 5572 quoties
545 5500 795 5560 Dominus
815 5548 829 5573 ,
862 5520 931 5561 ne
958 5520 1079 5560 cum
1110 5507 1439 5572 evenissent,
1472 5522 1595 5563 eum
1623 5505 1845 5563 latuisse
1870 5546 1886 5572 ,

291 5604 385 5650 aut
412 5606 609 5667 praeter
633 5598 782 5654 illius
812 5598 1096 5655 consilium
1124 5601 1390 5667 evenisse,
1439 5601 1886 5671 suspicarentur;

292 5688 346 5746 id
372 5698 554 5747 tamen
580 5703 742 5748 caute
767 5693 1080 5760 admodum,
1110 5703 1165 5749 ct
1216 5708 1315 5764 pro
1344 5693 1678 5748 inlirmorum
1731 5701 1893 5763 capto

287 5782 438 5853 iecit,
464 5799 535 5841 ne
551 5784 680 5843 dum
702 5796 763 5841 ut
786 5785 1112 5858 baptismum
1137 5787 1434 5858 sanguinis,
1460 5787 1552 5859 qui
1578 5794 1752 5845 statos
1775 5795 1893 5843 erat

288 5876 553 5949 patiendi,
586 5879 870 5952 perspicue
892 5890 1366 5940 commemoraret.

2000 4781 2121 4824 esse
2160 4763 2532 4829 tribuendam;
2581 4760 2770 4833 quidni
2797 4770 2852 4814 et
2885 4773 2985 4814 nos
3009 4798 3023 4823 ,
3056 4772 3128 4812 ex
3172 4755 3413 4826 ejusdem
3455 4753 3604 4808 vocis

1999 4861 2392 4934 signilicatione
2436 4856 2619 4912 itidem
2657 4855 2998 4922 colligamus,
3035 4850 3333 4918 sanguineo
3388 4860 3604 4917 quoque

1998 4954 2264 5024 baptismo
2329 4951 2437 5005 vim
2490 4947 2735 5004 eamdem
2803 4940 3163 5015 pttrgatricetn
3220 4954 3342 5017 esse
3401 4939 3605 5009 pariter

2000 5047 2335 5105 tribuendam
2359 5047 2382 5100 ?

2072 5139 2100 5213 §
2145 5142 2232 5195 ιε.
2267 5137 2440 5194 -Νθ
2482 5137 2605 5208 quis
2657 5144 2835 5190 autem
2888 5138 3040 5203 putet
3092 5129 3308 5185 unicum
3356 5134 3600 5182 nostrum

1997 5232 2306 5305 praesidium
2330 5230 2382 5284 in
2417 5228 2565 5284 vocis
2593 5228 2706 5298 ipsa
2752 5224 3147 5296 signiﬁcatione
3179 5236 3303 5277 esse
3330 5218 3599 5290 positum;

1998 5341 2129 5398 age,
2178 5326 2497 5390 videamus,
2551 5337 2734 5378 annon
2787 5336 2852 5377 ex
2911 5335 2970 5374 re
3022 5319 3137 5388 ipsa
3186 5321 3398 5370 constet
3454 5321 3601 5367 recte

1999 5420 2085 5475 ltic
2123 5435 2150 5471 a
2183 5418 2456 5473 veteribus
2499 5425 2774 5487 acceptum
2811 5428 2930 5470 esse
2969 5406 3350 5468 Salvatorem?
3397 5404 3598 5462 Obset"

1994 5511 2224 5568 vandotn
2273 5511 2453 5580 itaque
2503 5509 2685 5573 tertio,
2742 5503 3184 5562 verisimillintam
3218 5498 3414 5554 horum
3446 5498 3595 5553 loco-

1996 5622 2114 5662 rum
2164 5604 2525 5670 occasionem,
2562 5605 2614 5657 in
2669 5602 2867 5673 quibus
2897 5599 2964 5653 de
3008 5597 3272 5665 baptismo
3318 5592 3599 5663 sanguinis

1994 5700 2079 5770 agi
2124 5699 2473 5755 crediderunt
2511 5710 2722 5752 veteres
2754 5737 2769 5762 ,
2822 5692 2990 5747 fuisse
3045 5690 3384 5761 martyrium.
3419 5686 3595 5743 Alium

1996 5795 2145 5849 illum
2177 5794 2524 5864 baptismum,
2557 5806 2664 5863 quo
2689 5805 2747 5845 se
2791 5787 2927 5841 dixit
2979 5785 3241 5842 Dominus
3265 5782 3382 5838 fore
3414 5782 3594 5852 bapti—

1995 5884 2224 5942 zandum
2251 5925 2267 5951 ,
2320 5884 2389 5940 de
2435 5882 2685 5954 passione
2727 5879 2845 5949 eius
2892 5878 2943 5935 in
2982 5892 3145 5935 cruce
3188 5872 3593 5945 intelligendum
