4158 6260
585 321 658 393 39
1580 335 1948 396 DODWELLI
1987 325 2443 398 DISSERTATIO
2477 339 2897 402 CYPRIANICA
3816 349 3884 407 (ῖο

586 469 707 511 esse
741 456 898 510 nemo
925 449 1151 510 dubitet.
1185 451 1261 508 Ea
1292 459 1470 510 autem
1507 453 1619 525 ipsa
1652 456 1855 524 passio,
1893 471 1989 525 pro
2032 471 2183 511 more
2213 458 2265 517 Α
2291 455 2494 527 Nempe
2560 458 2698 513 inter
2747 459 2884 514 alios
2937 459 3146 516 Messias
3221 461 3437 527 titulos,
3492 463 3684 534 quibus
3739 463 3888 519 illum

587 549 746 606 etiam
790 548 1111 618 scriptorum
1159 551 1457 612 sacrorum,
1496 549 1811 619 martyrium
1859 548 2180 617 appellatur.

587 641 715 698 Inde
760 643 814 696 et
853 641 969 712 ipse
1007 639 1264 695 Dominus
1294 643 1496 717 μάρτυς
1543 641 1568 697 ὃ
1615 643 1799 702 πιστὸς
1847 646 1932 696 καὶ
1964 643 2186 704 ἀληθινὸς

588 733 849 808 (Apoca!.,
878 749 913 801 t,
957 733 990 787 5
1015 749 1029 798 ;
1063 733 1140 796 in,
1176 731 1266 802 14)
1296 733 1490 787 dicitur
1515 741 1570 788 et
1593 743 1930 807 μαρτυρῆσαι
1955 736 2039 790 ἐπι
2060 746 2181 789 Πον-

585 829 697 885 τὶον)
719 829 932 884 Πιλάτου
954 832 1042 886 τὴν
1064 826 1220 885 καλήν
1252 826 1516 902 ὁμολογίαν
1547 826 1588 898 (Ι
1616 824 1778 893 Tiut.,
1811 842 1881 886 γι.
1915 827 2027 896 15).
2056 829 2186 894 Qua:

586 921 746 977 verba
776 919 954 976 omnia
980 920 1312 991 martyrium,
1341 935 1439 990 pro
1467 921 1735 991 priuneva':
1765 920 2021 976 Ecclesitc
2047 921 2184 974 idio-

585 1021 728 1070 mate
747 1057 762 1082 ,
793 1013 1093 1084 designant.
1122 1011 1331 1083 Nequid
1357 1022 1540 1068 autem
1569 1013 1656 1069 hic
1705 1014 1773 1066 ab
1801 1015 2181 1069 ecclesiasticis

585 1107 877 1165 co'nllctum
931 1105 1274 1169 arbitrentur,
1309 1105 1471 1159 etiam
1500 1106 1672 1174 ipsam
1722 1106 1965 1177 martyrii
1995 1120 2181 1161 vocem

586 1199 979 1271 Significatione
1031 1196 1397 1252 ecclesiastica
1451 1207 1711 1267 usurpant
1747 1212 1918 1252 sacrae
1970 1197 2182 1251 litterae.

587 1293 660 1347 Ita
677 1293 884 1367 μάρτυς
899 1288 1202 1358 Stephanus
1215 1288 1526 1361 (Act.,,xxu,
1542 1289 1658 1357 20),
1676 1300 1721 1344 cl
1741 1292 1941 1364 μάρτυς·
1959 1289 1982 1344 ὁ
2000 1291 2185 1352 πιστὸς

589 1385 819 1455 Antipas
854 1386 1113 1456 (Apocul.,
1155 1401 1213 1452 tt,
1252 1386 1362 1456 l5),
1411 1400 1530 1455 quae
1555 1386 1742 1440 eadem
1776 1385 2004 1440 Domino
2030 1396 2184 1440 antea

586 1479 864 1547 tribuerat,
901 1489 958 1533 ut
1008 1477 1261 1546 vidimus,
1299 1487 1488 1533 auctor
1510 1478 1937 1549 Apoealypseos,
1969 1494 2036 1533 ne
2065 1481 2186 1548 quis

585 1573 674 1629 ltlc
701 1574 926 1629 miretur
955 1573 1208 1643 martyris
1237 1587 1424 1626 vocem
1455 1573 1616 1626 etiam
1650 1572 1877 1624 Domino
1905 1571 2180 1635 tributam,

585 1679 748 1721 sensu
789 1663 1195 1727 ecclesiasrlco,
1253 1664 1583 1719 intellectam
1635 1679 1755 1719 esse
1801 1677 1830 1717 a
1887 1666 2180 1720 veteribus.

584 1757 660 1815 ita
707 1763 854 1814 certe
900 1760 1134 1814 alienam
1183 1774 1290 1813 non
1343 1757 1692 1814 crediderunt
1722 1775 1749 1811 a
1787 1758 2014 1812 Durnino
2045 1760 2183 1814 hanc

2291 549 2624 620 designatum
2669 552 3041 608 intellexerant
3066 553 3118 607 in
3145 552 3460 625 Scripturis,
3492 565 3608 611 erat
3636 557 3720 612 vel
3748 573 3888 628 pra:-

2290 641 2481 710 cipuus
2528 643 2615 698 ille
2655 646 2979 719 Ερχομὲνου.
3026 644 3097 698 lta
3139 644 3398 702 habemus
3431 648 3481 702 in
3513 648 3568 704 S.
3604 648 3758 714 Luc.,
3796 664 3889 714 vtt,

2293 734 2380 800 l9,
2425 735 2496 790 ΞΟ
2540 745 2596 790 et
2642 737 2789 792 alibi.
2844 737 2999 793 llltmt
3042 738 3271 795 fortasse
3319 758 3349 796 e
3401 742 3762 797 celeberrimo
3805 743 3895 798 illo

2290 827 2431 894 loco,
2483 828 2644 894 Gen.,
2681 845 2830 896 xux,
2866 831 2952 898 l0,
3001 831 3083 886 vel
3113 832 3202 887 Ps.
3235 849 3284 887 ι..
3317 834 3370 899 5;
3405 849 3555 900 xcrv,
3590 835 3677 901 15;
3708 850 3890 901 xcvm,

2291 921 2364 985 9,
2420 920 2770 991 collegerint,
2830 923 3018 978 aliisve
3087 924 3351 978 similibus
3414 925 3706 994 Scriptura.-
3765 927 3895 982 locis

2290 1012 2482 1082 quibus
2509 1012 2730 1068 Messias
2761 1025 3020 1070 venturus
3063 1015 3280 1070 dicitur.
3313 1017 3490 1083 Quare
3519 1031 3640 1071 cum
3673 1017 3896 1072 Messias

2291 1113 2552 1159 venturus
2571 1105 2953 1175 appellaretur,
2974 1109 3305 1162 tantumdem
3327 1109 3502 1163 valent
3517 1111 3666 1180 signa
3683 1109 3897 1165 Messia:

2290 1210 2353 1250 ac
2379 1197 2529 1266 signa
2561 1195 2838 1252 adventus.
2873 1197 2946 1251 lla
2979 1200 3046 1253 de
3079 1213 3206 1253 vero
3234 1199 3422 1254 Messia
3461 1201 3707 1270 discipuli
3744 1202 3897 1270 ejus;

2294 1285 2442 1351 Quod
2485 1288 2686 1359 signum
2744 1289 2989 1343 adventus
3039 1290 3145 1344 tui?
3197 1290 3283 1362 (S.
3333 1291 3545 1362 Matth.)
3579 1293 3730 1350 etde
3761 1293 3900 1350 falso

2289 1378 2479 1435 Messio
2520 1381 2840 1448 Apostolus:
2872 1380 3031 1453 Cujus
3061 1392 3133 1437 est
3159 1384 3403 1439 adventus
3443 1386 3721 1439 secundum
3776 1402 3902 1456 ope-

2289 1476 2540 1529 rationem
2593 1474 2806 1529 Salaria:
2852 1477 2902 1529 in
2951 1478 3090 1530 omni
3138 1479 3319 1532 uirtute
3344 1489 3390 1532 et
3441 1481 3621 1550 signis,
3669 1491 3776 1536 etc.
3839 1480 3898 1553 (tt

2294 1566 2499 1632 Thess,
2534 1584 2591 1637 ιι,
2622 1570 2699 1635 9).
2733 1569 2936 1626 Venire
2990 1572 3168 1642 itaque
3205 1587 3301 1641 per
3342 1587 3534 1641 aquam
3586 1583 3641 1628 et
3684 1577 3906 1644 sangui-

2290 1673 2412 1714 nem
2461 1661 2598 1716 idem
2635 1662 2775 1717 valet
2821 1679 2883 1718 ac
2914 1677 3008 1733 per
3047 1679 3240 1734 aquam
3275 1673 3329 1720 et
3369 1667 3684 1736 sanguinem
3711 1683 3774 1722 se
3801 1681 3897 1722 ve-

2291 1767 2410 1807 rum
2440 1753 2686 1808 Messiam
2733 1757 3105 1826 comprobare.

587 1851 750 1923 hujus
782 1853 928 1908 vocis
969 1853 1435 1922 significationem,
1486 1861 1543 1908 ut
1572 1854 1843 1923 propriam
1875 1855 2037 1908 etiam
2068 1853 2180 1910 fere
2219 1853 2260 1915 Β
2365 1845 2393 1917 §
2423 1843 2802 1919 llr—Nempe
2823 1850 3187 1921 quivcuturus
3213 1852 3399 1905 eratin
3414 1851 3668 1907 mundum
3693 1853 3903 1908 isidem

587 1947 820 2003 Domino
851 1946 1077 2003 fecerint
1133 1948 1232 2017 ipsi
1265 1956 1529 2019 martyres
1562 1947 1802 2001 nonnulli
1831 1948 1970 2017 apud
2017 1948 2188 2004 Euse-

591 2041 735 2097 bium
785 2039 1027 2114 (Euseb.,
1056 2037 1193 2094 Hist.
1241 2041 1405 2104 eccl.,
1468 2054 1522 2107 v,
1568 2038 1649 2110 2).
1681 2038 1831 2106 Quod
1886 2041 1930 2093 si
1979 2039 2189 2095 Domini

584 2133 763 2205 passio
813 2134 1153 2204 martyrium,
1223 2129 1523 2201 eademque
1554 2131 1624 2185 sit
1666 2130 1918 2200 baptismi
1974 2145 2189 2202 quoque

585 2227 807 2282 nomine
858 2223 1236 2295 insignienda,
1288 2223 1480 2294 ecquid
1526 2238 1723 2279 novum
1771 2224 2074 2279 alienumve
2107 2225 2190 2279 di-

588 2322 760 2376 cimus
814 2320 860 2375 si
917 2319 1080 2373 etiam
1122 2317 1193 2374 de
1245 2316 1572 2390 martyribus
1621 2317 2000 2373 ecclesiasticis
2048 2317 2188 2374 idem

586 2399 922 2470 al'lirmemus
946 2413 969 2463 2

657 2508 687 2580 ξ
718 2508 881 2564 15.--
897 2504 1003 2562 Sed
1027 2513 1080 2560 et
1100 2504 1327 2560 aliorum
1349 2504 1590 2560 locorum
1618 2504 1955 2561 occasionem
1995 2506 2189 2562 eodem

589 2599 870 2656 collimare
917 2608 1000 2653 est
1049 2613 1180 2654 sane
1236 2598 1705 2654 verisimillimum.
1755 2596 1888 2653 Cum
1931 2599 2193 2656 scriberet

587 2694 866 2766 apostolus
912 2693 972 2748 S.
1023 2691 1296 2759 Joannes,
1342 2693 1454 2764 jam
1496 2694 1599 2748 orti
1649 2693 1900 2748 videntur
1949 2694 2188 2751 lueretici

590 2790 973 2847 valentiuianis
1037 2788 1256 2861 quidem
1322 2787 1692 2859 antiquiores,
1754 2802 1941 2842 eorum
2007 2796 2190 2843 tamen

585 2897 839 2959 parentes
880 2895 1041 2956 atque
1082 2884 1337 2955 origines,
1391 2897 1491 2938 nec
1534 2882 1678 2938 enim
1733 2895 1948 2950 prorsus
1991 2897 2187 2936 novum

589 2991 710 3037 erat
759 2979 1251 3035 valentinianorum
1298 2975 1630 3040 institutum,
1681 2974 1774 3028 sed
1819 2975 2192 3037 priorumbze-

583 3072 874 3126 reticorum
925 3068 1141 3123 inventa
1170 3069 1303 3137 πρὸς·
1341 3064 1466 3122 ἴδιον
1512 3075 1833 3140 χαρακτῆρα
1866 3071 2186 3145 μεθήρμωσε,

584 3163 757 3234 inquit
809 3161 877 3218 de
924 3161 1208 3216 Valentino
1239 3159 1473 3215 lreuteus
1500 3159 1692 3232 (Iren.,
1735 3160 1824 3214 lib.
1856 3176 1893 3228 t,
1925 3178 1971 3214 ι’.
2006 3162 2063 3230 5)
2093 3176 2187 3216 cu-

2297 1950 2411 1994 erat
2437 1955 2466 1994 a
2495 1951 2644 2010 patre
2663 1943 2957 2000 mittendus
2974 1956 3135 2015 atque
3153 1946 3570 2001 sanctilicandus
3597 1945 3682 2018 (S.
3707 1945 3899 2011 Joan.,

2298 2047 2356 2099 κ,
2379 2033 2490 2104 56).
2518 2033 2593 2089 Ea
2624 2045 2803 2090 autem
2828 2039 3190 2094 sanctilicatio
3218 2040 3394 2109 qualis
3425 2039 3842 2110 intelligeretur,
3871 2053 3901 2094 e

2295 2133 2643 2188 sanctissimo
2670 2133 2979 2189 Judtnorutn
3025 2137 3225 2206 ofﬁcio,
3286 2156 3497 2195 summo
3529 2141 3784 2194 nimirum
3812 2153 3900 2195 sa-

2297 2223 2561 2290 cerdotio,
2607 2228 2808 2296 Optime
2847 2228 3188 2300 colligemus.
3220 2231 3277 2285 ln
3315 2233 3458 2287 illitis
3488 2233 3669 2304 itaque
3696 2236 3906 2288 sancti-

2297 2317 2549 2373 licatione
2581 2326 2687 2374 tam
2732 2335 2922 2391 aquam
2955 2339 3114 2392 quant
3157 2325 3318 2379 etiam
3357 2327 3670 2396 sanguinem
3713 2327 3899 2384 locum

2299 2410 2552 2466 habuisse
2605 2423 2817 2469 constat
2848 2431 2862 2480 ;
2893 2425 3079 2485 uq‘uam
3123 2418 3370 2488 equidem
3418 2417 3614 2486 Exod,
3644 2435 3794 2486 χχιχ,
3821 2421 3855 2474 4
3881 2437 3895 2486 ;

2297 2503 2455 2571 Lev.,'
2481 2521 2597 2572 vni,
2623 2506 2656 2560 6
2683 2523 2696 2570 ;
2727 2509 3028 2577 sanguinem
3068 2518 3248 2566 autem
3277 2511 3473 2579 Exod,
3503 2528 3650 2581 xxtx,
3672 2513 3765 2580 9.0,
3800 2514 3896 2580 2i;

2301 2595 2442 2662 beta,
2467 2612 2580 2665 vut,
2601 2597 2800 2663 25,24.
2836 2598 2916 2653 Ad
2949 2600 3195 2656 Messium
3225 2603 3368 2657 enim
3403 2613 3676 2673 tamquam
3708 2605 3896 2677 mysti-

2296 2701 2418 2743 cum
2468 2691 2767 2760 evangelici
2819 2691 3042 2746 fwderis
3084 2693 3734 2759 sacerdotem,retulitin
3797 2697 3897 2752 hac

2299 2784 2411 2853 ipsa
2462 2798 2623 2838 causa
2679 2785 2970 2856 Apostolus
3016 2786 3188 2842 Judasi
3240 2789 3506 2858 pontiﬁcis
3555 2791 3890 2859 exemplum,

2295 2875 2437 2945 qttnd
2494 2877 2582 2931 ille
2617 2878 2780 2932 etiam
2810 2880 3063 2948 passione
3115 2895 3208 2934 sua
3256 2891 3398 2936 esset
3451 2881 3894 2937 sanctilicandus.

2296 2969 2598 3030 Τελειὼσεος
2628 2985 2761 3025 voce
2785 2986 2913 3026 ttsus
2945 2981 3027 3026 est
3056 2972 3334 3042 apostolus
3361 2971 3569 3043 (Hahn,
3592 2989 3648 3038 tt,
3682 2974 3770 3041 l0,
3803 2975 3894 3042 H;

2296 3075 2349 3128 v,
2375 3063 2428 3125 8,-
2459 3061 2537 3133 9),
2563 3065 2784 3134 mystica
2814 3066 3068 3120 nimirum
3102 3067 3208 3132 illa,
3241 3077 3293 3122 et
3320 3081 3486 3122 sacra:
3510 3069 3894 3139 mysteriorum

2297 3153 2632 3223 przefecturtc
2667 3159 2900 3226 propria.
2934 3159 3007 3211 lta
3042 3167 3216 3214 tamen
3263 3159 3460 3214 Christi
3493 3158 3593 3214 hoc
3639 3161 3898 3216 sacerdo-

580 3257 794 3329 )usdam
850 3255 1047 3310 veteris
1098 3253 1367 3324 opinionis
1414 3253 1620 3307 semina
1673 3262 1830 3307 natus
1877 3261 1998 3317 est,
2053 3261 2185 3309 teste

2301 3246 2432 3301 tium
2459 3262 2581 3302 eum
2609 3248 2920 3304 Juda-orutn
2953 3251 3255 3308 sacerdotio
3271 3251 3549 3306 contendit
3576 3254 3890 3322 Apostolus,

584 3351 917 3409 Tertulliauo
939 3347 1126 3423 (Tert.,
1158 3348 1274 3402 adv.
1307 3345 1526 3412 Valent.,
1554 3362 1600 3400 ε.
1625 3345 1704 3418 4).
1733 3345 1800 3402 Ut
1820 3347 1976 3418 igitur
2002 3345 2184 3402 Jesutn

584 3460 613 3500 a
639 3444 856 3500 Christo
884 3443 1182 3498 diviserunt
1207 3440 1572 3506 valentiniani,
1607 3441 1672 3494 ad
1695 3441 2054 3510 antiquiorum
2086 3440 2188 3495 ha:-

584 3539 876 3593 reticorum
928 3534 1233 3604 exemplum
1275 3532 1539 3603 Apostolo
1590 3547 1924 3599 coaevorum,
1957 3549 2186 3604 quorum

583 3628 870 3685 occasione
919 3637 1026 3682 tam
1074 3637 1157 3682 est
1207 3627 1259 3681 in
1311 3641 1376 3681 eo
1409 3628 1525 3695 ipso
1553 3635 1868 3696 argumento
1898 3627 2099 3681 multus
2133 3628 2184 3682 in

585 3723 755 3793 prima
784 3736 881 3776 sua
919 3719 1144 3790 epistola
1175 3718 1498 3789 Apostolus;
1535 3719 1604 3772 ita
1661 3727 1714 3773 et
1755 3719 2010 3790 martyria
2062 3733 2183 3773 cunt

588 3817 776 3874 iisdem
808 3817 1194 3874 valetitinianis
1239 3813 1458 3870 eosdctn
1488 3815 1650 3869 etiam
1680 3815 1940 3884 Apostolo
1970 3827 2189 3868 ceteros

584 3912 868 3968 btereticos
922 3911 1206 3966 sustulisse
1252 3907 1530 3980 probabile
1585 3915 1688 3962 est.
1734 3908 1790 3962 lu
1846 3907 1988 3960 illam
2040 3915 2187 3961 certe

584 4010 908 4066 sententiam
936 4007 1140 4078 optime
1166 4003 1510 4076 quadrabunt
1539 4000 1779 4071 Apostoli
1829 4009 2144 4070 argumenta
2166 4039 2182 4066 ,

585 4109 644 4157 ut
695 4111 820 4156 ante
876 4113 977 4155 nos
1027 4106 1212 4154 noster
1266 4095 1575 4152 observavit
1607 4092 1996 4148 Hammoudus‘.
2031 4093 2187 4148 Anti—

585 4193 773 4249 christi
811 4202 964 4247 erant
1009 4191 1062 4246 Ιιί
1096 4189 1334 4246 literctici
1363 4205 1480 4256 seu,
1514 4187 1655 4259 quod
1686 4186 1824 4258 apud
1869 4187 2187 4256 Apostolum

591 4287 920 4344 tantumdem
989 4285 1169 4353 valet,
1247 4283 1664 4356 pseudo-christi
1700 4319 1714 4347 ,
1775 4281 1916 4352 quod
1986 4279 2186 4337 Cltristi

584 4381 784 4438 Judmis
847 4381 1098 4451 promissi
1152 4393 1435 4449 personam
1487 4377 1586 4447 ipsi
1637 4377 1687 4430 in
1729 4389 1786 4430 se
1827 4374 2183 4444 susciperent.

585 4472 819 4529 Proinde
877 4472 1005 4527 illud
1053 4471 1224 4526 ittttuit
1270 4469 1562 4539 Apostolus
1607 4468 1768 4522 totius
1797 4466 2073 4535 Evangelii
2104 4466 2187 4520 sui

584 4565 750 4620 fuisse
776 4564 1084 4629 consilium,
1113 4570 1172 4616 ut
1193 4560 1482 4616 crederent
1507 4559 1690 4614 Jesum
1711 4560 1872 4614 fuisse
1897 4558 2064 4613 lilium
2093 4557 2185 4613 Dei

2297 3349 2374 3403 ut,
2405 3355 2525 3394 cum
2558 3342 2608 3396 itt
2657 3345 2938 3412 utriusque
2983 3344 3391 3399 consecratione
3429 3345 3704 3414 sanguinis
3736 3361 3891 3400 nsutn

2295 3433 2594 3488 adhibitum
2629 3436 2930 3505 probasset,
2965 3438 3015 3491 ιιι
3044 3453 3110 3492 eo
3151 3439 3440 3492 eminuerit
3479 3437 3676 3492 Christi
3706 3454 3891 3493 sacer-

2293 3526 2500 3584 dotium
2520 3531 2662 3600 quod
2685 3547 2784 3586 suo
2805 3529 3084 3586 dumtaxat
3106 3533 3367 3602 sanguine
3386 3543 3734 3588 consecratus
3761 3533 3897 3587 fuiss

2293 3630 2376 3678 set
2395 3622 2639 3677 Christus
2658 3638 2778 3678 cum
2799 3633 3022 3678 externo
3035 3623 3313 3678 dumtaxat
3337 3625 3602 3694 pecudum
3630 3626 3894 3695 sanguine

2295 3715 2378 3769 usi
2409 3723 2596 3769 essent
2626 3715 2679 3769 in
2710 3715 3049 3770 sacerdotum
3096 3731 3316 3771 suorum
3348 3720 3758 3774 consecratione
3797 3720 3895 3775 Ju-
3984 3732 3995 3744 '

2294 3809 2420 3874 dari,
2442 3807 2628 3875 Ilebr.,
2656 3825 2732 3874 ix,
2761 3808 2854 3875 25,
2882 3809 2974 3865 26.
3005 3810 3148 3865 Idem
3181 3821 3234 3865 et
3260 3812 3386 3867 alibi
3410 3814 3608 3882 saepius
3637 3813 3890 3882 inculcat,

2292 3917 2414 3957 cum
2433 3917 2536 3956 non
2565 3910 2838 3956 taurorum
2857 3903 3222 3970 ltircorumve,
3245 3906 3337 3959 sed
3362 3921 3491 3960 vero
3512 3907 3728 3977 proprio
3741 3907 3892 3962 dum-

2296 4003 2461 4059 taxat,
2497 3993 2754 4064 sanguine
2783 3992 3056 4050 Christum
3081 3997 3241 4052 docet
3268 3998 3559 4053 initiatum.
3596 3999 3738 4070 Ergo
3765 4015 3892 4054 cum

2295 4085 2499 4142 Judaeis
2524 4086 2574 4140 in
2599 4101 2665 4142 eo
2692 4097 3024 4144 convenerat
3050 4089 3364 4159 Apostolus,
3392 4089 3457 4145 ad
3486 4106 3714 4162 quorum
3745 4093 3896 4163 priu-

2295 4178 2436 4250 cipia
2466 4194 2621 4234 suam
2654 4179 2741 4235 hic
2769 4182 2972 4252 aptavit
3011 4186 3554 4254 argumentationem,
3589 4195 3645 4240 ut
3685 4188 3894 4256 pontifi-

2295 4287 2411 4327 cem
2469 4271 2584 4328 fore
2629 4272 2906 4329 Christum
2951 4289 2982 4330 a
3011 4289 3226 4332 summo
3270 4279 3522 4334 nimirum
3575 4279 3889 4336 Judteorum

2297 4364 2550 4435 pontiﬁce
2605 4366 3004 4438 adumbratum,
3061 4369 3132 4426 ita
3162 4371 3251 4442 qui
3285 4387 3444 4427 verus
3495 4372 3703 4428 iuturus
3744 4383 3892 4432 esset

2294 4456 2541 4526 Messias,
2567 4460 2826 4530 sanguine
2871 4462 3071 4531 pariter
3095 4477 3158 4517 ac
3203 4478 3339 4534 aqua
3391 4473 3498 4520 tam
3552 4465 3726 4535 ipsum
3773 4465 3893 4524 fore

2294 4549 2633 4607 lustrandum
2662 4552 2792 4625 (vel,
2827 4562 2887 4609 ut
2925 4555 3238 4627 evangeliea
3282 4572 3418 4614 voce
3462 4567 3694 4624 utamur,
3720 4559 3894 4629 bapti-

587 4657 791 4731 (10am
824 4673 922 4722 xx,
957 4655 1086 4728 δι),
1143 4655 1324 4725 (quem
1370 4657 1562 4722 nempe
1607 4651 1818 4706 titulum
1851 4651 2058 4708 Messian
2086 4665 2184 4706 suo
2212 4649 2265 4709 D
2294 4646 2553 4714 tandum)
2609 4662 2772 4718 quam
2813 4647 2948 4705 alios
2996 4649 3188 4707 iisdem
3239 4666 3362 4733 esse
3419 4651 3778 4707 lustrandum.
3813 4654 3895 4709 De

589 4766 620 4806 e
639 4749 726 4806 Ps.
747 4766 802 4818 ιι,
831 4750 883 4817 7,
905 4749 1048 4804 illius
1079 4747 1260 4803 sicculi
1289 4746 1458 4802 Judtei
1486 4743 1846 4812 asserebant),
1875 4759 1979 4798 non
2001 4753 2184 4801 autem

584 4843 706 4898 illos
755 4841 1132 4897 haereticorum
1176 4840 1576 4910 antesignanos.
1601 4837 1778 4905 Quare
1827 4837 1967 4891 inter
1991 4845 2186 4892 caetera

582 4943 896 5009 argumenta
943 4937 1136 5008 quibus
1187 4934 1380 4990 falsum
1416 4932 1567 4988 illum
1611 4931 1679 4988 de
1707 4929 1924 4986 Christo
1955 4941 2186 5002 praetex-

585 5043 694 5087 tum
742 5029 940 5088 refellit
987 5029 1316 5100 Apostolus,
1349 5029 1441 5083 illo
1469 5041 1684 5098 quoque
1720 5037 1848 5081 usus
1871 5033 1953 5080 est
1979 5024 2046 5081 de
2072 5024 2187 5080 veri

583 5123 784 5180 Christi
827 5123 1062 5178 adventu
1111 5136 1205 5192 per
1235 5136 1428 5192 aquam
1457 5129 1514 5175 et
1555 5119 1893 5189 sanguinem.
1939 5117 2035 5172 ilic
2078 5125 2182 5183 est,

587 5218 757 5290 inquit
794 5217 862 5291 (Ι
910 5216 1095 5283 Joan.,
1145 5232 1197 5281 v,
1235 5216 1341 5286 6),
1389 5216 1478 5284 qui
1534 5214 1681 5268 venit
1728 5228 1823 5282 per
1884 5225 2076 5280 aquam
2133 5217 2188 5265 et

585 5309 1085 5383 sanguinem‘lesus
1114 5308 1382 5373 Christus;
1429 5323 1535 5361 non
1567 5307 1620 5361 in
1663 5320 1801 5374 aqua
1849 5303 2045 5367 solum,
2091 5300 2186 5357 sed

586 5405 640 5458 itt
668 5417 804 5472 aqua
850 5411 905 5458 et
931 5402 1213 5473 sanguine.
1244 5401 1288 5454 A
1329 5399 1498 5470 signis
1527 5398 1783 5453 nimirum
1825 5397 1936 5452 veri
1977 5395 2186 5451 Mes-site

587 5501 994 5566 argumentatus
1021 5504 1106 5553 est
1133 5495 1200 5550 de
1226 5493 1420 5565 quibus
1446 5494 1585 5547 inter
1614 5490 1850 5556 Judzeus,
1876 5489 1959 5545 vel
1992 5490 2185 5544 saltem

586 5591 732 5648 illius
784 5589 885 5645 aevi
929 5589 1286 5655 christianos,
1328 5595 1676 5649 convenerat,
1737 5596 1842 5638 tant
1897 5595 1954 5638 ut
1999 5583 2184 5639 Jesum

586 5695 830 5742 n05trum
899 5697 1085 5738 verum
1147 5683 1393 5740 Messium
1449 5680 1855 5750 comprobaret,
1916 5691 2074 5748 quam
2132 5686 2190 5732 ut

595 5774 1062 5844 pseudo—christos
1112 5774 1231 5830 illos
1275 5774 1356 5831 vel
1404 5788 1470 5829 eo
1500 5773 1619 5845 ipso
1669 5772 1919 5843 baptismi
1969 5771 2188 5828 nomine

592 5867 948 5943 improbaret.
993 5864 1172 5935 Venit,
1205 5867 1394 5937 inquit,
1431 5881 1526 5939 per
1552 5879 1744 5938 aquam
1771 5875 1824 5924 et
1849 5862 2188 5937 sanguinem.

2295 4755 2451 4812 aqua:
2483 4742 2752 4812 baptismo
2781 4743 2834 4798 id
2861 4743 3028 4801 fuisse
3045 4755 3320 4818 receptum
3339 4756 3549 4803 constat
3571 4764 3639 4803 ex
3662 4747 3773 4818 ipsa
3802 4747 3892 4803 illa

2293 4835 2683 4907 pharismorum
2715 4839 3136 4912 interrogatione
3167 4858 3270 4912 qua
3305 4841 3590 4910 Joannem,
3611 4845 3807 4914 ipsene
3830 4857 3892 4898 se

2290 4944 2387 5000 pro
2403 4929 2596 4987 Messia
2616 4931 2930 4999 venditaret,
2954 4948 3015 4987 ex
3026 4933 3340 5004 plorandum
3355 4945 3682 4991 censuerunt
3716 4953 3728 4987 :
3753 4935 3890 5000 Quid

2293 5040 2414 5095 ergo
2457 5024 2684 5096 baptizus
2718 5065 2734 5093 ,
2768 5027 2814 5081 si
2855 5035 2910 5080 tu
2959 5043 3061 5081 non
3097 5044 3150 5082 es
3204 5027 3434 5083 Christus
3488 5045 3649 5099 neque
3695 5025 3844 5083 Elius
3871 5067 3890 5097 ,

2294 5133 2454 5189 neque
2479 5119 2726 5190 propheta
2741 5119 2881 5190 ?‘(S.
2910 5119 3095 5185 .Ioun.,
3132 5137 3168 5186 ι,
3202 5120 3320 5190 25).
3345 5120 3490 5176 idem
3519 5120 3586 5175 de
3613 5122 3894 5191 sanguinis

2296 5212 2564 5283 baptismo
2588 5213 2816 5268 innuunt
2840 5214 2928 5268 illa
2963 5214 3176 5269 Domini
3199 5213 3265 5269 ad
3294 5214 3588 5285 discipulos
3611 5231 3630 5270 :
3671 5213 3716 5268 Ο
3745 5216 3892 5270 stulti

2294 5316 2339 5362 et
2393 5306 2528 5360 tardi
2581 5305 2733 5361 corde
2763 5307 2830 5359 ad
2860 5306 3168 5362 credendum
3218 5310 3270 5362 iu
3328 5308 3561 5361 omnibus
3591 5324 3706 5379 qua:
3738 5308 3893 5363 locuti

2292 5410 2407 5455 sunt
2434 5401 2728 5471 prophetae!
2745 5397 2930 5456 Nonne
2947 5401 3054 5456 huic
3079 5402 3422 5472 aportuitpati
3439 5400 3720 5470 Christum,
3746 5414 3794 5456 ct
3820 5403 3892 5455 ita

2296 5495 2489 5551 intrare
2516 5497 2568 5550 in
2596 5496 2815 5568 gloriam
2840 5512 2986 5550 suam
3020 5496 3106 5568 (S.
3130 5495 3288 5565 Luc.,
3319 5513 3475 5564 ntv,
3498 5497 3593 5564 25,
3623 5497 3715 5567 26)
3737 5497 3758 5549 ?
3780 5495 3892 5550 Hoc

2294 5587 2500 5644 scilicet
2531 5603 2600 5644 ex
2642 5589 2749 5643 illis
2802 5589 3017 5658 collegit
3063 5587 3356 5659 Scripturis
3402 5604 3629 5659 quarum
3673 5599 3892 5642 sensum

2297 5689 2480 5751 postea
2524 5679 2806 5751 discipulis
2852 5681 3139 5751 explicuit,
3188 5697 3312 5736 cum
3363 5697 3549 5738 eorum
3585 5679 3892 5734 intellectus

2295 5773 2598 5843 aperuisset
2631 5781 2686 5826 ut
2714 5772 3027 5843 Scripturas
3069 5773 3452 5845 intelligerent,
3483 5771 3588 5826 illis
3634 5770 3886 5826 nimirum

2293 5880 2414 5939 qua:
2448 5866 2531 5925 vel
2567 5881 2632 5925 ex
2664 5865 2879 5925 illorum
2920 5868 3241 5926 saeculorum
3290 5863 3599 5934 concessis,
3626 5863 3708 5921 vel
3731 5863 3893 5920 certis
