4158 6260
246 390 320 457 8i

1317 400 1405 460 DE
1445 400 1761 463 SECUNDO
1798 392 2192 466 MARTYRUM
2250 398 2612 467 BAPTISMO.
3520 404 3595 467 62

258 513 605 590 quibusdam
636 514 785 573 illius
804 516 991 573 saeculi
1011 517 1328 586 ratiociniis,
1362 518 1427 575 de
1462 518 1653 576 Messia
1687 519 1886 577 intelli—
1912 521 1967 582 Α
1992 522 2375 595 sanguinisque
2421 524 2719 596 baptismos
2766 539 2887 581 esse
2914 518 3162 583 similiter
3191 514 3581 598 intelligendos.

256 608 470 683 gentia
527 619 729 676 erant,
795 625 1025 682 quaeque
1107 611 1335 667 futuram
1402 623 1891 669 commemorarent

257 701 496 760 Hessiz
532 702 875 774 passionem,
905 703 1095 775 quales
1144 704 1420 776 proferunt
1462 707 1888 778 quamplurimas

260 806 381 852 non
410 778 558 851 ἰξοῆ
583 793 747 851 modo
765 796 1097 852 Testamenti
1126 799 1439 870 scriptores,
1457 799 1552 855 sed
1580 809 1634 856 et
1660 817 1891 872 sequen-

259 889 409 947 tium
445 888 776 946 saeculorum
796 899 980 961 patres
1002 905 1230 962 quorum
1259 884 1444 947 citant
1465 891 1626 948 hodie
1649 892 1889 963 disputa-

258 983 458 1038 tiones
509 964 776 1038 adversus
797 964 1035 1051 Judmos,
1062 980 1324 1052 Justinus,
1353 983 1745 1056 Tertulliauus,
1778 987 1888 1042 Eu-

260 1077 487 1146 sebius,
520 1089 630 1133 etc.

340 1170 372 1243 ς
402 1170 500 1227 15.
519 1168 727 1226 —llla:
752 1186 883 1242 ergo
912 1171 1207 1242 Scripturte
1237 1189 1379 1243 qure,
1409 1189 1507 1243 pro
1538 1173 1681 1229 illius
1706 1172 1890 1229 smculi

262 1276 460 1337 captu,
496 1264 573 1322 de
590 1264 805 1322 Messias
822 1267 1078 1337 passione
1104 1267 1393 1323 intellecta:
1423 1278 1571 1335 sunt,
1590 1269 1890 1340 argumenti

260 1361 444 1416 vicem
479 1359 744 1415 obtinere
770 1369 1018 1430 poterant
1038 1361 1177 1432 apud
1210 1359 1354 1427 illos,
1383 1361 1493 1431 qui,
1530 1370 1586 1415 ut
1608 1361 1675 1415 ab
1697 1360 1887 1417 ortho-

268 1450 431 1510 doais
480 1451 871 1523 discrepabunt
901 1452 954 1507 in
987 1469 1052 1509 eo
1079 1453 1224 1525 quod
1255 1453 1441 1509 Jesum
1468 1469 1589 1509 esse
1616 1453 1890 1509 Christum

269 1545 564 1618 negarint,
595 1546 668 1600 ita
699 1554 751 1599 et
778 1543 829 1600 in
862 1559 927 1600 eo
956 1545 1195 1601 vicissim
1224 1562 1255 1601 a
1295 1545 1521 1611 Judmis,
1553 1546 1697 1617 quod
1727 1545 1889 1601 Citri-

280 1647 419 1694 stutu
454 1638 916 1709 qualemcumque
957 1638 1107 1694 illum
1140 1639 1440 1706 ﬁnxissent,
1472 1639 1685 1695 venisse
1714 1648 1890 1693 tamen

276 1730 639 1788 crediderint.
665 1729 740 1785 ita
766 1745 895 1803 ergo
915 1730 1095 1788 Jesum
1122 1734 1411 1803 Apostolus
1427 1733 1699 1789 Christum
1724 1732 1891 1790 fuisse

272 1822 669 1890 conﬁrmavit,
724 1823 872 1895 quod
927 1832 1034 1880 tam
1082 1839 1177 1895 per
1222 1825 1537 1896 sanguinem
1586 1826 1743 1895 Quam
1792 1842 1891 1897 per

1995 613 2070 669 Ita
2103 621 2282 687 itaque
2308 633 2375 673 ex
2402 617 2641 672 locorum
2675 619 2956 674 occasione
2986 616 3040 674 in
3066 619 3260 691 quibus
3286 635 3441 691 aqua:
3467 635 3594 676 san-

1992 705 2276 779 guinisque
2302 709 2628 766 mentionem
2661 706 2845 766 retulit
2870 711 3372 782 hucTertullianus,
3391 722 3591 771 etcum

1994 797 2326 857 Tertulliano
2362 813 2517 857 vetus
2564 801 2654 858 illa
2702 802 3056 875 proculdubio
3104 805 3370 874 Ecclesia,
3396 806 3594 879 colligi-

1994 906 2135 961 mus,
2166 908 2274 949 non
2306 893 2472 949 alium
2507 895 2688 967 utique
2733 897 3048 967 sanguinem
3096 914 3257 970 quam
3297 897 3594 969 baptisma-

1995 982 2099 1061 lem
2130 998 2250 1039 esse
2276 983 2705 1056 intelligendum.

2068 1074 2293 1155 §l7.—
2325 1078 2392 1132 At
2420 1080 2716 1148 a-qu'ivoce,
2749 1078 2980 1151 inquies,
3001 1072 3303 1138 communis
3323 1072 3441 1139 erat
3462 1080 3591 1155 bap-

1995 1169 2137 1223 tismi
2164 1154 2251 1224 illa
2282 1171 2419 1225 ratio
2448 1184 2621 1242 omne,
2651 1158 2901 1244 sangiiiui
2934 1172 3092 1247 atque
3113 1170 3360 1247 Spiritui,
3390 1187 3447 1231 ut
3469 1154 3595 1248 pro-

1996 1261 2120 1317 inde
2143 1279 2247 1317 non
2273 1264 2342 1319 sit
2373 1264 2514 1335 quod
2548 1283 2612 1320 ex
2643 1267 2916 1322 commuui
2943 1268 3043 1324 hac
3074 1266 3327 1339 baptismi
3372 1271 3586 1326 ratione

1994 1352 2290 1409 inferamus
2343 1358 2621 1427 sanguinei
2676 1364 2836 1429 atque
2883 1362 3039 1430 aquei
3091 1361 3340 1433 baptismi
3388 1362 3593 1420 fructus

1994 1446 2212 1501 eosdem
2240 1444 2362 1503 esse
2394 1449 2777 1519 expectandos.
2806 1451 2859 1505 id
2885 1469 2950 1507 ne
2980 1450 3208 1519 dicatur,
3242 1456 3593 1514 observamus

1996 1547 2254 1609 praeterea
2283 1551 2474 1610 quarto
2507 1540 2558 1596 in
2605 1542 2722 1613 ipso
2754 1542 2843 1599 illo
2876 1542 3191 1600 initiationis
3237 1546 3591 1616 expiationis-

1997 1646 2102 1700 que
2134 1629 2263 1699 ritu,
2298 1633 2381 1686 cui
2415 1630 2759 1703 peceatoruni
2794 1636 2936 1690 illam
2986 1640 3358 1725 purga.tionem
3389 1640 3594 1697 tribue-

1994 1724 2126 1779 bant
2153 1726 2385 1791 i'etcrcs,
2418 1732 2523 1780 tam
2556 1726 2891 1799 frequentem
2925 1718 3097 1785 fuisse
3137 1718 3279 1802 apud
3322 1731 3442 1789 illos
3469 1749 3595 1789 sau-

1993 1817 2168 1887 guinis
2218 1826 2377 1888 quam
2425 1818 2803 1889 aqh:i:,usum.
2835 1816 2892 1876 In
2941 1830 3165 1893 utraque
3213 1823 3302 1879 illa
3357 1833 3462 1879 tam
3500 1824 3598 1881 Ju-

275 1932 478 1989 aquam
506 1916 744 1983 venerit,
773 1916 827 1970 in
859 1932 923 1972 eo
953 1933 1147 1988 nempe
1179 1934 1386 1989 ponens
1408 1917 1689 1988 emphasin
1721 1927 1887 1988 atque
1917 1900 1965 1982 ὴ
1995 1909 2260 1976 daedrum,
2294 1926 2454 1981 quam
2507 1910 2824 1977 Gentilium,
2866 1908 3168 1969 initiatione
3203 1915 3591 1972 sacriiiciorum

274 2010 590 2083 argumenti
620 2006 760 2075 vim,
789 2008 1061 2080 quodnon
1086 2010 1140 2065 in
1167 2028 1303 2083 aqua
1337 2012 1510 2066 solum
1533 2011 1764 2076 venerit,
1790 2011 1885 2065 sed

282 2104 347 2161 in
400 2114 542 2175 aqua
569 2112 624 2159 et
677 2103 977 2173 sanguine,
1011 2102 1153 2173 quod
1207 2103 1460 2167 nimirum
1501 2103 1652 2158 illum
1697 2102 1764 2158 de
1794 2102 1888 2157 ad-

286 2194 459 2253 vc'nt‘u
502 2195 557 2251 in
599 2208 732 2266 aqua
764 2206 1084 2266 prtetextum
1117 2210 1219 2252 nec
1251 2194 1645 2266 pseudochristi
1669 2194 1886 2267 quidem

281 2288 637 2361 abiecissent,
666 2288 988 2359 sanguinem
1034 2288 1315 2343 dumtaxat
1346 2289 1487 2345 inter
1516 2289 1779 2345 adventus
1805 2289 1888 2344 sui

284 2383 437 2455 signa
467 2396 579 2439 non
611 2376 989 2437 adhibuissent
1016 2381 1158 2451 (cum
1190 2394 1289 2437 nec
1318 2380 1418 2452 ipsi
1462 2380 1765 2436 antichristi
1790 2396 1887 2452 pa-

284 2477 481 2543 tiendi,
513 2486 613 2532 seu
665 2474 995 2546 exemplum,
1029 2490 1124 2531 seu
1156 2475 1318 2531 etiam
1360 2475 1776 2541 institutionem,
1801 2473 1889 2530 di-

281 2570 515 2641 scipulis
544 2568 888 2639 edidissent),
911 2584 1015 2639 qua
1045 2564 1166 2639 ipsa
1211 2569 1422 2625 ratione
1471 2568 1592 2623 illos
1642 2568 1890 2639 probata

286 2663 501 2720 Christi
527 2678 649 2720 esse
694 2664 908 2720 nomine
939 2654 1327 2730 excludendos,
1376 2663 1466 2735 qui
1499 2671 1785 2735 utrumque
1817 2662 1891 2718 si-

290 2771 465 2828 gnum
498 2755 754 2813 adhibere
780 2752 1050 2814 debuerit.

360 2849 573 2923 §16.—
589 2849 697 2907 Nec
708 2850 814 2906 alio
830 2846 1173 2907 referendum
1189 2850 1442 2906 existimo
1458 2850 1622 2921 quod,
1641 2849 1694 2905 in
1710 2848 1888 2905 Evan-

286 2943 460 3014 gelio,
481 2943 686 3015 signum
717 2942 847 2999 illud
874 2943 945 2999 de
975 2959 1114 3014 aqua
1145 2952 1199 2999 et
1221 2944 1481 3015 sanguine
1508 2959 1538 2998 e
1569 2942 1755 2999 lateris
1776 2944 1892 2999 vul-

292 3050 429 3091 nere
467 3035 518 3090 in
556 3050 721 3092 cruce
752 3036 1098 3092 manantibus
1147 3044 1432 3106 tant0pcre
1462 3035 1889 3092 conﬁrmaudmu

288 3126 581 3184 crediderit
615 3128 929 3199 Apostolus,
964 3130 1118 3202 quasi
1164 3130 1230 3185 de
1277 3146 1344 3187 eo
1390 3130 1580 3185 fuisset
1624 3130 1890 3185 maximo-

280 3236 414 3291 pere
473 3220 797 3276 dubitatum.
861 3219 928 3276 Et
989 3222 1075 3293 qui
1138 3222 1308 3287 vidit,
1368 3223 1585 3293 inquit,
1649 3222 1891 3278 testimo-

1992 2008 2144 2057 usum
2162 2002 2534 2059 intercessisse
2563 2016 2721 2059 nemo
2734 2006 2815 2061 est
2837 2005 2963 2077 quin
2988 2002 3593 2068 facile.concedat.Nota

1991 2102 2075 2151 est
2105 2093 2245 2167 apud
2285 2094 2501 2152 Judaeos
2539 2097 2701 2152 etiam
2758 2098 3106 2155 rabbinorum
3157 2082 3244 2156 illa
3283 2098 3593 2165 Observatio

1992 2202 2098 2257 qua
2157 2186 2258 2242 tria
2304 2187 2491 2243 dicunt
2546 2187 2599 2245 in
2638 2188 3023 2263 proselytismo
3076 2209 3196 2249 esse
3225 2188 3592 2268 observanda,

1992 2279 2497 2348 circumclsionem,
2574 2283 2899 2340 sacriﬁcium
2948 2295 3109 2358 atque
3156 2282 3502 2359 baptismum.
3531 2292 3599 2349 Et

1995 2388 2123 2430 vero
2152 2375 2401 2431 sacriﬁcii
2432 2376 2607 2433 vicem
2638 2379 2981 2449 sustinuisse,
3014 2398 3080 2436 ex
3104 2378 3344 2438 Veterum
3373 2395 3594 2441 senten-

1997 2468 2088 2528 tia.
2121 2470 2439 2541 martyrimn
2466 2470 2577 2541 jam
2607 2471 2975 2551 probavimus.
3006 2474 3178 2529 Porro
3214 2486 3410 2546 pra-ter
3430 2478 3597 2536 sacri-

1995 2561 2237 2616 iiciorum
2256 2563 2597 2634 sanguinem,
2616 2580 2684 2620 ue
2705 2564 2757 2620 id
2772 2564 2987 2637 quidem
3004 2562 3120 2623 erat
3140 2583 3169 2621 a
3196 2564 3465 2626 cdmmuni
3494 2571 3595 2628 ini-

1996 2652 2275 2709 tiatiouum
2303 2670 2403 2711 usu
2429 2654 2663 2713 alienum
2688 2667 2745 2713 ut
2766 2660 2920 2714 suuiu
2951 2658 3165 2733 quoque
3187 2663 3502 2732 sanguinem
3527 2664 3595 2721 ad

1994 2749 2076 2804 sui
2107 2744 2470 2822 cipiationcm
2500 2750 2840 2809 adhiberent.
2886 2753 3103 2810 Clarum
3135 2742 3266 2813 illud
3308 2769 3391 2814 est
3417 2756 3468 2814 in
3490 2760 3595 2815 cir-

1997 2843 2329 2899 cumciSione
2368 2843 2510 2915 apud
2545 2845 2762 2902 Jndznos
2809 2846 3141 2919 exemplum.
3177 2844 3283 2907 Sed
3312 2840 3367 2906 et
3397 2852 3447 2906 in
3477 2844 3593 2907 Bel-

1996 2936 2134 2992 lonm
2184 2938 2357 2994 initiis
2403 2942 2717 3011 sanguinem
2765 2942 3025 2998 emissum
3065 2959 3187 2999 esse
3228 2944 3487 3000 discimus
3525 2960 3589 3001 ex

1995 3028 2329 3085 Tertulliano
2380 3032 2695 3105 (Apologet.,
2742 3047 2791 3089 c.
2826 3032 2882 3109 8)
2942 3052 2955 3089 :
3001 3028 3194 3104 liudie,
3248 3034 3439 3108 inquit,
3472 3036 3591 3095 istic

1996 3124 2232 3180 Bellona:
2281 3135 2523 3182 sacratus
2578 3127 2795 3203 sanguis
2851 3127 2918 3186 de
2965 3129 3171 3187 femore
3222 3125 3491 3203 proscisso
3535 3134 3589 3190 in

1996 3218 2286 3288 palmulam
2319 3231 2579 3291 exceptus
2609 3223 2718 3277 suis
2748 3202 2904 3277 datur
2956 3218 3199 3294 signatis.
3228 3202 3484 3297 ls‘jusdem
3518 3227 3589 3283 ri-

284 3313 432 3367 nium
472 3312 770 3383 perhibuit,
802 3318 857 3369 et
881 3330 1064 3369 verum
1119 3323 1202 3370 est
1256 3316 1599 3369 testimonium
1656 3317 1784 3386 ejus.
1826 3315 1888 3369 Et
1916 3320 1961 3381 Ε
1996 3321 2083 3367 tus
2137 3314 2501 3368 meminerunt
2539 3326 2593 3370 et
2641 3315 2751 3370 alii.
2786 3298 2919 3371 Cum
2967 3316 3145 3373 tamen
3190 3322 3261 3391 ita
3307 3308 3505 3374 scribat
3538 3320 3589 3375 iu

279 3407 370 3461 ille
395 3409 492 3462 scit
531 3408 656 3479 quia
686 3422 804 3463 vera
850 3409 1005 3474 dicit,
1032 3420 1086 3463 ut
1132 3420 1180 3466 et
1226 3424 1312 3464 vos
1351 3410 1571 3466 credatis
1594 3409 1885 3483 (8.10am,

283 3514 407 3565 arx,
433 3499 550 3573 55).
580 3498 644 3555 Ni
687 3501 920 3571 ᾳιιιιεειίο
948 3500 1138 3558 fuisset
1164 3502 1305 3558 inter
1324 3501 1549 3557 aemulos
1567 3498 1782 3570 Christi,
1802 3520 1886 3571 ea,

285 3608 393 3664 qua
423 3593 533 3648 dixi
557 3636 572 3660 ,
608 3593 1025 3650 ratiocinatione
1074 3593 1413 3650 terminauda
1437 3638 1451 3662 ,
1503 3595 1608 3651 alia
1650 3597 1890 3665 profecto

288 3687 502 3743 Domini
529 3688 791 3745 miracula
811 3690 1023 3746 abunde
1044 3690 1163 3761 ejus
1181 3706 1209 3745 a
1243 3700 1390 3761 patre
1416 3691 1727 3747 missionem
1751 3708 1884 3748 con-

290 3781 625 3838 ﬁrmassent.
658 3782 862 3838 Eorum
894 3793 1072 3839 tamen
1104 3782 1495 3838 miraculorhm
1518 3791 1683 3839 testes
1710 3784 1889 3841 nullos

285 3875 531 3944 pmtulit,
565 3875 767 3931 nedum
805 3882 953 3931 tanta
1010 3877 1119 3941 illa,
1155 3892 1258 3947 qua
1301 3876 1387 3931 hic
1443 3890 1571 3932 usus
1600 3888 1703 3944 est,
1736 3893 1888 3934 asse-

285 3967 595 4025 veratione.
626 3968 765 4035 Quid
804 3969 947 4039 quod
974 3973 1137 4025 verba
1172 3970 1280 4037 illa,
1314 3980 1371 4025 ut
1398 3973 1582 4040 c'tvos,
1606 3972 1888 4043 emphasin

299 4061 594 4131 quamdam
628 4063 861 4119 habeant
889 4063 1164 4128 eximiam,
1195 4064 1400 4134 reliqua
1438 4064 1689 4120 nimirum
1723 4066 1889 4120 mira-

296 4152 425 4209 cula
454 4154 735 4211 inﬁdelium
756 4172 922 4213 causa
945 4156 1109 4213 fuisse
1141 4167 1247 4212 tam
1294 4156 1458 4226 edita,
1483 4172 1643 4229 quam
1675 4159 1889 4229 scriptis

293 4248 461 4305 etiam
487 4249 834 4322 consignata;
858 4250 966 4307 hoc
991 4266 1156 4306 unum
1180 4247 1300 4305 aliis
1317 4251 1537 4306 omnino
1564 4248 1888 4308 adversariis

290 4341 460 4398 fuisse
484 4341 813 4399 destinatum
845 4342 953 4398 illis
974 4343 1231 4399 nimirum
1259 4354 1490 4414 quorum
1515 4343 1685 4414 gratia
1715 4336 1888 4414 scrip-

297 4444 410 4491 tum
452 4433 643 4492 fuisset
672 4435 1042 4507 Evangelium,
1066 4436 1505 4490 antichristorum
1567 4435 1887 4490 :emulorum

290 4526 682 4582 assertoribu's.
718 4527 887 4584 liccte
918 4527 1098 4599 itaque
1123 4524 1263 4582 hanc
1293 4527 1569 4597 sanguinis
1596 4528 1800 4597 pariter
1825 4542 1888 4583 ac

286 4636 444 4693 aqua:
469 4635 503 4676 e
529 4617 730 4676 Christi
784 4620 954 4677 latere
999 4621 1346 4676 emissionem
1369 4663 1383 4686 ,
1413 4618 1573 4692 atque
1615 4616 1885 4691 duplicem

1993 3400 2293 3459 Commodo
2320 3421 2418 3460 suo
2444 3402 2806 3476 Lampridius,
2836 3427 2855 3460 ‹
2886 3406 3120 3463 Bellonz'e
3144 3398 3443 3465 scrt'ietties
3467 3426 3593 3465 vere

1994 3510 2253 3551 exsecare
2285 3492 2565 3553 brachium
2597 3492 2890 3569 praecepit,
2930 3520 2949 3553 ι
2981 3490 3185 3571 colligit
3240 3490 3591 3577 Casaubonus

1996 3587 2311 3659 plerumque
2357 3588 2477 3645 ﬁcta
2518 3598 2573 3645 et
2602 3582 2851 3646 simulata
2906 3588 3110 3647 tantum
3171 3590 3336 3649 fuisse
3366 3590 3587 3649 vulnera

1994 3675 2442 3737 Bellonariormit.
2468 3680 2547 3739 Eo
2574 3690 2840 3740 venerunt
2864 3672 3094 3740 fortasse
3119 3685 3453 3742 mollioribus
3475 3682 3588 3742 suis

1995 3775 2542 3845 lnterpretatiunculis
2600 3762 2814 3834 fanatici
2869 3779 3221 3834 recentiores.
3261 3778 3368 3835 Sed
3398 3796 3587 3836 verum

1996 3865 2163 3923 fuisse
2213 3870 2488 3940 sanguinis
2530 3871 2875 3926 emissionem
2926 3888 3044 3943 qua:
3096 3870 3163 3927 ab
3194 3873 3588 3945 antiquioribus

1995 3958 2296 4015 introducta
2348 3970 2454 4028 est,
2488 3969 2542 4017 ct
2582 3964 2767 4019 verum
2801 3962 2944 4020 illam
2974 3973 3091 4037 quae
3142 3982 3170 4020 a
3205 3965 3462 4022 militibus
3487 3964 3587 4020 ob-

1993 4064 2207 4108 servata
2232 4064 2313 4109 est
2340 4054 2576 4112 Bellona:
2605 4056 2846 4124 initiatis,
2872 4062 2902 4115 e
2933 4058 3243 4130 supradicto
3270 4059 3589 4116 Tertulliani

1992 4144 2115 4200 loco
2143 4143 2451 4217 Colligimhs
2482 4159 2641 4219 atque
2671 4147 2900 4219 Vegetii,
2924 4148 3259 4218 aliorumque
3288 4148 3589 4220 plerorum-

1992 4253 2098 4309 que
2113 4232 2200 4309 qui
2218 4239 2374 4308 hujus
2390 4240 2525 4295 ritus
2539 4241 2918 4297 meminerunt.
2936 4241 3004 4298 Et
3021 4258 3148 4298 vero
3167 4242 3590 4300 vetustissimum

1992 4328 2162 4386 fuisse
2187 4330 2338 4387 illum
2370 4330 2702 4389 lustrationis
2737 4346 2941 4392 morem
2974 4352 3071 4407 per
3117 4339 3392 4408 sanguinis
3432 4341 3592 4396 emis-

1993 4424 2200 4479 sionem
2220 4439 2250 4479 e
2276 4426 2689 4497 quampltirimis
2714 4420 3232 4500 constatSbrlpiura:
3254 4429 3388 4487 locis
3409 4429 3587 4502 :Lev.,

1991 4530 2108 4583 xxx,
2140 4502 2210 4571 28
2235 4533 2250 4584 ;
2279 4516 2460 4585 Deut,
2490 4532 2598 4585 le,
2633 4520 2658 4575 l
2690 4535 2705 4587 ;
2736 4521 2757 4576 l
2790 4521 2941 4593 17:39.,
2977 4530 3130 4590 xvut,
3158 4516 3268 4589 28;
3302 4520 3441 4591 dein,
3476 4539 3585 4591 xw,

1991 4607 2046 4665 6.
2066 4608 2145 4664 Ita
2171 4616 2367 4682 nempe
2395 4610 2638 4680 Bauliite,
2659 4613 2728 4669 ita
2759 4606 2895 4671 Galli
2924 4614 3175 4688 (qu'orimi
3206 4604 3349 4673 diem
3378 4624 3590 4673 Sacrum

292 4713 435 4769 hunc
474 4716 631 4786 aqua:
688 4715 1067 4786 sanguinisque
1105 4714 1453 4784 baptismum,
1483 4713 1674 4769 eodem
1705 4712 1888 4769 retulit

1993 4717 2046 4756 ut
2072 4701 2183 4759 kal.
2236 4704 2393 4774 april.
2444 4722 2603 4777 quem
2657 4714 2711 4763 et
2739 4710 3013 4780 sanguinis
3042 4710 3185 4767 diem
3225 4696 3589 4783 appellabant,

292 4804 680 4861 Teduilianus.
707 4804 863 4873 Quod
891 4805 1033 4861 enim
1065 4806 1326 4861 adversus
1374 4802 1594 4861 eosdem
1638 4805 1891 4861 adversa-

284 4901 401 4956 rios
440 4899 747 4971 conscripta
791 4908 977 4955 essent
1022 4899 1089 4955 ab
1115 4899 1394 4970 Apostolo,
1428 4897 1554 4955 lude
1601 4913 1730 4955 sane
1760 4898 1893 4956 veri-

287 4991 463 5048 siile
489 5000 576 5048 est
629 4990 827 5047 eodem
856 5004 979 5047 esse
1005 4990 1307 5047 referenda.
1343 4990 1411 5046 Et
1434 4991 1557 5063 quia
1587 5005 1710 5047 cum
1736 5002 1890 5062 aqua:

300 5094 351 5142 et
411 5086 651 5158 Spiritus
728 5085 1012 5157 baptismis
1072 5087 1145 5142 ita
1210 5086 1428 5157 sanguis
1494 5086 1563 5140 ab
1630 5084 1890 5156 Apostolo

306 5177 543 5251 (tiam,
566 5196 621 5247 ν,
650 5179 706 5251 8)
736 5178 1035 5247 confertur,
1065 5188 1122 5234 ut
1149 5179 1265 5249 ipse
1310 5178 1602 5234 ternarium
1630 5190 1751 5233 cuin
1783 5176 1889 5234 illis

303 5288 574 5331 linteorum
598 5274 898 5341 conﬁciat;
929 5274 1086 5344 plane
1134 5272 1378 5342 sequitur
1429 5272 1679 5343 baptismi
1726 5270 1889 5327 etiam

297 5364 561 5423 rationein
585 5368 833 5441 sanguini
861 5381 984 5422 cum
1015 5380 1150 5435 aqua
1174 5364 1339 5420 fuisse
1358 5368 1724 5420 communem.
1752 5363 1889 5433 Quia

289 5459 464 5516 etiam
489 5472 555 5514 et
576 5474 718 5533 aqua
740 5470 797 5517 et
822 5457 1101 5530 sanguinis
1120 5458 1410 5513 emissione
1436 5456 1509 5511 ita
1541 5454 1888 5511 antichristus

288 5550 489 5609 refutat
518 5553 575 5608 in
615 5552 910 5625 Evangelia
939 5558 998 5607 ut
1025 5549 1078 5606 in
1110 5549 1337 5620 epistola
1363 5548 1621 5604 refutarat
1668 5562 1766 5619 per
1788 5548 1887 5603 ad;

288 5657 511 5705 ventum
556 5649 609 5705 in
641 5661 784 5718 aqua
822 5657 875 5703 et
916 5646 1179 5716 sanguine
1209 5662 1222 5699 :
1257 5644 1503 5715 sequitur
1530 5652 1811 5713 prmterea,
1842 5632 1885 5698 si

288 5740 344 5798 in
363 5739 596 5814 cpistola
626 5756 728 5814 per
750 5741 1063 5812 sanguinem
1092 5739 1387 5811 baptismus
1416 5738 1692 5808 sanguinis
1722 5737 1887 5795 intel-

285 5834 539 5908 ngndtts
580 5834 683 5904 sit,
732 5834 786 5890 in
812 5833 1105 5890 emissione
1146 5831 1307 5888 etiam
1358 5830 1446 5888 illa
1478 5846 1632 5903 aqua:
1671 5839 1727 5887 et
1755 5845 1885 5886 san-

268 5924 479 6002 mut,
512 5938 639 6003 qua
688 5929 743 5988 tu
785 5926 1080 6001 Evangelia
1128 5933 1492 5996 memoratur,
1540 5938 1693 5999 aqua:
1723 5923 1886 5985 etiam

1996 4805 2265 4853 memorat
2294 4800 2346 4853 in
2380 4799 2444 4855 Ι).
2486 4799 2710 4856 Claudio
2746 4800 3049 4858 Trebellius
3080 4803 3275 4871 Pollio,
3308 4814 3589 4874 perperam

1994 4891 2140 4945 enim
2188 4906 2251 4947 ea
2281 4891 2347 4947 ad
2396 4891 2674 4949 Bellonam
2722 4894 2907 4951 retulit
2957 4894 3325 4961 Casaubouus,
3376 4910 3495 4967 qua:
3523 4888 3590 4951 uti

1992 4988 2240 5065 magnam
2274 4996 2499 5042 matrem
2530 4987 2648 5058 ipse
2670 4980 2852 5044 retulit
2874 4980 3222 5059 TrebelliUS),
3251 4988 3322 5043 ita
3348 4984 3503 5042 lsiaci
3535 4992 3591 5043 et

1991 5078 2219 5151 Luperci
2245 5080 2424 5153 llagris
2458 5094 2577 5137 sesc
2617 5086 2962 5153 pectorumve
2985 5080 3322 5137 tuusioulbus
3351 5080 3493 5137 male
3523 5078 3590 5138 ad

1992 5175 2268 5246 sanguinis
2294 5175 2605 5233 missionem
2626 5190 2795 5247 usque
2819 5172 3367 5234 ihulctatneSEodem
3387 5178 3592 5233 scilicet

1992 5270 2242 5339 exemplo
2290 5284 2396 5340 quo
2446 5285 2541 5325 sua
2571 5283 2783 5342 quoque
2831 5274 2952 5328 cum
3003 5268 3336 5327 dmntonibus
3388 5266 3589 5327 foedera

1992 5361 2259 5421 Veneﬁca:
2287 5365 2447 5420 etiam
2470 5362 2732 5437 sanguine
2759 5360 3013 5422 dicuntur
3038 5364 3197 5421 hodie
3220 5365 3452 5421 sancire.

2063 5456 2092 5530 ᾗ
2121 5456 2285 5512 18.-
2304 5456 2490 5530 Neque
2509 5472 2638 5515 vero
2661 5458 2934 5517 initiorum
2964 5460 3240 5515 dumtaxat
3268 5457 3439 5513 i'iccm
3464 5466 3593 5531 sup-

1994 5548 2171 5621 plebat
2227 5546 2565 5622 baptismus,
2622 5551 2760 5623 pacti
2800 5554 2959 5609 etiam
3010 5552 3153 5606 illam
3196 5550 3491 5608 obtinebat.
3521 5553 3593 5607 At

1994 5642 2377 5714 paciscendum
2404 5660 2617 5717 quoque
2647 5658 2763 5699 mos
2788 5652 2904 5700 erat
2934 5658 3031 5699 suo
3059 5643 3294 5699 invicem
3326 5645 3587 5715 sanguine

1992 5736 2195 5793 fuzdera
2243 5738 2472 5793 sancire.
2506 5738 2582 5794 ita
2628 5735 3094 5793 circumcisionetn
3140 5736 3292 5793 Silani
3323 5736 3588 5806 iutellige-é

1992 5830 2121 5887 baut
2148 5831 2339 5888 Judaél.
2364 5827 2517 5887 Unde
2554 5831 2714 5887 etiam
2762 5830 2851 5901 qui
2878 5836 3036 5901 pacto
3081 5829 3317 5886 inosaico
3349 5840 3444 5900 per
3470 5836 3585 5883 san-

1991 5926 2211 6001 guiucm
2244 5923 2486 5987 initiatus
2509 5923 2718 5997 fuisset,
2742 5924 2885 5998 eum,
2908 5930 3007 5998 pro
3034 5922 3264 5998 receptis
3284 5918 3592 5982 intimorum
