4230 6212
535 264 606 321 63
1530 259 1893 320 DODWELLI
1934 255 2389 315 DISSERTATIO
2427 257 2844 321 CYPRIANlCA
3767 264 3840 324 64

534 385 796 455 moribus,
818 391 930 475 pm
969 391 1119 444 nam
1146 384 1474 457 appellatum
1502 382 1567 439 ad
1598 382 1797 449 Exod.,
1830 397 1900 447 tv,
1924 380 2017 448 26,
2042 378 2139 434 01)-
2168 378 2217 438 Α
2248 375 2383 430 irato
2435 377 2657 434 nomine
2703 377 2891 448 patriae
2935 379 3211 438 calamitas
3240 397 3365 453 quae
3407 382 3846 444 multorumexi-

539 474 835 537 servarunt
871 479 1055 537 Medus
1110 489 1271 552 atque
1313 477 1631 549 Gregorius,
1662 486 1717 532 et
1765 485 1888 531 ante
1944 474 2137 530 illosin

539 570 740 629 Lexico
772 588 872 628 suo
908 571 1284 644 Schindlerus.
1316 571 1460 628 Idem
1515 571 1568 625 in
1620 568 1897 641 gentilium
1926 581 2138 639 quoque

538 666 715 738 pactis
742 664 991 734 obtinuit,
1024 681 1255 738 quorum
1293 663 1545 735 equidem
1570 662 1884 718 memoriam
1908 660 2139 729 aliquam

541 757 707 815 hodie
746 758 1062 828 retinemus,
1095 759 1504 831 antiquissimis.
1541 758 1617 813 De
1646 756 1813 812 Medis
1837 765 1997 826 atque
2037 753 2141 824 Ly-

544 850 628 907 dis
652 860 842 908 auctor
884 860 963 908 est
1016 853 1070 908 in
1115 852 1232 909 Clio
1279 850 1599 919 Herodotus,
1643 849 1788 927 ὅρκια
1817 848 1872 905 δὲ
1909 849 2138 904 ποιέεται

539 950 712 1005 ταῦτα
735 947 804 1002 τὰ
837 944 983 1003 ἔθνεα
1027 948 1251 1023 τάπερτε
1294 946 1525 1007 Ελληνεςο
1567 949 1656 1000 καὶ
1699 944 1829 1020 πρὸς
1867 944 1959 998 τού
2012 960 2147 994 τοισι

541 1042 697 1098 ἐπεὰν
725 1043 846 1102 τοὺς
868 1040 1159 1119 βραχίονας
1189 1039 1558 1115 ἐπιτάμωνται.
1582 1061 1633 1101 ες
1655 1042 1745 1099 τήν
1766 1033 2071 1112 ὁμοχροιῖην
2090 1032 2147 1085 τὸ

546 1129 675 1207 αἷμα
714 1134 1056 1208 ἀνοιὶιίχουσι
1094 1134 1334 1195 ἀλλήλων.
1366 1135 1439 1191 De
1469 1132 1678 1204 Scythis
1699 1133 1750 1186 in
1780 1128 2102 1201 Melpomene
2129 1140 2147 1178 :

549 1222 701 1302 ὅρκια
742 1222 797 1279 δὲ
819 1231 1088 1281 ποιοῦνται
1108 1228 1290 1282 Σκύθαι
1314 1224 1409 1282 ὦδε
1427 1270 1440 1291 ,
1468 1228 1598 1303 πρὸς
1620 1226 1741 1284 τούς
1767 1217 1828 1277 ἂν
1855 1221 2145 1276 ποιέωνται’

547 1324 598 1378 ἐς
619 1317 803 1372 κύλικα
826 1318 1046 1393 μεγάλην
1075 1322 1350 1396 κεραμίνην
1376 1315 1504 1375 οἶνον
1528 1320 1827 1391 ἐγχέαντες,
1858 1311 1989 1388 αἷμα
2009 1335 2145 1384 συμ-

544 1413 793 1486 μίσγουσι
819 1419 917 1468 τῶν
953 1414 1020 1468 τὰ
1046 1411 1193 1489 ὅρκια
1223 1415 1567 1487 ταμνομένων.
1602 1412 1678 1468 De
1704 1412 1896 1467 iisdem
1933 1409 2150 1479 Scythis

545 1510 709 1572 atque
738 1501 908 1558 Medis
951 1503 1021 1558 ita
1063 1503 1279 1560 Solinus
1310 1521 1322 1557 ε
1361 1523 1380 1556 ι
1415 1503 1620 1558 llaustu
1663 1504 1839 1559 mutui
1870 1504 2148 1575 sanguinis

544 1593 723 1651 ftedus
756 1595 1024 1663 sanciunt,
1056 1611 1161 1651 non
1192 1611 1292 1651 suo
1325 1606 1528 1651 tantum
1552 1610 1725 1661 more,
1751 1594 1846 1653 sed
1869 1595 2146 1652 Medorum

546 1700 763 1757 quoque
797 1695 1050 1757 usurpata
1077 1687 1380 1757 disciplina.
1421 1706 1440 1740 ι
1477 1687 1786 1761 (Polyhisl.,
1836 1703 1889 1744 c.
1921 1689 2039 1759 20.)
2079 1688 2149 1744 Et

2253 472 2388 527 tium
2416 472 2770 542 cpidetuicum
2800 474 3117 543 minaretur,
3163 477 3458 533 multorum
3492 477 3614 532 vitae
3640 492 3841 548 pauco-

2249 583 2367 621 rum
2423 577 2580 645 eraut
2630 570 2890 642 sanguine
2935 570 3298 638 redimendae,
3338 573 3453 627 sive
3502 571 3546 628 is
3577 573 3841 629 sacriﬁcio

2249 669 2411 727 esset,
2438 661 2551 715 sive
2578 662 2682 716 alio
2712 662 2891 731 aliquo
2931 661 3090 719 modo
3117 663 3463 721 hauriendus.
3489 664 3621 721 Eam
3638 668 3844 742 ,ἀνθρωο

2256 757 2524 823 «aeuum,
2557 755 2697 827 apud
2724 755 3010 812 Phteuicas
3040 756 3300 812 rationem
3324 755 3557 813 reddidit
3583 756 3709 831 (Ap.
3739 757 3845 812 Eu-

2249 846 2376 911 seb.,
2396 843 2573 920 Priap.
2599 866 2802 921 evang.,
2822 866 2857 919 ι,
2875 849 2975 913 1ος
2999 865 3070 916 tv,
3092 845 3161 905 16
3180 866 3195 908 ;
3213 847 3500 921 Porphyr.,
3515 850 3577 904 de
3591 850 3760 918 Abst.,
3786 866 3841 919 tt,

2252 935 2366 1010 ὺϐ),
2388 940 2527 1010 apud
2558 940 2833 997 Philonem
2863 941 3126 1015 Byblium,
3156 943 3364 998 Pseudo
3394 944 3694 1001 Sauchonia
3718 944 3844 1000 thon

2249 1041 2458 1098 auctor,
2490 1042 2547 1087 ιιι
2575 1033 2734 1105 vulgo
2760 1036 3019 1100 creditur,
3044 1037 3453 1094 vetustissimus.
3483 1037 3737 1095 Eamdetn
3765 1040 3847 1095 di-

2248 1134 2377 1180 cunt
2409 1124 2671 1181 rationem
2700 1129 3007 1201 'mytlmlogi
3055 1146 3152 1185 cur
3195 1130 3435 1203 Phryrus
3482 1140 3537 1187 et
3567 1132 3720 1188 Helle
3750 1148 3843 1187 sa-

2250 1219 2456 1273 criﬁcio
2481 1220 2903 1288 destinarentur,
2936 1239 3056 1279 cum
3088 1234 3244 1280 terrae
3272 1224 3527 1282 sterilitas
3560 1226 3660 1299 (ita
3688 1228 3847 1282 enim

2253 1311 2562 1367 Athamanti
2586 1316 2852 1384 persuasit
2880 1314 2998 1388 Ino)
3023 1317 3214 1372 famem
3247 1317 3562 1373 minaretur.
3586 1317 3847 1375 Eamdem

2250 1418 2350 1459 cur
2376 1403 2569 1461 Leonis
2616 1405 2762 1474 ﬁliae,
2794 1421 2891 1462 cur
2940 1407 3305 1477 Andromeda,
3353 1424 3449 1464 cur
3473 1410 3665 1477 etiam,
3706 1409 3848 1481 apud

2251 1498 2584 1556 recentiores
2629 1499 2920 1567 Romanos,
2936 1498 3150 1558 Curtius
3176 1512 3231 1557 et
3257 1501 3369 1557 duo
3398 1502 3542 1558 Decii
3562 1517 3643 1569 se,
3665 1502 3852 1574 patriae

2251 1591 2533 1646 servanda:
2561 1593 2893 1664 augendaeve
2920 1596 3293 1665 gratia,exitio
3317 1596 3660 1654 devoverint.
3689 1596 3852 1653 Excr-

2252 1684 2391 1740 citus
2415 1688 2643 1743 salutem
2676 1687 2844 1742 voluit
2866 1690 3236 1759 Agamemnon
3269 1687 3546 1762 Iphigenia
3576 1689 3683 1745 lilia
3706 1704 3802 1746 sua
3833 1706 3849 1754 ;

550 1791 680 1832 vero
705 1778 936 1833 aliorum
964 1778 1338 1848 barbarorum,
1362 1794 1590 1851 quorum
1613 1779 1730 1836 haec
1752 1789 1964 1851 recepta
1987 1779 2150 1836 fuerit
2176 1773 2226 1835 B
2258 1776 2427 1833 voluit
2446 1789 2501 1834 et
2529 1779 2682 1835 hoste
2722 1780 3017 1853 Polyxena,
3046 1781 3378 1837 immolanda
3419 1797 3654 1839 servare.
3690 1780 3852 1838 Multa

550 1872 906 1943 consuetudo,
931 1875 1298 1930 meminerunt
1326 1874 1566 1931 historici
1595 1875 1759 1931 etiam
1793 1874 2146 1931 recentiores.

550 1966 884 2039 Quamquam
900 1977 956 2025 et
972 1968 1026 2024 in
1048 1969 1156 2024 illis
1170 1983 1387 2041 quoque
1413 1969 1691 2025 brutorum
1707 1967 1989 2025 sacriﬁciis
2007 1968 2150 2025 idem

552 2060 883 2117 intellexisse
901 2062 1135 2133 gentiles
1150 2061 1508 2119 ostenderunt
1535 2063 1704 2119 nostri
1723 2063 1984 2119 adversus
2010 2063 2150 2118 soci—

553 2152 763 2214 nianos.
797 2152 1075 2209 hominum
1104 2153 1276 2210 vicem
1307 2155 1544 2224 gessisse
1576 2154 1697 2211 illas
1727 2159 2003 2212 brutorum
2038 2170 2151 2210 ma-

555 2247 820 2305 ctationes
848 2248 1042 2305 similia
1068 2248 1170 2305 sibi
1190 2249 1618 2321 imprecantium
1646 2248 1690 2305 si
1734 2248 1895 2303 ﬁdem
1929 2246 2155 2304 fefellis-

555 2353 703 2399 sent.
732 2342 875 2413 Ergo
904 2341 992 2399 ille
1019 2357 1237 2413 quoque
1265 2339 1663 2400 sacriﬁciorum
1683 2344 1903 2415 sanguis
1930 2342 2153 2397 humani

561 2442 740 2491 tamen
767 2443 892 2494 erat
923 2435 1201 2507 sanguinis
1237 2434 1471 2491 vicarius
1492 2475 1507 2501 ,
1553 2435 1856 2507 eodemque
1885 2446 2002 2491 erat
2035 2436 2156 2492 loco

553 2528 859 2586 censendus
878 2543 944 2585 ac
973 2531 1021 2585 si
1049 2530 1212 2586 homo
1241 2530 1358 2601 ipse
1406 2530 1721 2602 sanguinem
1764 2531 2038 2602 proprium
2059 2545 2156 2602 op—

555 2623 919 2699 pignorasset.
946 2621 1192 2696 Cumque
1220 2623 1422 2695 duplex
1467 2635 1612 2681 esset
1642 2624 1782 2690 htec.
1831 2639 1990 2696 quam
2018 2625 2151 2689 dixi,

562 2724 673 2773 tam
700 2713 841 2786 apud
869 2713 1086 2773 Judteos
1108 2732 1269 2788 quam
1297 2716 1546 2788 gentiles,
1576 2733 1729 2789 aqua:
1751 2728 1911 2788 atque
1940 2717 2157 2788 sangui—

555 2807 661 2872 nis,
676 2815 1019 2879 peccatorum
1042 2809 1430 2878 expiandorum
1444 2810 1635 2881 gratia,
1652 2819 1869 2881 recepta
1888 2809 2155 2876 lustratio;

557 2900 735 2971 major
761 2910 940 2957 tamen
983 2901 1189 2958 credita
1237 2910 1355 2967 est,
1401 2902 1677 2973 sanguinis
1706 2943 1721 2966 .
1771 2918 1931 2974 quam
1979 2918 2156 2974 aqua),

561 2992 825 3049 efﬁcacia.
873 2993 1101 3050 Leviora
1144 2994 1288 3051 enim
1337 3004 1493 3049 erant
1522 2994 1614 3049 illa
1644 3010 1763 3066 qute
1794 3011 1947 3066 aqua:
1973 3011 2160 3067 asper-

558 3087 713 3144 sione
757 3087 1020 3159 expianda
1064 3088 1440 3146 crederentur.
1478 3086 1740 3145 Graviora
1784 3105 2013 3160 qumque
2039 3104 2158 3160 qua:

559 3179 771 3253 piacula
825 3181 940 3238 sive
989 3178 1089 3257 ἄγη
1143 3181 1522 3247 habebantur,
1569 3182 1831 3253 sanguine
1884 3182 2158 3254 purganda

560 3273 1113 3331 erant.Homicidium
1145 3275 1286 3332 inter
1308 3275 1515 3347 piacula
1543 3278 1901 3333 numerabant
1924 3288 2158 3346 veteres,

559 3366 705 3438 quod
744 3368 997 3425 nimirum
1047 3369 1150 3441 ipsi
1199 3380 1358 3426 terra:
1402 3369 1669 3425 maculam
1723 3371 1964 3427 inureret
1990 3370 2159 3437 nullo,

567 3471 928 3535 praeterquam
958 3464 1261 3535 sanguinis,
1294 3463 1511 3519 lavacro
1537 3463 1841 3520 eluendam.
1880 3465 2011 3535 Ejus
2061 3481 2161 3520 au-

564 3565 695 3621 tem,
720 3557 765 3611 si
795 3565 956 3613 notus
1004 3556 1198 3613 fuisset
1245 3565 1456 3621 auctor,
1491 3558 1711 3630 proprio
1738 3559 1858 3629 ejus
1900 3561 2163 3631 sanguine

565 3650 836 3721 piaculum
860 3650 1188 3721 expiabunt;
1215 3651 1298 3707 sin
1331 3651 1596 3719 latuisset,
1625 3666 1801 3708 vacca:
1824 3654 2083 3724 sanguine
2110 3655 2163 3709 in

568 3744 693 3801 loco
716 3744 1079 3801 immolanda.
1105 3744 1292 3816 Neque
1320 3761 1451 3802 vero
1476 3746 1655 3803 caedes
1682 3746 1822 3814 sola,
1862 3746 1960 3803 sed
1984 3757 2038 3804 et
2063 3748 2165 3803 im-

562 3837 769 3910 puritas
796 3836 882 3892 illa
902 3836 1089 3908 legalis
1113 3853 1144 3894 e
1168 3839 1489 3894 ntorticiniis
1516 3848 1769 3895 contactu
1795 3840 2165 3898 contrahenda

561 3946 742 3989 vaccae
763 3930 896 3987 rufae
916 3930 1191 3988 cineribus
1218 3931 1493 4004 purganda
1514 3940 1648 3988 erat.
1671 3932 1977 4000 Quinetiam
2001 3935 2164 3991 totius

568 4026 751 4101 populi
772 4027 1049 4084 israelitici
1074 4035 1293 4098 peccata
1313 4028 1366 4083 in
1389 4027 1597 4083 hircum
1623 4028 1960 4084 emissarium
1988 4026 2164 4098 (Lev.,

565 4121 683 4194 xw)
724 4119 1113 4192 imprecatione
1138 4120 1380 4192 conjecta
1410 4129 1567 4189 sunt,
1589 4121 1831 4192 ejusdem
1858 4130 1916 4176 ιιι
1939 4120 2166 4176 Babbiui

562 4213 800 4283 volunt,
846 4223 1023 4270 morte
1075 4213 1294 4271 luenda.
1325 4213 1436 4270 Nec
1485 4214 1589 4269 alia
1618 4212 1929 4271 Grtecorum
1954 4225 2071 4270 erat
2097 4213 2165 4271 de

561 4312 676 4367 suis
704 4324 921 4382 quoque
949 4312 1252 4382 καθάρμασι
1279 4310 1569 4376 sententia,
1597 4317 1656 4364 ut
1681 4324 1749 4365 ex
1782 4309 2166 4379 Aristophanis

572 4401 866 4459 scholiaste
889 4401 1150 4457 discimus
1174 4401 1385 4470 (Arist,
1417 4401 1580 4456 schol.
1608 4402 1662 4457 in
1693 4400 1891 4475 Plut.).
1925 4401 2168 4474 Tamque

566 4504 684 4553 erat
742 4494 1062 4551 universalis
1115 4495 1231 4549 haec
1292 4505 1634 4564 peccatorum
1678 4511 1776 4567 per
1852 4497 2164 4567 sanguinem

2256 1879 2383 1924 sunt
2433 1870 2623 1926 eodem
2673 1875 2969 1944 spectantia
3021 1875 3268 1947 exempla
3295 1891 3414 1947 qua:
3450 1876 3659 1947 plenam
3691 1876 3852 1933 ﬁdem

2254 1961 2455 2018 faciant
2493 1973 2752 2035 quantum
2793 1966 2848 2022 in
2896 1966 3149 2024 humanis
3198 1969 3513 2026 criminibus
3562 1971 3854 2043 expiandis

2255 2057 2493 2112 humano
2542 2060 2790 2130 sanguini
2822 2062 3129 2128 tribuerint,
3163 2074 3419 2134 quantum
3474 2064 3637 2121 etiam
3666 2066 3855 2137 aqueis

2256 2151 2404 2206 illum
2451 2152 2858 2209 lustrationibus
2888 2156 3237 2224 praetulerint.
3271 2157 3427 2226 Apud
3477 2156 3702 2212 Judzeos
3733 2158 3849 2227 ipsa

2258 2246 2598 2301 circumcisio
2626 2248 2933 2319 sanguineae
2953 2249 3175 2305 omnino
3213 2251 3535 2318 expiationis
3563 2250 3701 2323 (sive
3728 2251 3854 2322 bap-

2261 2339 2480 2395 tismum
2523 2355 2646 2395 cum
2707 2341 2932 2396 Domino
2959 2343 3236 2413 appellare
3266 2342 3443 2414 malis)
3485 2343 3655 2400 vicem
3687 2344 3856 2399 susti-

2261 2433 2444 2500 nebat,
2499 2433 2798 2503 etquidem
2852 2435 3089 2511 humano
3137 2434 3305 2506 ipsius
3356 2436 3549 2492 initiati
3593 2437 3857 2508 sanguine

2263 2526 2539 2582 faciendae.
2571 2525 2705 2582 Cum
2736 2528 2916 2599 itaque
2940 2528 2992 2583 id
3021 2544 3183 2583 unum
3211 2529 3277 2584 ad
3305 2529 3560 2600 baptismi
3593 2530 3856 2586 rationem

2262 2619 2478 2689 proprie
2507 2628 2717 2689 spectet
2746 2630 2805 2675 ut
2831 2621 2883 2674 in
2913 2635 2979 2675 eo
3010 2630 3229 2691 peccata
3255 2619 3523 2692 expianda
3553 2623 3699 2689 sint;
3732 2638 3855 2678 cum

2263 2714 2446 2781 etiam,
2481 2715 2532 2769 in
2573 2730 2636 2770 ea
2672 2716 2992 2785 expiationis
3036 2716 3268 2782 ratione,
3317 2714 3560 2786 exempla
3607 2714 3858 2771 habuerit

2264 2808 2522 2862 Dominus
2550 2815 2656 2862 tam
2688 2807 3019 2874 Judteorum,
3054 2824 3213 2878 quam
3268 2809 3568 2880 gentilium,
3598 2808 3689 2880 qui
3740 2823 3858 2864 sau-

2261 2899 2409 2969 guini
2444 2899 2760 2956 beneﬁcium
2789 2901 2944 2964 illud,
2980 2902 3179 2971 pariter
3208 2917 3271 2958 ac
3316 2917 3474 2972 aqua:
3516 2902 3855 2970 tribuissent,

2263 2991 2353 3062 qui
2386 2990 2620 3046 humano
2648 2992 2812 3047 ctiam
2844 2994 3011 3063 ipsius
3043 2994 3231 3049 initiati
3260 2994 3525 3065 sanguini,
3554 2995 3646 3066 qui
3700 2994 3859 3065 majo-

2264 3100 2379 3139 rem
2422 3101 2634 3156 qttuquc
2663 3085 2962 3142 efﬁcaciam
2995 3088 3302 3159 sanguineae
3330 3087 3630 3143 iustrationi
3658 3130 3672 3155 ,
3699 3104 3856 3159 quam

2187 3168 2233 3232 C
2267 3176 2352 3231 vel
2380 3193 2565 3249 aquete
2614 3179 3016 3236 concessissent
3047 3200 3062 3235 :
3091 3180 3207 3236 Non
3253 3190 3371 3238 erat
3411 3197 3546 3238 sane
3571 3194 3860 3239 consenta-

2266 3287 2426 3326 neutn
2459 3281 2516 3326 ut
2546 3288 2705 3343 quam
2735 3272 2989 3344 expiandi
3020 3273 3278 3344 majorem
3306 3274 3359 3328 itt
3391 3274 3655 3347 sanguine
3699 3290 3859 3347 quam

2266 3365 2318 3421 in
2346 3381 2483 3437 aqua
2512 3368 2762 3423 virtutem
2812 3368 2901 3422 alii
2932 3367 3073 3438 apud
3106 3384 3166 3424 se
3194 3368 3359 3425 fuisse
3386 3370 3769 3440 gloriarentur,
3797 3386 3859 3425 ea

2265 3460 2365 3515 soli
2396 3459 2673 3516 christiani
2722 3460 3163 3518 destituerctttur.
3197 3461 3515 3519 Praesertim
3564 3478 3686 3519 cunt
3716 3463 3767 3519 in
3798 3479 3860 3519 eo

2267 3556 2495 3621 versari,
2533 3555 2644 3626 jant
2690 3555 2945 3624 diximus,
3000 3556 3306 3612 universam
3358 3557 3469 3613 fere
3504 3557 3638 3614 Novi
3669 3558 3861 3614 Testa-

2269 3651 2436 3707 mettti
2464 3651 3004 3723 argumentationem.
3037 3660 3094 3707 ttt
3125 3666 3476 3723 quaecumque
3505 3663 3711 3718 essent,
3748 3652 3861 3709 sive

2267 3747 2407 3819 apud
2434 3746 2669 3814 Judteos,
2694 3747 2807 3803 sive
2837 3731 3090 3819 gentiles,
3120 3748 3396 3822 privilegia
3432 3748 3499 3805 de
3522 3747 3719 3820 quibus
3740 3747 3861 3818 glo-

2269 3840 2562 3905 riarentur,
2590 3855 2653 3895 ea
2685 3840 2997 3898 christianis
3044 3842 3238 3912 potiori
3287 3840 3749 3912 praestautiorique
3777 3855 3867 3895 ra-

2270 3932 2416 3989 tione
2444 3934 2737 3990 convenire
2760 3935 3133 4006 probarentur.
3156 3934 3268 3989 Non
3299 3945 3416 3991 erat
3443 3940 3864 3990 consentaneum

2272 4035 2353 4094 ut,
2383 4040 2506 4082 cum
2542 4031 2594 4083 in
2642 4028 2832 4084 eadem
2881 4028 2982 4084 hac
3024 4043 3187 4084 causa
3219 4027 3466 4099 baptismi
3496 4043 3682 4083 vocem
3714 4026 3868 4081 adhi-

2268 4120 2464 4176 berent
2507 4128 2614 4175 tam
2662 4124 2780 4192 ipse
2812 4121 3072 4176 Dominus
3123 4136 3283 4191 quam
3343 4119 3473 4174 Novi
3530 4119 3863 4175 Testatnenti

2271 4214 2589 4286 scriptores,
2620 4214 2780 4270 aliam
2811 4224 2987 4269 tamen
3016 4212 3465 4282 signiﬁcationem
3501 4211 3869 4282 intelligerent

2270 4322 2431 4379 quam
2460 4307 2712 4379 expiandi
2748 4308 2892 4363 illam
2936 4305 3174 4362 omnium
3225 4306 3562 4361 notissimam
3602 4306 3866 4377 receptis-

2271 4400 2591 4470 simamque.
2613 4400 2732 4457 Non
2754 4412 2872 4456 erat
2894 4408 3315 4457 consentaneum
3344 4408 3421 4466 ut,
3446 4399 3535 4469 qui
3563 4399 3634 4454 ita
3660 4398 3868 4454 sensis-

2272 4505 2412 4560 sent,
2444 4495 2604 4554 aliter
2654 4504 2832 4551 tamen
2875 4495 3224 4566 loquerentur
3252 4511 3410 4566 quam
3444 4504 3735 4567 martyrem
3767 4507 3868 4548 ιιοο

572 4589 842 4662 purgatio,
872 4597 932 4643 ut
961 4587 1164 4643 nullam
1200 4587 1288 4643 hic
1310 4566 1689 4660 exceptionem
1736 4566 1989 4646 adhibeat
2018 4591 2165 4662 Apo-
2190 4566 2246 4628 Ῐ)
2272 4574 2445 4643 stritm
2474 4588 2584 4660 jam
2633 4589 2873 4645 locutum
2900 4588 3326 4655 observavimus,
3358 4596 3415 4641 ut
3457 4586 3708 4643 nimirum
3736 4602 3867 4643 san-

565 4682 741 4740 stolus
772 4699 787 4737 :
814 4680 943 4738 Sine
984 4681 1272 4752 sanguinis,
1322 4682 1532 4754 inquit,
1565 4682 1813 4751 e/Iust'one
1842 4701 1944 4739 non
1973 4685 2032 4755 ﬁt
2077 4702 2162 4741 re-

565 4776 742 4834 missio
770 4774 987 4850 (Hahn,
1017 4793 1097 4843 tx,
1130 4774 1350 4849 22).]ta
1395 4787 1818 4833 consentaneum
1870 4787 1991 4834 erat
2039 4779 2161 4835 illo-

484 4946 489 4949 ι
568 4885 690 4930 rum
740 4878 1043 4942 temporum
1102 4855 1463 4941 dogmatibus,
1494 4877 1699 4926 utcum
1745 4882 2025 4944 utramque
2057 4884 2165 4929 tam

566 4962 863 5035 sanguinis,
915 4978 1075 5035 quam
1124 4976 1278 5033 aqua:
1323 4964 1685 5034 expiationem
1748 4980 1845 5035 pro
1895 4965 2163 5036 baptismo

569 5055 855 5124 haberent,
889 5056 1151 5128 majorem
1192 5064 1369 5113 tamen
1396 5056 1678 5125 sanguinei
1699 5056 1973 5129 baptismi,
2002 5073 2162 5129 quam

570 5152 749 5224 aquei,
778 5151 1033 5208 virtutem
1058 5161 1435 5223 agnoscerent.
1668 5148 1672 5151 ’

641 5246 670 5319 ς
695 5245 783 5303 19.
812 5273 885 5287 ——
912 5244 979 5301 Et
1000 5255 1058 5301 ut
1082 5245 1331 5317 sanguini
1361 5247 1414 5302 in
1439 5245 1540 5302 hoc
1567 5248 1894 5321 expiationis
1917 5246 2159 5318 negotio,

569 5350 752 5411 partes
778 5338 1147 5396 concedebant
1169 5340 1324 5397 facile
1352 5341 1671 5412 primarius;
1706 5342 1778 5396 ita
1802 5339 2164 5396 humanisan-

567 5431 765 5515 guinis,
792 5446 905 5505 pra:
928 5432 1050 5489 aliis
1077 5433 1241 5488 etiam
1266 5433 1638 5503 sanguinibus,
1661 5434 1769 5488 vim
1802 5433 1961 5503 longe
1987 5432 2161 5488 maxi-

570 5541 713 5583 mam
756 5535 1113 5598 agnoverunt.
1156 5525 1283 5582 Inde
1336 5535 1513 5580 ortum
1564 5525 1717 5580 duxit
1770 5522 2020 5579 immanis
2047 5523 2163 5591 illa,

564 5640 687 5697 quas
734 5623 877 5696 apud
916 5635 1131 5681 veteres
1162 5624 1407 5691 invaluit,
1438 5624 1859 5702 ἀνθρωποθυσία,
1890 5619 2033 5690 quod
2064 5619 2163 5675 de-

568 5717 785 5774 delictis
830 5716 1112 5776 hominum
1136 5716 1419 5791 expiandis
1445 5717 1715 5774 humanus
1742 5712 1964 5786 sanguis
1993 5711 2164 5783 aptis-

562 5808 730 5865 simus
757 5807 1054 5875 videretur.
1088 5812 1222 5873 Cum
1273 5816 1489 5888 gravior
1519 5808 1700 5882 aliqua
1746 5806 2058 5871 immineret
2095 5809 2168 5866 ab

2267 4682 2448 4753 guinei
2491 4682 2742 4753 baptismi
2783 4682 2886 4736 vim
2931 4684 3092 4737 etiam
3136 4682 3483 4751 expiatrirem
3529 4682 3686 4752 aquei
3730 4680 3865 4750 bap-

2269 4776 2414 4832 tismi
2463 4776 2540 4830 illi
2578 4776 2737 4847 longe
2766 4774 3168 4831 anteferendam
3205 4775 3603 4831 existimarent.
3634 4774 3866 4831 Tantum

2268 4867 2420 4924 abest
2453 4878 2513 4923 ut
2538 4867 2728 4924 duram
2767 4868 2924 4934 hanc,
2955 4877 3058 4922 eta
3085 4874 3557 4922 sacramentorum
3580 4867 3865 4937 dignitate,

2269 4972 2325 5018 et
2376 4960 2590 5016 Domini
2658 4971 2838 5016 mente
2889 4961 3119 5016 alienam
3166 4974 3392 5015 censere
3447 4958 3738 5014 debeamus
3788 4957 3869 5015 lo-

2269 5058 2469 5130 quendi
2518 5058 2807 5125 rationem,
2841 5068 2899 5114 ut
2955 5068 3141 5131 putant
3197 5059 3337 5114 illam
3398 5058 3626 5116 alienam
3677 5056 3870 5115 adver.

2269 5151 2418 5208 sarii.

2339 5242 2470 5316 ςῖι).
2501 5276 2573 5285 -
2592 5245 2667 5302 Ita
2689 5247 2866 5318 itaque
2884 5247 3242 5313 ostendimus,
3258 5261 3417 5317 quam
3437 5246 3523 5303 hic
3540 5250 3723 5306 omnia
3743 5260 3865 5322 apte

2271 5339 2414 5395 inter
2458 5355 2519 5396 se
2569 5356 2951 5413 congrueqne,
2987 5357 3085 5413 pro
3128 5342 3272 5397 illius
3300 5343 3474 5398 aetatis
3525 5344 3865 5416 dogmatibus

2267 5432 2594 5500 cohmreant,
2629 5439 2674 5491 si
2703 5437 2774 5491 ita
2797 5437 3081 5492 Dominum
3110 5437 3308 5508 ipsum.
3328 5439 3398 5494 ita
3429 5439 3547 5505 eius
3573 5438 3893 5525 apostolos"

2268 5527 2654 5599 intelligamus.
2722 5529 2853 5585 lude
2901 5531 3146 5601 sequitur
3202 5546 3298 5601 pro
3359 5531 3462 5587 hoc
3517 5546 3638 5587 esse
3688 5531 3867 5602 potius

2269 5635 2434 5677 sensu
2489 5620 2978 5692 prtejudicandum,
3005 5622 3093 5679 vel
3118 5664 3133 5690 ,
3163 5622 3208 5677 si
3238 5638 3424 5679 vocent
3475 5622 3725 5679 malimus
3756 5635 3867 5679 ter-

2275 5711 2583 5771 tullianeam
2610 5754 2626 5780 ,
2679 5712 3162 5786 praescribendum,
3208 5715 3261 5769 tti
3307 5715 3452 5771 clara
3498 5726 3786 5771 occurrant
3812 5716 3866 5772 in

2272 5806 2449 5877 reipsa
2499 5814 2809 5878 argumenta
2858 5823 2958 5867 cur
3004 5808 3073 5868 sit
3114 5807 3273 5865 aliter
3301 5805 3664 5875 intelligenda.
3698 5808 3861 5878 Atqui
