4230 6212
562 153 631 232 ei
1558 156 1933 227 DODWELLI
1970 150 2426 221 DISSERTATIO
2466 151 2889 229 CYPRIANICA
3797 150 3873 237 es

564 304 753 350 carere
809 289 900 363 qui
959 286 1324 346 conditionem
1366 284 1436 341 de
1484 283 1626 340 facto
1669 300 1778 340 non
1826 280 2162 355 praestiterit,
2192 279 2242 341 Α
2269 278 2391 352 bola
2417 279 2727 352 sponsoria,
2750 280 2924 351 ipsum
2943 271 3230 351 praeterea,
3256 288 3355 351 pro
3372 276 3712 349 mutuopacti
3725 277 3872 349 jure,

567 399 910 467 quocumque
944 381 1159 458 tandem
1204 396 1384 436 rerum
1416 388 1615 434 eventu
1664 377 1826 432 fuerit
1858 376 2165 445 impeditus,

569 466 654 549 est
707 478 929 547 omnino
971 475 1351 545 certissimum.
1394 471 1453 525 In
1511 471 1616 525 illis
1668 468 1967 541 prmsertim
2000 466 2170 539 pactis

570 568 746 639 adhuc
773 567 1006 641 validius
1033 564 1282 643 procedit
1308 572 1686 635 argumentum
1718 575 1947 634 quorum
1977 558 2168 629 condio

573 666 751 735 tiones
790 678 896 737 non
943 668 1071 715 sunt
1098 658 1441 729 conditiones
1482 657 1765 712 dumtaxat
1795 654 1861 709 ad
1892 653 2169 721 arbitrium

572 758 894 829 imponentis
914 754 1207 825 requisitas,
1228 752 1321 809 sed
1344 752 1504 825 etiam
1528 749 1910 822 dispositiones
1930 763 1997 803 ex
2021 754 2173 818 parte

574 848 800 921 subjecti
832 847 1179 915 necessariae.
1213 844 1348 901 Cum
1381 845 1561 916 itaque
1604 842 1809 899 nullum
1842 840 1999 911 hujus
2029 838 2171 911 pacti

572 942 841 1014 redundet
871 942 926 1011 in
970 942 1138 999 Deum
1165 938 1514 1004 beneﬁcium,
1548 937 1790 1009 sequitur
1822 948 2173 1008 quzecumque

577 1039 719 1095 Deus
745 1053 775 1093 a
804 1037 959 1092 nobis
989 1036 1250 1111 postulat,
1280 1049 1344 1090 ca
1377 1032 1549 1090 nostri
1574 1046 1699 1088 esse
1725 1043 1884 1085 causa
1914 1042 2171 1084 necessa-

574 1133 674 1199 ria,
708 1140 765 1203 ut
814 1114 1047 1202 proinde
1079 1130 1131 1184 ni
1174 1127 1444 1200 postulata
1496 1134 1841 1197 praestemus,
1887 1123 2020 1192 ipsis
2047 1134 2172 1193 pro-

573 1227 887 1282 missionem
909 1222 1188 1279 beneﬁciis
1225 1219 1535 1279 obtinendis
1576 1218 1745 1290 inepti
1773 1216 2066 1274 reddamur
2093 1224 2175 1271 at-

576 1332 680 1395 que
709 1316 1038 1387 indispositi.

649 1408 676 1483 ς
700 1409 1073 1483 2ᾦ.-ριιειτιο
1098 1407 1280 1479 itaque
1300 1413 1359 1473 ut
1379 1404 1744 1478 intelligamus
1773 1418 1891 1476 quae
1918 1401 2073 1458 nobis
2101 1402 2177 1456 in-

576 1504 833 1561 cumbant
859 1504 912 1559 in
941 1501 1046 1558 hoc
1074 1501 1378 1575 baptismali
1410 1508 1565 1571 pacto
1594 1497 1937 1554 conditiones
1957 1512 1987 1551 a
2019 1495 2174 1555 nobis

577 1614 675 1673 pro
704 1605 885 1665 nostra
917 1597 1055 1666 pacti
1097 1604 1251 1666 parte
1300 1590 1646 1665 praestandae,
1677 1588 2066 1657 attendendum
2093 1595 2174 1645 est

2275 371 2342 427 ad
2374 372 2678 444 praestanda
2708 387 2768 426 ea
2800 386 2919 443 quae
2958 370 3220 443 symbolis
3251 380 3709 443 repraesentantur
3734 370 3872 425 obli-

2272 465 2475 537 gantia,
2505 479 2565 521 se
2585 479 2800 539 quoque
2829 473 3045 519 nostras
3097 462 3373 534 passiones
3403 476 3501 533 pro
3529 462 3642 521 suis
3665 462 3872 539 agnitu-

2274 572 2415 626 rum,
2448 566 2501 611 et
2534 572 2633 612 suo
2660 556 2877 625 merito,
2907 570 3003 623 sua
3052 554 3304 615 mercede
3334 562 3832 626 compensaturum.

2349 649 2376 722 ς
2410 649 2501 704 26.
2535 681 2605 691 —
2636 650 2701 704 Et
2728 664 2857 705 vero
2883 648 3306 717 accuratissime,
3333 663 3432 719 pro
3460 649 3669 715 Domini
3702 646 3879 711 nostri

2280 751 2464 798 mente
2488 752 2647 815 atque
2676 739 2956 815 principiis
2974 751 3287 813 conceptam
3308 740 3446 799 hanc
3471 756 3687 799 omnem
3711 739 3876 813 fuisse

2276 839 2805 910 argumentationem
2836 838 2992 895 facile
3017 838 3294 905 constabit
3319 839 3363 895 si
3394 838 3611 897 diversa
3634 837 3876 915 diversa-

2276 946 2396 989 rum
2443 930 2846 1002 Scripturarum
2870 942 3079 989 asserta
3102 931 3152 988 in
3186 946 3349 995 unum
3378 931 3698 1002 colligamus
3722 929 3878 1013 quasi

2278 1023 2614 1085 fasciculum.
2644 1022 3045 1095 Reprtesentari
3103 1024 3348 1096 inprimis
3377 1033 3618 1081 nostram
3664 1025 3718 1079 in
3748 1024 3875 1095 bap-

2278 1116 2437 1170 tismo
2465 1131 2587 1171 cum
2617 1115 2834 1185 Christo
2863 1116 3168 1189 passionem
3195 1126 3357 1189 atque
3383 1127 3638 1186 mortem,
3666 1131 3767 1177 nec
3790 1132 3877 1174 reo

2278 1208 2592 1279 praesentari
2611 1208 2792 1276 modo,
2809 1224 2994 1265 verum
3009 1210 3169 1266 etiam
3190 1210 3259 1266 ita
3276 1211 3739 1287 repraesentarimt
3753 1225 3879 1267 cum

2276 1298 2478 1356 Christi
2509 1300 2761 1374 passione
2787 1312 3002 1358 nostras
3034 1303 3186 1358 uniat
3227 1303 3625 1375 quodammodo
3650 1314 3704 1361 et
3730 1320 3881 1371 com-

2278 1408 2470 1471 munes
2496 1395 2775 1469 utriusque
2805 1395 2986 1463 faciat,
3013 1405 3166 1452 sexto
3192 1397 3258 1452 ad
3290 1398 3561 1471 Romanos
3588 1399 3765 1471 capite
3785 1414 3879 1455 sa-

2281 1487 2349 1543 tis
2372 1497 2559 1561 aperte
2581 1488 2739 1557 docet
2767 1489 3075 1560 Apostolus.
3109 1490 3281 1548 Unam
3305 1506 3427 1555 esse
3448 1502 3688 1553 nostram
3718 1493 3879 1550 Chri-

2282 1583 2461 1655 stique
2489 1585 2795 1655 passionem
2825 1600 2890 1641 ex
2924 1584 3029 1647 illis
3049 1585 3165 1655 ejus
3190 1585 3372 1643 verbis
3396 1596 3611 1655 constat
3640 1603 3654 1640 :
3686 1586 3879 1645 Morttu'

577 1707 699 1762 qua}
727 1689 971 1765 symbola
1024 1688 1132 1755 sint
1161 1702 1191 1740 a
1219 1685 1376 1743 nobis
1431 1685 1483 1740 in
1514 1684 1646 1756 ipsis
1676 1684 1815 1755 pacti
1847 1679 2179 1743 solemnibus
2208 1681 2257 1743 B
2285 1694 2462 1734 sumus
2492 1695 2607 1733 cum
2662 1679 2887 1746 Christo,
2917 1696 2969 1735 γ.
3004 1680 3072 1747 8;
3112 1679 3267 1739 Vetus
3313 1682 3463 1738 homo
3516 1691 3686 1743 noster
3726 1680 3882 1737 simul

578 1780 907 1863 adhibenda,
930 1789 984 1835 et
1009 1778 1135 1851 quid
1160 1778 1247 1833 illa
1271 1776 1537 1850 symbola,
1563 1791 1627 1831 ex
1662 1776 1780 1845 ipso
1814 1774 1905 1830 Dei
1932 1774 2178 1837 instituto

580 1875 901 1947 signiﬁcant,
933 1881 989 1930 et
1019 1888 1116 1949 pro
1143 1871 1351 1943 legibus
1400 1868 1814 1940 signiﬁcatiOnis
1863 1867 2178 1940 symbolica:

578 1950 697 2041 qua:
728 1970 819 2031 illa
868 1968 1057 2029 saltem
1111 1976 1271 2031 relate
1299 1965 1571 2037 vigebant.
1602 1963 1732 2033 Qua:
1761 1963 1904 2021 enim
1932 1962 2177 2032 symbola

580 2062 633 2125 in
666 2062 811 2134 pacti
840 2060 1179 2127 solemnibus
1208 2068 1538 2129 usurpantur
1567 2073 1632 2114 ea
1680 2073 1786 2119 non
1840 2056 2178 2130 signiﬁcandi

582 2156 862 2209 dumtaxat
891 2172 905 2219 ;
939 2153 1034 2209 sed
1063 2152 1338 2224 obligandi
1381 2153 1544 2225 etiam
1566 2154 1736 2224 gratia
1766 2152 2007 2213 instituta
2032 2160 2178 2213 sunt.

581 2246 652 2304 Ut
682 2249 826 2303 enim
856 2256 1200 2313 sacramenta
1220 2246 1423 2313 omnia,
1444 2248 1560 2305 sive
1586 2247 1862 2318 mysteria,
1894 2261 1991 2317 pro
2011 2245 2180 2303 sacris

579 2336 856 2413 hominum
880 2355 999 2411 cum
1033 2340 1144 2407 Deo
1164 2339 1335 2411 pactis
1376 2337 1729 2409 intelligenda
1756 2344 1921 2406 sunt,
1954 2337 2024 2391 ita
2052 2345 2107 2392 et
2127 2335 2179 2391 id

578 2435 717 2507 sacri
749 2432 927 2503 omnis
967 2432 1276 2505 commercii
1309 2431 1599 2503 genuinum
1650 2440 1734 2486 est
1775 2438 1834 2484 ut
1875 2429 2180 2502 symbolice

580 2527 761 2599 potius
792 2539 952 2599 quam
987 2523 1052 2577 ad
1106 2522 1336 2579 litteram
1365 2563 1380 2589 ,
1426 2519 1774 2592 intelligenda
1822 2520 1949 2589 sint,
1979 2534 2080 2574 nec
2109 2520 2179 2574 ita

581 2617 783 2689 verbis,
815 2631 974 2689 quam
1008 2615 1194 2685 rebus,
1226 2630 1410 2670 rerum
1438 2622 1614 2683 tamen
1639 2614 1866 2689 aliarum
1893 2612 2177 2685 symbolis,

581 2709 758 2765 officia
788 2709 877 2779 illa
907 2717 1369 2782 repraesententur
1387 2722 1506 2777 quae
1528 2707 1760 2778 partium
1784 2707 1924 2761 inter
1947 2721 2008 2763 se
2029 2717 2179 2777 tran-

580 2805 865 2878 sigentium
895 2803 1161 2860 habentur
1186 2800 1526 2873 obligatoria.
1556 2800 1687 2870 Quae
1715 2801 1895 2870 itaque
1921 2798 2182 2872 symbolis

581 2897 990 2969 baptismalibus
1008 2895 1380 2969 signiﬁcantur
1394 2909 1456 2948 ea
1472 2908 1572 2947 nos
1584 2893 1853 2973 spondere
1871 2908 1901 2946 a
1916 2892 2073 2967 nobis
2086 2891 2180 2955 de-

582 2989 705 3044 inde
732 2986 1035 3061 praestanda
1055 2984 1253 3040 virtute
1268 2986 1406 3057 pacti
1425 2984 1763 3054 baptismalis
1785 2985 2177 3061 existimamur,

2281 1771 2560 1842 cruciﬁxus
2586 1784 2683 1843 est,
2725 1787 2780 1825 γ.
2816 1773 2870 1827 6.
2903 1770 3203 1851 Consepulti
3254 1790 3429 1831 sumus
3477 1792 3593 1831 cum
3638 1791 3717 1844 eo,
3748 1773 3880 1830 v.4.

2282 1865 2351 1923 Et
2375 1866 2591 1937 quidem
2626 1868 3109 1941 repraesentatione
3134 1866 3365 1941 quadam
3394 1867 3461 1924 ad
3507 1868 3687 1931 virum
3716 1876 3886 1925 totam

2283 1959 2424 2017 hanc
2447 1961 2669 2033 transigi
2705 1962 2963 2019 unionem
2994 1962 3084 2021 illa
3110 1964 3306 2021 innunt
3329 1982 3343 2017 :
3367 1960 3719 2038 Complantati
3757 1962 3886 2037 [acti

2282 2070 2457 2113 sumus
2507 2055 2829 2123 similitudini
2860 2056 3036 2111 mortis
3082 2058 3215 2128 ejus,
3257 2072 3312 2111 γ.
3342 2057 3396 2113 5.
3427 2056 3539 2114 Nec
3585 2057 3692 2123 alio
3718 2071 3886 2130 quam

2283 2145 2537 2216 baptismi
2566 2145 2750 2203 ofﬁcio
2783 2163 2798 2202 :
2828 2146 2909 2219 An
2957 2147 3207 2219 ignoratis
3234 2149 3356 2221 quia
3380 2150 3683 2223 quicumque
3712 2150 3886 2220 bapti-

2283 2238 2386 2301 zati
2415 2254 2590 2297 sumus
2616 2238 2668 2291 in
2699 2236 2905 2293 Christo
2929 2236 3076 2305 Jesu,
3105 2240 3159 2305 in
3203 2250 3367 2296 morte
3418 2241 3582 2312 ipsius
3638 2240 3889 2313 baptizati

2283 2348 2460 2387 sumus
2476 2332 2499 2385 ?
2517 2330 2811 2403 Consepulti
2835 2332 2971 2387 enim
3000 2350 3176 2389 sumus
3202 2350 3317 2388 cum
3345 2334 3436 2389 illo
3457 2352 3550 2407 per
3575 2335 3887 2407 baptismum

2284 2422 2339 2476 in
2383 2432 2615 2491 mortem,
2646 2440 2699 2477 ν.
2731 2425 2783 2488 ὅ,
2814 2424 2870 2479 4.
2916 2423 3100 2496 Neque
3152 2442 3282 2483 vero
3331 2428 3460 2483 unio
3488 2428 3602 2487 sola
3633 2438 3687 2484 et
3733 2443 3886 2486 mera

2285 2516 2406 2583 haec
2434 2514 2684 2573 habenda
2727 2524 2832 2597 est,
2860 2525 2915 2572 et
2939 2533 3059 2587 qua:
3102 2526 3209 2573 tota
3239 2519 3291 2574 in
3319 2519 3597 2579 hominum
3622 2523 3885 2595 imagina-

2287 2612 2432 2668 tione
2462 2617 2619 2684 atque
2648 2611 3008 2668 aestimatione
3051 2614 3340 2677 constituta
3371 2624 3474 2671 est.
3499 2615 3630 2672 Eant
3651 2615 3885 2688 diximus

2284 2705 2510 2778 symboli
2538 2705 2810 2776 sponsorii
2852 2721 2974 2763 esse
2999 2714 3249 2766 naturam
3282 2716 3340 2763 ut
3371 2723 3474 2765 una
3508 2707 3703 2779 inferat
3732 2709 3885 2781 lega-

2283 2797 2389 2854 lem
2416 2797 2703 2868 quamdam
2730 2797 3119 2871 obligationem
3168 2814 3272 2870 qua
3305 2808 3488 2870 partes
3531 2801 3673 2865 inter
3697 2816 3757 2858 se
3785 2815 3887 2872 pa-

2284 2888 2552 2961 cpiscentcs
2574 2898 2838 2960 praestare
2868 2888 2920 2944 id
2955 2899 3208 2945 tenentur
3227 2891 3370 2962 quod
3400 2894 3660 2965 symbolis
3683 2911 3887 2967 reprae-

2288 2983 2576 3037 sentarint.
2607 2982 2740 3039 Inde
2768 2982 2824 3037 ﬁt
2852 2993 2931 3048 ut,
2959 2984 3102 3054 quod
3125 2986 3240 3040 sola
3263 2985 3611 3049 similitudine
3633 2990 3750 3045 fieri
3776 3004 3887 3047 non

582 3098 643 3137 ea
662 3097 689 3135 a
718 3080 875 3137 nobis
904 3079 1145 3153 praestita
1166 3078 1256 3155 jus
1288 3077 1412 3132 inde
1435 3076 1590 3131 nobis
1617 3076 1815 3131 faciunt
1843 3087 1898 3131 ut
1919 3077 2180 3147 promissa
2207 3077 2253 3140 C
2288 3077 2480 3149 potuit,
2514 3074 2667 3130 nobis
2696 3086 2872 3151 tamen
2901 3090 2969 3131 ex
3013 3075 3117 3139 hac
3144 3077 3257 3148 ipsa
3285 3081 3761 3155 reprmsentatione
3796 3082 3886 3154 jus

582 3174 761 3230 divina
812 3171 1059 3247 ejusdem
1088 3169 1235 3247 pacti
1264 3167 1565 3243 evangelici
1594 3168 1794 3227 virtute
1824 3168 2177 3237 vindicemus.
2208 3204 2219 3213 υ

580 3294 595 3339 ι
657 3266 686 3340 §
716 3265 809 3341 25.
834 3260 1125 3334 -—Quintu
1154 3263 1205 3318 in
1235 3262 1494 3334 symbolis
1517 3260 1767 3333 baptismi
1802 3261 1973 3316 nostri
2001 3276 2182 3327 sacra-

583 3350 833 3407 mentalis
856 3348 1216 3413 solemnibus,
1248 3362 1353 3403 non
1383 3361 1537 3418 aquae
1564 3346 1731 3401 solius
1759 3345 2057 3416 baptismus
2082 3345 2181 3400 de-

582 3422 820 3510 notatur,
847 3441 945 3499 sed
976 3443 1139 3497 etiam
1172 3439 1261 3495 ille
1291 3440 1593 3512 sanguinis,
1641 3454 1828 3494 verum
1863 3441 1933 3493 ita
1960 3438 2181 3514 denote-

582 3548 672 3611 tur
698 3545 756 3593 ut
771 3550 879 3590 uno
900 3534 1203 3605 eodemque
1226 3530 1495 3604 symbolo,
1514 3547 1623 3586 uno
1640 3530 1939 3603 eodemque
1959 3531 2184 3585 denote-

589 3643 674 3688 tur
704 3633 994 3698 elemento,
1023 3637 1079 3683 ut
1108 3628 1335 3703 proinde
1359 3627 1426 3683 ad
1457 3634 1720 3695 unum,ut
1744 3627 2002 3691 diximus,
2026 3642 2181 3693 eum-

582 3725 816 3807 demque
846 3723 1172 3794 baptismum
1202 3722 1472 3793 pertinere
1501 3719 1889 3792 intelligantur.
1919 3719 1989 3776 Ut
2015 3722 2181 3799 enim,

583 3836 705 3876 cum
732 3834 897 3890 aqua.
923 3816 1233 3887 adhibetur,
1283 3822 1626 3887 peccatorum
1674 3813 2039 3869 desertioncm
2070 3812 2184 3884 pol-

588 3890 837 3975 licemur,
860 3908 1207 3978 futuramque
1233 3906 1360 3960 vita:
1381 3904 1793 3961 sanctimoniam
1813 3920 1930 3975 quae
1960 3914 2185 3960 externo

582 4018 739 4079 aquae
785 4000 1035 4075 symbolo
1072 3999 1203 4053 satis
1232 4006 1358 4070 apte
1395 4004 1851 4068 repraesentetur:
1882 3996 1953 4051 ita
1975 4012 2097 4052 cum
2130 3996 2185 4051 in

583 4109 776 4165 aquam
799 4091 1178 4148 descendimus
1202 4099 1257 4146 et
1272 4090 1509 4145 vicissim
1538 4104 1603 4145 ex
1629 4088 1817 4144 eadem
1837 4090 2182 4160 emergimus,

583 4166 783 4242 Christi
837 4192 1091 4250 mortem,
1124 4181 1459 4253 sepulturam
1503 4182 2069 4251 resurrectionemque
2094 4198 2187 4238 re-

583 4287 995 4353 prmsentamus,
1025 4291 1232 4348 nosque
1259 4275 1422 4331 etiam
1472 4274 1799 4346 spondemus
1836 4274 2028 4329 horum
2061 4292 2178 4354 om-

584 4376 731 4429 nium
762 4372 1073 4445 participes,
1097 4376 1314 4441 paratos
1344 4369 1598 4425 nimirum
1632 4380 1688 4425 ut
1718 4385 2069 4441 quaecumque
2097 4369 2186 4426 ille

2287 3169 2556 3245 quoddam
2612 3169 2679 3239 ad
2732 3185 2846 3225 rem
2894 3170 3065 3240 ipsam
3115 3174 3435 3249 proveniat,
3478 3189 3585 3246 quo
3632 3178 3887 3247 unionem

2286 3263 2457 3334 ipsam
2510 3264 2774 3319 internam
2827 3271 2884 3320 et
2939 3254 3218 3346 mysticam
3263 3267 3534 3327 vindicare
3562 3284 3884 3343 possumus,

2285 3357 2508 3428 ejusque
2539 3356 2823 3413 beneﬁcia.
2853 3358 2932 3412 Eo
2980 3358 3099 3427 ipso
3132 3360 3394 3437 principio
3423 3363 3666 3435 nituntur
3711 3365 3766 3420 id
3795 3380 3889 3436 ge-

2288 3466 2387 3505 nus
2419 3450 2696 3527 ratiocinia
2731 3465 2745 3504 :
2779 3449 2840 3506 Si
2857 3451 2991 3505 enim
3019 3452 3355 3529 coutplantati
3382 3456 3508 3526 [acti
3535 3473 3711 3519 sumus
3737 3458 3888 3513 simi-

2289 3543 2492 3597 litudini
2546 3543 2727 3597 mortis
2756 3543 2911 3614 ejus;
2957 3544 3111 3599 simul
3167 3555 3213 3599 et
3265 3550 3652 3621 resurrectionis
3698 3550 3888 3607 erimus

2286 3651 2336 3690 ν.
2371 3638 2404 3692 5
2434 3652 2450 3702 ;
2482 3638 2526 3690 si
2561 3648 2730 3701 autem
2761 3638 2950 3709 mortui
2994 3655 3171 3703 sumus
3216 3656 3333 3705 cum
3373 3639 3600 3709 Christo,
3631 3644 3888 3705 credimus

2282 3730 2405 3807 quia
2433 3730 2585 3801 simul
2607 3731 2760 3785 etiam
2789 3738 3013 3787 vivemus
3034 3749 3149 3787 cum
3172 3732 3400 3801 Christo,
3425 3752 3478 3794 ν.
3513 3736 3567 3792 6.
3599 3735 3711 3805 Nec
3739 3738 3890 3795 enim

2287 3823 2356 3878 de
2379 3822 2482 3878 alia
2512 3834 2686 3878 morte
2717 3823 2801 3879 hic
2826 3824 2909 3896 agi
2950 3841 3112 3897 quam
3144 3828 3318 3900 typica
3350 3828 3450 3886 hac
3479 3838 3638 3901 atque
3662 3830 3891 3901 symbo-

2289 3917 2391 3974 lica
2446 3917 2499 3973 in
2552 3918 2822 3988 baptismo
2868 3932 3254 3991 repraesentata
3281 3923 3391 3994 jam
3424 3923 3783 3981 ostendimus.
3808 3925 3885 3985 Ea

2289 4019 2464 4064 morte
2510 4011 2807 4083 symbolica
2838 4014 3121 4070 constabat
3144 4016 3255 4087 jam
3283 4016 3567 4074 defunctos
3604 4033 3725 4075 esse
3748 4017 3890 4090 apud

2289 4118 2425 4175 quos
2448 4103 2517 4158 ita
2540 4115 2949 4176 argumentatur
2972 4109 3267 4178 Apostolus
3292 4111 3383 4182 qui
3414 4111 3604 4169 mortis
3631 4111 3889 4181 nimirum

2289 4197 2550 4265 symbolis
2577 4197 2630 4252 in
2681 4196 2952 4269 baptismo
3004 4200 3085 4254 usi
3137 4190 3369 4258 fuerant.
3401 4203 3529 4259 inde
3557 4212 3830 4274 tamquam
3857 4219 3890 4262 e

2292 4288 2554 4361 principio
2584 4291 2796 4347 notorio
2836 4292 3072 4364 legitima
3119 4295 3449 4367 procedebat
3493 4296 3890 4371 argumentatio

2291 4382 2336 4436 si
2360 4392 2415 4436 et
2437 4381 2567 4437 illud
2596 4381 3064 4456 subintelligamus
3085 4387 3329 4459 sytnbola
3346 4390 3484 4445 inter
3508 4389 3891 4461 paciscendum

578 4466 741 4523 ‘nobis
767 4466 1078 4533 immiserit,
1098 4478 1160 4519 ea
1186 4478 1307 4525 nos,
1328 4462 1475 4519 illius
1490 4479 1649 4519 causa
1666 4464 1730 4519 ad
1758 4474 1986 4531 mortem
2019 4481 2187 4537 usque
2210 4474 2266 4536 D
2294 4486 2546 4544 usurpata
2577 4491 2698 4532 esse
2744 4477 2904 4531 etiam
2936 4488 2992 4534 et
3033 4479 3149 4549 ipsa
3194 4484 3498 4553 sponsoria.
3540 4483 3651 4540 Nec
3677 4483 3801 4552 alia,
3834 4489 3895 4538 ut.

585 4561 931 4616 toleraturos.
960 4557 1171 4614 Eodem
1201 4555 1472 4628 symbolo,
1502 4571 1604 4627 qua
1643 4555 1919 4612 Christum
1941 4560 2181 4629 respicit,

582 4653 938 4728 intelligimus
960 4651 1238 4708 Christum
1270 4650 1373 4707 sibi
1406 4652 1688 4722 passiones
1715 4661 1928 4706 nostras
1956 4640 2186 4722 imputa-

583 4757 784 4813 turum,
802 4756 858 4803 et
884 4760 1048 4817 quam
1076 4741 1385 4799 mercedem
1412 4728 1532 4813 ipse
1559 4757 1590 4796 a
1623 4741 1804 4809 Patre,
1823 4757 1918 4813 pro
1938 4758 2037 4797 suo
2062 4758 2184 4798 cum

582 4844 743 4915 Patre
783 4839 987 4897 foedere
1015 4837 1274 4905 vindicat,
1303 4836 1492 4894 eadem
1534 4846 1749 4893 nostras
1793 4852 2007 4909 quoque
2061 4852 2185 4909 pas-

581 4938 768 4993 siones
793 4948 918 4990 esse
956 4939 1451 5010 remuneraturum.
1485 4929 1560 4985 Ita
1615 4926 1884 4985 constabit
1933 4944 2040 5001 quo
2062 4931 2184 5001 jure

579 5029 681 5098 sibi
735 5026 991 5099 baptismi
1037 5038 1235 5079 nomen
1288 5021 1565 5078 vindicent
1612 5033 1814 5078 nostra:
1862 5023 2182 5093 passiones,

581 5141 702 5180 cum
736 5121 801 5178 ad
828 5122 1002 5192 ipsam
1041 5118 1295 5190 baptismi
1327 5118 1734 5173 sacramentalis
1762 5118 2023 5173 rationem
2055 5135 2182 5188 spe-

581 5225 725 5272 ctent
741 5209 1248 5271 consummandam.
1266 5207 1723 5270 Constabitetiam
1750 5225 1855 5279 quo
1879 5224 2042 5287 porro
2065 5209 2185 5280 jure

583 5310 827 5380 ejusdem
861 5306 962 5362 sibi
1016 5301 1294 5358 vindicent
1327 5301 1579 5372 baptismi
1610 5301 1894 5369 beneficia,
1923 5292 2185 5373 cum‘illis

582 5401 744 5457 etiam
799 5397 1061 5470 symbolis
1096 5403 1556 5465 repraesententur
1582 5408 1703 5465 qum
1735 5409 1763 5448 a
1793 5395 1907 5451 Deo
1938 5380 2181 5471 instituta

582 5503 729 5567 sunt,
763 5500 818 5548 et
845 5507 963 5561 quae
991 5491 1098 5555 hoc
1130 5490 1250 5563 ipso
1276 5487 1506 5557 consilio
1531 5489 1773 5543 instituta
1806 5499 1931 5545 sunt
1961 5498 2019 5545 ut
2060 5504 2183 5560 pas—

579 5590 762 5647 siones
787 5568 1001 5649 noalras
1020 5591 1414 5654 reprmseutent
1440 5590 1603 5665 atque
1620 5572 1950 5665 spondeam,
1979 5593 2036 5639 et
2061 5599 2183 5657 qua}

575 5681 670 5740 Dei
720 5677 884 5757 etiam
936 5676 1217 5743 nobiscum
1248 5660 1573 5753 paciscentis
1620 5660 1754 5734 sunt
1779 5664 1994 5752 quoque
2037 5666 2182 5752 sym-

2288 4569 2563 4639 existimo,
2589 4568 2879 4642 hypothesi
2921 4570 3051 4627 illud
3080 4573 3269 4630 nititur
3288 4576 3452 4631 etiam
3483 4574 3725 4647 ejusdem
3749 4578 3895 4647 Apo-

2288 4661 2433 4729 stoli,
2467 4663 2577 4719 alio
2604 4675 2779 4719 tamen
2828 4665 2883 4719 in
2914 4666 3034 4722 loco
3062 4668 3400 4723 ratiocinium
3428 4685 3441 4722 ς
3472 4667 3662 4742 Igitur,
3691 4669 3736 4724 si
3767 4684 3896 4724 con-

2288 4756 2603 4826 surrexistis,
2633 4757 2827 4829 inquit,
2851 4774 2965 4812 cum
2993 4758 3217 4826 Christo,
3246 4776 3361 4830 qua:
3379 4777 3579 4815 sursum
3605 4769 3722 4817 sunt
3751 4775 3896 4830 qum-

2287 4847 2402 4916 rite,
2436 4856 2541 4904 etc.
2570 4846 2708 4919 (Col.
2736 4865 2815 4916 ut,
2850 4850 2925 4921 1).
2955 4848 3269 4919 Mortiﬁcate
3298 4867 3416 4923 ergo
3442 4854 3667 4907 membra
3695 4861 3886 4918 uestra,

2287 4950 2393 4997 etc.
2427 4942 2502 5015 (v.
2528 4941 2607 5015 5).
2630 4941 2783 5009 Quod
2808 4943 2930 4996 illos
2946 4942 3057 5012 jam
3085 4953 3351 5015 supponat
3368 4943 3790 5013 consurrexisse,
3816 4944 3888 5002 ad

2287 5032 2419 5088 illud
2446 5033 2635 5089 referri
2670 5049 2776 5089 non
2829 5044 3008 5107 potest
3037 5050 3195 5106 quam
3238 5035 3302 5089 ad
3336 5034 3692 5101 emersionem
3739 5035 3893 5113 illam

2290 5143 2357 5182 ex
2413 5142 2551 5198 aqua
2578 5127 2882 5198 baptismali
2915 5143 3034 5198 quae
3083 5128 3497 5203 resurrectionis
3525 5141 3642 5186 erat
3666 5131 3890 5204 symbo-

2290 5220 2426 5287 lum,
2459 5228 2520 5274 ut
2549 5219 2805 5301 nimirum
2839 5221 3039 5303 forensi
3070 5231 3348 5299 pactorum
3370 5208 3631 5307 idiomate.
3654 5233 3781 5283 tunc
3804 5241 3892 5299 re,-

2287 5314 2592 5395 surrexisse
2645 5312 3087 5395 existimarentur
3116 5330 3241 5384 cum
3268 5329 3601 5387 [usurparent
3647 5333 3891 5395 resurre-

2286 5388 2481 5460 ctionis
2529 5388 2857 5478 symbolum.
2894 5406 3026 5463 Inde
3053 5418 3199 5464 recte
3251 5409 3457 5483 colligit
3485 5388 3892 5485 Colossensium

2287 5495 2490 5565 ofﬁcia,
2522 5513 2584 5553 ea
2615 5499 2776 5555 modo
2814 5511 3188 5572 supponantur
3231 5517 3353 5574 quae
3393 5500 3504 5576 jam
3556 5488 3890 5573 ostendimus

2287 5591 2596 5648 necessario
2625 5608 2747 5649 esse
2796 5594 3169 5671 supponenda.
3198 5594 3336 5671 "Cum
3386 5599 3528 5656 enim
3574 5598 3766 5656 mortis
3795 5598 3891 5658 illo

2286 5681 2552 5759 symbolo,
2582 5681 2931 5753 immersione
2974 5687 3251 5760 nimirum,
3276 5689 3607 5768 sponderent
3630 5705 3691 5750 se
3717 5706 3888 5751 mem~
