4158 6260
222 280 301 340 G9

1264 288 1383 355 TDE
1424 291 1741 354 secerno
1766 271 2151 357 IlAR'l'YRUM
2192 296 2554 362 etprtsno.
2780 344 2815 369 .
3496 317 3571 379 τυ

220 401 466 458 brorum
494 416 725 461 suorum
753 405 1222 465 mortiﬁcationem
1239 420 1559 479 curaturos;
1593 421 1649 468 et
1674 427 1857 468 resur—
1882 412 1937 473 A
1965 415 2194 483 probare
2217 434 2469 492 umquam
2498 428 2754 493 poterunt
2776 425 2866 497 qui
2896 427 3098 485 nullam
3128 430 3228 488 nisi
3256 447 3319 490 ex
3344 433 3563 497 disertis

224 496 509 552 rectionis
530 499 783 569 symbolo
812 499 864 555 id
879 516 1096 572 quoque
1113 503 1548 574 spopondissem,
1567 506 1634 560 ad
1665 520 1862 561 noram

227 602 291 640 se
318 589 731 661 caelestemque
751 591 916 647 vitam
943 608 1067 649 esse
1090 605 1492 652 resurrecturus
1521 613 1534 649 :
1560 596 1684 651 inde
1705 611 1864 653 nemo

227 693 349 734 non
383 680 539 738 videt
560 698 723 753 quam
750 684 843 739 ille
884 685 1059 741 solide
1088 688 1482 760 prudenterque
1510 701 1861 761 argumente-

232 782 355 839 tur,
389 790 519 831 cum
544 791 577 831 e
601 787 762 847 pacto
790 780 1171 850 promissaque
1215 781 1335 838 illos
1378 783 1624 841 hortatur
1648 801 1717 842 ne
1746 786 1863 843 olli-

231 867 325 922 cio
374 866 661 933 deessent,
691 868 926 927 ﬁdemve
956 872 1222 930 fallerent.
1274 874 1507 933 Inﬁrmte
1537 887 1716 934 autem
1765 878 1862 934 ad-

230 958 473 1015 modum
502 970 562 1016 et
585 962 786 1032 jejuna
812 964 992 1021 forent
1016 965 1071 1021 id
1095 981 1265 1037 genus
1292 970 1528 1039 sequelae
1549 972 1595 1026 si
1618 987 1687 1026 ex
1716 972 1861 1029 inani

230 1054 440 1110 mortis
464 1056 998 1130 resurrectionisque
1026 1060 1278 1132 symbolo
1325 1063 1392 1118 ad
1428 1066 1711 1137 mysticam
1737 1066 1862 1124 illos

231 1157 483 1203 mortem
508 1151 1072 1225 resurrectionemque
1100 1155 1431 1213 hortaretur.

312 1242 345 1313 ς
384 1241 648 1301 37.—lta
678 1245 934 1302 nimirum
952 1256 1169 1304 constat
1193 1248 1261 1305 de
1278 1248 1445 1318 laeto,
1470 1265 1537 1307 ex
1564 1251 1680 1323 ipsa
1698 1253 1860 1324 aquei

238 1336 505 1409 baptismi
562 1341 901 1399 institutione
950 1342 1280 1413 baptismum
1316 1345 1594 1415 sanguinis
1645 1348 1860 1405 excludi

240 1447 351 1487 non
397 1448 593 1504 posse,
622 1450 727 1491 nec
771 1435 931 1491 etiam
961 1451 992 1492 e
1030 1436 1171 1507 pacti
1200 1435 1532 1509 baptismalis
1574 1440 1858 1497 beneﬁcio.

242 1530 301 1586 Si
330 1547 507 1603 porro
546 1532 673 1588 facti
702 1533 962 1590 rationem
991 1535 1307 1606 querimus,
1343 1553 1406 1593 ea
1450 1547 1554 1603 est,
1586 1538 1641 1594 ni
1673 1538 1847 1606 fallor,

248 1624 460 1682 altiuse
484 1625 699 1681 duobus
721 1628 1019 1697 praesertim
1040 1631 1315 1701 principiis
1335 1631 1649 1689 deducenda
1677 1652 1690 1688 :
1715 1633 1860 1706 quod

247 1720 460 1776 scilicet
484 1720 694 1776 Christi
720 1735 867 1777 mors
884 1734 949 1777 ea
978 1723 1048 1779 sit
1069 1723 1239 1780 beatm
1270 1728 1685 1783 resurrectionis
1717 1743 1860 1783 mer-

1968 507 2369 576 Scripturarum
2402 516 2726 571 testimoniis
2747 519 3119 588 probationem
3149 524 3459 584 admittunt.

2041 601 2397 673 δᾶερ-μυῖα
2425 608 2604 678 itaque
2631 611 2838 667 emlesti
2860 623 3015 683 pacto
3041 617 3148 672 duo
3169 618 3256 674 illa
3286 622 3568 681 tribuenda

1967 708 2124 753 erant
2155 718 2168 754 :
2200 701 2375 771 primo
2403 713 2460 757 ut
2505 702 2628 774 jure
2655 707 2816 762 etiam
2848 707 3007 780 legali
3037 710 3253 769 Christo
3282 718 3564 786 praemium

1966 803 2065 859 pro
2092 790 2203 847 suis
2244 794 2450 849 meritis
2490 794 2777 853 deberetur
2800 817 2813 861 ;
2837 801 3078 857 secundo
3104 805 3267 861 etiam
3297 816 3354 863 ut
3381 808 3568 868 ﬁdeles

1966 883 2197 939 universi
2229 900 2388 939 unam
2421 886 2473 942 in
2497 886 2612 960 lege
2632 904 2756 945 cum
2796 890 3013 947 Christo
3041 909 3328 966 personam
3368 902 3571 957 consti-

1966 981 2201 1029 tuerent.
2236 975 2348 1031 Nec
2398 980 2541 1033 enim
2594 978 2662 1035 de
2706 984 2913 1038 utrnvis
2958 983 3151 1040 horum
3201 989 3481 1061 quicquam
3513 992 3566 1049 in

1966 1068 2208 1124 terrestri
2253 1081 2413 1138 pacto
2450 1081 2664 1128 cautum
2696 1074 2948 1146 legimus.
2980 1077 3228 1135 Nondum
3288 1093 3464 1140 tamen
3497 1085 3565 1141 ad

1964 1160 2209 1233 singulos
2239 1163 2488 1221 homines
2531 1165 2807 1223 descendit
2842 1170 2945 1226 ltnc
2990 1180 3228 1242 pactum,
3253 1184 3311 1230 ιιι
3340 1177 3568 1249 intelligi

1964 1255 2136 1323 possit
2168 1254 2386 1325 quinam
2429 1255 2499 1311 ad
2543 1257 2682 1316 hanc
2726 1261 2999 1331 politicam
3041 1262 3241 1321 Christi
3274 1283 3567 1337 personam

1965 1344 2211 1402 homines
2237 1347 2539 1416 pertineant
2559 1359 2615 1405 ut
2637 1351 2737 1407 sibi
2763 1356 2968 1423 possint
2989 1355 3139 1413 illius
3159 1358 3397 1415 cmlestis
3424 1361 3567 1432 pacti

1964 1436 2225 1497 beneﬁcia
2258 1439 2553 1496 vindicare.
2587 1443 2822 1500 Proinde
2853 1456 3055 1515 praeter
3094 1448 3199 1505 hoc
3239 1451 3417 1508 Patris
3441 1468 3567 1509 cum

1963 1529 2179 1587 Christo
2205 1534 2427 1591 cmlestc
2460 1546 2707 1607 pactum;
2741 1540 2886 1597 aliud
2917 1551 3175 1612 prmterea
3198 1548 3567 1606 necessarium

1964 1633 2100 1689 erat,
2139 1621 2339 1681 Christi
2386 1642 2511 1684 cum
2549 1629 2878 1699 hominibus,
2903 1642 2959 1690 et
3006 1636 3227 1706 quidem
3277 1654 3379 1709 pro
3402 1650 3564 1711 captu

1965 1712 2200 1771 humana
2230 1727 2535 1789 externum,
2583 1724 2930 1796 externisque
2978 1728 3242 1799 symbolis
3279 1730 3566 1786 celebran-

246 1812 381 1868 cede
412 1811 733 1867 coronanda
760 1829 777 1877 ;
810 1813 954 1882 quod
1004 1816 1167 1871 etiam
1222 1816 1355 1872 illud
1384 1818 1450 1872 sit
1490 1820 1542 1872 in
1574 1820 1858 1890 praecipuis
1886 1816 1937 1879 Β
1965 1806 2188 1871 dum,ut
2214 1820 2428 1869 constet
2447 1814 2662 1883 quinam
2691 1815 2768 1870 illi
2794 1819 2902 1872 sint
2924 1820 3014 1889 qui
3041 1835 3069 1872 a
3095 1819 3312 1878 Christo
3336 1837 3436 1894 pro
3456 1826 3572 1881 suis

246 1905 504 1976 baptismi
532 1905 816 1965 beneﬁciis
839 1908 1230 1965 numerandum
1253 1917 1311 1965 ut
1332 1911 1585 1967 nimirum
1609 1911 1859 1981 baptismi

245 1999 450 2054 virtute
495 1998 625 2055 illud
650 2014 1051 2072 consequamur
1076 2012 1136 2058 ut
1159 2012 1345 2062 nostra
1375 2019 1587 2076 quoque
1617 2021 1763 2061 mors
1787 2006 1861 2062 sit

254 2090 477 2148 Christo
500 2094 837 2164 imputanda.
861 2094 1016 2162 Quod
1042 2093 1282 2163 Christo,
1311 2111 1379 2154 eo
1404 2097 1524 2170 ipso
1554 2099 1744 2155 mortis
1761 2114 1861 2153 no-

254 2185 436 2252 mine,
475 2199 537 2241 ea
563 2186 873 2254 deberetur,
902 2203 1061 2259 quam
1111 2189 1242 2257 dixi,
1271 2190 1687 2247 resurrectionis
1716 2205 1861 2247 mer-

255 2290 369 2343 ces,
404 2282 439 2333 ὀ
465 2277 639 2334 Veteri
691 2294 910 2352 quoque
937 2280 1286 2337 Testamento
1334 2282 1446 2353 jam
1493 2283 1744 2354 superius
1769 2299 1863 2340 os-

256 2370 551 2426 tendimus.
580 2373 655 2427 Ex
688 2373 784 2428 illo
830 2373 1082 2430 nimirum
1118 2376 1406 2447 antiquiori
1453 2385 1612 2448 paulo
1658 2393 1765 2449 quo
1791 2379 1861 2435 de
1894 2448 1899 2455 η

258 2473 377 2520 toto
391 2466 777 2536 redemptionis
801 2468 1018 2539 negotio
1044 2468 1536 2541 incarnationisque
1560 2485 1682 2526 cum
1702 2471 1861 2528 Patro

256 2559 544 2628 transegit.
591 2559 744 2627 Quod
796 2560 940 2614 enim
981 2559 1180 2616 Christi
1210 2563 1559 2629 resurrectio,
1592 2580 1698 2618 non
1751 2575 1857 2620 tam

255 2650 504 2719 propriae
531 2650 646 2719 ejus
666 2659 721 2705 et
744 2652 934 2707 nativa:
964 2652 1185 2721 Deitati,
1213 2669 1373 2724 quam
1404 2654 1546 2710 Patri
1573 2654 1857 2723 tribuitur;

257 2740 415 2810 quod
444 2743 607 2796 etiam
650 2742 805 2799 Pater
842 2758 950 2799 non
1003 2744 1178 2801 Patris
1222 2754 1399 2804 tatnen
1440 2746 1494 2802 in
1542 2745 1645 2815 hac
1697 2762 1860 2805 causa

254 2848 549 2905 personam
600 2836 790 2906 egerit,
833 2837 928 2894 sed
979 2838 1222 2907 judicis;
1274 2853 1374 2895 nec
1422 2853 1535 2895 suae
1586 2840 1639 2897 in
1686 2841 1859 2899 lilium

259 2938 493 3004 crop-ﬁ;
518 2930 775 2986 rationem
798 2929 1071 2999 habuerit,
1095 2931 1191 2988 sed
1214 2931 1415 2991 Christi
1447 2935 1627 3005 potius
1656 2935 1709 2991 in
1742 2951 1864 3006 pas-

262 3021 423 3077 sione
458 3020 629 3077 meriti
661 3042 678 3079 :
707 3023 849 3094 quod
881 3023 1045 3080 etiam
1077 3024 1328 3082 Christus
1356 3042 1464 3083 non
1494 3042 1593 3097 pro
1636 3042 1732 3083 sua
1773 3028 1862 3084 hic

260 3117 561 3189 equalitate
606 3134 733 3174 cum
762 3118 944 3187 Patre,
990 3119 1085 3175 sed
1113 3119 1270 3191 plane
1298 3122 1454 3191 quasi
1494 3120 1759 3195 subditus,
1790 3122 1864 3179 sit

1962 1913 2345 1972 agnoscantur.
2382 1903 2495 1960 lloe
2541 1915 2719 1962 autem
2762 1920 2976 1979 pactum
3007 1920 3065 1967 ut
3116 1914 3184 1969 ad
3230 1927 3570 1974 sacramenta

1962 2001 2170 2061 spectat
2211 1993 2260 2048 in
2292 2010 2514 2066 genere,
2551 1997 2623 2051 ita
2654 2000 2877 2070 prepius
2913 2011 2968 2057 et
3011 2005 3283 2076 praecipue
3310 2006 3379 2062 ad
3431 2007 3570 2079 bap-

1965 2085 2179 2142 tismum
2207 2089 2348 2158 quod
2378 2090 2591 2146 unicum
2609 2091 2925 2149 initiationis
2946 2107 3349 2155 sacramentum
3378 2114 3571 2159 omnes

1962 2190 2281 2248 agnoscunt.
2312 2180 2445 2238 Illud
2477 2184 2621 2239 enim
2641 2186 2856 2256 proprie
2871 2197 3087 2259 pactum
3110 2192 3438 2263 appellamus
3462 2211 3570 2266 quo

1958 2271 2049 2343 jus
2074 2275 2217 2344 pacti
2251 2275 2606 2349 ejusdemque
2619 2277 2883 2336 beneﬁcia
2910 2283 3143 2353 primum
3160 2288 3566 2359 consequimur,

1963 2382 2070 2423 non
2098 2384 2204 2438 quo
2230 2371 2507 2428 consecuti
2530 2372 2618 2443 jus
2665 2374 2806 2431 idem
2835 2391 3099 2448 augemus
3128 2388 3288 2451 atque
3314 2397 3569 2438 consum-

1963 2477 2193 2519 mamus.
2218 2463 2331 2531 Qua
2361 2465 2542 2536 itaque
2578 2468 2789 2525 ratione
2819 2470 2887 2524 ad
2914 2471 3168 2541 baptismi
3212 2489 3565 2532 consumma-

1964 2555 2164 2609 tionem
2187 2556 2522 2613 ostendimus
2545 2558 2821 2629 pertinere
2842 2564 3183 2635 martyrium,
3204 2565 3397 2624 eadem
3420 2578 3476 2624 et
3495 2569 3565 2626 ad

1963 2656 2177 2715 pactum
2228 2651 2602 2719 evangelicum
2662 2655 2909 2726 pectique
2960 2656 3218 2714 beneﬁcia
3288 2662 3563 2731 pertinere

1963 2739 2293 2807 cettsebitur,
2326 2757 2395 2797 ne
2424 2743 2546 2813 quis
2572 2745 2811 2801 nominis
2840 2747 3029 2812 solius,
3059 2766 3166 2805 non
3196 2752 3325 2809 item
3356 2755 3433 2810 rei
3468 2771 3567 2827 per

1964 2848 2161 2889 nomen
2179 2835 2515 2905 signiﬁcata,
2542 2838 2685 2894 hanc
2708 2839 2963 2912 baptismi
2983 2858 3105 2907 eum
3134 2848 3395 2919 martyrio
3410 2864 3565 2905 com-

1963 2924 2385 2982 municationem
2416 2928 2823 3001 interpretetur.

2040 3016 2068 3091 §
2112 3017 2707 3080 29.—-0bservandum
2736 3025 2877 3081 enim
2904 3036 3060 3085 sexto
3080 3072 3095 3098 ,
3118 3045 3225 3088 non
3250 3048 3315 3089 ea
3349 3041 3560 3093 tantum

1963 3112 2201 3181 generali
2234 3114 2445 3171 ratione
2484 3114 2797 3177 adumbrari
2826 3119 2879 3174 in
2910 3120 3180 3192 baptismo
3216 3128 3566 3200 martyrium,

256 3210 701 3279 considerandus,
732 3219 790 3265 et
813 3210 1141 3268 obedientize
1165 3213 1361 3286 merito
1398 3215 1675 3284 praemium
1707 3215 1859 3271 exal-
1886 3213 1932 3278 C
1965 3219 2067 3273 (11³³
2100 3211 2156 3259 εί
2182 3205 2391 3277 τθιίίιυει
2424 3208 2603 3263 “mnia
2647 3210 2901 3281 b39533“
2930 3212 3110 3277 οηῖείθ
3136 3216 3566 3291 “umbram”;

259 3304 473 3360 talionis
500 3321 531 3360 a
562 3304 726 3361 Patre
742 3305 1041 3375 reputarit;
1068 3306 1247 3375 plane,
1276 3306 1514 3378 inquam,
1540 3307 1658 3363 haec
1678 3307 1857 3364 omnia

255 3404 486 3468 arguunt
506 3411 616 3453 non
647 3413 801 3457 suam
828 3397 940 3465 hic,
972 3396 1067 3454 sed
1093 3414 1225 3455 vero
1248 3399 1502 3467 alienam,
1542 3408 1596 3457 et
1640 3400 1858 3471 quidem

253 3504 285 3544 a
306 3504 402 3545 sua
430 3490 591 3560 longe
618 3489 1043 3547 diversissimam
1078 3506 1108 3547 a
1141 3492 1356 3549 Christo
1401 3501 1707 3563 susceptam
1736 3509 1860 3552 esse

256 3597 563 3651 personam.
593 3583 661 3641 Et
682 3598 813 3639 vero
843 3584 957 3654 ipsa
980 3599 1250 3655 personae,
1270 3600 1432 3655 quam
1460 3588 1735 3654 sustinuit,
1767 3602 1858 3645 ra:

260 3678 340 3733 tio
366 3688 576 3749 pactum
601 3677 821 3748 aliquod
848 3680 1069 3735 omnino
1095 3680 1355 3755 postulat,
1381 3688 1437 3739 et
1465 3689 1709 3737 mutuum
1734 3695 1859 3738 cum

254 3769 417 3827 Patre
460 3785 812 3831 consensum.
841 3769 952 3831 Nec
978 3771 1122 3841 enim
1146 3769 1353 3829 Christi
1384 3773 1603 3831 nomine
1629 3788 1731 3833 una
1758 3772 1861 3828 ali-

254 3879 377 3933 qua,
401 3873 461 3919 ut
482 3863 689 3919 scholae
717 3864 1033 3933 loquuntur,
1058 3862 1333 3923 individua
1356 3880 1587 3936 persona
1607 3865 1849 3936 intelligi-

256 3966 367 4021 tur,
397 3956 492 4011 sed
522 3957 739 4026 politica
771 3965 826 4012 et
852 3955 1066 4026 publica
1107 3972 1227 4027 qua:
1268 3972 1367 4015 suo
1412 3957 1621 4013 ambitu
1666 3973 1858 4017 attines

260 4048 511 4102 omnium
526 4048 834 4107 mulorum
860 4049 1217 4122 locorumque
1239 4051 1480 4109 omttium
1503 4050 1686 4107 ﬁdeles
1710 4066 1862 4113 com-

259 4141 555 4211 plectatur.
593 4140 681 4197 ﬂis
706 4143 850 4200 enim
886 4143 1136 4201 omnibus
1164 4143 1459 4203 convenire
1488 4143 1860 4213 intelliguntur

256 4230 429 4302 hujus
452 4232 726 4289 beneﬁcia.
756 4235 1012 4295 Poterant
1030 4232 1263 4307 fortasse
1284 4233 1481 4297 Christi
1505 4236 1692 4297 merita
1721 4250 1860 4303 prae:

254 4326 424 4383 mium
443 4325 669 4396 aliquod
696 4343 764 4382 ex
795 4327 1061 4399 aequitatis
1085 4327 1206 4397 jure
1230 4326 1333 4389 sibi
1359 4326 1670 4397 itttpetrare.
1698 4326 1857 4395 Quod

266 4434 395 4475 rero
421 4434 530 4475 non
560 4434 626 4483 ex
658 4435 813 4490 aequo
849 4421 1151 4491 dumtaxat,
1182 4419 1281 4483 sed
1311 4435 1409 4491 pro
1426 4420 1648 4491 iustitia:
1675 4419 1859 4483 debito

1965 3296 2059 3353 sed
2099 3298 2242 3369 quod
2286 3299 2462 3369 ipsum
2507 3302 2668 3373 aquei
2707 3303 2959 3375 baptismi
2989 3308 3296 3380 symbolum
3326 3312 3401 3369 ita
3436 3329 3568 3375 nos.

1964 3399 2130 3461 trum,
2161 3408 2322 3462 quem
2344 3392 2602 3463 diximus,
2627 3398 2986 3467 sanguineum
3011 3400 3339 3473 baptismum
3367 3422 3573 3477 reprae-

1963 3494 2163 3552 sentet,
2188 3494 2248 3540 ut
2267 3485 2426 3557 plane
2452 3486 2600 3547 nulla
2627 3488 2699 3545 sit
2721 3490 2880 3561 aquai
2910 3492 3166 3563 baptismi
3188 3495 3568 3566 elﬁcacia,nisi

1963 3574 2030 3633 ad
2068 3577 2424 3647 sanguineum
2466 3578 2794 3649 baptismum
2828 3581 3119 3640 referatur.
3143 3584 3258 3654 Qua
3288 3588 3431 3644 enim
3467 3589 3570 3645 imo

1962 3670 2163 3727 mersio
2201 3672 2255 3727 in
2286 3687 2483 3743 aquam
2507 3672 2636 3729 vitae
2664 3675 2914 3733 animalis
2938 3678 3441 3749 mortiﬁcationem,
3470 3683 3569 3739 de-

1963 3772 2131 3830 notat,
2161 3778 2265 3834 qua
2296 3764 2531 3823 cmersio
2557 3780 2625 3822 ex
2652 3766 2845 3825 eadem
2874 3784 3029 3826 nova:
3054 3772 3218 3830 etiam
3244 3774 3572 3844 spiritualis-

1963 3870 2068 3924 qtte
2094 3854 2213 3911 \‘iltB
2236 3857 2611 3926 sponsionem,
2635 3874 2721 3925 ea.
2750 3875 2854 3930 qua
2877 3860 3016 3931 dixi,
3039 3866 3306 3935 Sponsarii
3335 3869 3570 3940 symboli

1962 3947 2357 4017 signiﬁcatione
2381 3961 2774 4020 repraesentat;
2807 3951 2982 4013 lateor
3004 3957 3211 4031 nullum
3236 3973 3359 4019 esse
3395 3961 3571 4031 chris.

1964 4041 2123 4097 tianze
2152 4041 2274 4103 vita:
2304 4042 2543 4109 ojﬁcium
2574 4046 2702 4115 quin
2734 4046 2804 4109 ad
2835 4046 3033 4105 horum
3061 4050 3383 4113 alterutrum
3416 4054 3567 4113 rele-

1963 4142 2133 4201 ratur,
2166 4150 2291 4199 eum
2320 4137 2567 4210 xa'rOapo‘ttt
2593 4138 2772 4207 omnia
2802 4148 2896 4203 aut
2923 4142 3181 4205 τελείωσιν
3208 4154 3477 4213 spument,
3510 4156 3570 4205 ut

1963 4225 2247 4299 loquamur
2285 4244 2407 4292 cum
2442 4231 2834 4301 pythagoratis,
2878 4230 2996 4293 hac
3027 4233 3095 4293 ad
3130 4249 3326 4295 novam
3368 4240 3568 4311 mysti-

1960 4333 2191 4390 camque
2218 4320 2382 4385 vitam
2400 4361 2414 4384 ,
2442 4320 2509 4377 ad
2538 4336 2733 4385 noram
2756 4322 2846 4381 illa
2882 4325 3272 4400 mysticatnque
3296 4340 3525 4393 mortem
3543 4373 3562 4401 ,

1962 4410 2212 4467 similiter
2252 4411 2558 4479 referenda.
2590 4411 2703 4469 Nec
2743 4422 2921 4483 tamen
2961 4428 3246 4495 propterea
3275 4422 3401 4478 novi
3436 4422 3570 4496 bap-

254 4511 385 4571 ἰηαὰ
416 4513 732 4577 vindicent;
759 4512 903 4580 quod
933 4528 1042 4571 non
1066 4513 1167 4578 sibi
1198 4513 1383 4581 modo,
1412 4513 1509 4577 sed
1540 4514 1652 4575 suis
1676 4513 1857 4579 omnis
1917 4530 1929 4563 t
1964 4503 2107 4571 tismi
2151 4505 2411 4571 beneﬁcia
2452 4506 2785 4578 quibuslibet
2824 4509 2951 4567 vitae
2991 4511 3304 4578 christiana:
3335 4514 3566 4586 ofﬁciis,

255 4605 356 4665 bus
384 4605 520 4661 illud
551 4620 583 4660 a
613 4605 770 4663 Patre
797 4606 1081 4675 debeatur,
1113 4607 1233 4671 sine
1262 4616 1419 4679 pacto
1442 4622 1665 4678 prorsus
1695 4607 1856 4665 intel-.
1879 4611 1937 4674 Β
1960 4598 2057 4673 Sed
2084 4614 2155 4657 ne
2185 4600 2436 4667 omnibus
2478 4600 2698 4673 quidem
2740 4604 2903 4669 simul
2941 4605 3217 4673 collectis.
3248 4611 3565 4673 asserimus.

255 4698 350 4770 ligi
380 4716 485 4755 non
526 4708 707 4769 putest
734 4715 842 4772 quo
872 4700 1034 4761 Pater
1057 4702 1223 4767 etiam
1254 4716 1502 4771 personae
1531 4702 1761 4773 politica:
1789 4702 1858 4763 il-

260 4793 371 4849 lam
400 4795 840 4853 constitutionem
872 4802 1201 4866 acceptaret.
1234 4795 1362 4857 Erat
1394 4796 1540 4857 enim
1573 4794 1677 4853 hoc
1706 4803 1860 4858 ante,-

253 4887 508 4945 eetlenter
529 4888 597 4943 ad
624 4896 839 4959 pactum
865 4887 939 4945 ita
966 4888 1165 4955 arbitra
1178 4886 1337 4953 rium.
1364 4896 1423 4945 ut
1449 4887 1598 4947 nulla
1618 4887 1852 4954 Patrem,

254 4981 311 5037 ni
334 4981 406 5037 ita
425 4981 796 5050 convenisset,
820 4980 901 5038 vel
923 4982 1151 5057 aequitas
1176 4981 1459 5052 obligaret,
1493 4990 1552 5039 ut
1575 4996 1675 5051 pro
1696 4980 1859 5045 Chri-

257 5072 333 5129 sti
354 5073 563 5131 meritis
590 5074 896 5131 mercedem
923 5072 1172 5134 ﬁdelibus
1191 5075 1545 5155 persolveret,
1574 5089 1696 5130 cum
1721 5088 1861 5145 pra:-

262 5166 445 5221 sertim
473 5175 526 5223 et
589 5167 691 5239 ipsi
738 5166 990 5234 Christo,
1022 5168 1073 5235 in
1132 5169 1348 5239 propria
1402 5168 1566 5225 etiam
1623 5180 1857 5237 persona

263 5258 628 5328 permisisset.
686 5260 756 5317 Et
807 5260 1024 5332 quidem
1075 5260 1369 5323 admodum
1432 5271 1858 5339 consentaneum

272 5360 404 5407 erat
430 5353 693 5421 platotticis
722 5353 871 5410 illius
900 5354 1002 5413 aevi
1028 5354 1386 5426 dogmatibus,
1416 5365 1470 5417 ut
1520 5353 1647 5419 huic
1673 5356 1859 5427 αἰωνίῳ

256 5441 553 5516 Evangelii
594 5443 804 5522 suam
830 5488 848 5516 ,
886 5462 1007 5518 quae
1036 5454 1213 5513 tamen
1266 5456 1385 5511 erat
1432 5446 1725 5513 terrestris,
1756 5446 1862 5501 alia

260 5537 426 5594 etiam
455 5539 805 5611 responderet
853 5544 1158 5619 προαιὼνιος
1198 5541 1250 5609 in
1291 5541 1443 5597 cmlis
1493 5539 1645 5611 cujus
1675 5537 1863 5603 virtuti

256 5630 330 5689 sit
357 5631 523 5689 etiam
572 5632 859 5695 tribuenda
906 5634 1181 5699 terrearis
1211 5630 1447 5701 διαθήκης
1491 5632 1752 5690 efﬁcacia.
1784 5631 1863 5699 Ita

256 5722 544 5794 probatum
571 5724 829 5785 dedimus
880 5724 985 5785 hoc
1014 5733 1250 5797 pactum,
1280 5724 1424 5798 quod
1450 5725 1578 5781 licet
1615 5730 1866 5793 asseram

252 5818 424 5879 etiam
450 5820 812 5892 recentiores,
864 5821 1176 5896 neutiquam
1225 5830 1407 5889 tamen
1458 5821 1710 5901 probant,
1761 5833 1866 5878 nec

1962 4690 2097 4750 Cum
2124 4694 2267 4757 enim
2292 4693 2420 4750 illud
2443 4694 2738 4763 dixerimus
2766 4698 3098 4769 prtecipuum
3123 4700 3373 4773 baptismi
3396 4704 3565 4762 fuisse

1964 4786 2246 4849 consilium
2288 4796 2347 4843 ut
2384 4787 2588 4845 Christi
2628 4789 2910 4851 morientis
2942 4795 3383 4866 res‘ilirgemisque
3421 4799 3563 4859 ima-

1962 4880 2143 4949 ginem
2169 4880 2237 4947 ad
2264 4881 2445 4939 virum
2470 4891 2950 4951 reprzesentemus,
2975 4884 3101 4953 inde
3127 4884 3288 4953 etiam
3316 4887 3565 4953 beneﬁcii

1963 4971 2301 5041 haptismalis
2327 4987 2477 5043 Spem
2502 4988 2717 5031 omnem
2745 4974 2813 5031 ab
2846 4989 2909 5030 ea
2939 4976 3055 5045 ipsa
3082 4982 3563 5047 reprtcseptatione

1963 5077 2335 5131 arcessemus;
2359 5064 2605 5135 sequitur
2627 5064 2854 5137 proinde
2882 5076 2938 5121 ut
2958 5082 3062 5139 qua
3080 5068 3188 5137 vita
3209 5079 3371 5142 atque
3390 5080 3566 5133 morte

1964 5157 2241 5229 Christum
2270 5159 2677 5227 accuratissime
2711 5161 3099 5231 exprimimus,
3127 5165 3181 5231 in
3228 5165 3336 5233 illis
3361 5169 3567 5239 prima-

1960 5252 2101 5325 rium
2124 5252 2372 5327 baptismi
2393 5251 2677 5321 consilium
2698 5256 3138 5333 constituendum
3165 5259 3253 5327 sit,
3277 5261 3345 5319 ab
3372 5261 3567 5323 iisdem

1962 5351 2218 5429 baptismi
2263 5351 2424 5415 etiam
2463 5350 2724 5417 beneﬁcia
2754 5354 2865 5417 sint
2903 5357 3176 5429 praecipue
3212 5360 3567 5428 expectanda.

1968 5443 2131 5516 Atqui
2176 5460 2454 5518 corporea:
2481 5456 2637 5502 erant
2677 5446 2784 5511 illae
2823 5447 3024 5513 Christi
3071 5458 3177 5507 tam
3214 5464 3366 5511 mors
3404 5468 3566 5526 quam

1967 5539 2318 5608 resurrectio,
2348 5539 2540 5611 quibus
2572 5556 2673 5597 nos
2701 5541 3018 5612 proﬁtemur
3042 5542 3097 5601 in
3128 5542 3401 5615 baptismo
3430 5561 3565 5605 con-

1968 5630 2203 5702 formes,
2240 5642 2295 5689 et
2335 5648 2563 5705 quarum
2593 5650 2693 5701 aps
2724 5634 2921 5699 ibidem
2956 5643 3236 5707 portemus
3272 5638 3564 5710 imagines.

1968 5734 2031 5795 ut
2066 5725 2121 5791 in
2148 5740 2427 5798 corporea
2454 5727 2869 5791 resurrectionis
2898 5741 3061 5789 causa
3100 5727 3148 5803 (ι
3186 5727 3332 5799 Con,
3361 5730 3455 5803 xv)
3481 5731 3567 5787 lo-

1967 5817 2149 5891 quitur
2177 5818 2339 5878 etiam
2362 5818 2679 5891 Apostolus.
2708 5818 2929 5895 Ilystica
2968 5821 3117 5883 enim
3156 5822 3487 5887 resurrectio
3521 5824 3572 5888 si
