4158 6260
524 5968 538 6003 ἒ

567 287 631 342 71
1534 282 1906 342 DODWELLI
1947 283 2403 345 DlSSERTATlO
2439 280 2858 343 CYPRIANICA
3804 279 3877 335 7?.

567 406 680 464 sola
704 404 756 460 in
780 403 1051 476 baptismo
1074 401 1456 475 sponderetur,
1485 410 1596 459 tota
1615 405 1703 459 illa
1729 406 1971 476 Apostoli
2000 422 2162 476 argtt-
2191 409 2241 467 Α
2270 405 2413 459 illitis
2443 403 2581 472 pacti
2615 402 2754 471 lege,
2784 397 2878 455 sed
2907 411 3036 453 vero
3057 409 3124 454 ex
3149 394 3390 469 ejusdem
3415 394 3576 451 etiam
3598 395 3878 466 aequitate,

567 500 827 557 mentatio
853 499 1183 554 concideret.
1207 498 1306 554 Est
1327 498 1540 570 quidem
1571 501 2020 555 verisimillin‘ium
2044 500 2170 555 inde

567 601 746 648 ortum
774 606 897 647 esse
928 591 1382 647 resurrectionem
1417 591 1722 662 negantium
1755 607 1995 647 errorem
2028 591 2168 661 quod

567 685 1020 741 resurrectionem
1057 683 1202 738 illam
1233 683 1481 754 baptismi
1519 684 1874 754 symbolicam
1903 683 1970 738 de
1997 683 2168 738 solius

567 779 762 833 anima:
816 779 1042 849 mystica
1091 776 1526 844 resurrectione,
1582 793 1687 832 non
1743 777 1868 832 item
1925 776 2170 846 corporis

569 873 952 943 intelligerent.
996 871 1128 927 Cum
1169 880 1350 926 autem
1393 886 1458 928 ex
1507 870 1757 926 universa
1801 871 1890 926 illa
1941 871 2168 942 apostoli

566 965 933 1035 disputatione
963 964 1308 1020 manifestum
1340 965 1439 1030 sit,
1473 963 1605 1018 illud
1638 962 1804 1018 fuisse
1839 964 2166 1033 prmcipuum

564 1059 816 1130 baptismi
846 1058 1133 1114 consilium
1163 1067 1252 1124 ut,
1284 1059 1350 1113 de
1379 1073 1486 1128 quo
1524 1055 1795 1126 prmcipue
1826 1056 1967 1110 illitts
1992 1055 2169 1109 mtatis

565 1152 700 1208 ﬁdes
735 1151 1048 1219 vacillaret,
1084 1151 1152 1208 de
1179 1166 1244 1208 eo
1276 1152 1756 1220 interponerentur
1784 1147 2168 1220 promissioncs

567 1244 621 1299 in
655 1255 813 1315 pacto
857 1244 1161 1314 baptismali
1209 1243 1449 1301 omnium
1495 1242 1845 1306 certissimm;
1895 1242 2050 1311 plane
2081 1256 2168 1296 se-

566 1341 749 1409 quitur
777 1336 980 1394 Christi
1011 1337 1490 1401 resurrectionem,
1523 1350 1628 1389 non
1661 1333 1823 1388 aliam
1851 1349 2010 1404 quam
2042 1348 2166 1388 cor-

567 1447 786 1501 porcam
815 1431 867 1486 in
911 1431 1180 1501 baptismo
1219 1429 1486 1490 exhiberi.
1525 1428 1609 1483 cui
1649 1435 1704 1482 et
1737 1436 1915 1480 nostra
1944 1440 2169 1494 respon—

565 1526 688 1581 deat
738 1525 1068 1580 resurrectio
1111 1523 1383 1594 praceipue
1423 1535 1708 1590 corporea.
1740 1519 1892 1586 Quod
1935 1533 2065 1573 vero
2101 1517 2168 1572 ad

568 1630 800 1676 mortem
835 1619 1399 1687 resurrectionemque
1427 1617 1683 1688 mysticas
1707 1615 1930 1682 attinet,
1963 1624 2167 1668 tantum

567 1714 722 1770 abest
763 1722 820 1766 ut
849 1728 943 1782 per
987 1713 1106 1767 illas
1137 1713 1404 1780 possimus
1442 1708 1642 1764 Christi
1679 1719 1844 1788 φορεῖν
1875 1710 2072 1774 εἰκόνα,
2114 1717 2172 1761 ut

2276 497 2536 552 vindicari
2576 509 2736 565 posse
2776 494 2827 547 in
2857 491 3152 562 Sanguineo
3194 491 3464 560 baptisnto
3498 490 3678 544 omnia
3711 491 3883 546 bene-

2275 591 2393 646 ﬁcia
2419 606 2448 644 a
2477 589 2694 644 Christo
2726 601 2824 657 pro
2864 601 2959 640 sua
3003 583 3143 654 pacti
3187 580 3521 652 baptismalis
3559 590 3710 652 parte
3741 597 3884 652 pra:-

2273 683 2494 747 standa,
2537 698 2605 736 ne
2640 679 2767 750 quid
2797 693 3084 748 superesse
3114 675 3384 739 videatur,
3431 690 3529 730 cur
3571 675 3885 742 dubitemus

2273 785 2495 831 rectene
2521 773 2637 828 lucc
2663 782 2720 826 ct
2745 787 2842 841 pro
2863 769 3068 825 Christi
3096 777 3272 824 mente
3297 777 3507 822 veteres
3537 767 3882 839 collegerint.

2271 869 2406 925 Cum
2438 869 2580 924 enim
2620 868 2731 937 jam
2779 863 3182 921 ostenderimus
3233 860 3602 916 conditionem
3648 877 3676 913 a
3723 860 3882 915 nobis

2272 963 2658 1035 pra'standam,
2689 976 2791 1031 qua
2815 959 2904 1030 jus
2929 957 3060 1012 illud
3087 970 3482 1026 consequamur
3509 953 3578 1009 ad
3607 954 3880 1024 promissa

2270 1057 2468 1113 Chrisﬁ
2513 1055 2806 1119 beneﬁcia,
2857 1053 2994 1107 hanc
3034 1051 3202 1121 ipsam
3240 1062 3365 1105 esse
3409 1048 3655 1118 corporis
3706 1047 3880 1104 nostri

2271 1167 2369 1223 pro
2407 1152 2624 1207 Christo
2670 1148 3054 1212 devotionem;
3095 1143 3239 1216 quod
3287 1141 3636 1198 nihilominus
3684 1156 3883 1198 recens

2271 1245 2554 1316 baptizatis
2604 1245 2883 1298 incruenta
2931 1247 3104 1295 morte
3134 1237 3362 1292 sublatis
3390 1235 3654 1291 concedat
3695 1245 3878 1293 tamen

2271 1340 2518 1395 Christus
2544 1337 2796 1408 baptismi
2831 1334 3088 1392 beneﬁcia
3109 1375 3124 1398 ,
3156 1331 3295 1388 ratio
3329 1346 3435 1385 non
3462 1339 3546 1385 est
3573 1330 3714 1402 quod
3745 1330 3881 1386 con-'

2272 1433 2533 1489 ditionem
2579 1432 2726 1486 illam
2779 1428 3131 1501 prrestiterint
3173 1428 3259 1482 cui
3306 1425 3573 1482 debentur
3619 1442 3686 1481 ex
3735 1425 3881 1495 pacti

2277 1525 2531 1596 :cquitate
2577 1523 2817 1595 ejusdem
2865 1522 3162 1588 beneﬁcia,
3210 1519 3308 1576 sed
3351 1519 3494 1590 quod
3525 1521 3693 1590 prima
3736 1518 3878 1590 pacti

2274 1617 2535 1673 beneﬁcia
2583 1615 2752 1688 gratis
2799 1616 3168 1671 concedantur
3219 1622 3276 1669 et
3319 1613 3437 1669 sine
3486 1612 3597 1667 ulla
3655 1627 3882 1684 prorsus

2273 1712 2620 1778 conditione,
2650 1711 2950 1783 praesertim
2982 1709 3088 1764 illis
3119 1710 3210 1780 qui
3249 1707 3486 1765 nondum
3517 1705 3714 1762 aetuali
3741 1706 3881 1762 obli-

567 1823 637 1863 ne
665 1820 792 1863 vere
821 1805 1036 1877 quidem
1069 1803 1316 1859 Christus
1355 1819 1422 1858 co
1452 1818 1613 1858 sensu
1636 1805 1707 1857 sit
1735 1817 1987 1872 umquam
2019 1817 2167 1854 mors
2197 1807 2246 1868 Β
2271 1805 2474 1875 gationi
2513 1812 2606 1858 aut
2649 1803 2949 1859 condiiioni
2991 1801 3059 1858 de
3101 1802 3247 1857 facto
3293 1800 3612 1871 praestanda;
3651 1798 3880 1854 obnoxii

570 1909 693 1955 tuus
732 1909 826 1954 aut
869 1899 1252 1954 resurrexerit.
1293 1896 1426 1952 Mori
1467 1897 1557 1952 ille
1598 1904 1820 1966 peccato
1860 1909 1966 1950 non
1998 1896 2170 1964 potuit

567 1994 656 2064 qui
689 2008 958 2062 nunquam
987 1991 1037 2048 ei
1065 1992 1293 2046 vixerat.
1313 1989 1635 2060 Mortiﬁcare
1655 2004 1870 2045 carnem
1895 2003 2001 2044 non
2033 2002 2170 2058 opus

569 2088 862 2158 habuitqui
893 2088 1092 2142 nullam
1119 2101 1372 2156 umquam
1401 2084 1570 2141 sensit
1588 2085 1767 2139 carnis
1793 2083 2167 2138 rebellionem.

569 2181 679 2238 Nec
721 2181 1020 2236 resurrexit
1059 2181 1150 2236 ille
1188 2180 1254 2234 ad
1294 2195 1486 2234 novam
1529 2178 1969 2248 spiritualemquc
2006 2176 2167 2230 vitam

571 2276 660 2348 qui
691 2286 1050 2346 prmlerquam
1088 2272 1422 2343 spiritualem
1451 2273 1613 2326 vitam
1645 2271 1804 2325 aliam
1837 2270 2038 2325 nullam
2070 2285 2173 2323 un-

571 2383 729 2439 quam
769 2367 1016 2422 duxerat.
1046 2366 1265 2438 Mystiea
1293 2381 1422 2436 ergo
1465 2382 1611 2420 mors
1653 2374 1816 2434 atque
1846 2364 2172 2418 resurrectio

572 2459 921 2515 sccundarias
945 2459 1111 2514 fuisse
1130 2469 1367 2530 oportet,
1393 2475 1499 2513 non
1532 2458 1799 2528 primariae
1821 2457 1873 2512 in
1906 2456 2173 2527 baptismo

572 2553 1089 2624 reprzesentatiunis,
1105 2562 1371 2623 quatenus
1397 2561 1450 2607 ct
1481 2551 1608 2617 illac,
1627 2566 1948 2620 quamquam
1974 2548 2171 2604 nullam

573 2662 696 2702 cum
725 2644 943 2702 Christo
963 2646 1398 2702 conformitatem
1429 2645 1558 2716 ipsa:
1585 2643 1862 2706 denotent,
1887 2643 2177 2712 diSponant

575 2738 766 2794 saltem
809 2738 876 2793 ad
917 2739 1064 2794 illam
1111 2739 1411 2792 animarum
1450 2745 1756 2791 nostrarum
1797 2750 1917 2790 cum
1959 2733 2176 2789 Christo

576 2832 1038 2896 conformitatem,
1088 2847 1249 2902 quam
1283 2839 1338 2886 et
1379 2830 1552 2900 ipsam
1586 2827 1805 2884 Christo
1847 2827 2018 2883 fateor
2053 2841 2177 2882 esse

576 2923 958 2997 gratissimam.

654 3017 682 3088 §
723 3016 815 3074 50.
840 3015 1058 3071 σ-Ουηι
1084 3016 1264 3086 itaque
1291 3016 1482 3071 mortis
1514 3015 1629 3070 hare
1659 3014 2178 3084 resurrectionisque

580 3110 636 3166 in
673 3110 943 3179 baptismo
991 3107 1400 3180 repraesentatio
1429 3107 1498 3163 ad
1527 3123 1755 3181 corpora
1795 3116 1975 3163 nostra
2007 3107 2178 3177 primo

2271 1907 2476 1964 essent,
2527 1909 2748 1968 propter
2791 1897 3202 1968 incapacitatem
3251 1894 3501 1966 subjecti.
3555 1893 3879 1950 Adultorum

2272 1997 2376 2052 alia
2404 2007 2488 2052 est
2519 1995 2742 2051 omnino
2773 1997 2933 2051 ratio.
2962 1995 3134 2063 Quam
3165 1994 3310 2050 enim
3340 1993 3708 2050 conditionem
3737 2006 3885 2046 non-

2273 2089 2399 2145 dum
2437 2099 2698 2160 praestare
2727 2097 2988 2160 possunt,
3023 2103 3144 2143 eam
3173 2085 3315 2144 velle
3352 2077 3545 2142 saltem
3592 2093 3878 2156 poterant,

2274 2193 2332 2238 ut
2354 2183 2476 2238 facti
2509 2183 2628 2238 loco
2648 2181 2790 2252 apud
2821 2181 2988 2236 Deum
3013 2180 3278 2235 habeatur
3304 2177 3432 2234 illud
3458 2179 3630 2248 ipsum
3668 2183 3878 2230 votum.

2277 2277 2417 2333 Sunt
2445 2285 2625 2330 autem
2657 2275 2796 2330 inter
2819 2289 2878 2329 se
2903 2271 3195 2328 admodum
3224 2271 3454 2326 diversa:
3483 2271 3586 2325 illa:
3606 2269 3884 2340 aequitatis

2277 2370 2518 2424 rationes
2555 2383 2657 2440 qua
2689 2367 2811 2438 quis
2840 2376 3128 2422 excusatur
3159 2381 3189 2420 a
3223 2363 3526 2436 praestanda
3565 2363 3709 2434 pacti
3745 2377 3882 2418 con-

2277 2462 2512 2526 ditioue,
2542 2470 2598 2516 et
2626 2475 2732 2531 qua
2759 2461 2884 2530 quis
2912 2457 3160 2516 eamdem
3202 2458 3336 2530 legis
3355 2456 3722 2514 conditionem
3755 2471 3884 2510 cen-

2279 2565 2430 2612 setur
2457 2554 2807 2625 implevisse,
2836 2554 2881 2609 si
2912 2553 3092 2608 minus
3130 2553 3196 2607 ad
3226 2552 3459 2608 litteram
3491 2552 3656 2623 legis,
3687 2559 3743 2605 at
3781 2565 3882 2622 pro

2280 2649 2612 2720 legislatoris
2662 2647 2954 2712 sententia,
3003 2647 3050 2702 si
3103 2661 3292 2717 aequus
3344 2645 3506 2700 modo
3561 2645 3882 2701 adhibeatur

2281 2743 2416 2814 legis
2438 2743 2726 2813 interpres.
2759 2741 2835 2797 Ita
2871 2742 3039 2813 igitur
3073 2741 3392 2813 martyrium
3421 2740 3474 2795 in
3505 2749 3632 2795 voto
3660 2755 3781 2796 cum
3813 2740 3884 2795 sit

2281 2851 2379 2908 pro
2413 2837 2547 2908 legis
2574 2836 2750 2892 littera
2774 2836 2954 2907 reipsa
2984 2835 3132 2890 aliud
3151 2877 3166 2902 ,
3197 2835 3338 2891 idem
3365 2845 3543 2890 tamen
3573 2835 3884 2891 censebitur

2281 2946 2402 2986 cum
2455 2930 2713 3002 martyrio
2751 2929 2819 2984 de
2875 2930 3018 2985 facto
3065 2944 3165 3000 pro
3214 2928 3672 2999 interpretationis
3710 2927 3884 2998 tequi-

2281 3032 2409 3080 tate.
2434 3021 2509 3078 Ita
2534 3024 2629 3079 ﬁet
2658 3033 2716 3078 ut
2744 3023 2923 3078 omnia
2957 3022 3209 3092 baptismi
3237 3021 3494 3079 beneﬁcia
3525 3021 3624 3076 soli
3648 3021 3886 3077 debean-

2284 3125 2370 3172 tur
2422 3118 2715 3189 martyrio,
2775 3117 2969 3172 saltem
3005 3115 3081 3196 .in
3132 3125 3281 3182 voto.
3331 3113 3486 3183 Quod
3528 3113 3574 3169 si
3619 3115 3782 3170 etiam
3830 3115 3884 3170 in

579 3200 862 3258 referenda
909 3216 1032 3256 esse
1083 3200 1492 3272 probaverimus
1523 3217 1536 3254 :
1570 3201 1817 3270 sequitur
1867 3197 2175 3270 primarium

2287 3209 2566 3282 baptizatis
2613 3227 2719 3266 non
2751 3208 3111 3282 martyribus,
3159 3208 3258 3265 soli
3301 3219 3477 3264 tamen
3526 3207 3784 3280 martyrio
3831 3209 3885 3264 in

581 3295 836 3365 baptismi
878 3295 1163 3351 consilium
1206 3309 1328 3351 esse
1369 3305 1428 3348 ut
1467 3309 1694 3364 corpora
1742 3303 1927 3348 nostra
1964 3292 2182 3348 Christo

580 3389 977 3454 devoveamus,
1020 3403 1224 3460 nosque
1274 3397 1556 3459 promptos
1598 3387 1966 3458 spondeamus
2021 3401 2182 3452 para-

584 3492 775 3554 tosque
797 3495 852 3538 ut
877 3481 1075 3539 Christi
1095 3497 1256 3538 causa
1278 3490 1507 3537 mortem
1531 3490 1871 3552 oppetamus,
1897 3487 2182 3548 corporum

582 3579 853 3636 videlicet.
876 3578 1005 3633 Inde
1017 3578 1346 3648 reliquorum
1364 3576 1615 3647 baptismi
1636 3574 2183 3646 beneﬁciorumfspem

583 3671 918 3741 concipimus
955 3671 1361 3742 accipimusque
1401 3672 1641 3726 omnium
1673 3671 2048 3726 certissimam.
2084 3669 2190 3724 lm-

585 3764 777 3836 primis
802 3763 872 3820 de
900 3763 1056 3820 beata
1085 3762 1486 3820 resurrectione
1512 3764 1759 3834 corporis
1791 3763 2039 3817 nimirum
2065 3763 2151 3817 illa
2171 3801 2186 3828 ,

588 3875 708 3931 qua:
749 3859 995 3930 corporis
1040 3857 1382 3930 passionibus
1427 3856 1832 3914 accuratissime
1873 3855 2187 3927 reSpondet.

586 3954 826 4024 Quaeque
857 3963 912 4008 ut
953 3953 1224 4024 praecipua
1265 3961 1385 4008 erat
1423 3952 1696 4023 plerisque
1725 3951 1860 4006 ratio
1883 3951 2191 4006 christiani-

588 4048 746 4116 tatis,
787 4062 850 4104 ea
890 4049 1191 4117 praesertim
1235 4055 1424 4112 actate,
1459 4044 1819 4116 recipiendaa,
1866 4045 1937 4100 ita
1983 4044 2191 4101 creditu

587 4151 705 4198 erat
733 4142 972 4198 omnium
1006 4141 1352 4206 difﬁcillima,
1394 4150 1453 4194 ut
1494 4139 1720 4212 proinde
1763 4147 2190 4194 consentaneum

587 4244 734 4289 esset
782 4250 902 4290 eam
951 4233 1322 4290 commendari
1363 4233 1696 4304 argumentis
1735 4232 1954 4287 omnino
2002 4232 2192 4287 certis-

592 4326 767 4384 simis.
791 4327 927 4383 Tum
960 4336 1015 4384 et
1043 4328 1324 4398 mysticam
1348 4343 1562 4399 quoque
1585 4326 1726 4381 illam
1755 4335 1985 4381 mortem
2016 4340 2196 4380 resur-

589 4422 999 4493 rectionemque
1045 4422 1396 4492 pollicemur,
1447 4437 1568 4493 qua:
1615 4420 1930 4477 secundaria
1979 4420 2198 4474 immer-

591 4515 760 4572 sionis
777 4526 979 4570 nostra
995 4513 1427 4584 emersionisque
1447 4514 1498 4568 in
1520 4513 1788 4583 baptismo
1805 4512 2196 4584 signiﬁcatione

593 4606 920 4662 denotantur
961 4623 976 4659 :

592 4701 797 4757 Christi
837 4701 1000 4757 etiam
1050 4710 1206 4773 parte
1248 4699 1594 4766 adhibentur,
1643 4699 1691 4755 is
1735 4715 1836 4754 una
1869 4699 2098 4771 spondet
2125 4716 2196 4757 ne

595 4812 747 4854 suam
788 4797 1007 4869 quidem
1051 4812 1274 4868 operam
1317 4795 1475 4851 nobis
1513 4793 1837 4850 defuturam.
1878 4795 1953 4850 Ita
1985 4803 2200 4850 constat

593 4890 914 4964 martyrium
961 4889 1022 4956 in,
1062 4888 1313 4962 primaria
1347 4888 1600 4960 baptismi
1639 4888 2031 4960 signiﬁcatione
2065 4903 2196 4945 con-

596 4983 778 5039 tineri.
807 4982 1033 5040 Constat
1063 4981 1260 5038 deinde
1289 4981 1359 5037 ita
1393 4996 1421 5035 a
1458 4981 1615 5035 nobis
1657 4981 2028 5051 interpositam
2059 4980 2197 5036 hanc

595 5078 843 5150 martyrii
880 5077 1254 5150 sponsionem,
1283 5086 1342 5132 ut
1365 5076 1437 5132 sit
1464 5075 1704 5133 conditio
1729 5091 1794 5131 ex
1832 5087 2012 5132 nostra
2048 5085 2199 5147 parte

600 5170 906 5243 prmstanda
939 5169 1082 5225 unde
1105 5168 1375 5240 pendeant
1395 5169 1602 5239 reliqua
1629 5169 1882 5239 baptismi
1910 5167 2198 5225 beneﬁcia.

598 5265 674 5321 Ita
699 5264 944 5336 sequitur
971 5278 1036 5320 ex
1068 5261 1208 5334 pacti
1239 5261 1398 5332 hujus
1435 5261 1557 5331 jure
1577 5303 1592 5328 ,
1635 5261 1896 5333 martyrio
1921 5261 2116 5318 saltem
2145 5261 2199 5319 in

598 5368 727 5413 voto
775 5357 960 5415 deberi
1009 5359 1191 5412 omnia
1233 5354 1485 5426 baptismi
1528 5355 1810 5411 beneﬁcia.
1845 5355 2100 5428 Sequitur
2127 5355 2200 5413 ita

601 5451 669 5506 ad
695 5452 947 5522 baptismi
975 5451 1496 5509 consummationem
1524 5460 1774 5522 spectare
1799 5453 2114 5524 martyrium
2138 5460 2200 5508 ut

600 5543 917 5614 martyrium
957 5545 1025 5601 de
1068 5544 1210 5600 laeto
1253 5544 1554 5614 praestitum
1603 5553 1810 5611 spectat
1839 5544 1904 5600 ad
1946 5560 2201 5601 consum-

604 5635 898 5692 mationem
928 5637 1170 5710 martyrii
1196 5635 1479 5690 dumtaxat
1507 5636 1560 5689 in
1588 5645 1737 5692 voto.

600 5749 608 5766 ο
679 5724 985 5799 §5L-—-Ne
1009 5743 1137 5783 vero
1166 5727 1364 5783 nimius
1389 5726 1574 5783 videar
1603 5727 1656 5784 in
1687 5730 1974 5802 captandis
2003 5731 2203 5802 baptis-

606 5825 763 5886 matis
803 5823 944 5903 pacti
985 5821 1260 5896 minutiis,
1292 5822 1488 5896 colligo
1528 5823 1756 5897 septimo
1788 5841 1892 5883 non
1939 5827 2101 5886 modo
2141 5843 2205 5886 ex

2288 3313 2417 3360 voto
2443 3304 2812 3373 debeaturjus
2844 3302 2975 3358 illud
3007 3317 3169 3358 omne
3197 3301 3343 3373 quod
3365 3302 3644 3358 consecuti
3672 3301 3723 3355 in
3751 3301 3888 3372 hap-

2291 3401 2451 3456 tismo
2491 3406 2618 3453 sunt
2642 3397 2711 3451 ad
2743 3395 3001 3467 baptismi
3047 3394 3346 3461 beneﬁcia;
3378 3395 3498 3466 quis
3539 3403 3622 3452 est
3660 3395 3749 3465 qui
3780 3410 3888 3451 non

2289 3493 2467 3548 videat
2526 3490 2725 3562 potiori
2781 3490 2994 3545 ratione
3052 3488 3390 3544 tribuendum
3454 3503 3574 3544 esse
3629 3485 3890 3558 martyrio

2289 3585 2526 3642 actuali?
2557 3584 2656 3639 Est
2681 3583 2823 3639 enim
2851 3582 2967 3638 haac
2994 3582 3128 3654 legis
3155 3583 3266 3652 ipsa
3293 3580 3554 3649 conditio,
3578 3596 3684 3636 non
3711 3588 3888 3635 autem

2291 3679 2434 3736 aliud
2461 3679 2589 3750 qttid
2617 3677 2760 3748 quod
2800 3693 2956 3750 aequo
2997 3684 3156 3749 egeat
3193 3675 3326 3747 legis
3360 3676 3655 3746 interprete
3696 3683 3754 3729 ut
3794 3687 3891 3744 pro

2294 3773 2406 3844 ipsa
2429 3771 2738 3828 conditione
2759 3780 3069 3828 censeatur.
3091 3770 3431 3841 Quamquam
3451 3768 3614 3840 igitur
3626 3781 3891 3837 nusquam

2294 3863 2512 3921 aliunde
2554 3872 2860 3931 constaret,
2898 3863 3118 3919 disertis
3162 3861 3490 3934 evangelicae
3536 3859 3669 3931 legis
3715 3857 3893 3914 verbis

2295 3959 2558 4029 martyrio
2590 3956 2778 4012 deberi
2820 3956 3072 4026 baptismi
3115 3955 3414 4019 beneficia;
3445 3952 3498 4009 id
3531 3961 3707 4007 tamen
3739 3950 3895 4007 facile

2295 4067 2362 4107 ex
2385 4052 2496 4122 ipsa
2525 4049 2768 4120 ejusdem
2799 4047 3067 4106 ratiocinii
3097 4049 3317 4121 sequela
3342 4045 3746 4119 colligeremus.

2370 4145 2397 4217 §
2437 4143 2726 4202 Eii—Est
2754 4145 2899 4201 enim
2931 4159 2996 4201 ea
3045 4144 3097 4199 in
3125 4143 3304 4210 omni,
3359 4142 3594 4198 humana
3645 4154 3889 4212 quoque,

2297 4236 2682 4309 legumlatione
2701 4236 2925 4307 probata
2945 4234 3342 4307 argumentatio
3359 4251 3459 4306 qua
3480 4234 3658 4304 legum
3682 4232 3896 4287 casibus

2299 4331 2517 4387 omissis
2538 4346 2568 4386 e
2593 4330 2861 4386 ratiocinii
2889 4329 3118 4402 paritate
3149 4329 3532 4402 prospicimus.
3563 4328 3674 4384 Illis
3702 4341 3898 4398 nempe

2299 4425 2602 4481 canonibus
2631 4425 2976 4497 generalibus
3001 4425 3249 4493 oriunda,
3275 4424 3417 4496 quod
3447 4426 3626 4480 causis
3645 4424 3895 4481 omnibus

2301 4517 2610 4573 consultum
2655 4527 2921 4590 cuperent
2967 4518 3381 4590 legumlatores;
3439 4516 3584 4591 quod
3632 4517 3896 4573 rationem

1023 4616 1079 4663 et
1123 4617 1390 4677 quatenus
1436 4606 1551 4661 hinc
1577 4605 1766 4662 eadem
1805 4607 2046 4677 symbolo
2097 4605 2272 4677 proD
2299 4609 2496 4682 ubique
2543 4609 2736 4666 ducem
2786 4612 2939 4682 sequi
2985 4611 3219 4680 vellent;
3269 4610 3412 4684 quod
3461 4611 3692 4682 denique
3735 4625 3896 4682 quam

2303 4703 2566 4760 rationem
2609 4705 2661 4760 in
2703 4720 2806 4760 una
2853 4719 3015 4761 causa
3055 4705 3408 4777 probassent,
3451 4704 3694 4760 eamdem
3717 4709 3902 4759 essent

2303 4806 2361 4852 et
2388 4798 2438 4851 in
2471 4796 2592 4852 aliis
2619 4796 2870 4854 similiter
2899 4798 3192 4868 probaturi.
3239 4797 3367 4854 Inde
3403 4795 3668 4868 contingit
3697 4803 3756 4850 ut
3781 4809 3898 4866 qua:

2306 4889 2378 4944 ita
2427 4888 2720 4945 constituta
2768 4889 3001 4958 fuerint,
3051 4906 3158 4945 non
3209 4905 3309 4962 pro
3354 4888 3694 4960 prudentium
3740 4885 3901 4941 modo

2307 4983 2550 5041 consiliis
2581 4983 2902 5052 habeantur,
2937 4984 3032 5040 sed
3064 4983 3241 5056 legum
3269 4985 3430 5040 etiam
3461 4982 3567 5037 vim
3600 4981 3899 5036 obtineant.

2306 5077 2438 5134 Inde
2466 5078 2730 5148 sequitur,
2759 5077 2804 5134 si
2831 5079 2912 5134 vel
2944 5093 3043 5149 pro
3065 5077 3246 5148 legum
3278 5077 3630 5131 humanarum
3653 5071 3902 5142 exemplo

2304 5171 2482 5228 divina
2539 5172 2704 5227 etiam
2754 5171 3023 5244 legislatio
3071 5181 3220 5228 esset
3263 5167 3625 5232 instituenda,
3680 5166 3904 5222 rationis

2305 5266 2592 5336 paritatem
2622 5281 2721 5336 pro
2755 5265 2939 5321 divina
2978 5279 3100 5321 esse
3138 5265 3255 5336 lege
3286 5260 3717 5333 intelligendam.
3744 5257 3900 5331 Atqui

2307 5360 2482 5432 major
2506 5369 2655 5416 certe
2676 5370 2760 5417 est
2785 5361 2923 5416 ratio
2949 5374 3045 5414 cur
3069 5359 3251 5415 valere
3277 5358 3328 5413 in
3357 5355 3537 5411 divina
3568 5354 3903 5428 legislatione

2307 5455 2504 5512 debeat
2533 5455 2650 5510 lucc
2672 5453 3067 5526 argumentatio
3086 5467 3245 5524 quam
3271 5452 3322 5506 in
3349 5450 3605 5506 humana.
3629 5448 3904 5504 Falluntur

2305 5549 2451 5604 enim
2484 5549 2536 5602 in
2569 5548 2681 5602 suis
2726 5547 3026 5603 ratiociniis
3073 5547 3292 5602 humani
3323 5546 3485 5602 etiam
3538 5543 3904 5615 lcgislatores,

2309 5655 2410 5697 nec
2447 5639 2698 5711 scquelas
2723 5655 2916 5695 omnes
2945 5639 3284 5712 praevident,
3325 5639 3488 5696 etiam
3522 5635 3815 5707 legitimas;
3851 5639 3911 5688 ttt

2309 5733 2542 5805 proinde
2590 5733 2752 5790 etiam
2797 5749 2920 5790 curn
2963 5743 3113 5791 recte
3155 5743 3598 5806 argumentamur
3627 5745 3692 5785 ex
3718 5741 3907 5784 eorum

2312 5823 2626 5900 principiis,
2677 5825 2856 5884 adhuc
2905 5834 3086 5885 tamen
3143 5825 3390 5884 dubitare
3445 5823 3607 5880 liceat
3654 5829 3905 5880 essentne
