4230 6212
326 187 409 250 ⁸15

1345 199 1437 257 DE
1475 196 1793 263 SECUNDO
1828 202 2223 268 MARTYRUM
2259 208 2623 274 BAPTISMO.
3579 223 3648 291 7i}

326 317 514 366 tamen
555 307 634 364 illi
680 290 898 364 nostras
942 310 1190 381 sequelas
1235 313 1529 384 probaturi.
1579 318 1720 374 Deus
1751 328 1928 377 tamen
1957 320 2010 382 A
2038 321 2332 392 pleuariam
2377 325 2646 397 baptismo
2675 330 3046 403 concedimus,
3079 349 3199 395 eam
3244 353 3344 396 nec
3382 345 3644 417 martyrio

321 416 434 457 nec
458 401 511 457 in
544 401 823 471 principiis
852 401 1198 473 ballucinari,
1234 421 1333 461 nec
1362 407 1414 462 in
1447 410 1702 479 sequelis,
1737 421 1936 481 potest.

320 494 404 551 Ita
432 505 651 552 certum
671 496 775 553 erit
793 511 955 568 quam
980 498 1251 557 rationem
1277 501 1329 557 in
1356 516 1460 557 una
1486 517 1645 559 causa
1674 506 1936 575 probarit,

318 588 382 645 in
411 589 542 646 aliis
573 589 737 647 etiam
763 605 887 647 esse
925 592 1258 663 agniturum.
1287 594 1508 652 Certum
1549 599 1686 664 erit,
1720 600 1764 656 si
1794 617 1936 657 mar.

319 683 460 754 tyrii
503 696 665 739 causa
714 692 864 740 tanta
907 683 1173 741 beneﬁcia
1226 686 1278 741 in
1328 687 1599 758 baptismo
1634 693 1930 761 concedat,

315 771 427 844 ipsi
485 774 745 847 martyrio
794 776 960 849 longe
1010 778 1207 845 potiori
1255 778 1467 837 ratione
1521 796 1933 841 concessurum.

314 866 545 925 Certum
572 871 618 926 si
651 870 898 944 martyrii
952 872 1040 929 vel
1079 881 1267 929 votum
1318 881 1465 930 tanta
1503 883 1683 933 tamen
1728 886 1785 934 et
1825 888 1934 936 tam

310 964 539 1036 copiosa
566 964 823 1021 mercede
855 975 1197 1036 compenset,
1227 967 1363 1022 nihil
1394 983 1518 1025 esse
1541 970 1685 1042 quod
1718 982 1930 1029 metua-

310 1068 442 1111 mus
468 1055 646 1112 soluto
671 1066 801 1114 voto
824 1057 1072 1114 eamdem
1100 1059 1411 1116 mercedem
1436 1075 1558 1118 esse
1578 1074 1921 1136 negaturum.

311 1146 537 1205 Certum
576 1148 814 1221 denique
836 1149 1063 1221 proinde
1080 1191 1097 1217 ,
1125 1151 1172 1206 si
1198 1151 1415 1222 plenam
1440 1156 1791 1227 numerisque
1819 1158 1931 1213 suis

311 1243 573 1300 omnibus
600 1244 908 1300 absolutam
940 1253 1288 1316 peccatorum
1319 1247 1695 1304 remissionem
1735 1264 1931 1307 conse-

311 1343 550 1406 quantur
595 1336 891 1407 baptizati,
941 1337 1059 1394 fore
1097 1339 1320 1395 omnino
1359 1348 1421 1395 ut
1458 1341 1704 1399 eamdem
1734 1356 1930 1399 conse-

313 1437 551 1499 quantur
580 1440 871 1502 martyres.

395 1520 764 1594 §33.—Addo
778 1523 924 1579 enim
942 1532 1136 1582 octavo
1158 1540 1266 1581 non
1289 1529 1359 1581 ita
1374 1540 1498 1584 esse
1519 1525 1927 1601 intelligendum

314 1611 421 1669 hoc
466 1630 756 1672 commune
802 1615 1055 1688 baptismi
1097 1616 1188 1689 jus
1234 1629 1400 1690 atque
1442 1622 1725 1692 martyrii,
1768 1633 1826 1678 ut
1869 1623 1926 1679 in

2045 417 2344 487 negandant
2368 420 2760 481 existimemus.

2118 507 2146 579 §
2174 509 2340 564 5i.—
2358 511 2496 579 Qttid
2525 514 2668 584 qttod
2701 516 2830 573 illud
2861 520 3047 587 etiam,
3084 538 3181 593 pro
3207 527 3439 598 receptis
3466 539 3650 600 pacto—

2041 612 2161 653 rum
2185 601 2448 670 moribus,
2477 619 2669 663 omnes
2692 625 2905 682 tequum
2933 628 3262 686 agnoscant,
3298 630 3356 676 ut
3382 622 3649 694 siquando

2040 689 2387 760 stipulatione
2449 698 2680 767 primum
2736 701 3050 774 interposita
3107 714 3382 769 nonnullae
3438 689 3651 786 praemii

2039 783 2295 851 primitiae
2348 788 2653 859 stipulatori
2700 793 2753 848 in
2805 812 2996 853 manus
3041 803 3352 870 tradantur;
3398 783 3455 861 at
3494 819 3649 867 certe

2038 875 2202 933 [idem
2251 881 2619 951 stipulationis
2672 886 2990 959 liberatam,
3046 900 3454 970 prmstitatnque
3505 903 3647 971 pacti

2036 972 2405 1031 conditionem
2451 990 2665 1035 maneat
2706 985 2910 1052 praemii
2943 987 3255 1058 plenitudo,
3284 1007 3350 1048 eo
3372 995 3647 1066 cupiosior

2036 1078 2145 1135 quo
2186 1078 2241 1121 et
2280 1067 2387 1123 illm
2431 1069 2636 1127 fuerint
2678 1077 2997 1148 ampliores.
3052 1083 3281 1141 Arrltam
3336 1089 3552 1145 tradunt
3591 1092 3646 1148 in

2036 1170 2227 1213 manus
2257 1168 2409 1228 pacta
2444 1164 2702 1233 nuptialia
2725 1207 2740 1229 ,
2772 1178 2828 1222 at
2858 1172 3097 1227 nondum
3138 1174 3321 1232 dotem
3369 1179 3471 1235 nisi
3515 1198 3645 1238 con-

2034 1262 2303 1307 summato
2338 1256 2704 1314 matrimonio.
2738 1259 2886 1318 Idem
2915 1274 2971 1319 et
3001 1265 3052 1320 in
3097 1268 3217 1324 aliis
3257 1286 3374 1339 qua:
3405 1271 3471 1327 ad
3505 1274 3645 1332 bona

2032 1344 2430 1418 passionesque
2469 1358 2718 1419 spectant
2757 1356 2930 1423 pactis
2957 1359 3098 1414 solet
3142 1361 3405 1419 obtinere.
3442 1365 3642 1425 Verum

2034 1437 2139 1494 hoc
2166 1439 2219 1493 in
2252 1439 2357 1497 illis
2379 1446 2652 1515 prmcipue
2671 1448 2845 1516 pactis
2868 1450 3047 1507 elucet
3066 1470 3186 1523 qua:
3215 1459 3454 1513 nondum
3483 1462 3641 1517 adul-

2032 1535 2212 1585 torum
2242 1533 2457 1590 nomine
2496 1535 2823 1606 stipulantur
2857 1548 3084 1597 tutores.
3118 1544 3377 1606 Incltoalo
3407 1553 3641 1623 quodam

2026 1619 2156 1691 jure
2182 1625 2351 1678 veStit
2377 1624 2491 1696 ipsa
2519 1627 2610 1683 illa
2640 1629 2890 1686 inchoata
2919 1634 3219 1703 stipulatio.
3256 1619 3440 1699 Donec
3460 1653 3642 1704 tamen

311 1709 579 1783 baptismo
616 1713 967 1770 remittantur
1011 1724 1229 1785 peccata
1270 1715 1470 1772 virtute
1512 1716 1734 1787 quidem
1782 1716 1929 1773 illius
1956 1722 2005 1782 Β
2031 1712 2201 1769 adulti
2229 1715 2463 1782 fuerint,
2491 1728 2546 1774 et
2572 1719 2640 1776 ad
2681 1738 2853 1779 annos
2888 1727 3261 1787 conditionum
3303 1740 3640 1804 pra-standa-

311 1802 369 1862 in
395 1816 523 1862 voto
550 1807 797 1880 tnartyrii
832 1805 979 1878 quod
1028 1809 1348 1878 proﬁtemur
1390 1809 1446 1864 in
1473 1808 1743 1880 baptismo
1762 1850 1778 1875 ,
1808 1810 1924 1866 sola

311 1907 493 1955 tamen
535 1899 623 1954 illa
652 1914 774 1970 qua:
820 1899 1151 1971 baptismum
1184 1901 1602 1971 praecesserint,
1633 1917 1742 1957 non
1792 1901 1921 1958 item

315 2004 384 2047 ea
415 1991 698 2060 quaeinter
731 1992 1055 2062 baptismum
1087 1991 1325 2049 admissa
1354 1992 1559 2050 fuerint
1583 2002 1744 2065 atque
1774 2009 1921 2049 mar-

317 2084 544 2157 tyrium.
573 2086 743 2142 Aliter
780 2094 989 2143 veteres
1031 2086 1135 2143 hoc
1177 2089 1342 2144 etiam
1384 2089 1502 2159 ipso
1546 2088 1695 2161 paria
1742 2087 1922 2145 facere

314 2187 646 2233 censuerunt
691 2193 811 2233 cum
858 2179 1131 2250 baptismo
1172 2181 1526 2253 martyrium,
1572 2181 1716 2252 quod
1764 2191 1821 2236 ut
1866 2182 1922 2238 in

314 2265 582 2339 baptismo
622 2278 844 2340 peccata
885 2271 1068 2325 omnia
1104 2270 1474 2341 remittuntur,
1519 2272 1692 2344 ipsum
1724 2287 1922 2344 nempe

313 2356 642 2430 baptismum
693 2362 1093 2432 pra-cedentia,
1150 2379 1257 2419 non
1306 2364 1573 2435 originale
1619 2365 1918 2435 duntaxat,

312 2455 667 2509 verumetiam
706 2455 972 2524 actualia,
1013 2456 1159 2512 idem
1200 2459 1274 2513 sit
1313 2458 1381 2515 de
1416 2460 1678 2532 martyrio
1703 2476 1920 2533 quoque

312 2547 697 2613 sentiendum,
743 2549 927 2608 delere
962 2552 1172 2610 scilicet
1211 2554 1481 2611 universa:
1521 2556 1649 2611 vitm
1684 2556 1915 2628 ﬂagitia,

313 2637 455 2695 nihil
483 2649 543 2696 ut
567 2649 832 2711 praeterea
856 2646 1087 2717 supersit
1114 2646 1465 2717 expiandum.
1498 2647 1669 2705 Recte
1695 2649 1917 2722 quidem

310 2731 392 2788 illi
433 2749 467 2790 e
515 2734 802 2805 principiis
844 2737 1005 2793 modo
1047 2738 1349 2809 explicitus.
1400 2740 1456 2797 Si
1502 2741 1647 2797 enim
1696 2752 1919 2812 propter

308 2825 444 2881 illud
469 2826 719 2898 martyrii
746 2838 921 2885 votum
944 2831 1277 2888 concedatur
1300 2842 1645 2904 peccatorum
1689 2846 1913 2904 praeter-

308 2918 512 2975 itorum
558 2921 714 2991 plena
764 2922 1133 2995 indulgentia;
1175 2941 1361 2997 parem
1405 2927 1589 2999 utique
1622 2927 1914 3000 indulgen—

309 3014 435 3070 tiam
460 3014 662 3085 potius.
697 3025 756 3072 ut
790 3016 925 3085 dixi,
958 3020 1388 3090 expectabimus,
1422 3021 1613 3078 eodem
1641 3033 1771 3078 voto
1799 3023 1911 3094 jam

2027 1822 2147 1863 rum
2170 1823 2400 1881 capaces
2421 1816 2683 1883 provecti,
2716 1828 3036 1891 pactumque
3063 1836 3163 1881 suo
3183 1842 3399 1899 quoque
3421 1835 3637 1903 proprio

2026 1902 2246 1958 nomine
2276 1908 2781 1976 consummandum,
2816 1912 3054 1969 nondum
3106 1917 3267 1983 pleno
3301 1921 3424 1990 jure
3471 1938 3634 1998 atque

2024 2006 2402 2053 consummato
2436 2013 2557 2069 qua:
2583 2000 2694 2071 jam
2724 2007 3003 2063 consecuti
3031 2019 3162 2066 sunt
3191 2014 3471 2081 possidere
3500 2034 3633 2077 cen-

2023 2097 2236 2156 sentur,
2268 2091 2466 2147 nedum
2499 2103 2555 2148 ut
2580 2094 2670 2164 jus
2701 2097 2935 2154 habeant
2967 2110 3073 2157 tam
3115 2106 3329 2163 lirmum
3360 2110 3426 2167 ad
3452 2112 3629 2172 lulura

2024 2182 2169 2275 pacti
2215 2185 2459 2253 praemia.
2514 2188 2781 2253 Quorsum
2827 2192 2959 2248 illud
3009 2196 3063 2250 ni
3121 2200 3314 2270 majori
3360 2203 3413 2259 in
3461 2208 3635 2275 pretio

2024 2270 2357 2330 haberentur
2379 2277 2719 2336 conditiones
2734 2281 2845 2352 jam
2879 2287 3152 2357 prmstitae,
3181 2306 3342 2362 quam
3368 2270 3633 2368 susceptzc

2022 2363 2285 2421 duntaxat
2327 2377 2383 2424 et
2422 2369 2529 2425 lide
2564 2383 3062 2446 quantumcumque
3090 2380 3243 2435 ﬁrma
3273 2363 3630 2452 praestandae?

2021 2460 2100 2516 Ita
2137 2461 2302 2531 igitur
2332 2466 2698 2520 consummati
2733 2467 2786 2521 in
2828 2472 3091 2541 martyrio
3136 2473 3387 2545 baptismi
3429 2480 3636 2550 plenio-

2022 2570 2136 2612 rem
2168 2554 2287 2613 l‘ore
2315 2572 2475 2628 quam
2506 2558 2744 2616 inchoati
2778 2560 3168 2634 indulgentiam
3202 2581 3631 2633 consentaneum

2020 2660 2124 2706 est.
2169 2649 2239 2706 Ut
2282 2650 2545 2722 proinde,
2597 2652 2642 2707 si
2696 2663 2915 2724 peccata
2963 2662 3236 2727 praeterita
3282 2664 3530 2723 cluantur
3575 2670 3632 2728 in

2019 2743 2288 2816 baptismo
2334 2762 2539 2819 aqueo,
2573 2750 2709 2806 nihil
2750 2752 2821 2808 sit
2845 2769 2943 2810 cur
2981 2754 3291 2815 dubitemus
3316 2761 3432 2818 fore
3462 2766 3627 2823 etiam

2019 2835 2252 2892 eluenda
2284 2838 2338 2894 in
2363 2839 2631 2910 baptismo
2659 2846 2979 2914 sanguineo.

2092 2930 2122 3002 §
2146 2931 2469 3002 35.—Quod
2491 2936 2637 2992 enim
2659 2941 2835 3008 spatio
2863 2942 3125 3011 temporis
3151 2945 3472 3016 interpbsito
3492 2951 3624 3024 bap-

2017 3023 2235 3080 tismum
2259 3043 2490 3098 aqueum
2523 3042 2782 3102 sequatur
2807 3035 3160 3106 sanguineus,
3194 3055 3301 3096 non
3326 3054 3409 3099 est
3436 3023 3621 3117 utique

301 3106 500 3164 soluto.
533 3111 608 3163 At
651 3123 754 3179 par
792 3110 885 3166 illa
930 3112 1262 3184 indulgentia
1302 3129 1425 3171 esse
1465 3116 1653 3188 nequit
1684 3117 1730 3171 si
1773 3130 1912 3187 quo-
1940 3112 1986 3177 C
2019 3116 2163 3188 quod
2185 3133 2214 3171 a
2238 3118 2490 3190 baptismi
2518 3130 2707 3178 natura
2729 3124 2965 3181 alienum
2986 3143 3329 3189 censeamus.
3350 3106 3619 3208 Distiniit,

301 3213 536 3269 cumque
555 3201 776 3257 tandem
803 3210 1050 3275 tempore
1069 3216 1354 3278 susceptus
1365 3206 1668 3278 baptistnus
1692 3218 1913 3280 peccata

301 3298 481 3349 tamen
511 3293 789 3365 praeterita
819 3296 1070 3353 universa
1112 3299 1327 3368 deleat,
1368 3314 1472 3357 nec
1514 3311 1690 3357 tamen
1720 3300 1826 3356 alia
1856 3301 1913 3358 in

296 3384 562 3458 martyrio
609 3386 897 3445 deleantur
938 3406 1100 3462 quam
1145 3408 1266 3463 quae
1306 3393 1631 3464 baptismum
1674 3408 1910 3466 praeces-

297 3481 477 3537 serint
496 3522 513 3547 ,
544 3490 695 3538 tanto
736 3483 923 3555 utique
948 3484 1233 3543 intervallo
1269 3502 1299 3542 a
1334 3503 1394 3545 se
1424 3487 1709 3560 dissitum,
1740 3491 1826 3547 cui
1857 3500 1913 3550 et

304 3571 600 3630 intervallo
647 3589 994 3648 peccatorum
1049 3581 1292 3637 nondum
1346 3583 1698 3639 remissorum
1753 3588 1909 3657 copia

295 3670 613 3728 necessario
632 3673 997 3744 responderit.
1030 3675 1135 3732 Pro
1160 3677 1301 3747 pacti
1331 3686 1480 3734 certe
1500 3679 1776 3750 mquitale,
1800 3695 1907 3753 quo

293 3762 471 3835 magis
494 3762 840 3821 conditiones
884 3778 1208 3838 praestamus
1237 3785 1335 3840 pro
1374 3780 1558 3828 nostra
1586 3774 1726 3843 pacti
1752 3783 1907 3845 parte

293 3856 672 3926 praemandas,
710 3872 778 3915 eo
820 3862 1175 3933 consequitur
1208 3864 1579 3936 accrescitque
1620 3867 1776 3923 nobis
1814 3867 1905 3939 jus

295 3948 371 4003 ad
419 3951 721 4008 mercedem
774 3967 804 4007 a
861 3953 971 4011 Deo
1027 3957 1386 4027 praestandam
1431 3958 1691 4029 validius;
1737 3976 1805 4017 eo
1850 3970 1907 4018 et

294 4039 548 4099 viciSSim
574 4047 742 4115 major
766 4047 870 4103 erit
908 4047 1080 4119 ipsius
1123 4049 1220 4106 Dei
1257 4050 1323 4106 ad
1369 4051 1707 4118 mercedem,
1739 4068 1900 4125 quam

287 4136 573 4208 pollicitus
627 4148 739 4207 est,
794 4142 1199 4213 prmsumdam,
1257 4145 1552 4218 obligatio;
1614 4162 1681 4204 eo
1735 4149 1899 4205 etiam

286 4228 536 4288 favorem
562 4233 657 4290 Dei
688 4249 1004 4306 possumus,
1032 4253 1134 4310 pro
1163 4239 1302 4310 pacti
1325 4240 1556 4309 ratione,
1581 4241 1898 4314 ampliorem

284 4325 452 4383 nobis
473 4328 791 4386 vendicare.
813 4332 954 4400 Quin
980 4344 1055 4400 et,
1084 4333 1249 4389 missa
1273 4333 1415 4405 pacti
1439 4334 1895 4405 consideratione,

284 4418 536 4478 favorem
566 4421 790 4490 saltem,
820 4440 982 4495 quem
1011 4425 1158 4494 dixi,
1192 4426 1293 4483 Dei
1333 4427 1486 4483 illum
1530 4435 1680 4485 tanto
1706 4429 1897 4500 majori

2018 3216 2077 3263 ut
2107 3208 2359 3277 vidimus,
2392 3212 2689 3283 Apostolus
2717 3227 2826 3273 tres
2862 3217 3115 3291 baptismi
3148 3236 3359 3296 partes,
3387 3245 3617 3302 aquam,

2014 3299 2274 3370 Spiritum
2317 3312 2374 3358 et
2421 3306 2760 3376 sanguinem.
2813 3309 2925 3368 Nec
2980 3322 3161 3371 tamen
3209 3319 3302 3389 qui
3352 3299 3620 3389 baptismo

2013 3406 2188 3463 aqueo
2235 3394 2619 3464 lustrarentur,
2667 3415 2885 3471 semper
2934 3406 3111 3461 tamen
3162 3425 3269 3465 uno
3316 3413 3619 3489 eodemque

2013 3493 2259 3557 tetnpore
2305 3488 2555 3559 spiritum
2606 3492 2769 3548 etiam
2823 3496 3164 3567 accipiebant
3213 3488 3609 3579 baptismalem,

2012 3587 2071 3633 ut
2108 3578 2238 3635 alibi
2284 3582 2648 3650 probavimus.
2679 3587 2930 3656 Apostoli
2972 3606 3145 3661 aqueo
3175 3592 3476 3666 baptismo,
3518 3615 3612 3657 su-

2009 3672 2233 3741 perstite
2283 3672 2462 3730 adhuc
2513 3673 2743 3732 Domino
2793 3679 2996 3749 perfusi
3048 3695 3206 3755 sunt,
3262 3703 3384 3746 cum
3433 3701 3614 3752 tamen

2007 3760 2267 3832 Spiritum
2315 3780 2509 3834 nemo,
2551 3768 2655 3822 nisi
2704 3779 2826 3839 post
2862 3771 3107 3843 ejusdem
3158 3785 3612 3844 resurrectionem

2007 3855 2301 3924 acciperet.
2340 3856 2713 3917 Samaritanus
2752 3878 2889 3934 aqua
2920 3869 3158 3938 expiavit
3185 3871 3464 3945 Philippus
3491 3880 3612 3936 dia-

2005 3961 2205 4015 conus;
2225 3948 2489 4019 Spiritum
2514 3967 2674 4009 nemo
2697 3965 2907 4026 poterat
2925 3959 3115 4017 iisdem
3138 3968 3385 4025 conferre
3412 3985 3611 4041 praeter

2003 4041 2298 4123 apostolos.
2337 4042 2477 4112 Quid
2523 4045 2706 4116 igitur,
2736 4063 2962 4120 aquaeue
3004 4054 3106 4108 soli
3154 4057 3451 4117 tribuemus
3497 4066 3606 4123 vim

2003 4134 2153 4190 illam
2208 4147 2551 4206 peccatorum
2615 4139 3020 4209 praeteritorum
3070 4147 3474 4216 expiatricem?
3527 4157 3602 4213 lta

2002 4224 2160 4283 ﬁeret
2212 4236 2272 4282 ut
2320 4242 2459 4282 nova
2513 4243 2651 4297 opus
2701 4241 2846 4286 esset
2897 4234 3205 4304 expiatione
3260 4256 3606 4311 peccatorum

2000 4334 2232 4391 aquettm
2280 4318 2604 4390 baptismum
2660 4332 3101 4382 consecuturum.
3160 4327 3311 4388 Sicut
3364 4338 3506 4394 enim
3546 4342 3603 4399 in

1997 4411 2278 4485 gentilium
2298 4413 2571 4485 mysteriis
2595 4412 2863 4471 elementa
2885 4421 3170 4495 καθαρτικά
3188 4423 3324 4480 viam
3342 4430 3598 4494 τελειώσει

282 4526 411 4569 cum
449 4511 653 4570 ﬁducia
699 4529 987 4587 possumus
1032 4529 1354 4591 expectare,
1403 4529 1605 4591 quanto
1652 4532 1892 4578 nosmm
1919 4508 1972 4568 D
1998 4518 2191 4575 parare
2215 4504 2595 4573 credebantur,
2626 4507 2826 4578 nequid
2847 4524 3155 4581 superesset
3176 4514 3448 4587 impurum
3475 4540 3597 4582 cum

285 4619 481 4663 versus
531 4608 703 4665 Deum
761 4610 1191 4668 benevolentiam
1259 4612 1586 4671 luculentius
1643 4622 1894 4671 testatum

282 4696 538 4756 facimus.
567 4699 674 4769 Qui
707 4708 890 4758 autem
928 4703 1245 4775 sanguinem
1284 4720 1443 4761 suum
1487 4721 1586 4775 pro
1624 4706 1734 4762 Deo
1760 4720 1891 4777 pro-

282 4787 520 4857 fuderit,
550 4790 698 4848 hunc
725 4809 886 4851 nemo
914 4795 1123 4852 dubitet
1165 4797 1325 4868 longe
1371 4806 1520 4853 certe
1557 4799 1891 4854 testatiorem

283 4881 481 4942 iecisse
532 4900 688 4942 suam
740 4903 932 4945 versus
980 4890 1149 4947 Deum
1202 4890 1668 4958 benevolentiam,
1727 4908 1887 4964 quam

288 4976 383 5046 qui
408 4989 664 5050 prompto
703 4980 868 5037 luerit
917 4981 1181 5039 duntaxat
1231 4982 1590 5055 expeditaque
1641 4983 1708 5040 ad
1766 5001 1890 5054 pro-

285 5063 615 5126 fundendum
637 5071 845 5128 animo.
878 5073 1092 5131 Etcum
1130 5075 1317 5146 gratiae
1341 5075 1561 5146 speciali
1591 5076 1890 5133 tribuamus

285 5159 345 5217 si
376 5161 493 5230 quis
536 5180 631 5235 pro
680 5165 826 5223 facto
875 5168 1210 5226 voluntatem
1260 5168 1424 5226 fuerit
1466 5166 1886 5240 interpretatus,

282 5251 515 5324 signum
544 5265 626 5313 est
660 5259 900 5331 profecto
925 5261 1125 5317 factum
1155 5261 1332 5334 ipsum
1362 5261 1429 5317 ad
1454 5261 1679 5333 justititc
1720 5262 1889 5318 ratio-

279 5359 418 5403 nem
457 5348 674 5420 propius
715 5353 1011 5423 accedere,
1056 5356 1215 5426 longe
1259 5365 1409 5412 certe
1449 5355 1626 5411 adhuc
1668 5356 1890 5428 propius

278 5438 558 5513 ﬁquando
596 5447 731 5515 pacti
767 5448 929 5503 etiam
975 5448 1340 5506 consideratio
1369 5449 1759 5505 intercesserit.
1788 5447 1889 5504 Est

276 5529 465 5605 itaque
502 5545 711 5594 natum
752 5541 925 5611 pacti,
957 5550 1041 5597 est
1083 5550 1137 5597 et
1185 5549 1350 5598 rectae
1394 5540 1623 5605 rationi,
1666 5554 1889 5612 prorsus

275 5635 746 5699 consentaneum,
797 5640 1053 5705 utquam
1104 5640 1452 5706 peccatorum
1498 5631 1887 5706 indulgentiam

798 5809 1075 5875 Panos.
1120 5812 1198 5880 V.

1996 4598 2267 4655 sanctiora
2322 4600 2646 4656 commercia
2700 4601 3004 4669 ambirent;
3059 4606 3130 4661 ita
3189 4608 3411 4681 Spiritui
3467 4632 3598 4687 pro-

1996 4692 2255 4750 culdubio
2293 4691 2624 4750 inserviebat
2652 4710 2824 4767 aquea
2850 4696 2940 4751 illa
2970 4697 3220 4758 lustratio
3251 4720 3423 4776 nequa
3454 4712 3595 4769 vasis

1992 4790 2279 4862 impuritas
2303 4789 2550 4846 obstaret
2589 4804 2697 4861 quo
2740 4792 2919 4849 minus
2967 4806 3151 4863 posset
3196 4813 3292 4865 pro
3333 4801 3593 4874 dignitate

1994 4898 2091 4939 sua
2143 4881 2335 4952 recipi.
2385 4881 2617 4937 Prorsus
2669 4882 2854 4952 itaque
2899 4885 3133 4940 alienum
3185 4900 3301 4946 erat
3354 4902 3421 4951 ab
3471 4898 3591 4967 ejus

1991 4975 2277 5033 sanctitate
2307 4983 2365 5028 ut
2403 4975 2524 5045 quis
2570 4972 2721 5028 illum
2754 4973 2997 5044 impurus
3035 4978 3327 5047 acciperet.
3356 4985 3587 5045 Proinde

1987 5065 2356 5126 necessarium
2395 5074 2514 5122 erat
2555 5072 2613 5121 ut
2657 5064 2773 5135 ipse
2806 5065 3038 5135 Spiritus
3076 5068 3248 5127 vicem
3278 5089 3430 5146 aqua:
3455 5093 3587 5151 sup-

1987 5161 2167 5235 pleret
2211 5174 2308 5231 pro
2359 5165 2701 5229 peccatorum
2750 5159 3059 5230 expiatione
3106 5163 3373 5234 baptismo
3414 5185 3587 5240 aqueo

1990 5253 2378 5311 recentiorum.
2404 5249 2559 5319 Quod
2581 5252 2626 5304 si
2654 5249 2876 5321 Spiritui
2901 5252 3009 5308 vim
3036 5254 3180 5311 illam
3202 5258 3581 5335 concedamus,

1992 5361 2103 5402 ηοη
2139 5342 2244 5400 erit,
2286 5342 2470 5413 utique
2500 5356 2597 5397 cur
2625 5356 2655 5395 a
2683 5343 2944 5414 sanguine
2968 5346 3203 5402 alienum
3242 5363 3584 5416 censeamus.

1993 5438 2100 5494 Pro
2127 5434 2269 5509 pacti
2294 5433 2507 5490 ratione
2535 5449 2564 5487 a
2591 5434 2853 5505 sanguine
2884 5437 3061 5507 potius
3088 5443 3420 5506 expectanda
3448 5459 3586 5521 erat,

1989 5529 2137 5605 quod
2187 5529 2278 5586 ille
2335 5527 2401 5585 ad
2452 5525 2691 5583 ofﬁcium
2768 5538 3007 5585 nostrum
3070 5530 3591 5615 dispositionemque

1989 5631 2201 5696 spectat
2227 5636 2458 5695 quorum
2486 5619 2662 5692 major
2692 5619 2886 5679 haberi
2912 5619 3053 5675 solet
3081 5621 3133 5679 in
3166 5638 3446 5694 pactorum
3472 5633 3601 5702 jure

1988 5717 2129 5777 ratio
2170 5730 2332 5791 quam
2358 5715 2620 5774 donorum
2674 5712 2781 5778 Dei
2821 5710 3199 5787 gratuitorum.
3226 5717 3402 5778 Favet
3439 5737 3613 5793 pom

3134 5811 3173 5877 3
