4158 6260
554 247 624 304 75
1500 239 1871 305 DODWELLI
1912 239 2363 302 DISSERTATIO
2402 237 2819 303 CYPRIANICA
3787 244 3870 304 76

545 360 691 437 quod
727 376 827 437 pro
866 361 1009 418 illius
1032 361 1135 419 aevi
1167 358 1508 433 dogmatibus
1538 359 1826 431 platonicis
1866 358 1924 430 (e
1952 356 2147 427 quibus
2175 358 2229 420 Α
2253 356 2502 427 habetur,
2533 366 2961 415 consentaneum
2996 361 3085 415 est
3117 356 3171 415 id
3198 356 3407 417 idcirco
3433 358 3551 417 ﬁeri
3581 365 3638 416 ut
3659 367 3715 417 et
3736 359 3865 431 jura

550 455 728 512 omnis
756 453 875 511 haec
917 453 1185 525 theologia
1230 451 1525 525 symbolica
1569 450 1790 508 omnino
1834 449 2148 521 explicanda

550 548 657 617 est)
707 563 828 604 cum
856 563 883 601 a
916 547 1215 621 prototypis
1263 545 1440 607 omnis
1484 543 1574 600 illa
1621 543 1993 617 symbolorum
2034 541 2149 599 sive

553 643 916 715 antityporum
943 642 1113 696 virtus
1135 635 1450 696 deducenda
1488 636 1832 703 crederetur;
1869 636 1941 692 ita
1969 644 2150 692 tamen

551 735 921 810 symbolarum
950 733 1246 790 efﬁcaciam
1279 731 1652 804 explicabant,
1686 739 1745 787 ut
1772 727 1988 801 quidem
2034 730 2151 800 ipsa

554 844 653 902 per
681 844 742 885 se
769 827 900 883 nihil
926 826 993 882 ad
1022 826 1271 883 effectum
1302 824 1647 892 conferrent,
1682 821 1981 879 indicarent
2015 820 2152 876 dun-

553 928 697 978 taxat
721 920 810 976 cui
835 929 1250 993 prototyporum
1279 918 1368 974 illa
1403 916 1581 974 nativa
1609 915 1781 973 virtus
1806 924 1955 973 esset
1974 914 2152 986 appli-

552 1013 756 1083 canda,
801 1013 873 1071 ita
913 1024 973 1071 ut
1008 1014 1077 1071 ab
1116 1013 1249 1086 ipsis
1292 1014 1598 1086 prototypis
1623 1011 1802 1068 omnis
1830 1011 1922 1067 illa
1946 1011 2152 1080 virtus,

549 1127 647 1169 seu
676 1109 932 1166 naturalis
963 1107 1057 1164 illa
1084 1117 1251 1175 esset,
1281 1120 1377 1163 seu
1400 1104 1539 1178 juris
1568 1106 1729 1161 etiam
1766 1104 1975 1176 legalis,
2007 1111 2154 1160 esset

550 1200 907 1277 expectanda.
937 1200 1006 1257 Et
1034 1215 1158 1257 cum
1190 1215 1343 1271 aequa
1374 1213 1498 1256 esse
1534 1198 1729 1254 debeat
1762 1198 2151 1269 paciscentium

552 1296 791 1355 conditio
840 1310 945 1368 qua
986 1294 1124 1366 juris
1174 1292 1269 1349 illo
1305 1292 1707 1370 conjunguntur
1743 1291 1885 1348 inter
1914 1307 1974 1348 se
2002 1306 2154 1348 com-

551 1389 754 1447 mercio
775 1406 790 1456 ;
815 1401 1111 1461 congruum
1136 1383 1382 1458 profecto
1400 1391 1485 1440 est
1507 1394 1562 1438 ut
1584 1398 1743 1455 quam
1764 1383 1872 1439 vim
1894 1382 2153 1456 symbolis

555 1481 753 1539 divinis
812 1496 910 1553 pro
959 1478 1052 1535 Dei
1108 1476 1441 1548 obligatione
1489 1474 1859 1542 concedimus,
1905 1475 2152 1533 eamdem

554 1576 751 1632 nostris
780 1589 881 1647 pro
909 1579 1096 1629 nostra
1128 1567 1455 1641 obligatione
1482 1567 1718 1624 vicissim
1750 1566 2148 1636 concedamus;

555 1678 609 1726 et
638 1683 747 1740 quo
770 1668 912 1739 pacti
938 1663 1063 1736 jure
1093 1663 1235 1718 Deus
1260 1660 1637 1731 delinquentes
1665 1656 1835 1714 afﬁcit
1862 1657 2147 1730 supplicio,

2253 451 2537 523 utriusque
2576 451 2858 524 sanguinis
2889 449 3020 506 ﬁant
3064 451 3296 507 invicem
3337 452 3665 508 communia.
3712 450 3863 507 Nihil

2253 552 2434 600 autem
2465 553 2550 600 est
2576 543 2721 615 quod
2749 543 3060 599 dubitemus
3082 544 3311 613 quodvis
3331 543 3532 601 Christi
3558 543 3867 616 symbolum

2253 652 2283 693 a
2305 653 2436 694 vero
2474 646 2653 694 tamen
2686 636 2930 709 ejusdem
2954 646 3119 710 atque
3148 637 3394 710 originali
3423 638 3688 709 sanguine
3703 652 3868 708 supe-

2252 734 2383 789 rari.
2412 731 2621 791 Eodem
2655 743 2833 789 tamen
2860 732 3161 789 rediturum
3189 731 3427 790 diximus
3441 748 3538 789 seu
3567 740 3869 804 martyrum

2253 826 2571 897 sanguinem
2603 841 2702 897 pro
2729 840 2830 881 suo
2856 824 3109 882 Christus
3134 827 3444 896 agnoverit;
3467 839 3564 882 seu
3592 840 3688 896 per
3716 839 3869 896 mys-

2257 912 2417 973 ticam
2452 919 2733 989 utriusque
2751 917 3033 989 sanguinis
3053 918 3309 974 unionem
3336 918 3538 990 proprii
3561 918 3723 974 etiam
3745 931 3871 973 san-

2256 1011 2432 1082 guinis
2464 1010 2717 1066 virtutem
2754 1026 2851 1082 per
2873 1010 3193 1082 martyrium
3224 1010 3564 1082 applicuerit.
3596 1009 3692 1066 Illa
3720 1018 3872 1068 certe

2256 1106 2369 1174 ipsa
2405 1105 2491 1161 vel
2550 1106 2845 1178 applicatio
2890 1114 3041 1162 tanto
3092 1106 3368 1164 efﬁcacior
3398 1122 3522 1164 esse
3551 1106 3736 1164 debuit
3762 1121 3872 1180 quo

2255 1196 2460 1255 Christi
2498 1201 2816 1271 sanguinem
2863 1201 3084 1273 propius
3133 1201 3371 1274 attingit,
3423 1200 3708 1273 magisque
3744 1200 3872 1257 viva

2255 1296 2745 1367 repraesentatione
2775 1294 3016 1352 exhibet.

2327 1385 2749 1459 §57.—Estque
2773 1387 2954 1445 adhuc
2982 1404 3049 1445 eo
3081 1389 3251 1461 magis
3277 1398 3698 1445 consentaneum
3721 1396 3874 1445 recte

2254 1487 2492 1548 veteres,
2512 1490 2568 1537 et
2592 1496 2690 1553 pro
2713 1496 2894 1536 causa:
2915 1482 3168 1553 aequitate
3189 1482 3275 1536 hic
3296 1495 3418 1538 esse
3440 1488 3873 1552 argumentatos,

2256 1572 2416 1642 Quod
2446 1571 2537 1631 10°
2579 1590 2690 1631 non
2727 1574 3061 1647 quibuslibet
3088 1574 3330 1631 ﬁdelium
3370 1587 3467 1630 seu
3505 1573 3870 1645 passionihus,

2257 1681 2356 1724 seu
2402 1668 2670 1725 mortibus
2714 1677 2924 1725 tantam
2952 1671 3207 1726 virtutem
3234 1669 3587 1741 assignarint,
3630 1667 3729 1725 sed
3768 1667 3876 1723 illis

551 1758 746 1818 eodem
785 1758 908 1830 jure
939 1764 1185 1812 teneatur
1213 1752 1281 1809 ad
1311 1750 1618 1808 mercedem
1651 1749 1755 1806 illis
1775 1792 1793 1820 ,
1835 1751 1927 1822 qui
1960 1749 2150 1807 condi-

2263 1763 2521 1822 duntaxat
2548 1765 2747 1838 quibus
2772 1767 2842 1823 ad
2870 1765 3074 1824 Christi
3101 1768 3291 1824 mortis
3311 1767 3622 1838 exemplum
3650 1768 3879 1838 propius

547 1855 750 1911 tionem
795 1847 1180 1922 praestiterint,
1211 1845 1637 1902 retribuendam.
1673 1841 1731 1899 Si
1779 1843 1962 1915 itaque
2006 1858 2154 1898 mar-

546 1948 670 2022 tyrii
692 1945 777 2004 vel
802 1942 1091 2018 professio,
1112 1938 1351 2013 martyrii
1379 1937 1623 1995 absentis
1647 1937 1849 1993 virtute
1874 1937 2151 1993 remissio-

548 2056 674 2098 nem
723 2045 1066 2111 peccatorum
1097 2040 1347 2105 praestet,
1381 2028 1630 2087 eamdem
1668 2038 1819 2086 certe
1844 2027 2153 2085 necessario

547 2143 780 2208 Oportet,
822 2133 1021 2203 ipsum,
1049 2128 1266 2202 quando
1292 2127 1469 2196 adest,
1510 2135 1770 2198 praestare
1807 2122 2149 2195 martyrium.

551 2223 924 2297 Convenitque
951 2222 1381 2290 accuratissime,
1412 2218 1558 2292 quod
1588 2218 1838 2290 superius
1866 2217 1972 2272 huc
2001 2224 2153 2270 retu-

550 2321 748 2387 limus,
787 2334 910 2374 cum
948 2316 1118 2374 stolas
1144 2329 1271 2371 suas
1315 2322 1582 2386 martyres
1623 2312 1676 2367 in
1714 2309 1851 2381 Agni
1893 2307 2155 2379 sanguine

551 2413 751 2472 lavisse
782 2418 1088 2467 narrantur.
1129 2404 1243 2463 Nec
1279 2407 1424 2462 enim
1467 2404 1518 2461 id
1555 2403 1624 2460 de
1662 2400 1913 2474 baptismi
1937 2401 2155 2456 lavacro

552 2510 627 2565 ita
652 2502 936 2565 commode
966 2509 1176 2574 poterat
1205 2498 1450 2569 intelligi,
1479 2494 1622 2568 quod
1648 2496 1887 2550 omnium
1918 2491 2152 2548 ﬁdelium

552 2615 840 2660 commune
860 2597 1054 2661 fuerat,
1081 2593 1175 2652 sed
1199 2592 1268 2649 de
1296 2592 1512 2647 lavacro
1546 2588 1864 2661 patientium
1897 2584 2153 2657 proprio;

552 2711 655 2755 nec
692 2695 762 2752 de
786 2692 999 2751 illorum
1027 2688 1288 2745 duntaxat
1322 2692 1663 2757 peccatorum
1689 2677 1997 2751 expiatione
2034 2689 2155 2746 qua:

551 2799 755 2847 tantam
780 2787 927 2844 illam
950 2781 1349 2840 tribulationem
1370 2781 1796 2839 antecesserant,
1814 2771 1866 2826 in
1883 2767 2156 2840 baptismo

551 2884 759 2942 scilicet
781 2893 954 2952 aqueo
974 2875 1206 2947 expiata,
1231 2869 1325 2928 sed
1348 2870 1559 2925 illorum
1581 2879 1794 2939 quoque
1814 2876 1934 2934 qua:
1958 2859 2011 2916 in
2040 2857 2157 2930 ipsa

553 2977 648 3033 illa
674 2971 1027 3030 tribulatione
1055 2972 1238 3022 essent
1256 2959 1545 3035 erpianda.

626 3066 655 3140 ᾗ
679 3060 1036 3133 56.—Neque
1057 3072 1189 3114 vero
1206 3055 1311 3111 erit
1334 3051 1479 3125 quod
1503 3049 1759 3106 miremur
1780 3052 1985 3102 tantam
2007 3048 2157 3140 vetet

2256 1859 2641 1927 accessissent,
2665 1876 2789 1917 cum
2809 1877 3004 1932 nempe
3022 1861 3239 1934 publica
3257 1862 3519 1920 Ecclesiae
3539 1861 3878 1934 fratrumque

2218 2010 2225 2015 _
2256 1963 2418 2005 causa
2440 1965 2562 2007 sese
2574 1952 2917 2009 obtulissent.
2943 1953 3038 2008 Est
3063 1952 3280 2024 quidem
3300 1961 3608 2009 sanctorum
3630 1953 3877 2008 omnium

2256 2041 2311 2096 in
2338 2054 2632 2114 conspectu
2660 2044 2876 2100 Domini
2903 2060 3053 2100 mors
3081 2044 3343 2118 quaslibet
3380 2045 3643 2116 pretiosa.
3684 2045 3786 2102 Est
3819 2052 3881 2101 et

2255 2133 2433 2190 adhuc
2458 2136 2748 2202 pretiosior
2774 2137 3173 2204 innocentium,
3192 2153 3382 2192 eorum
3404 2137 3613 2193 scilicet
3632 2151 3770 2208 quos
3790 2137 3879 2194 vis

2255 2233 2533 2302 oppressit
2564 2232 2877 2303 iniquorum
2894 2231 3199 2288 hominum.
3220 2230 3329 2287 Sed
3351 2242 3407 2286 et
3438 2231 3584 2285 illam
3606 2232 3720 2287 Deo
3752 2231 3879 2287 cha-

2258 2337 2372 2377 ram
2401 2336 2522 2379 esse
2546 2324 2678 2380 nihil
2705 2333 2789 2380 est
2817 2325 2961 2396 quod
2989 2324 3298 2380 dubitemus
3332 2337 3438 2394 qua
3480 2322 3815 2378 occumbunt
3839 2325 3877 2379 ii

2258 2413 2455 2485 quibus
2473 2415 2655 2472 ofﬁcia
2680 2434 2774 2474 sua
2787 2419 3044 2490 quaelibet
3069 2417 3181 2473 vita
3204 2426 3334 2474 sunt
3359 2417 3475 2488 ipsa
3494 2418 3767 2484 chariora,
3782 2418 3877 2489 qui

2259 2517 2490 2565 mortem
2527 2525 2637 2579 pra:
2668 2521 2891 2581 peccato
2919 2510 3151 2579 eligunt.
3180 2510 3387 2580 Estque
3415 2510 3578 2566 etiam
3608 2509 3727 2566 haec
3758 2511 3876 2581 ipsa

2260 2615 2407 2656 mors
2428 2602 2733 2672 baptismali
2775 2603 2957 2658 ofﬁcio
2994 2603 3209 2672 afﬁnis,
3252 2619 3320 2659 ne
3356 2603 3425 2659 ab
3466 2604 3611 2659 illius
3638 2604 3878 2675 praemiis

2260 2692 2694 2764 pririlegiisque,
2717 2704 2935 2765 putetur
2957 2710 3181 2766 prorsus
3197 2696 3392 2751 aliena.
3418 2695 3528 2751 Nec
3546 2696 3634 2752 illa
3665 2698 3879 2768 procul-

2258 2786 2421 2843 dubio
2450 2786 2564 2842 Deo
2593 2786 2805 2858 ingrata
2834 2803 3008 2856 mors,
3039 2804 3200 2860 quam
3232 2788 3397 2844 tantis
3425 2788 3626 2845 ethnici
3646 2788 3881 2847 efferunt

2262 2877 2572 2949 praeconiis,
2592 2894 2696 2950 qua
2711 2881 2834 2951 quis
2858 2882 3049 2951 patria:
3073 2883 3237 2936 vitam
3260 2896 3413 2936 suam
3438 2881 3882 2953 impendit,mul-

2262 2981 2551 3046 torumque
2576 2984 2783 3032 mortes
2817 2992 2922 3032 una
2944 2984 3122 3032 morte
3162 2977 3419 3047 redimit,
3448 2992 3550 3033 nec
3593 2977 3683 3034 illa
3713 2977 3881 3035 etiam

2259 3083 2290 3121 a
2307 3066 2507 3124 Christi
2528 3070 2779 3141 exemplo
2805 3072 3005 3128 aliena.
3024 3071 3209 3144 Longe
3228 3080 3406 3127 tamen
3429 3074 3669 3127 omnium
3688 3073 3881 3143 proxi-

554 3135 650 3218 res
665 3157 933 3230 baptismo
958 3162 1257 3224 martyrum
1283 3146 1579 3218 sanguineo
1602 3144 1710 3199 vim
1737 3140 2066 3233 assignasse,
2111 3135 2159 3193 si

2264 3174 2352 3216 me
2369 3159 2437 3215 ad
2467 3158 2668 3217 Christi
2690 3135 2830 3217 illud
2851 3135 3275 3221 illustrissimum
3294 3162 3508 3219 accedit
3540 3135 3877 3233 exemplum,

555 3262 611 3312 et
640 3250 776 3309 illud
807 3247 1112 3306 recolamus
1139 3256 1284 3309 nono
1310 3248 1610 3311 martyrum
1640 3234 1795 3291 illum
1841 3230 2160 3303 sanguinem

554 3349 772 3408 Christo
793 3344 894 3419 ipsi
923 3360 955 3399 a
977 3340 1251 3399 veteribus
1282 3335 1446 3393 fuisse
1472 3330 1793 3389 attributum
1817 3348 1831 3384 ς
1862 3338 1916 3385 et
1941 3325 2160 3399 quidem

555 3446 629 3500 ita
645 3441 861 3499 Christo
889 3448 947 3494 ut
974 3451 1044 3493 ne
1067 3442 1379 3504 martyrum
1411 3427 1581 3484 fuisse
1607 3424 1943 3490 crederetur,
1975 3436 2076 3477 nec
2107 3420 2163 3475 in

553 3544 855 3609 martyrum
897 3528 1114 3603 propria
1155 3524 1416 3581 duntaxat
1451 3516 1738 3576 commoda
1780 3515 2035 3580 cessisse,
2065 3510 2164 3569 sed

553 3644 684 3687 vero
712 3629 766 3683 in
808 3624 1069 3682 Ecclesiae
1104 3618 1283 3691 potius
1328 3617 1615 3672 universze.
1659 3610 1786 3667 Haec
1837 3625 1869 3666 e
1916 3617 2163 3664 veterum

554 3718 822 3779 sententia
850 3715 978 3771 alibi
1025 3712 1395 3785 probavimus,
1427 3716 1484 3764 et
1511 3705 1645 3762 illud
1676 3703 1884 3777 pariter
1919 3700 2163 3759 ostendi-

555 3829 677 3869 mus
727 3826 889 3883 quam
940 3823 1052 3863 non
1097 3811 1287 3862 essent
1344 3817 1375 3856 a
1430 3797 1728 3871 Scripturis
1773 3808 2165 3865 sacrorumque

557 3908 894 3978 Scriptorum
917 3900 1196 3974 principiis
1218 3894 1588 3955 abhorrentia.
1612 3890 1739 3948 Haec
1760 3892 1939 3961 itaque
1967 3891 2015 3946 si
2035 3903 2162 3944 con-

553 4000 837 4069 cedantur,
865 3999 977 4071 jam
1004 3995 1370 4067 intelligemus
1410 4006 1573 4065 quam
1612 3987 1786 4045 solide
1812 3986 1889 4042 illi
1922 3983 2163 4056 pruden-

558 4106 750 4168 terque
786 4106 1007 4148 omnem
1036 4089 1178 4144 hanc
1216 4086 1471 4158 baptismi
1495 4081 1777 4155 sanguinei
1806 4077 2103 4135 efﬁcaciam
2133 4091 2166 4132 e

556 4187 837 4257 Scriptura
880 4181 1221 4254 collegerint.
1253 4178 1451 4235 Christi
1513 4175 1660 4232 enim
1707 4169 1955 4245 sanguini
2002 4181 2165 4226 nemo

558 4278 769 4335 dubitat
819 4275 1112 4332 convenire
1168 4271 1309 4329 hanc
1362 4276 1706 4342 peccatorum
1772 4263 2162 4336 expiationem.

560 4367 762 4425 Christi
806 4375 986 4422 autem
1014 4378 1214 4420 nomen
1262 4376 1361 4433 pro
1410 4361 1664 4417 universo
1692 4356 1895 4415 Christi
1934 4368 2165 4426 corpore

559 4463 791 4536 mystico
814 4458 1115 4531 saepissime
1144 4456 1477 4526 intelligitur.
1508 4453 1705 4523 Quidni
1733 4453 1894 4524 igitur
1941 4450 2051 4506 vim
2095 4449 2164 4505 il—

2263 3251 2310 3308 si
2332 3260 2388 3308 et
2427 3253 2730 3308 animarum
2759 3270 2923 3311 causa
2949 3257 3089 3326 quis,
3118 3264 3173 3310 et
3208 3256 3480 3310 communi
3518 3253 3735 3326 quidem
3789 3254 3884 3311 illa

2266 3345 2846 3415 multorum,veletiam
2866 3348 3107 3403 omnium
3128 3346 3457 3418 ubicumque
3470 3345 3882 3416 ﬁdelium,mor~

2266 3448 2375 3497 tem
2405 3449 2658 3512 oppetat;
2692 3441 2751 3499 Si
2780 3441 2903 3514 quis
2932 3459 3029 3514 pro
3049 3444 3324 3500 communi
3353 3442 3481 3512 ﬁde,
3512 3459 3610 3515 pro
3639 3459 3886 3501 commu-

2266 3534 2324 3589 ni
2352 3533 2589 3608 tidelium
2616 3549 2871 3605 corpore,
2898 3551 2996 3606 pro
3016 3536 3295 3592 communi
3318 3536 3523 3593 unitate
3550 3537 3885 3608 unitatisque

2266 3627 2542 3684 communi
2575 3628 2810 3695 vinculo,
2846 3639 2907 3684 ut
2937 3644 3135 3700 corpus
3157 3628 3358 3686 Christi
3389 3631 3678 3703 mysticum
3707 3630 3765 3686 in
3786 3644 3886 3687 sua

2268 3721 2577 3793 integritate
2603 3733 2916 3791 conservet,
2934 3733 2990 3779 et
3018 3739 3156 3779 nova
3183 3723 3409 3795 insuper
3444 3722 3887 3796 resipiscentium

2267 3816 2578 3872 accessione
2608 3816 2921 3887 locupletet.
2942 3816 3059 3873 Hoc
3087 3826 3171 3873 est
3197 3817 3328 3874 ferri
3350 3820 3417 3875 τὰ
3433 3819 3569 3875 αὐτὰ
3589 3825 3690 3875 τῶν
3715 3820 3886 3878 παθη-

2269 3910 2468 3981 μάτων,
2489 3910 2591 3965 hoc
2608 3918 2691 3965 est
2711 3907 2937 3978 Christi,
2955 3920 3009 3967 et
3029 3909 3247 3983 quidem
3270 3910 3545 3982 patientis,
3566 3912 3735 3967 εἰκὸνα
3756 3924 3889 3981 por-

2268 4009 2420 4069 tare;
2452 4001 2558 4058 hoc
2601 4010 2684 4058 est
2712 4003 2968 4074 supplere
2999 4019 3121 4074 qua:
3148 4004 3374 4060 deerant
3402 4001 3608 4059 Christi
3645 4018 3743 4075 pro
3782 4004 3890 4061 Ec-

2270 4092 2435 4149 clesia
2489 4094 2858 4165 passionibus;
2921 4095 3025 4150 hoc
3079 4111 3202 4151 cum
3259 4111 3325 4152 co
3391 4096 3552 4164 mori,
3618 4093 3886 4167 crnciﬁgi,

2270 4186 2509 4257 sepeliri,
2548 4203 2669 4244 cum
2715 4197 2770 4243 et
2798 4187 2988 4244 cadem
3037 4190 3293 4259 patimur,
3323 4198 3379 4246 et
3406 4188 3596 4245 eadem
3624 4189 3787 4245 etiam
3816 4188 3890 4246 de

2270 4294 2458 4349 causa,
2487 4294 2609 4335 cum
2632 4289 2685 4335 et
2707 4280 3015 4350 passionem
3044 4288 3097 4336 et
3141 4281 3411 4350 passionis
3452 4294 3669 4337 causam
3711 4278 3886 4336 habe-

2271 4387 2393 4427 mus
2438 4386 2559 4427 cum
2605 4371 2822 4428 Christo
2860 4386 3226 4428 communem.
3276 4371 3446 4427 Plane
3492 4370 3723 4427 innuunt
3767 4370 3890 4429 haec

2272 4466 2456 4520 omnia
2481 4480 2605 4522 esse
2634 4466 2920 4536 mysticam
2953 4466 3267 4538 quamdam,
3293 4466 3348 4521 in
3377 4464 3481 4522 hac
3520 4464 3636 4537 ipsa
3669 4466 3888 4538 passio-

560 4560 669 4617 lam
711 4565 1057 4628 peccatorum
1110 4552 1470 4622 purgatricem
1512 4548 1732 4605 Christo
1773 4548 1845 4602 ita
1889 4544 2159 4601 intellecto

2271 4574 2402 4615 num
2438 4574 2599 4615 causa
2629 4574 2974 4616 communem
3007 4559 3166 4616 nobis
3195 4575 3316 4615 cum
3348 4557 3570 4616 Christo
3600 4559 3887 4626 unitatem,

561 4648 905 4709 asseramus?
941 4644 1086 4702 Nihil
1132 4652 1216 4699 est
1257 4642 1525 4715 profecto,
1568 4656 1664 4698 cur
1708 4641 1921 4712 quoties
1960 4637 2165 4695 Christi

560 4747 875 4818 sanguinem
900 4753 1119 4816 peccata
1161 4746 1344 4796 nostra
1372 4738 1561 4794 lavare
1606 4744 1769 4801 atque
1794 4750 2028 4807 purgare
2055 4743 2166 4790 tra-

559 4842 694 4896 dunt
732 4855 899 4895 sacrae
928 4837 1170 4905 Litterae,
1203 4835 1271 4891 de
1296 4833 1568 4906 personali
1605 4830 1723 4902 ejus
1759 4831 2020 4905 sanguine
2044 4829 2168 4885 illas

562 4935 824 4990 duntaxat
855 4931 1238 5002 intelligamus.
1278 4929 1347 4985 Et
1374 4942 1504 4984 vero
1532 4926 1769 4983 nominis
1804 4923 2168 4995 ratiosuadet

562 5029 742 5099 potius
773 5035 832 5083 ut
857 5027 928 5081 sit
976 5025 1150 5081 virtus
1176 5023 1291 5079 haec
1318 5020 1538 5078 Christo
1567 5037 1692 5078 cum
1719 5019 1965 5092 ejusdem
2013 5035 2164 5092 mys-

563 5121 670 5177 tico
710 5134 960 5191 corpore,
1003 5117 1323 5174 communis.
1371 5114 1526 5182 Quod
1575 5114 1720 5170 enim
1766 5128 1965 5170 nomen
2006 5126 2168 5168 suum

562 5213 847 5270 nobiscum
888 5210 1284 5276 communicet,
1330 5208 1383 5264 id
1419 5208 1516 5264 illo
1557 5221 1751 5278 nempe
1777 5207 2009 5264 consilio
2039 5206 2173 5262 fecit

562 5314 624 5359 ut
672 5314 727 5361 et
772 5306 894 5376 jura
949 5303 1157 5359 nomini
1202 5301 1582 5373 respondentia
1637 5301 2000 5372 intelligantur
2041 5314 2172 5359 esse

564 5400 889 5455 communia.
940 5398 1009 5455 Ut
1040 5398 1094 5453 in
1135 5396 1514 5453 matrinioniali
1574 5395 1780 5451 unitate
1835 5395 2021 5468 (quam
2078 5393 2172 5451 hic

563 5492 783 5549 adhibet
805 5493 1093 5563 Apostolus
1119 5489 1186 5545 ad
1213 5487 1414 5546 Christi
1448 5487 1731 5561 mysticam
1763 5501 1887 5542 cum
1922 5488 2168 5545 Ecclesia

564 5585 821 5642 unitatem
852 5583 1250 5656 explicandam)
1273 5598 1563 5640 commune
1592 5582 1711 5637 viro
1738 5590 1903 5652 atque
1928 5582 2173 5640 foramina:

562 5694 761 5735 nomen
788 5680 1094 5735 communia
1129 5680 1290 5736 etiam
1319 5678 1604 5749 utriusque
1636 5676 1690 5731 in
1721 5676 1842 5747 lege
1867 5678 1989 5748 jura
2014 5678 2169 5737 facit.

559 5773 636 5831 ita
670 5781 727 5832 et
761 5787 885 5829 cum
923 5780 1223 5845 martyrum
1259 5770 1480 5842 sanguis
1521 5784 1620 5843 pro
1656 5765 1861 5828 Christi
1903 5773 2167 5843 sanguine

2271 4662 2330 4709 ut
2361 4653 2588 4724 proinde
2617 4652 2683 4708 ad
2717 4669 2877 4708 unam
2903 4663 3149 4724 utrmque
3174 4652 3530 4724 eamdemque
3574 4652 3890 4723 passionum

2269 4746 2651 4801 collectionem
2682 4747 2957 4818 pertinere
2996 4755 3344 4803 censeantur.
3381 4746 3437 4801 lu
3480 4745 3565 4801 his
3605 4755 3785 4802 autem
3816 4744 3890 4802 de

2272 4840 2476 4896 unitate
2502 4840 2727 4911 mystica
2756 4841 3055 4896 ratiociniis
3087 4840 3138 4903 id
3180 4856 3351 4913 genus
3378 4855 3634 4906 canones,
3675 4848 3732 4896 et
3769 4844 3894 4911 qui-

2273 4931 2398 4987 dem
2427 4933 2760 4989 universales
2780 4932 2928 5001 illos,
2961 4932 3207 5004 agnoscit
3232 4934 3565 5004 Apostolus:
3605 4932 3755 5001 Quod
3792 4947 3889 4986 ca-

2275 5027 2369 5098 piti
2393 5027 2648 5095 convenit,
2683 5026 2737 5080 id
2767 5036 2813 5080 et
2842 5025 3081 5082 membris
3120 5043 3227 5082 esse
3264 5041 3561 5093 commune;
3602 5024 3740 5096 quod
3777 5024 3892 5094 pri-

2276 5121 2457 5189 mitiis,
2484 5119 2539 5174 id
2578 5128 2622 5174 et
2646 5134 2829 5174 mam:
2864 5119 3134 5174 universw.
3175 5117 3243 5174 Ni
3287 5117 3622 5173 universales
3659 5115 3894 5173 fuissent

2272 5213 2371 5279 illi,
2405 5227 2539 5283 quos
2566 5211 2821 5276 diximus,
2866 5226 3124 5279 canones,
3164 5214 3387 5267 omnino
3425 5210 3756 5283 subjungere
3786 5210 3888 5267 de-

2278 5306 2396 5362 buit
2422 5304 2722 5376 Apostolus
2750 5320 2850 5360 cur
2876 5303 2931 5359 in
2964 5305 3050 5360 illa
3084 5304 3265 5375 potius
3291 5319 3452 5374 quam
3490 5304 3547 5359 in
3580 5303 3683 5359 alia
3712 5302 3890 5375 quali-

2279 5400 2372 5458 bet
2411 5414 2574 5456 causa
2615 5407 2803 5456 essent
2841 5398 3191 5470 agnoscendi.
3234 5397 3683 5470 Argumentantis
3742 5396 3889 5453 enim

2282 5510 2570 5565 personam
2615 5494 2702 5549 hic
2744 5493 3004 5550 sustinuit
3034 5493 3353 5564 Apostolus,
3396 5507 3506 5549 non
3537 5500 3715 5550 autem
3745 5488 3892 5546 illius

2278 5590 2374 5661 qui
2402 5604 2501 5660 pro
2527 5578 2931 5645 suaduntaxat
2975 5587 3301 5644 auctoritate
3332 5587 3583 5645 dictaret.
3614 5584 3691 5640 Ita
3726 5582 3895 5653 igitur

2279 5698 2403 5754 quae.
2427 5689 2777 5754 peccatorum
2813 5680 3051 5754 expiatio
3081 5681 3269 5755 capiti,
3294 5680 3484 5740 eadem
3515 5687 3572 5737 et
3594 5672 3892 5743 membris;

2280 5789 2405 5848 qua:
2428 5772 2585 5846 hujus
2607 5773 2887 5848 sanguinis
2911 5773 3193 5847 primitiis,
3225 5774 3418 5835 eadem
3447 5781 3505 5832 et
3530 5784 3725 5829 massae
3752 5781 3890 5827 con-
