4230 6212
230 172 298 228 77
1263 158 1355 217 DE
1385 154 1705 217 SECUNDO
1740 155 2136 216 MARTYRUM
2174 154 2539 217 BAPTISMO.
3468 163 3544 224 τε

232 285 429 343 veniet.
465 279 544 337 Ita
593 276 809 337 scilicet
837 287 939 333 nos
968 274 1202 332 incitare
1248 274 1424 330 voluit
1470 272 1731 328 Dominus
1767 271 1834 326 ad
1863 272 1912 332 Α
1938 270 2102 327 medii
2142 271 2389 340 ratione,
2434 274 2802 344 praestantius.
2849 275 2920 332 At
2948 287 2979 331 a
3016 276 3188 348 pactis
3226 275 3544 351 symbolicis

232 386 468 436 mortem
517 388 619 446 pro
676 369 936 427 fratribus
981 367 1187 423 lubenti
1238 367 1419 422 animo
1465 364 1841 435 constantique
1945 362 2144 436 (qualia
2199 376 2537 423 sacramenta
2565 383 2689 425 esse
2734 385 2925 426 omnes
2967 369 3292 444 agnoscunt)
3334 373 3545 444 sejungi

229 473 561 535 obeundum,
590 476 651 525 ut
679 468 731 523 in
777 466 881 521 hac
908 465 1025 536 ipsa
1050 465 1217 521 etiam
1248 478 1408 520 causa
1452 463 1629 532 ipsum
1658 461 1840 515 imita-
1945 459 2132 527 nequit
2168 459 2471 516 istiusmodi
2500 461 2895 518 subordinatio.
2927 464 3059 520 Cum
3105 466 3250 522 enim
3299 467 3547 539 symbola

228 582 445 634 remur,
491 571 553 620 ut
595 562 735 617 sicut
762 559 883 630 ipse
911 571 1012 629 pro
1048 556 1208 613 nobis
1231 556 1397 611 vitam
1424 555 1625 627 posuit,
1658 563 1713 608 et
1740 567 1844 608 nos
1944 549 2306 606 adhibeantur
2346 551 2415 607 ad
2443 552 2546 607 alia
2580 563 2759 609 tamen
2803 554 2979 611 ofﬁcia
3009 571 3039 611 a
3068 557 3336 629 symbolis
3361 558 3541 615 diver.

226 676 333 733 pro
356 655 611 716 fratribus
640 652 805 708 vitam
828 663 1156 723 poneremus
1180 649 1200 704 l
1230 647 1287 705 S.
1312 647 1498 716 Joan.,
1535 663 1614 713 nr,
1645 646 1734 702 16.
1763 645 1842 701 Ita
1942 644 2154 701 sissima
2181 648 2882 720 reprasentandaﬁpsaqne
2902 649 3040 707 adeo
3065 650 3155 708 illa
3178 663 3539 724 repraesenta-

226 756 406 812 vitam
457 763 556 821 pro
597 743 866 818 Aposwlo
911 757 1117 815 ponere
1165 741 1335 813 parati
1367 749 1525 798 erant
1566 738 1841 808 discipuli,

228 848 344 918 ipse
387 842 625 899 vicissim
672 854 775 910 pro
823 835 1128 907 discipulis.
1157 833 1232 889 Ita
1281 834 1518 906 lgnatius
1548 832 1842 907 ἀντίψυχος

227 954 421 999 eorum
465 951 589 993 esse
617 932 794 989 voluit
831 931 923 1002 qui
966 928 1240 1001 episcopis
1284 927 1650 995 adhazrerent,
1697 924 1844 998 quod

228 1034 439 1089 scilicet
475 1042 662 1085 eorum
713 1026 903 1097 ψυχὰς
944 1022 1100 1094 ψυχῇ
1130 1035 1247 1088 sua,
1283 1019 1422 1074 vitas
1470 1034 1664 1088 nempe
1709 1018 1841 1085 vita,

233 1124 505 1182 redimere
530 1118 787 1174 voluerit.
816 1114 949 1170 inde
994 1120 1176 1167 tantus
1204 1110 1298 1166 ille
1326 1111 1743 1166 Christianorum
1789 1110 1845 1165 in

231 1233 289 1274 se
344 1216 580 1272 invicem
639 1223 795 1265 amor
840 1220 949 1276 quo
1000 1204 1242 1259 illustres
1271 1202 1393 1258 illos
1421 1212 1476 1256 et
1519 1201 1845 1271 conspicuos

230 1313 399 1367 fuisse
421 1322 520 1363 sua
547 1304 717 1361 etiam
758 1309 916 1357 atate
939 1306 1211 1354 memorat
1232 1294 1625 1352 Tertullianus.
1648 1293 1845 1350 Damo-

233 1407 315 1462 nis
356 1408 409 1460 et
434 1400 652 1474 Pythia:
680 1396 912 1453 Historia
934 1392 1079 1464 apud
1108 1394 1485 1465 pythagoraeos
1511 1392 1670 1461 longe
1696 1390 1844 1446 cele-

232 1494 471 1553 berrima
521 1500 626 1547 est.
660 1489 773 1545 Hos
827 1485 1069 1541 aemulati
1103 1484 1411 1556 intimorum
1448 1491 1576 1538 sunt
1627 1482 1841 1551 esseni,

234 1588 363 1645 illos
407 1582 715 1648 christiani,
748 1594 891 1651 quos
920 1584 1105 1633 tamen
1146 1588 1337 1631 omnes
1366 1575 1529 1646 longo
1557 1573 1845 1630 intervallo

1946 740 2093 796 tione
2139 739 2479 810 spondendo,
2510 750 2573 797 ut
2596 742 2827 813 proinde
2866 744 3169 801 mediorum
3212 756 3438 818 utraque
3462 748 3548 803 vi-

1945 846 2064 887 cem
2111 831 2407 903 impleant;
2440 843 2660 890 constat
2701 844 2880 893 tamen
2908 837 3072 892 ofﬁcii
3110 853 3271 909 quam
3308 840 3548 911 symboli

1943 922 2104 995 longe
2122 925 2390 995 potiorem
2429 941 2551 983 esse
2592 928 2884 995 rationem,
2912 929 3109 1000 jusque
3135 929 3203 985 ad
3240 931 3548 988 mercedem

1947 1016 1979 1072 a
2006 1018 2117 1074 Deo
2147 1021 2473 1090 promissam
2502 1021 2753 1079 conferre
2782 1022 2943 1095 longe
2971 1024 3183 1080 auctius
3224 1034 3388 1096 atque
3416 1026 3552 1081 vali—

1946 1110 2090 1165 dius.
2150 1111 2260 1167 Dici
2331 1123 2511 1169 tamen
2567 1115 2802 1186 denique
2852 1126 3036 1187 potest
3080 1128 3189 1174 tam
3242 1120 3549 1191 symbolum

1947 1212 2145 1259 nostra
2172 1205 2225 1259 in
2263 1205 2532 1275 baptismo
2560 1209 2941 1279 professionis,
2990 1227 3151 1281 quam
3180 1214 3550 1271 conditionem

1947 1314 2107 1370 quam
2128 1314 2197 1356 eo
2211 1300 2463 1372 symbolo
2483 1303 2816 1373 spondemus
2834 1321 2865 1360 a
2884 1316 3071 1362 nostra
3098 1308 3239 1377 pacti
3256 1308 3553 1378 haptisma-

1947 1388 2012 1444 lis
2041 1399 2191 1458 parte
2222 1392 2607 1461 prrestandam,
2627 1410 2952 1467 quamquam
2982 1397 3035 1452 in
3063 1408 3219 1469 pacto
3242 1415 3271 1453 a
3303 1401 3415 1457 Deo
3437 1403 3558 1471 qui-

1948 1482 2073 1539 dem
2097 1484 2351 1540 instituto
2377 1486 2759 1556 adhibeantur,
2791 1490 2859 1545 ad
2887 1489 3125 1547 humana
3146 1501 3326 1549 tamen
3349 1493 3554 1563 ofﬁcia,

1947 1585 2268 1647 partemque
2293 1578 2436 1648 pacti
2466 1579 2617 1634 illam
2640 1596 2760 1650 quae
2805 1580 3057 1638 homines
3096 1593 3327 1653 spectat,
3357 1585 3558 1653 attine:

231 1685 577 1750 superarunt.
620 1674 701 1730 Ita
742 1669 1106 1729 conveniebat
1131 1667 1464 1724 adamussim
1512 1681 1636 1721 cum
1691 1666 1842 1723 hisce
1867 1670 1920 1733 B
1948 1683 2026 1723 re.
2056 1668 2134 1723 ita
2167 1684 2278 1724 non
2316 1684 2442 1725 cum
2490 1670 2748 1728 humanis
2799 1673 2982 1728 divina
3032 1674 3407 1743 conferentur,
3460 1677 3560 1733 sed

230 1769 510 1845 principiis
557 1765 741 1837 praxis
772 1764 938 1821 etiam
980 1763 1368 1833 primaevornm
1396 1758 1843 1814 christianorum.

230 1864 308 1922 Ita
327 1862 538 1935 praxim
566 1858 713 1913 illam
731 1853 1209 1928 generosissimam
1230 1848 1664 1921 prudentissimis
1681 1850 1843 1905 etiam

230 1954 513 2030 principiis
557 1951 769 2007 fulcivit
802 1947 1067 2004 Dominus
1106 1944 1385 2016 legislator
1415 1943 1657 1999 omnium
1687 1942 1846 2014 longe

227 2048 618 2124 peritissimus.

308 2142 342 2215 §
369 2140 686 2207 SSp—Qua:
712 2152 832 2193 eum
862 2136 937 2192 ita
959 2148 1025 2191 se
1050 2132 1308 2197 habeant,
1325 2130 1436 2201 jam
1461 2128 1618 2186 facile
1646 2128 1847 2185 intelli~

229 2237 403 2309 gimus
457 2232 597 2290 nihil
624 2245 751 2287 esse
794 2244 895 2286 cur
935 2227 1081 2282 male
1126 2223 1375 2293 audiant,
1403 2223 1506 2278 hac
1554 2223 1613 2278 in
1657 2236 1845 2291 causa,

229 2328 474 2403 primani
520 2324 824 2383 christiani.
871 2319 1137 2391 Baptismi
1167 2318 1327 2374 titulo
1353 2317 1670 2388 martyrium
1711 2316 1847 2372 insi-

228 2422 501 2494 gnierunt.
534 2417 648 2474 Nec
676 2424 886 2472 temere
912 2413 1000 2480 id,
1030 2427 1133 2470 nec
1161 2425 1258 2482 pro
1280 2424 1381 2467 suo
1410 2410 1671 2465 duntaxat
1697 2409 1847 2466 arbi-

232 2515 354 2571 trio.
408 2511 691 2569 Christum
745 2509 1002 2565 nimirum
1070 2506 1251 2576 ipsum
1316 2503 1623 2559 habuerunt
1685 2517 1847 2573 quem

233 2613 612 2677 sequerentur
655 2612 954 2658 auctorem.
1005 2597 1119 2656 Sed
1161 2613 1283 2655 cum
1328 2596 1482 2652 titulo
1519 2596 1639 2667 jura
1686 2597 1850 2653 etiam

229 2698 507 2771 baptismi
528 2695 792 2769 martyrio
816 2695 1139 2760 tribuerunt,
1163 2703 1219 2748 et
1237 2690 1456 2763 quidem
1476 2700 1844 2748 sacramenta-

1947 1773 2069 1814 cum
2091 1761 2344 1818 humanis
2370 1760 2565 1819 ofﬁciis
2586 1764 2691 1819 alia
2712 1764 2888 1821 ofﬁcia
2905 1775 2962 1821 et
2992 1766 3084 1822 illa
3114 1782 3329 1840 quoque
3351 1769 3556 1839 pariter

1946 1851 2206 1919 humana,
2238 1864 2299 1911 ut
2325 1855 2428 1911 alia
2457 1856 2577 1912 aliis
2597 1858 2822 1914 meliora
2851 1859 3172 1927 habeantur,
3200 1872 3255 1918 et
3285 1863 3397 1919 Deo
3425 1880 3554 1935 gra-

1948 1948 2106 2002 tiora.
2130 1947 2329 2004 Fateor
2353 1949 2602 2019 equidem
2631 1949 2825 2006 horum
2856 1950 3161 2008 ofﬁciorum
3184 1954 3275 2024 jus
3304 1954 3371 2010 ad
3404 1970 3557 2011 mer--

1949 2039 2137 2096 cedem
2162 2048 2321 2109 pacto
2353 2041 2789 2114 institutionique
2828 2042 3025 2099 divina:
3060 2054 3232 2101 totum
3275 2058 3558 2119 acceptum

1947 2148 2071 2190 esse
2113 2134 2482 2191 referendum.
2521 2134 2581 2190 Id
2624 2146 2810 2194 tamen
2838 2137 2913 2193 ita
2935 2152 3125 2193 verum
3154 2147 3238 2213 est
3266 2150 3327 2195 ut
3366 2156 3561 2212 quam-

1950 2242 2110 2299 quam
2149 2241 2257 2282 non
2287 2237 2513 2299 propter
2540 2244 2708 2300 opera
2752 2230 2897 2285 Deus
2924 2231 3235 2288 mercedem
3266 2234 3558 2305 retribuat,

1950 2329 2007 2376 at
2035 2322 2333 2378 secundum
2378 2336 2545 2392 Opera
2574 2322 2669 2377 ﬁat
2698 2323 2788 2377 illa
2816 2323 3123 2390 retributio,
3163 2333 3223 2380 ut
3252 2326 3479 2396 proinde
3501 2326 3561 2383 in

1950 2413 2143 2470 ofﬁciis
2169 2416 2369 2470 nostris
2385 2429 2493 2485 quo
2520 2424 2647 2469 sunt
2673 2429 2900 2484 quaeque
2928 2414 2982 2469 in
3013 2430 3074 2471 se
3102 2418 3475 2486 praestantiora
3508 2428 3567 2475 et

1952 2506 2064 2562 Deo
2076 2506 2312 2576 gratiora
2328 2520 2394 2561 eo
2420 2506 2743 2578 exigantura
2764 2507 2876 2562 Deo
2893 2507 3200 2577 paciscente
3225 2509 3561 2582 diligentius,

1951 2608 2007 2656 et
2032 2600 2283 2657 mercede
2308 2602 2600 2670 copiosiori
2632 2612 2982 2659 coronentur.

2025 2694 2053 2765 §
2080 2692 2586 2764 59.—Quamquam
2616 2706 2797 2751 autem
2816 2697 3071 2767 baptismi
3097 2698 3269 2756 solius
3290 2701 3562 2760 rationem

235 2792 306 2848 lis
331 2789 596 2862 baptismi
625 2803 659 2842 a
680 2787 792 2843 Deo
817 2787 937 2858 ipso
956 2784 1213 2843 instituti.
1233 2784 1474 2840 Immane
1494 2783 1852 2853 proculdubio
1955 2787 2008 2842 in
2032 2786 2134 2842 hac
2156 2796 2344 2843 nostra
2376 2787 2765 2843 dissertatione
2802 2788 3178 2857 habuerimus;
3206 2792 3350 2862 quod
3377 2800 3560 2850 tamen

230 2884 451 2941 facinus
474 2926 492 2953 ,
535 2881 581 2937 si
609 2895 725 2952 qua
752 2895 785 2936 a
822 2880 939 2936 Deo
963 2885 1150 2935 essent
1186 2877 1240 2932 in
1272 2884 1435 2947 pacto
1466 2875 1850 2932 saeramentali
1952 2880 2021 2936 de
2047 2881 2319 2951 baptismo
2342 2882 2697 2950 assernimus,
2731 2882 2872 2938 idem
2904 2883 2974 2939 de
3000 2884 3174 2939 altero
3202 2885 3560 2945 Eucharistize

230 2974 563 3049 praestanda,
581 2988 644 3030 ea
665 2972 785 3029 suis
797 2971 1107 3029 adinventis
1125 2975 1458 3035 assererem,
1488 2967 1639 3023 nullo
1670 2975 1847 3023 tamen
1954 2983 2297 3029 sacramento
2325 2988 2574 3031 asserere
2604 2984 2940 3044 poteramus,
2973 2988 3369 3047 repraesentare
3399 2980 3562 3035 nimi-

230 3068 352 3125 nili
395 3066 495 3123 Dei
526 3066 821 3138 PfOﬂIiSSO,
880 3064 1037 3120 nullo
1088 3064 1185 3120 Ι)θὶ
1237 3061 1478 3133 legitimo
1506 3060 1709 3117 vicario
1753 3061 1847 3132 qui
1872 3066 1918 3132 C
1950 3080 2070 3121 rum
2100 3064 2223 3133 hic,
2251 3072 2415 3136 atque
2440 3065 2579 3121 adeo
2606 3067 2901 3137 sponderi,
2932 3077 3180 3124 nostrum
3214 3085 3312 3139 pro
3337 3071 3558 3129 Christo

230 3162 636 3232 Deipmomm
666 3174 831 3231 agere
859 3157 1055 3215 saltem
1089 3165 1295 3227 posset.
1325 3165 1381 3210 et
1412 3154 1507 3210 Dei
1534 3155 1757 3209 nomine
1783 3168 1849 3210 ea
1953 3161 2307 3231 martyrium,
2368 3169 2427 3216 ut
2476 3160 2702 3230 proinde
2768 3162 2932 3233 hujus
2992 3164 3155 3219 etiam
3216 3164 3558 3224 Eucharistia

232 3255 474 3327 polliceri
509 3270 635 3326 qua
671 3253 818 3310 Deus
844 3253 998 3323 ipse,
1040 3258 1266 3323 prOpter
1297 3248 1593 3320 legitimam
1633 3247 1849 3319 delega-

232 3350 435 3405 tionem
462 3356 730 3418 praestare
758 3353 1061 3402 teneretur.
1104 3342 1213 3400 Sed
1239 3342 1397 3413 longe
1423 3340 1654 3397 aberant
1678 3342 1749 3398 ab
1780 3354 1848 3396 eo

230 3443 441 3501 scelere
459 3453 679 3498 veteres
705 3449 766 3496 ut
797 3440 896 3496 Dei
927 3453 1159 3507 nomen,
1185 3438 1307 3493 sine
1336 3435 1515 3492 divina
1543 3445 1721 3491 tamen
1747 3450 1847 3492 au-

231 3536 517 3602 ctoritate,
537 3535 651 3590 suis
675 3533 941 3589 institutis
965 3538 1349 3603 praetexerent.
1381 3531 1452 3584 At
1478 3528 1700 3598 impium
1726 3542 1849 3598 pro-

230 3628 382 3687 fecto
407 3642 520 3684 non
563 3626 667 3683 fuit
690 3628 738 3682 si
764 3625 1109 3682 conditiones
1133 3639 1166 3680 a
1194 3623 1308 3679 Deo
1350 3622 1468 3693 ipso
1514 3621 1849 3692 praestandas

231 3726 588 3794 expectarent
612 3720 671 3776 in
695 3727 857 3791 pacto
878 3717 1187 3790 baptismali
1209 3716 1277 3771 ab
1303 3714 1423 3786 ipso
1452 3714 1719 3771 instituto.
1744 3715 1848 3771 Im«

232 3817 383 3889 pium
410 3831 521 3872 non
546 3813 652 3870 fuit
671 3812 979 3884 ehaptismi
992 3808 1404 3868 sacramentalis
1433 3807 1664 3864 consilio
1688 3808 1846 3864 colli-

234 3925 371 3983 gere
386 3911 439 3966 si
454 3909 587 3980 quid
602 3923 769 3980 porro
788 3908 845 3964 in
860 3917 1021 3980 pacto
1040 3906 1351 3979 haptismali
1376 3904 1651 3961 videretur
1674 3904 1849 3961 inclu-

233 4019 385 4061 sum.
418 4003 647 4075 lmpium
667 4019 771 4059 non
799 4004 902 4059 fuit
918 4003 1024 4059 hoc
1037 4004 1213 4074 ipsum
1232 4000 1302 4057 de
1317 4000 1577 4072 martyrio
1592 3998 1848 4069 colligere

235 4098 291 4153 si
318 4108 433 4167 qua
480 4103 704 4166 possent
745 4082 982 4168 legitima
1027 4102 1604 4163 sacramentorumque
1631 4090 1847 4163 propria

235 4189 733 4262 argumentatione.
758 4189 989 4261 impium
1012 4187 1247 4259 denique
1273 4200 1381 4242 non
1404 4185 1527 4253 fuit,
1549 4185 1595 4240 si
1625 4192 1681 4240 et
1704 4198 1848 4238 mar-

235 4286 404 4359 tyrio,
434 4286 531 4341 ubi
570 4286 627 4342 id
654 4286 999 4357 probassent.
1027 4296 1081 4342 et
1105 4285 1230 4356 jura
1256 4298 1471 4357 quoque
1508 4282 1845 4353 haptismalia

235 4388 571 4438 assererem.
596 4380 763 4451 Atqui
783 4380 1055 4452 baptismo
1082 4379 1404 4450 martyrium
1430 4392 1539 4433 non
1564 4375 1849 4433 conferunt

1951 3254 2092 3325 pacti
2110 3254 2329 3323 praemia
2352 3254 2560 3324 possint
2574 3270 2604 3310 a
2620 3256 2952 3328 martyribus
2974 3256 3270 3314 vendicari.
3287 3259 3397 3316 Nec
3411 3261 3557 3317 enim

1949 3344 2107 3401 aliter
2126 3344 2181 3400 in
2210 3360 2349 3416 pane
2376 3344 2759 3403 Eucharistico
2782 3346 2959 3404 fracto
2994 3359 3419 3419 repraesentetur
3438 3368 3563 3408 cor-

1948 3451 2051 3509 pus
2076 3438 2293 3493 Domini
2338 3454 2503 3510 quam
2531 3448 2590 3494 ut
2629 3453 2879 3509 passum,
2918 3438 3180 3507 fractum,
3205 3442 3555 3510 cruciﬁxum;

1949 3547 2053 3589 nec
2094 3532 2257 3589 aliter
2283 3533 2337 3589 in
2368 3532 2539 3590 effuso
2564 3533 2691 3589 vino
2718 3535 2938 3604 sanguis
2958 3549 3120 3606 quam
3151 3544 3209 3590 ut
3235 3536 3351 3606 ipse
3388 3536 3552 3592 etiam

1947 3623 2171 3680 effusus.
2207 3624 2338 3693 Quis
2361 3634 2446 3681 est
2485 3625 2578 3696 qni
2608 3641 2716 3681 non
2747 3625 2926 3681 videat
2951 3641 3112 3698 quam
3150 3627 3260 3683 sint
3289 3627 3405 3684 hac
3432 3644 3554 3685 ma-

1948 3719 2147 3776 nifesto
2164 3718 2231 3774 ad
2250 3719 2533 3789 passiones
2549 3719 2751 3776 Christi
2767 3720 3047 3776 referenda
3066 3720 3090 3775 ?
3108 3719 3241 3776 Cum
3259 3720 3442 3793 itaque
3458 3738 3561 3794 per

1950 3830 2118 3870 unum
2142 3815 2295 3871 illum
2311 3828 2507 3884 panem
2527 3829 2694 3869 unum
2719 3828 2822 3871 nos
2842 3829 2963 3869 cum
2979 3812 3199 3870 Christo
3212 3829 3412 3886 corpus
3430 3831 3558 3887 pro-

1947 3899 2223 3965 ﬁteamur,
2252 3897 2447 3966 lCor.,
2477 3916 2538 3967 x,
2564 3900 2655 3967 17,
2683 3900 2737 3956 id
2765 3899 2920 3971 plane
2942 3916 3039 3971 pro
3066 3901 3368 3972 symbolico
3393 3915 3558 3971 spon-

1948 3993 2113 4050 dendi
2147 3994 2275 4060 ritu,
2325 3994 2681 4065 spondemus,
2710 4008 2819 4049 non
2857 3995 2913 4049 in
2962 4009 3191 4064 corpore
3234 3994 3399 4050 modo
3427 4008 3549 4060 nos,

1950 4088 2047 4144 sed
2071 4087 2127 4143 in
2154 4087 2289 4159 ipsis
2308 4101 2525 4158 quoque
2552 4086 2799 4157 corporis
2823 4084 3168 4156 passionibus
3182 4100 3304 4141 cum
3328 4084 3548 4143 Christo

1948 4180 2069 4240 fore
2096 4180 2618 4245 communicaturos,
2652 4186 2713 4233 ut
2735 4184 2789 4233 et
2816 4177 2918 4246 ipsi
2950 4192 3048 4232 nos
3081 4187 3296 4247 paratos
3321 4190 3551 4250 praeste-

1949 4288 2071 4329 mus
2112 4281 2170 4328 ut
2215 4288 2336 4328 cum
2377 4286 2444 4327 eo
2466 4269 2734 4342 patiamur
2762 4279 2925 4341 atque
2970 4269 3369 4341 cruciﬁgamur.
3411 4272 3549 4328 Cum

1948 4368 2109 4423 etiam
2136 4366 2335 4421 dicitur
2360 4364 2447 4421 hic
2467 4364 2685 4435 sanguis
2717 4377 2816 4434 pro
2843 4363 3029 4418 multis
3058 4362 3278 4429 effusus,
3303 4363 3357 4419 id
3385 4379 3551 4437 porro

235 4473 419 4544 modo,
449 4472 553 4529 sed
574 4473 738 4528 etiam
776 4472 1107 4528 anteferunt.
1138 4471 1278 4525 Male
1312 4469 1528 4541 quidem
1560 4469 1636 4535 id,
1666 4468 1711 4524 si
1736 4469 1845 4539 jam
1871 4469 1927 4529 D
1952 4460 2307 4532 pollicemur,
2365 4473 2465 4515 nos
2518 4457 2706 4524 etiam,
2762 4471 2862 4526 pro
2903 4455 3109 4512 Christi
3160 4457 3434 4528 exemplo,
3485 4472 3554 4513 eo

238 4567 577 4625 constitisset
597 4580 694 4623 sua
714 4565 969 4621 nimirum
996 4564 1231 4620 humana
1253 4563 1494 4618 instituta
1509 4575 1631 4616 cum
1654 4560 1850 4615 divinis

238 4679 407 4720 ausos
431 4678 553 4720 esse
578 4662 937 4720 contendere.
962 4661 1070 4718 Sed
1097 4675 1222 4717 vero
1240 4659 1396 4715 aliter
1424 4673 1483 4714 se
1506 4672 1619 4713 rem
1648 4655 1849 4712 habere

241 4773 309 4814 ex
342 4757 508 4814 dictis
555 4765 793 4813 constat.
823 4755 959 4813 Cum
1006 4756 1061 4810 in
1102 4761 1260 4826 pacto
1304 4752 1617 4825 baptismali
1645 4750 1848 4807 includi

243 4854 558 4928 martyrium
590 4853 876 4924 probarint
924 4859 1168 4919 veteres,
1198 4850 1468 4905 immerito
1493 4862 1622 4903 sane
1647 4858 1850 4914 marty-

246 4947 387 5002 rium
422 4947 676 5004 humanis
732 4945 993 5002 institutis
1034 4952 1327 5001 accensent
1374 4940 1689 4998 adversarii.
1727 4938 1848 4996 Jam

247 5052 367 5097 non
401 5038 630 5097 humana
660 5053 789 5095 cum
830 5037 1031 5094 divinis
1079 5037 1320 5094 instituta
1360 5034 1717 5101 contendunt,
1751 5030 1850 5088 sed

245 5130 442 5188 divin
470 5146 593 5189 eum
639 5132 861 5200 divinis,
890 5130 977 5189 vel
1025 5145 1187 5187 unam
1217 5128 1451 5185 fortasse
1479 5128 1656 5197 potius
1681 5124 1853 5181 divini

244 5223 493 5282 instituti
523 5236 727 5298 partem
779 5240 903 5283 cum
948 5224 1057 5281 alia
1108 5221 1353 5295 ejusdem
1404 5220 1633 5276 instituti
1677 5226 1849 5290 parte.

240 5317 401 5379 Nihil
428 5325 764 5377 autemvetat
798 5333 908 5391 quo
936 5319 1115 5375 minus
1140 5316 1447 5373 divinorum
1486 5314 1855 5369 institutorum

243 5414 487 5470 alterum
549 5410 712 5469 altero
770 5412 943 5484 possit
997 5425 1119 5468 esse
1172 5408 1516 5482 praestantius
1561 5423 1574 5461 :
1622 5407 1752 5477 quin
1808 5404 1861 5461 id

243 5506 433 5580 potius
461 5517 692 5562 necesse
714 5514 801 5562 est
822 5503 1038 5576 quoties
1055 5503 1120 5557 ad
1149 5502 1403 5558 eumdem
1426 5501 1588 5555 ﬁnem
1615 5496 1864 5553 referun-

248 5605 364 5671 ω,
398 5612 529 5657 cum
568 5598 756 5670 aliqua
782 5606 967 5654 tamen
996 5593 1459 5653 subordinatione.
1513 5588 1670 5660 Quod
1718 5591 1864 5647 enim

1952 4551 2273 4623 promptiori
2305 4551 2488 4606 animo
2512 4548 2577 4604 ad
2602 4547 2916 4620 patiendum
2948 4562 3267 4605 accessuros
3300 4563 3407 4618 quo
3436 4549 3557 4620 plu-

1952 4647 2090 4703 rium
2142 4646 2371 4701 salutem
2430 4644 2780 4714 intelligimus
2825 4650 3009 4697 nostra
3063 4641 3182 4698 fore
3213 4653 3387 4698 morte
3424 4658 3554 4712 pro»

1951 4741 2295 4798 movendam.
2325 4739 2401 4795 [ta
2437 4739 2579 4795 enim
2609 4735 2725 4792 fore
2751 4744 2807 4791 ut
2838 4734 3038 4790 Christi
3080 4737 3336 4805 patientis
3365 4749 3550 4792 eremo

1952 4834 2098 4906 plum
2164 4831 2337 4902 magis
2396 4830 2465 4886 ad
2531 4829 2711 4884 vivum
2778 4835 3256 4897 repraesentcmus.
3322 4826 3553 4883 Proinde

1949 4927 2267 4985 verisimilia
2296 4931 2422 4979 sunt
2446 4964 2460 4989 ,
2489 4930 2545 4977 et
2569 4921 2753 4976 divino
2781 4919 3010 4974 consilio
3054 4934 3275 4988 prorsus
3318 4936 3550 4975 consen-

1952 5034 2131 5087 tanea,
2177 5034 2295 5091 quae
2325 5016 2395 5072 de
2424 5013 2672 5086 martyrii
2716 5010 2952 5082 praemiis
2992 5010 3271 5083 hucusque
3310 5011 3550 5083 disputa-

1951 5119 2148 5181 vimus,
2180 5126 2304 5168 cum
2327 5124 2394 5166 eo
2420 5107 2663 5178 utrisque
2710 5104 3034 5160 sacramenti
3064 5114 3218 5174 pacta
3247 5103 3546 5159 collineare

1954 5210 2256 5266 videamus.

2036 5297 2581 5375 §40.——Quamquam
2597 5292 2756 5349 etiam
2773 5288 2988 5346 unicum
3004 5288 3131 5345 illud
3146 5287 3405 5343 hactenus
3423 5295 3562 5343 trac-

1965 5395 2260 5453 taverimus
2308 5388 2559 5461 baptismi
2604 5384 2928 5442 beneﬁcium
2967 5380 3135 5456 (quod
3182 5381 3345 5435 etiam
3384 5381 3565 5451 ipsum

1965 5486 2291 5561 privativum
2306 5478 2412 5555 est)
2430 5487 2772 5552 peccatorum
2791 5474 2993 5531 scilicet
3007 5469 3410 5538 remissionem,
3428 5472 3574 5529 unde

1970 5582 2134 5639 etiam
2165 5575 2408 5650 sequitur
2461 5570 2785 5643 impunitas,
2831 5575 2889 5622 et
2936 5566 3051 5634 ipsa
3081 5563 3245 5619 etiam
3280 5563 3584 5635 privativa;

254 5656 424 5751 niém
450 5656 605 5751 illum
648 5656 875 5765 promus
925 5688 1158 5761 attingit,
1195 5687 1250 5746 id
1297 5656 1612 5747 necessario
1654 5683 1780 5754 erit,
1815 5683 1870 5740 in
1972 5690 2084 5732 non
2109 5681 2195 5731 est
2238 5680 2418 5729 tamen
2443 5664 2572 5725 inde
2592 5671 2654 5719 ut
2701 5666 2996 5731 propterea
3038 5667 3312 5727 negemus
3354 5656 3441 5725 jus
3467 5668 3603 5716 esse
