4158 6260
216 400 280 456 8t
727 385 735 394 '
1496 400 1767 459 norma
1812 402 2196 462 lllSTORlCA.
3476 410 3547 470 82

218 517 455 590 epistola
497 518 570 574 ad
599 516 923 575 Successum
949 517 1034 574 his
1062 517 1262 573 indicat
1289 517 1468 574 verbis

218 621 408 667 autem
448 612 507 667 in
559 610 856 668 Casmetrio
915 611 1348 667 animadversum
1386 611 1566 667 sciatis
1595 655 1609 680 ,
1652 623 1844 668 octavo

217 703 423 759 iduum
451 702 935 774 augustarumdie,
982 713 1037 759 et
1083 718 1205 759 cum
1235 719 1300 758 eo
1348 704 1628 772 Quartum.
1673 723 1691 756 ι
1718 704 1845 772 Qui-

231 797 345 853 bus
393 798 574 853 verbis
623 796 762 867 apud
817 797 1040 852 Latinos
1092 797 1347 867 quzrlihet
1400 797 1648 867 punitio,
1702 796 1842 867 apud

219 889 575 946 Brissonium
601 905 735 945 vero
761 902 815 946 et
839 889 1144 951 Calvinum,
1176 891 1420 961 aliosque
1451 889 1593 944 lctos
1625 905 1844 960 percus-

217 984 302 1038 sio
324 985 497 1054 gladii
529 999 624 1040 seu
650 983 941 1040 decollatio
966 983 1352 1051 signiﬁcantur.
1378 983 1453 1038 De
1469 997 1610 1037 anno
1631 997 1845 1052 quoque

217 1075 483 1146 plerique
514 1077 596 1144 (l)
623 1079 679 1129 in
711 1075 1030 1130 sententiam
1057 1073 1200 1144 Pagii
1237 1073 1459 1141 abeunt,
1494 1074 1698 1128 scilicet
1725 1088 1846 1142 pas.

219 1182 342 1224 sum
379 1183 501 1224 esse
534 1182 679 1223 anno
713 1167 926 1222 Domini
947 1167 1078 1233 258,
1108 1165 1301 1221 eodem
1331 1177 1382 1220 et
1404 1182 1511 1237 quo
1537 1164 1594 1220 S.
1625 1163 1846 1236 Cypria-

222 1275 343 1329 nus,
396 1270 457 1315 ut
479 1260 708 1315 Pontius
735 1261 787 1315 in
834 1258 959 1314 Vita
987 1258 1265 1331 Cypriani.
1295 1257 1613 1314 Coutantius
1636 1259 1713 1331 (2)
1738 1258 1844 1312 Bu-

222 1354 470 1410 cberiani
526 1353 755 1423 catalogi
797 1353 970 1407 locum
1003 1352 1250 1407 mutilum
1284 1353 1594 1419 restituens,
1623 1361 1843 1407 senten-

226 1453 357 1504 tiam
407 1449 565 1519 Pagii
611 1447 912 1503 conﬁrmat.
946 1445 1314 1502 Bucberianus
1356 1448 1500 1502 enim
1558 1445 1845 1516 Catalogus

225 1540 389 1597 habet
414 1557 431 1596 :
473 1559 498 1592 ι
535 1539 734 1595 Passus
759 1549 839 1594 est
864 1536 1098 1611 (Sixtus)
1126 1554 1222 1592 vm
1263 1537 1382 1593 idus
1414 1540 1622 1609 augusti
1651 1554 1680 1592 a
1708 1553 1843 1594 con-

231 1635 404 1690 sulatu
426 1635 596 1690 Tusci
644 1643 697 1689 et
743 1633 893 1688 Bassi
924 1649 1092 1704 usque
1116 1633 1169 1686 in
1193 1632 1282 1687 die
1327 1647 1400 1687 xn
1444 1632 1554 1686 kal.
1602 1633 1839 1702 augusti,

233 1727 530 1784 £miliano
556 1737 615 1784 et
645 1727 814 1782 Basso
839 1725 996 1782 Coss.
1027 1746 1045 1779 ι
1090 1726 1159 1782 Ut
1191 1727 1428 1782 tenebras
1460 1727 1527 1782 ab
1582 1726 1682 1782 hoc
1727 1726 1847 1782 loco

229 1822 614 1894 dispellantur,
637 1836 707 1878 ex
737 1821 931 1877 codice
958 1819 1289 1886 Fossatensi,
1323 1829 1448 1875 ante
1477 1820 1639 1876 verba
1659 1836 1689 1876 a
1712 1834 1840 1876 con-

1513 537 1527 574 :
1568 539 1586 571 ι
1620 519 1833 575 Sixtum
1863 521 1914 580 Λ
1942 519 2214 575 Potuisset
2235 519 2452 590 quidem
2479 534 2620 576 anno
2647 522 2943 592 superiore,
2976 532 3031 579 at
3055 524 3388 595 impossibile
3410 533 3494 582 est
3525 569 3541 594 ,

1946 611 2162 666 dedisse
2202 613 2267 666 ad
2310 611 2578 683 Hispanos
2618 613 2913 684 Epistulam
2944 614 3068 671 Julii
3104 616 3194 680 lﬁ.
3223 633 3366 671 anno
3391 617 3498 672 2‘07
3529 659 3545 684 ,

1947 721 2055 775 quo
2100 706 2474 776 pontiﬁcatum
2522 707 2758 762 nondum
2804 709 3016 764 inierat.
3052 710 3254 766 Deinde
3281 725 3400 766 cum
3433 719 3546 764 toto

1948 797 2082 852 Sixti
2134 799 2446 868 episcopatu
2485 801 2798 869 gravissima
2845 801 3146 870 persecutio
3193 817 3430 856 roman-.e
3463 803 3548 858 in-

1948 891 2194 945 cubuerit
2222 892 2513 958 Ecclesiae,
2555 901 2641 948 est
2695 893 2852 963 longe
2909 894 3376 959 absurdissimum,
3426 897 3543 964 cpi-

1947 984 2115 1037 stolas
2167 984 2285 1054 ejus
2332 985 2539 1040 tenoris
2593 984 2801 1039 Sixtum
2849 985 3188 1050 condidisse,
3247 987 3298 1040 in
3346 986 3542 1056 quibus

1950 1078 2096 1133 nulla
2141 1078 2446 1133 alﬁictionis
2493 1079 2749 1135 Ecclesiae
2801 1083 3002 1136 mentio
3059 1083 3199 1136 nulla
3241 1082 3307 1136 ad
3361 1097 3550 1137 cruces

1951 1171 2172 1240 patienti
2207 1173 2389 1226 animo
2419 1171 2634 1227 ferenda
2691 1175 2984 1244 instigatio.
3004 1175 3174 1229 Priori
3203 1174 3428 1245 epistola
3452 1175 3552 1228 itit-

1950 1274 2136 1333 postor
2156 1267 2402 1336 paginam
2434 1267 2656 1322 includit
2689 1269 2950 1338 integram
2981 1283 3047 1323 ex
3080 1269 3256 1324 ldacio
3273 1268 3430 1324 Claro
3456 1269 3551 1325 ad-

1950 1377 2136 1415 versus
2177 1361 2519 1416 Varimadum
2551 1363 2791 1431 petitam.
2841 1361 3208 1432 Componatur
3257 1379 3377 1418 cum
3419 1378 3544 1433 pag.

1950 1453 2055 1508 750
2134 1453 2389 1508 Biblioth.
2443 1455 2662 1510 maxim.
2697 1465 2956 1524 patrum,
3005 1466 3135 1510 tom.
3179 1473 3230 1508 ν.
3281 1456 3557 1510 Posterior

1954 1560 2085 1600 vero
2125 1545 2590 1618 quinquagesima:
2619 1558 2823 1616 quartae
2850 1546 3050 1601 Leonis
3080 1546 3251 1617 Magni
3299 1546 3553 1616 Epistolm

1951 1635 2240 1692 suﬁ'uratur
2300 1639 2510 1692 initium
2560 1657 2572 1692 :
2607 1659 2624 1690 ι
2660 1639 2850 1709 Magno
2913 1654 3135 1694 munere
3168 1639 3552 1694 misericordiae

1953 1729 2086 1797 Dei,
2145 1730 2311 1785 totius
2376 1729 2635 1787 Ecclesia:
2678 1730 2958 1786 catholica:
3019 1732 3370 1802 multiplicata
3433 1741 3558 1786 sunt

1950 1823 2166 1896 gaudia.
2204 1844 2223 1877 ι

232 1915 414 1969 sulatu
451 1913 617 1969 'l‘usci
654 1922 712 1970 et
740 1913 914 1979 Bassi,
949 1913 1306 1984 supplendum
1347 1922 1530 1969 monet
1566 1933 1577 1968 :
1608 1913 1837 1987 Presby-
1867 1922 1915 1981 B
2015 1914 2096 1970 De
2144 1915 2301 1986 Xysti
2327 1915 2627 1982 sententiis;
2657 1933 2779 1969 num
2805 1916 2906 1970 sint
2948 1932 3097 1986 papa:
3137 1915 3293 1970 Sixti‘.
3326 1916 3556 1986 —Qua-

231 2007 339 2062 teri
363 2005 730 2078 praefuerunt;
761 2007 917 2076 cujus
943 2005 1303 2076 supplementi
1329 2021 1430 2075 ope
1456 2006 1839 2076 comperimus,

233 2101 446 2156 clerum
476 2114 755 2154 romanum
784 2115 814 2153 a
844 2113 1030 2153 mense
1077 2109 1306 2169 augusto
1335 2101 1460 2152 anui
1492 2098 1598 2153 258
1626 2140 1640 2165 ,
1677 2113 1845 2168 usque

236 2192 317 2247 ad
368 2207 458 2247 nt
485 2191 603 2248 Julii
627 2194 753 2248 anni
779 2192 890 2248 259
915 2236 928 2260 ,
961 2207 1067 2262 quo
1093 2193 1427 2248 consulatum
1466 2195 1726 2261 gerebant
1749 2191 1846 2247 ΑΞ-

235 2286 492 2340 milianus
539 2295 592 2340 et
640 2285 844 2340 Bassus
874 2329 889 2351 ,
933 2285 1228 2340 Romanam
1259 2285 1552 2340 Ecclesiam
1584 2286 1846 2341 adminis-

236 2387 438 2432 trasse.
475 2377 610 2432 Hinc
651 2378 742 2432 lux
791 2376 1025 2433 affertur
1053 2376 1323 2447 Catalogis
1343 2375 1658 2434 Corbeiensi
1685 2389 1846 2447 atque

236 2468 578 2537 Fossatensi,
607 2472 659 2525 in
687 2471 882 2540 quibus
910 2469 1062 2526 Sixto
1092 2469 1340 2525 tribuitur
1365 2485 1537 2524 annus
1568 2486 1604 2533 ι,
1633 2485 1848 2525 menses

235 2577 294 2629 χ,
331 2562 449 2616 dies
474 2577 608 2616 nm
633 2571 724 2617 aut
747 2579 875 2617 ntv
905 2605 920 2628 ,
951 2562 1132 2618 habita
1163 2563 1390 2616 fortasse
1416 2563 1625 2616 ratione
1651 2578 1680 2615 a
1713 2561 1847 2616 Sixti

238 2652 598 2708 ordinatione
610 2655 676 2708 ad
695 2655 804 2725 ejus
824 2658 1157 2711 successoris
1173 2655 1412 2726 Dionysii
1435 2655 1772 2709 electionem.
1785 2652 1846 2709 ln

240 2745 571 2801 Fossatettsi
611 2758 662 2801 et
701 2747 889 2818 reginze
937 2750 1232 2804 Succorum
1265 2748 1519 2818 Catalogo
1560 2751 1700 2817 apud
1728 2747 1849 2802 Bol-

247 2842 470 2894 landum
515 2855 758 2896 cessasse
797 2842 993 2896 dicitur
1021 2840 1362 2912 pontiﬁcatus
1393 2855 1563 2894 annos
1584 2841 1742 2908 duos,
1771 2840 1850 2894 in-

239 2932 430 3002 tellige
475 2944 678 3001 partem
722 2933 851 2988 anni
878 2934 1010 3000 258,
1055 2945 1107 2988 et
1139 2934 1297 2987 aliam
1345 2934 1676 3003 insequentis
1722 2934 1848 2988 anni

241 3035 475 3096 partem.
521 3026 575 3080 ln
621 3026 762 3081 libro
812 3027 1116 3080 l’ontiﬁcali
1149 3067 1163 3091 ,
1199 3025 1285 3078 uhi
1330 3025 1396 3080 de
1426 3029 1586 3079 annis
1615 3025 1760 3080 sedis
1787 3026 1845 3080 S.

242 3119 375 3175 Sixti
427 3121 636 3190 agitur,
670 3121 805 3174 mira
838 3119 1128 3174 oscitantia
1155 3118 1428 3189 detegitur
1456 3160 1470 3182 ,
1511 3127 1568 3172 ut
1600 3119 1851 3174 observat

243 3213 488 3267 laudatus
513 3211 862 3270 Coutantius.

1949 2009 2250 2080 dringentae
2301 2018 2357 2064 et
2403 2009 2620 2078 triginta
2677 2009 2964 2064 sementim
3008 2019 3132 2064 sunt
3179 2009 3314 2064 Sixti
3356 2009 3556 2064 ethnici

1951 2102 2280 2174 philosophi,
2303 2119 2423 2174 qua:
2451 2105 2502 2157 in
2529 2103 2778 2158 Latinum
2810 2119 2841 2158 a
2868 2104 3064 2158 Ruﬁno
3091 2104 3388 2168 translata},
3418 2118 3555 2158 non—

1950 2209 2242 2264 numquam
2275 2194 2428 2250 Sixto
2459 2196 2616 2265 Papa:
2645 2195 2932 2266 adscriptae
2959 2195 3194 2250 luerunt.
3228 2195 3400 2262 Quem
3429 2211 3553 2252 cum

1949 2289 2287 2359 Augustinus
2313 2300 2551 2343 errasset
2597 2304 2861 2350 errorem,
2909 2290 3050 2344 libro
3079 2289 3317 2345 secundo
3349 2289 3560 2343 Retrac-

1951 2382 2220 2445 tationum,
2256 2396 2376 2450 cap.
2411 2381 2499 2449 42,
2533 2380 2652 2435 haec
2683 2381 2888 2436 chartis
2917 2382 3190 2435 mandavit
3225 2399 3237 2434 :
3278 2400 3296 2432 ι
3333 2380 3389 2435 ln
3423 2381 3558 2436 libro

1950 2473 2018 2528 de
2040 2483 2227 2527 natura
2259 2483 2312 2527 et
2337 2475 2506 2543 gratia
2532 2515 2546 2539 ,
2580 2475 2744 2529 verba
2777 2475 3024 2544 quoniam
3054 2518 3069 2541 ,
3101 2491 3221 2545 QUID
3250 2476 3396 2529 velut
3417 2475 3554 2530 Sixli

1951 2564 2178 2619 Romani
2204 2565 2472 2635 pontilicis
2495 2573 2550 2618 et
2573 2566 2824 2636 martyris
2850 2565 3099 2634 Pelagius
3125 2567 3323 2634 posuit,
3354 2567 3424 2620 ita
3452 2565 3552 2621 de-

1953 2658 2121 2725 fendi,
2161 2668 2412 2730 tanquam
2447 2674 2634 2714 revera
2666 2658 2908 2729 ejusdem
2937 2659 3070 2715 Sixti
3097 2669 3309 2725 essent;
3342 2659 3391 2714 id
3411 2659 3554 2714 enim

1953 2758 2288 2820 putaveram,
2322 2749 2416 2804 sed
2450 2758 2636 2820 postea
2666 2749 2769 2819 legi
2800 2749 2952 2821 Xysti
2981 2750 3284 2819 philos0phi
3315 2765 3458 2814 esse,
3493 2760 3550 2803 et

1955 2858 2060 2896 non
2093 2842 2228 2897 Sixti
2261 2841 2565 2896 christiani.
2607 2859 2625 2890 ι
2676 2841 3044 2895 Christianum
3075 2857 3206 2896 sane
3246 2858 3350 2895 non
3396 2851 3557 2896 sonat

1953 2936 2217 2991 sententia
2264 2934 2371 2989 120
2399 2955 2412 2990 :
2445 2954 2462 2984 ‹
2497 2933 2612 2988 Non
2645 2945 2796 3003 petas
2825 2949 2853 2987 a
2886 2933 2995 2988 Deo
3033 2934 3105 2999 id,
3134 2933 3276 3003 quod
3299 2950 3418 2988 cum
3454 2934 3551 2988 ha-

1955 3027 2154 3091 bueris,
2187 3041 2292 3081 non
2327 3037 2588 3096 perpetuo
2615 3025 2902 3080 obtinebis.
2946 3044 2962 3076 ι
2995 3025 3108 3079 Non
3141 3026 3301 3096 igitur
3331 3035 3422 3079 aut
3444 3040 3548 3096 pax

1953 3120 2140 3181 animi,
2172 3118 2644 3188 auttranquillitas
2660 3117 2940 3182 Ecclesizr,
2975 3118 3325 3186 autcorporis
3347 3118 3548 3172 sanitas

1954 3223 2098 3266 esset
2130 3211 2377 3281 precibus
2426 3209 2780 3278 impetranda.
2826 3210 3097 3265 Abhorret
3137 3221 3190 3265 et
3221 3227 3248 3264 a
3291 3210 3397 3265 ﬁde
3428 3225 3555 3266 sen-

310 3305 563 3362 Geminas
630 3307 787 3362 Sixto
835 3321 873 3360 ιι
927 3305 1185 3376 epistolas
1242 3304 1482 3358 Isidorus
1567 3303 1843 3358 adscribit.
1875 3315 1920 3378 ρ
1957 3305 2121 3358 tentia
2174 3303 2278 3358 125
2313 3321 2324 3357 :
2362 3322 2380 3355 ‹
2419 3302 2686 3372 Quidquid
2719 3319 2824 3357 non
2861 3303 3117 3358 convenit
3163 3303 3225 3358 ad
3265 3302 3556 3358 beatitudi-

240 3399 395 3455 Prior
423 3399 492 3453 ad
519 3397 746 3454 Gratum
773 3398 1062 3468 quemdam
1092 3398 1409 3467 episcopum
1438 3439 1453 3462 ,
1500 3411 1661 3466 quam
1689 3410 1850 3450 occa-

242 3490 393 3546 sione
431 3491 676 3558 Sabellii,
723 3491 901 3555 Noeti,
946 3489 1190 3557 Ebionis,
1224 3499 1278 3543 et
1316 3487 1558 3544 Cerinthi
1596 3489 1851 3557 scriptam

239 3586 518 3641 contendit
553 3585 806 3640 Binnius.
858 3584 1108 3639 Ostendit
1161 3595 1341 3638 autem
1391 3582 1654 3652 epistola,
1687 3581 1851 3637 licere

247 3679 514 3732 damnatis
545 3678 818 3748 episcopis
864 3677 1015 3730 adire
1059 3675 1241 3730 sedem
1293 3675 1675 3744 apostolicam;
1728 3672 1851 3727 data

243 3779 331 3826 est
385 3769 492 3825 kal.
543 3769 873 3841 septembris
917 3769 1204 3824 Valeriano
1251 3778 1305 3823 et
1358 3768 1520 3822 Decio
1553 3768 1678 3822 viris
1715 3765 1847 3821 clar.

244 3877 384 3918 coss.
425 3862 698 3918 Posterior
732 3863 898 3918 missa
937 3873 1021 3918 est
1049 3863 1316 3932 episcopis
1342 3877 1438 3932 per
1471 3861 1850 3930 Hispaniarum

246 3956 553 4026 provincias
596 3956 929 4011 constitutis.
981 3958 1034 4010 lit
1075 3971 1139 4010 ca
1189 3965 1366 4009 autem
1407 3957 1579 4024 capita
1612 3954 1850 4022 quinque

249 4047 619 4102 continentur.
645 4047 884 4102 Primum
902 4090 916 4113 ,
950 4048 994 4101 si
1027 4049 1149 4115 quis
1169 4047 1434 4102 adversus
1456 4047 1739 4115 episcopos
1767 4044 1848 4098 vei

248 4151 474 4193 amores
515 4138 753 4192 Ecclesia!
789 4154 1007 4193 causam
1035 4138 1304 4202 habuerit,
1347 4138 1436 4208 qui
1458 4153 1517 4192 se
1543 4135 1732 4206 geret?
1754 4135 1850 4190 Se-

246 4231 492 4287 cundum
517 4271 534 4296 ,
588 4231 652 4287 de
687 4234 952 4304 episcOpis
991 4233 1152 4288 rebus
1174 4233 1482 4301 expoliatis,
1546 4241 1637 4284 aut
1659 4245 1688 4283 a
1715 4229 1845 4285 sede

247 4325 446 4396 pulsis.
477 4323 715 4378 Tertium
742 4369 757 4391 ,
803 4333 860 4379 ut
899 4325 1077 4379 nullus
1107 4325 1390 4396 episcopus
1429 4324 1652 4378 alterius
1691 4337 1848 4392 paro-

250 4415 505 4470 chianum
536 4417 788 4481 retineat,
816 4416 1031 4471 ordinet
1062 4457 1077 4483 ,
1108 4419 1192 4471 vel
1215 4416 1440 4486 judieet.
1472 4415 1754 4482 Quartum,
1784 4415 1850 4470 de

251 4509 526 4577 episcopis
554 4508 750 4575 injuste
779 4508 1046 4563 damnatis
1073 4549 1086 4574 ,
1127 4518 1180 4563 et
1216 4509 1508 4578 apostolica
1534 4507 1852 4562 auctoritate

251 4600 538 4654 restitutis.
568 4599 818 4667 Quintum
847 4642 861 4666 ,
909 4601 1052 4672 quod
1085 4601 1532 4656 excommunicati
1565 4600 1852 4670 episcopos

1957 3413 2078 3452 nem
2113 3398 2230 3463 Dei,
2265 3411 2368 3451 non
2400 3397 2690 3452 conveniat
2740 3397 2943 3451 homini
2997 3397 3110 3453 Dei.
3146 3417 3164 3449 ι
3226 3396 3341 3452 Non
3392 3397 3555 3467 igitur

1956 3490 2282 3546 resurrectio
2312 3489 2557 3559 corporis
2584 3504 2710 3560 pars
2735 3491 2838 3544 erit
2877 3488 3147 3545 felicitatis
3192 3501 3501 3545 sanctorum
3539 3536 3551 3555 ,

1956 3593 2141 3654 utpote
2167 3599 2286 3654 quae
2314 3583 2502 3654 glorire
2533 3583 2628 3638 Dei
2660 3582 2976 3638 immortalis
2998 3592 3215 3654 pugnet.
3264 3582 3446 3653 Neque
3472 3599 3558 3637 sa-

1957 3678 2025 3732 tis
2053 3677 2138 3747 pia
2180 3676 2296 3730 ha‘c
2323 3684 2407 3730 est
2434 3673 2698 3730 sententia
2730 3676 2832 3730 184
2881 3694 2893 3730 :
2927 3675 3185 3745 Derogare
3214 3675 3320 3728 viro
3344 3675 3560 3744 sapienti

1955 3783 2016 3820 ac
2075 3767 2201 3830 Deo,
2264 3767 2462 3836 aequale
2510 3767 2683 3820 ducito
2735 3778 3019 3837 peccatum.
3064 3767 3198 3822 Cum
3238 3767 3559 3838 splendente

1957 3862 2078 3916 fuco
2110 3860 2336 3915 Ruﬁnus
2380 3861 2538 3932 Xysti
2582 3859 2890 3930 pliilOSOphi
2920 3860 3204 3916 sententiis
3235 3860 3371 3916 Sixti
3404 3877 3555 3931 papa:

1958 3953 2208 4023 martyris
2251 3967 2446 4006 nomen
2510 3935 2896 4022 imposuissef,
2951 3953 3174 4007 meritas
3227 3953 3557 4024 llieronymo

1956 4059 2145 4116 pinnas
2175 4042 2345 4098 dedit.
2375 4042 2488 4109 Qua
2519 4042 2586 4097 de
2634 4059 2692 4098 re
2742 4043 2965 4112 insignis
3007 4053 3089 4099 est
3119 4043 3268 4097 locus
3299 4043 3349 4095 in
3397 4041 3556 4111 Epis-

1957 4137 2062 4195 tola
2113 4135 2371 4190 adversus
2422 4133 2699 4204 Pelagium
2734 4135 2799 4187 ad
2825 4133 3230 4202 Ctesiphontem
3267 4131 3346 4202 (l)
3385 4149 3398 4185 :
3433 4149 3453 4182 ι
3493 4129 3559 4186 ll-

1957 4227 2062 4282 lam
2092 4237 2272 4281 autem
2321 4225 2676 4280 temeritatem
2697 4264 2713 4288 ,
2767 4224 2875 4277 imo
2903 4223 3161 4278 insaniam
3190 4222 3306 4293 ejus
3329 4221 3556 4295 (Ruﬁni)

1956 4322 2076 4390 quis
2123 4320 2285 4389 digno
2328 4320 2497 4390 possit
2548 4318 2823 4387 explicare
2854 4332 3145 4383 sermone,
3188 4318 3328 4388 quod
3361 4317 3557 4372 librum

1955 4413 2108 4480 Xysti
2150 4411 2504 4483 pythagorei,
2562 4409 2796 4465 hominis
2845 4411 3046 4480 absque
3096 4407 3310 4464 Christo
3338 4450 3353 4473 ,
3399 4419 3559 4479 atque

1955 4504 2177 4570 ethnici,
2204 4504 2484 4558 immutate
2515 4504 2755 4568 nomine,
2791 4504 2926 4559 Sixti
2968 4503 3218 4573 martyris
3247 4544 3262 4567 ,
3298 4510 3352 4557 et
3379 4515 3557 4556 roma-

1957 4614 2038 4652 nte
2083 4597 2340 4653 Ecclesia:
2386 4597 2627 4668 episcopi
2683 4597 3042 4668 przenotavit?
3090 4597 3146 4650 ln
3201 4612 3341 4667 quo,
3395 4595 3551 4666 juxta

252 4705 508 4746 accusare
539 4706 647 4745 non
665 4702 910 4761 possunt.
943 4693 1071 4747 Data
1104 4701 1188 4746 est
1212 4689 1593 4746 xvnkalendas
1617 4691 1848 4759 augusti,
1877 4710 1931 4770 Ι)
1958 4691 2152 4762 dogma
2175 4692 2669 4763 pythagoricorum,
2691 4693 2780 4762 qui
2815 4689 3086 4746 hominem
3115 4697 3401 4759 exrequant
3429 4689 3559 4753 Deo,

257 4781 541 4838 Valeriano
573 4794 626 4838 et
662 4785 823 4840 Decio
851 4785 978 4838 viris
1005 4785 1215 4840 clariss.
1249 4799 1389 4839 coss.
1425 4781 1588 4838 Nobis
1618 4782 1669 4836 in
1697 4781 1855 4836 silen-

255 4878 384 4930 tium
432 4876 890 4932 descendentibus
917 4919 930 4942 ,
959 4877 1138 4948 quivis
1168 4877 1262 4930 has
1306 4875 1458 4931 Sixto
1486 4875 1742 4944 epistolas
1771 4873 1857 4929 de-

259 4973 468 5028 trahere
489 4981 572 5028 est
600 4973 847 5027 idoneus.
882 4972 1116 5026 Primqu
1147 4970 1429 5026 falsissiina
1453 4981 1536 5025 est
1570 4971 1852 5026 consulum

261 5068 554 5120 annotatio.
590 5064 878 5120 Valeriano
909 5081 1013 5119 non
1046 5065 1238 5119 Decius
1261 5107 1276 5130 ,
1319 5065 1412 5119 sed
1443 5063 1720 5119 Gallienus
1746 5063 1859 5118 col-

267 5157 382 5226 lega
403 5157 498 5212 l'uit
530 5159 583 5213 in
615 5159 924 5224 consulatu,
955 5157 1180 5213 sedente
1207 5158 1378 5212 Sixto.
1413 5157 1636 5226 Insuper
1665 5156 1858 5210 eodem

267 5262 416 5301 anno
464 5252 692 5319 scriptas
753 5264 874 5304 esse
931 5248 1231 5305 decretales
1275 5248 1512 5302 ostendit
1557 5248 1855 5315 inscriptio.

261 5341 438 5395 Anno
469 5356 590 5397 vero
611 5341 744 5409 258,
770 5343 954 5398 Sixtus
984 5340 1073 5412 qui
1106 5349 1260 5395 sexto
1284 5341 1495 5410 augusti
1525 5353 1711 5410 passus
1733 5348 1815 5392 est
1842 5379 1856 5403 ,

259 5430 522 5487 kalendis
546 5434 860 5506 septenibris
890 5433 957 5489 ad
1017 5433 1238 5488 Gratum
1279 5433 1518 5488 scribere
1535 5447 1640 5486 non
1664 5428 1857 5500 petuit.

329 5639 412 5713 (l)
442 5638 745 5713 Bianchini,
775 5637 832 5713 in
852 5636 1123 5713 Anastasio
1149 5676 1163 5700 ,
1192 5641 1248 5713 et
1283 5632 1538 5713 dominus
1564 5632 1613 5688 le
1633 5630 1780 5713 Deut:
1803 5631 1856 5713 in

263 5701 493 5766 Historia
527 5701 775 5765 Ecclesia!
803 5706 1256 5768 Antisiodorensis,
1287 5705 1604 5768 martyrium
1632 5703 1691 5757 S.
1723 5701 1856 5757 Sixti

257 5781 302 5837 ll
324 5797 472 5837 anno
492 5784 672 5837 serius
710 5779 969 5848 adﬁgunt,
1003 5792 1195 5848 nempe
1221 5791 1363 5832 anno
1391 5774 1520 5848 259.

325 5854 414 5924 (ἓ)
455 5851 713 5924 Coutant.
733 5897 747 5918 ,
770 5923 774 5924 ν
795 5844 1082 5922 Epistolar.
1112 5844 1314 5904 r'oman.
1342 5847 1595 5920 ponti/ia,
1631 5855 1764 5900 tom.
1794 5844 1812 5898 1
1842 5884 1858 5912 ,

408 5923 542 5988 158,
571 5939 720 5978 num.
750 5923 807 5977 4.

1961 4793 2016 4839 et
2037 4783 2105 4838 de
2148 4783 2268 4854 ejus
2297 4782 2486 4839 dicunt
2507 4798 2630 4838 esse
2660 4783 3004 4844 substantiae,
3051 4779 3215 4834 multa
3251 4779 3317 4833 de
3348 4776 3559 4846 perfec-

1961 4877 2105 4931 tione
2143 4876 2415 4942 dicuntur,
2437 4887 2493 4930 ut
2519 4877 2607 4946 qui
2632 4874 2887 4928 volumen
2923 4869 3227 4942 philosophi
3258 4867 3509 4924 nesciunt
3542 4911 3560 4933 ,

1960 4970 2061 5022 sub
2089 4969 2341 5039 martyris
2370 4968 2588 5022 nomine
2618 4967 2802 5019 bibant
2839 4964 2902 5018 de
2937 4978 3102 5018 aureo
3133 4961 3300 5014 calice
3326 4959 3559 5029 Babylo-

1962 5059 2067 5114 nis.
2103 5059 2345 5128 Denique
2383 5058 2434 5111 in
2473 5057 2591 5126 ipso
2618 5055 2888 5109 volumine
2934 5053 3078 5107 nulla
3129 5050 3511 5122 prophetarum
3541 5091 3559 5116 ,

1964 5152 2107 5207 nulla
2167 5149 2640 5222 patriarcharum,
2715 5147 2860 5201 nulla
2932 5146 3341 5216 apostolorum,
3414 5141 3561 5196 nulla

1963 5244 2165 5300 Christi
2198 5246 2255 5298 ﬁt
2283 5243 2486 5299 mentio
2517 5284 2533 5310 ,
2583 5252 2640 5296 ut
2661 5244 2972 5313 episcopum
3026 5250 3082 5295 et
3127 5250 3415 5310 martyrem
3443 5236 3564 5290 sine

1963 5337 2163 5394 Christi
2195 5339 2301 5394 ﬁde
2343 5337 2509 5392 fuisse
2533 5335 2840 5392 contendat.
2880 5355 2897 5387 ι
2957 5332 3319 5405 lnspiciantur
3345 5340 3565 5385 senten-

1966 5432 2076 5495 tim,
2109 5441 2163 5486 et
2209 5431 2335 5496 248,
2367 5446 2488 5496 quae
2530 5444 2723 5500 purum
2769 5436 3071 5498 putumque
3123 5422 3563 5493 pelagianismum

1967 5523 2313 5591 olet,et265,
2344 5539 2464 5595 qum
2489 5522 2695 5578 facinus
2716 5523 2916 5594 probat
2943 5517 3217 5588 Origenis,
3251 5517 3426 5571 virilia
3455 5532 3570 5572 am-

1969 5617 2204 5689 putantis
2236 5617 2607 5687 temperantia:
2652 5629 2835 5670 causa.
2875 5641 2945 5654 --
2989 5609 3236 5668 Gelasius
3273 5607 3418 5680 Papa
3449 5608 3552 5664 hoc

2045 5775 2122 5847 (l)
2149 5776 2484 5847 llierouym.,
2520 5773 2689 5847 Epist.
2715 5771 2782 5847 qd
2807 5768 3178 5847 Ctesiphontem
3204 5781 3390 5847 xxsttt,
3420 5781 3539 5847 pag.

1972 5835 2263 5910 476,'tom.
2294 5835 2370 5911 ιγξ
2401 5835 2530 5898 edit.
2565 5835 2890 5897 Benedictio.
2919 5835 2951 5908 ,⁷
2974 5849 3025 5896 et
3055 5840 3108 5894 in
3139 5846 3296 5908 caput
3318 5852 3424 5891 imi
3451 5835 3545 5892 Je-

1967 5934 2125 5982 rcm.,
2155 5929 2208 5974 et
2229 5932 2362 5972 XVIII
2393 5915 2658 5976 Ezechiel.
