4158 6260
606 419 680 476 85
2007 408 2192 467 SIXTI
2222 408 2226 466 ἶ

2324 407 2429 465 PE
2457 408 2503 465 li
3851 403 3935 461 84

607 549 748 609 opus
768 534 904 592 falso
925 534 985 591 S.
1010 533 1164 592 Sixto
1190 543 1344 602 papae
1375 542 1439 585 ac
1466 528 1691 600 martyri
1732 526 2045 583 attributum
2073 527 2215 582 inter
2240 531 2293 592 Α
2317 524 2648 597 mythologis
2674 565 2688 591 ,
2721 522 2961 596 physicis
2989 530 3046 581 et
3068 521 3361 579 moralibus
3386 521 3620 579 Thomas
3652 518 3809 589 Gale,
3833 518 3935 577 Li-

609 628 922 700 apocrypha
952 623 1237 682 collocavit
1269 619 1370 696 (i),
1397 622 1479 679 vel
1504 635 1642 692 Opus
1671 620 1741 677 ab
1766 620 2035 677 haereticis
2058 634 2208 675 com-
2308 620 2443 691 psize
2466 661 2481 685 ,
2514 617 2681 686 iii-4°,
2733 617 2875 673 1725
2903 659 2917 684 ,
2947 631 3045 688 per
3073 615 3354 672 Sieberum
3382 615 3740 673 Alemannum
3767 655 3783 681 ,
3829 614 3937 684 qui

604 724 865 795 positum.
910 720 1197 790 Impressa:
1228 717 1444 773 fuerunt
1479 715 1564 770 hae
1611 714 1747 771 Sisti
1792 715 1848 770 in
1877 713 2209 770 Bibliotheca:

604 825 810 888 patrum
837 822 984 869 tomo
1011 828 1091 877 ιιι,
1122 820 1177 867 et
1204 811 1493 882 separatim
1524 824 1647 865 cum
1672 809 1991 881 praefatione
2025 809 2207 865 Ruﬁni

603 909 675 965 ad
702 907 1094 979 Apronianum,
1124 905 1374 972 Basiiem,
1402 903 1576 970 i520;
1603 901 1864 971 Coloniae,
1891 901 2067 968 i522;
2099 900 2206 957 Lo-

609 1002 760 1059 vanii
790 1043 804 1070 ,
856 1001 1036 1068 iiiis;
1082 998 1504 1066 Amsteiodami,
1563 996 1745 1065 i688;
1800 996 1851 1053 in
1919 995 2208 1068 Opusculis

594 1158 601 1190 τ
669 1140 750 1215 (1)
772 1140 927 1212 Apud
954 1139 1146 1208 Mausi,
1176 1148 1306 1195 tom.
1329 1152 1427 1194 vm
1451 1134 1677 1202 Concil.,
1701 1149 1756 1207 p.
1791 1133 1916 1190 151.

2311 712 2476 767 etiam
2497 709 2784 781 praetendit
2807 709 2906 767 has
2927 708 3225 765 sententias
3251 723 3435 765 revera
3459 721 3583 763 esse
3599 704 3736 763 Sixti
3761 718 3929 775 papae

2310 815 2366 863 et
2387 807 2660 878 martyris.
2693 806 2808 861 Duo
2838 805 3000 861 etiam
3030 817 3268 860 canones
3319 802 3420 860 sub
3446 800 3593 859 Sixti
3622 799 3667 856 Ii
3703 799 3936 856 nomine

2309 918 2340 957 a
2367 900 2646 959 Gratiamo
2675 914 2905 957 errouee
2931 898 3167 955 citantur
3188 897 3292 971 (2).

2384 1059 2463 1188 (19.7)
2485 1060 2696 1117 Decret.
2731 1058 3049 1129 Gratianiﬂ
3075 1057 3370 1126 Quaestion.
3393 1071 3444 1113 c.
3467 1055 3525 1123 6,
3555 1056 3675 1113 et5.
3699 1053 3920 1125 Quaest.

2315 1147 2367 1188 c.
2472 1172 2483 1185 .

615 1307 3937 1350 Μ

748 1539 1202 1670 SIXTI
1297 1532 1835 1666 ΡΑΡίΕ
1898 1534 2017 1659 ΙΙ
2087 1534 2226 1659 ET

2335 1529 3024 1662 ISTOLXE
3087 1526 3744 1663 DUBIZE.

2109 1782 2597 1866 καθα»...-

1104 1971 1444 2031 EPISTOLA
1480 1971 1714 2031 PRIMA.

915 2129 985 2169 ΑΙ)
1024 2125 1242 2169 GBA’I‘UI
1278 2124 1536 2175 QUEIDAI
1566 2122 1882 2166 EPISCOPUI.

607 2248 786 2305 Licere
819 2247 1071 2303 accusatis
1097 2246 1175 2301 vel
1201 2243 1459 2299 damnatis
1487 2242 1741 2315 episcopis
1787 2241 2082 2314 appellare,
2107 2242 2213 2298 sive

677 2343 823 2399 adire
843 2342 1014 2398 sedem
1035 2337 1394 2411 apostolicam,
1412 2338 1522 2393 sine
1541 2338 1691 2408 cujus
1719 2336 2019 2391 auctoritate
2042 2351 2213 2392 causa?

677 2452 856 2496 eorum
882 2433 1146 2488 terminari
1175 2447 1277 2486 non
1304 2429 1508 2486 debent.

714 2572 1006 2644 Episcopus
1065 2569 1248 2625 Siztus
1288 2566 1450 2622 Grato
1498 2565 1803 2637 coepiscopo
1861 2564 2101 2619 salutem.

679 2667 877 2727 Laetari
900 2676 955 2724 et
979 2664 1218 2737 gaudere
1239 2679 1325 2719 me
1351 2661 1503 2733 (Leo,
1532 2661 1680 2731 epist.
1714 2657 1806 2728 Si)
1842 2659 2130 2728 plurimum
2158 2659 2213 2714 in

608 2763 829 2822 Christo
853 2759 982 2816 Jesu
1026 2759 1251 2814 Domino
1282 2764 1469 2812 nostro
1512 2750 1821 2808 dilectionis
1866 2760 1972 2806 tute
2011 2752 2215 2821 scripta

605 2858 878 2924 fecerunt,
906 2853 1102 2926 quibus
1128 2851 1413 2908 evidenter
1446 2845 1769 2911 ostenditur,
1814 2849 2074 2914 quantum
2117 2856 2213 2897 ca-

609 2956 869 3013 tholicam
897 2952 1078 3022 diligis
1107 2948 1268 3003 ﬁdem
1287 2987 1301 3011 ,
1329 2953 1385 3001 et
1410 2951 1672 3015 quantum
1714 2955 1998 3011 pravorum
2040 2938 2216 2994 homi-

609 3063 742 3105 num
770 3043 1059 3101 detestaris
1104 3052 1368 3095 errorem.
1400 3033 1588 3089 Omnis
1628 3032 1773 3087 enim
1806 3031 2028 3087 haeresis
2055 3029 2216 3084 nimis

614 3149 700 3198 est
720 3138 908 3209 impia,
938 3143 996 3191 et
1019 3130 1345 3201 evangelica:
1369 3126 1616 3183 veritatis
1648 3124 1863 3181 inimica
1885 3166 1901 3193 ,
1946 3139 2068 3194 quae
2107 3138 2215 3178 non

615 3234 924 3308 portionem
946 3229 1179 3299 aliquam
1212 3223 1445 3288 laedere,
1472 3219 1568 3276 sed
1600 3220 1715 3291 ipsa
1746 3219 2053 3275 christiana:
2094 3218 2220 3273 reli-

618 3332 794 3403 gionis
837 3334 1065 3383 conatur
1103 3321 1451 3376 fundamenta
1480 3316 1808 3373 convellere.
1842 3316 2044 3370 Memor
2069 3313 2215 3369 enim

618 3437 764 3488 sum,
790 3434 876 3474 me
905 3416 1005 3472 sub
1031 3414 1172 3469 illius
1199 3411 1418 3467 nomine
1443 3408 1687 3465 ecclesia-2
1718 3406 2041 3477 praesidere;
2068 3404 2222 3475 cujus

620 3534 652 3574 a
680 3513 909 3572 Domino
939 3519 1127 3565 nostro
1156 3505 1287 3562 Jesu
1319 3503 1540 3559 Christo
1567 3511 1650 3556 est
1674 3499 1973 3571 gloriﬁcata
2002 3497 2221 3553 confes-

624 3610 728 3674 sio,
754 3614 810 3662 et
838 3602 926 3676 (S.
956 3600 1078 3666 Leo,
1108 3598 1258 3670 epist.
1289 3594 1380 3666 3i)
1409 3594 1564 3664 cujus
1594 3592 1729 3648 ﬁdes
1758 3590 1961 3645 nullum
1991 3604 2223 3660 unquam

618 3701 785 3767 fallit,
811 3697 908 3755 sed
940 3710 1127 3750 omnes
1160 3691 1376 3763 quidem
1423 3688 1662 3743 haereses
1689 3685 1940 3741 destruit.
1975 3683 2226 3752 Intelligo

621 3802 802 3850 autem
833 3789 964 3845 mihi
994 3788 1153 3842 aliter
1183 3800 1291 3840 non
1314 3781 1502 3845 licere,
1532 3795 1693 3850 quam
1724 3786 1783 3832 ut
1829 3792 2022 3832 omnes
2071 3792 2228 3832 cona-

620 3894 710 3942 tus
740 3897 890 3939 meos
920 3881 970 3937 ei
990 3880 1205 3947 causae},
1240 3878 1293 3932 in
1321 3889 1426 3947 qua
1456 3870 1781 3927 universalis
1809 3871 2054 3925 ecclesia:
2083 3870 2229 3925 salus

624 3979 931 4043 infestatur,
1003 3972 1334 4045 impendam.
1409 3971 1690 4039 Agnosce,
1769 3963 1845 4020 ﬁli
1911 3962 2231 4020 charissime

626 4071 911 4148 (Ithacius,
940 4068 1072 4123 Adv.
1114 4062 1467 4126 Varimadum,
1494 4077 1610 4132 cap.
1643 4058 1756 4133 ιε),
1788 4072 1895 4113 non
1922 4072 1989 4113 ex
2017 4065 2232 4128 tempo-

626 4185 713 4238 re,
745 4181 922 4238 neque
966 4171 1091 4235 post
1130 4169 1374 4230 tempora
1399 4156 1595 4213 Filium
1623 4154 1717 4210 Dei
1749 4163 1952 4220 natum,
1985 4151 2082 4208 sed
2107 4163 2233 4208 ante

628 4262 810 4317 omnia
836 4268 1082 4328 tempora
1113 4255 1182 4310 de
1232 4261 1457 4324 paterno
1486 4258 1641 4305 utero
1680 4244 2116 4303 inenarrabiliter
2141 4261 2234 4317 ge-

630 4361 914 4415 neratum,
943 4350 1061 4419 ipso
1101 4347 1214 4402 Deo
1263 4352 1418 4415 patre
1470 4357 1566 4413 per
1608 4341 1930 4412 pr0phetam
1973 4337 2231 4393 dicente:

632 4446 703 4499 1n
748 4438 1105 4513 splendoribus
1152 4445 1447 4490 sanctorum
1485 4448 1548 4488 ex
1585 4442 1727 4485 utero
1774 4439 1891 4484 ante
1937 4428 2237 4500 Luciferum

638 4536 789 4608 genui
836 4543 883 4588 te
939 4530 1167 4605 (Psalm.
1215 4528 1347 4596 (ιιι).
1394 4524 1564 4592 Quam
1605 4524 1923 4578 sententiam
1972 4530 2028 4578 et
2072 4520 2238 4577 Isaias

639 4627 904 4700 propheta
926 4623 1105 4680 dubiis
1127 4629 1290 4691 atque
1316 4614 1605 4673 incredulis
1629 4615 1905 4672 evidenter
1929 4614 2233 4686 expressit,

637 4718 770 4776 dum
794 4731 904 4773 non
923 4712 1137 4771 aliunde
1167 4710 1355 4778 lilium,
1377 4724 1538 4782 quam
1564 4708 1632 4766 de
1657 4708 1817 4765 Patre
1843 4720 2027 4765 natum
2049 4707 2238 4766 ineffa-

707 4920 792 5004 (‘l
829 4916 1088 5004 Ξρίριοέα-
1133 4907 2234 5004 ,ΗέἾθεέῗΡὲδέῨῙἮε,ὙῩέδῖίίἾξὶἓΨθΠῖίξ

631 4980 810 5058 Nocti,
844 4980 1067 5044 E'hionis
1097 4993 1152 5040 et
1181 4983 1419 5058 Cerinthi
1448 4980 1805 5058 sectariorum
1836 4981 2102 5058 scriptam
2116 4995 2239 5058 esse

540 5096 545 5099 <
630 5064 699 5119 ad
726 5052 949 5119 Gratum
977 5059 1290 5129 episc0pum
1316 5095 1331 5121 ,
1377 5054 1549 5129 ipsum
1582 5053 1793 5129 initium
1822 5052 2067 5129 epi_s_toi:e
2088 5052 2238 5129 iudi-

628 5143 737 5192 cat.
762 5123 1029 5189 Sabvlliué
1053 5123 1198 5184 enim
1231 5125 1587 5181 haeresiarcha
1622 5126 1723 5179 hoc
1770 5124 2026 5195 pontiﬁce
2050 5123 2119 5195 ab
2150 5124 2238 5181 in-

628 5208 760 5261 ieris
788 5216 1107 5274 progressus
1128 5239 1141 5264 ,
1171 5212 1387 5274 omnem
1435 5193 1786 5274 person-arum
1827 5193 2237 5274 distinctionem

628 5278 684 5332 in
713 5262 823 5331 Deo
843 5262 1057 5328 stistulit
1092 5288 1105 5323 :
1130 5262 1325 5336 reliqui
1355 5262 1483 5320 vero
1509 5262 1781 5336 Christum
1824 5277 1951 5321 ante
1980 5266 2229 5320 incarna-

630 5349 831 5402 tionem
864 5345 994 5399 nihil
1019 5341 1183 5398 fuissc
1217 5338 1493 5393 dicebant.
1525 5335 1594 5392 Ut
1641 5336 1833 5392 horum
1862 5352 1993 5406 ergo
2018 5350 2234 5391 errores

630 5417 800 5473 solide
828 5415 1068 5480 refellat,
1103 5419 1158 5468 et
1186 5409 1564 5465 consulentem
1611 5408 1710 5480 hac
1739 5408 1807 5464 de
1833 5424 1892 5465 re
1917 5409 2233 5479 episcopum

628 5487 879 5551 instruat,
918 5486 1076 5549 .hanc
1118 5479 1186 5536 ad
1230 5482 1399 5551 illum
1432 5479 1715 5551 epistolam
1761 5480 1972 5546 scribit,
2029 5480 2232 5551 apertis

632 5546 955 5612 testimoniis
984 5555 1265 5624 scripturae
1291 5546 1543 5618 probans,
1567 5546 2230 5624 Christum,_quoad'divi-

631 5642 758 5682 nam
809 5634 1075 5691 naturam,
1099 5620 1379 5678 aeternum
1423 5621 1611 5691 aeterni
1651 5621 1828 5675 Patris
1862 5620 2057 5675 Filium
2082 5636 2239 5687 esse,

632 5707 687 5754 et
714 5713 746 5752 a
784 5696 942 5751 Patre
975 5690 1278 5749 ᾱιηῐὶιιοιειιη
1331 5694 1385 5746 in
1433 5690 1713 5745 divinitate
1751 5706 2037 5761 personam
2080 5706 2234 5758 esse;

632 5785 698 5824 ac
725 5782 941 5837 semper
963 5766 1081 5821 sine
1108 5766 1218 5819 ullo
1247 5763 1504 5837 temporis
1528 5763 1798 5837 principio
1827 5764 2097 5837 extitisse.
2132 5762 2237 5819 Be-

634 5840 804 5911 liqua,
834 5833 979 5911 una;
1020 5849 1075 5891 et
1118 5834 1367 5911 sequenti
1414 5833 1642 5911 epistola
1673 5834 1910 5911 notanda
1959 5833 2234 5911 videntur,

635 5904 1068 5982 praedantibus
1110 5904 1535 5980 praecedentium
1602 5905 1921 5979 pontiﬁcum
1993 5904 2238 5977 epistolis

628 5996 660 6036 a
678 5989 898 6038 nnotata
928 5988 1074 6038 sunt.

2239 1979 2289 2039 Β
2316 1944 2499 2033 biliter
2525 1976 2806 2033 ostendit:
2835 1976 2905 2032 In
2950 1978 3258 2049 humilitate,
3287 1980 3482 2052 inquit,
3521 1981 3777 2053 judicium
3819 1985 3937 2056 ejus

2318 2068 2584 2125 sublatum
2632 2078 2726 2124 est.
2760 2068 3097 2125 Natiuitatem
3147 2072 3261 2142 ejus
3303 2074 3417 2142 quis
3454 2075 3712 2130 enarrabit
3739 2075 3930 2146 (Isai.,

2319 2163 2517 2233 um)?
2568 2161 2637 2218 Et
2684 2162 2737 2216 in
2770 2161 2914 2217 libro
2942 2161 3047 2219 Job
3081 2180 3096 2217 :
3144 2163 3470 2235 Sapientiam
3518 2166 3634 2234 Dei,
3667 2167 3768 2232 ait,
3798 2168 3939 2225 unde

2316 2255 2581 2310 invenies?
2603 2252 2750 2309 Latet
2768 2256 2904 2309 enim
2924 2254 2988 2309 ab
3002 2255 3167 2310 oculis
3192 2255 3477 2323 hominum,
3498 2265 3546 2311 et
3571 2275 3605 2311 a
3633 2257 3936 2317 volucribus

2315 2347 2431 2402 caeli
2455 2346 2703 2402 absconsa
2728 2356 2801 2403 est
2828 2344 2975 2418 (Job,
2989 2348 3204 2419 xxvut).
3219 2347 3607 2419 Expergiscere
3620 2350 3930 2420 paululum,

2316 2449 2373 2497 et
2401 2440 2445 2495 si
2474 2441 2656 2496 lumen
2707 2440 2948 2496 scientiae
2988 2440 3042 2497 in
3084 2441 3313 2511 teipsqu
3351 2441 3686 2512 aliquantum
3722 2443 3931 2512 habes,

2319 2531 2590 2598 invenies,
2618 2530 2771 2600 cujus
2806 2530 3057 2587 nativitas
3078 2545 3107 2585 a
3133 2531 3395 2603 propheta
3419 2547 3524 2587 non
3554 2535 3732 2602 potuit
3764 2549 3933 2590 enar-

2319 2625 2432 2681 rari
2461 2638 2529 2680 ex
2557 2632 2820 2695 tempore,
2850 2622 2936 2678 vel
2967 2633 3025 2678 ut
3068 2622 3349 2680 adstruere
3378 2626 3495 2695 ipse
3522 2626 3738 2682 conaris
3761 2666 3778 2695 ,
3810 2641 3931 2683 non

2320 2717 2495 2786 potuit
2519 2716 2787 2787 generari.
2826 2715 2893 2770 In
2921 2716 3196 2787 principio,
3228 2716 3401 2786 inquit
3431 2715 3669 2774 Joannes
3693 2732 3933 2791 evange—

2318 2808 2463 2873 lista,
2487 2818 2594 2862 erat
2631 2806 2872 2875 Verbum,
2888 2817 2937 2864 et
2974 2807 3193 2864 Verbum
3217 2819 3325 2864 erat
3351 2809 3494 2880 apud
3515 2809 3701 2878 Deum,
3720 2821 3768 2866 et
3787 2812 3937 2869 Deus

2320 2912 2430 2957 erat
2456 2902 2676 2958 Verbum
2699 2921 2712 2957 :
2742 2905 2837 2958 hoc
2858 2915 2967 2960 erat
2997 2905 3052 2960 in
3080 2905 3333 2976 principia
3350 2905 3494 2977 apud
3520 2904 3708 2961 Deum.
3742 2905 3939 2962 Omnia

2320 3015 2413 3070 per
2437 2999 2607 3069 ipsum
2658 3001 2799 3068 facta
2839 3010 2981 3066 sunt,
3025 3010 3073 3055 et
3117 3000 3230 3056 sine
3270 3001 3386 3070 ipso
3430 3004 3624 3072 factum
3679 3010 3752 3056 est
3806 3003 3940 3056 nihil

2321 3091 2526 3163 (Joan.,
2556 3092 2620 3163 1).
2669 3094 2735 3148 Et
2775 3092 2968 3151 iterum
3005 3092 3177 3148 :Erat
3222 3094 3313 3148 tua:
3351 3110 3501 3160 uera,
3530 3108 3644 3163 quia
3669 3093 3938 3148 illuminat

2320 3202 2519 3242 omnem
2550 3186 2805 3240 hominem
2845 3186 3124 3240 venientem
3167 3187 3219 3240 in
3252 3186 3386 3241 hunc
3419 3185 3670 3241 mundum
3701 3184 3749 3258 (l
3760 3183 3928 3257 dem).

2322 3280 2382 3337 In
2414 3279 2519 3335 isto
2550 3279 2712 3349 igitur
2732 3278 2873 3349 quod
2898 3276 3114 3343 dicitur,
3142 3277 3290 3344 Erat,
3338 3280 3383 3335 si
3425 3288 3642 3350 tempus
3692 3295 3941 3350 qumrcre

2249 3376 2295 3439 C
2328 3373 2564 3430 volueris
2589 3414 2603 3437 ,
2639 3388 2746 3428 non
2778 3373 3025 3429 invenies
3055 3389 3068 3426 :
3099 3374 3355 3443 quoniam
3397 3389 3466 3430 ex
3510 3390 3618 3444 quo
3657 3374 3838 3442 Pater,
3871 3390 3941 3431 ex

2327 3466 2421 3521 illo
2445 3474 2501 3520 et
2522 3464 2688 3520 Filius
2720 3481 2734 3518 :
2770 3473 2827 3520 ct
2862 3464 3002 3534 quod
3032 3464 3196 3521 Pater
3224 3473 3329 3540 est,
3359 3464 3411 3520 id
3435 3475 3517 3520 est
3542 3466 3709 3521 etiam
3740 3464 3936 3535 Filius,

2327 3557 2619 3613 Salomone
2642 3556 2857 3613 dicente
2881 3572 2898 3613 :
2930 3555 3041 3629 Ego
3068 3573 3131 3611 ea:
3149 3573 3237 3612 ore
3260 3558 3514 3613 Altissimi
3534 3558 3725 3629 prodii,
3751 3559 3941 3629 primo-

2331 3652 2502 3723 genita
2530 3662 2649 3706 ante
2670 3668 2872 3706 onmcm
2894 3660 3205 3706 creaturam.
3240 3649 3352 3722 Ego
3369 3653 3486 3720 feci,
3516 3661 3571 3707 ut
3596 3654 3653 3707 in
3680 3652 3808 3707 ctelo
3837 3654 3942 3707 ori-

2331 3754 2470 3800 retur
2498 3745 2665 3799 lumcn
2706 3744 3038 3812 indeﬁciens,
3087 3752 3134 3797 et
3186 3743 3320 3797 sicut
3364 3743 3553 3798 nebula
3599 3745 3700 3798 texi
3744 3760 3943 3798 onmem

2334 3848 2542 3892 terram.
2570 3835 2680 3907 Ego
2708 3836 2760 3889 in
2787 3835 3048 3890 altissimis
3076 3834 3270 3900 habito,
3291 3844 3341 3889 et
3362 3836 3579 3891 thronus
3602 3852 3743 3889 incus
3773 3836 3826 3890 in
3864 3852 3944 3890 co-

2335 3929 2512 4009 lumna
2537 3927 2704 3983 nubis.
2740 3925 2935 3998 Cyrum
2963 3926 3079 3982 caeli
3105 3927 3311 3983 circuiri
3349 3926 3494 3994 sola,
3525 3936 3571 3981 et
3615 3927 3935 3997 profundum

2336 4021 2506 4093 abyssi
2537 4020 2809 4091 penetravi.
2839 4019 2908 4074 In
2948 4036 3148 4075 onmem
3200 4029 3387 4075 terram
3425 4021 3563 4086 steti,
3594 4022 3722 4076 etin
3747 4022 3935 4093 populo

2339 4116 2617 4186 primatum
2645 4114 2800 4169 habui
2843 4112 3198 4186 (Ecclesiast.,
3239 4113 3420 4186 ειη).
3452 4114 3584 4171 Item
3629 4114 3701 4170 ibi
3752 4134 3765 4170 :
3818 4114 3945 4171 Cum

2340 4219 2655 4286 prwpararet
2687 4209 2890 4273 caelum,
2922 4208 3133 4263 aderam
3184 4207 3285 4276 illi,
3329 4219 3378 4263 et
3418 4225 3534 4264 cum
3586 4209 3757 4264 sedem
3801 4226 3944 4266 suam

2340 4315 2637 4363 secerneret.
2699 4302 2919 4372 Quando
2964 4320 3117 4375 super
3172 4313 3345 4359 ventos
3402 4307 3558 4377 fortes
3617 4305 3837 4376 faciebat
3889 4306 3944 4362 in

2343 4418 2540 4457 summo
2560 4401 2739 4465 nubes,
2782 4410 2830 4455 et
2858 4415 2973 4455 cum
3018 4408 3179 4453 certos
3218 4397 3435 4469 ponebat
3468 4402 3632 4470 fontes
3661 4399 3754 4453 sub
3798 4400 3940 4467 ctelo,

2342 4511 2457 4550 cum
2498 4495 2652 4565 fortia
2684 4493 2901 4564 faciebat
2940 4491 3273 4563 fundamenta
3301 4500 3482 4559 terrm,
3512 4508 3605 4563 ego
3634 4508 3796 4557 eram,
3830 4507 3945 4545 cum

2342 4590 2437 4646 illo
2461 4604 2790 4660 componens,
2821 4596 2867 4642 et
2893 4603 2986 4659 ego
3014 4601 3176 4651 nam,
3198 4585 3283 4639 cui
3310 4583 3601 4656 adaugebat
3620 4626 3632 4649 ,
3660 4600 3775 4638 cum
3804 4583 3945 4638 ltela—

2347 4694 2489 4738 retur
2515 4684 2634 4738 orbe
2661 4683 2881 4752 perfecto
2913 4677 3209 4751 (Proverb.,
3236 4674 3375 4749 vui).
3409 4677 3474 4731 Et
3502 4676 3554 4731 in
3584 4677 3795 4747 psalmo
3822 4692 3943 4733 cen-

2260 4778 2315 4839 D
2340 4777 2533 4833 lesimo
2564 4776 2734 4846 primo
2764 4793 2777 4828 :
2811 4773 2911 4839 Tu,
2962 4771 3208 4837 Domine,
3240 4771 3296 4824 in
3330 4770 3580 4840 principio
3605 4779 3796 4823 terram
3825 4773 3939 4841 fun-

2341 4871 2492 4935 dasti,
2520 4878 2566 4923 et
2593 4883 2747 4939 Opera
2770 4882 3013 4920 manuum
3038 4874 3241 4919 tuarum
3256 4871 3375 4917 sunt
3401 4862 3536 4916 caeli.
3555 4859 3667 4931 Ipsi
3692 4861 3942 4930 peribunt,

2343 4977 2399 5021 tu
2428 4974 2597 5019 autem
2627 4977 2921 5035 permanes,
2948 4969 2994 5014 et
3022 4959 3152 5015 sicut
3176 4957 3493 5028 opertorium
3521 4953 3739 5009 mutabis
3763 4970 3869 5021 eos,
3896 4964 3942 5010 et

2343 5061 2719 5114 mutabuntur:
2750 5066 2805 5110 tu
2835 5063 3004 5109 autem
3043 5051 3180 5107 idem
3206 5053 3318 5123 ipse
3361 5066 3434 5116 es,
3466 5058 3515 5103 et
3553 5048 3676 5101 anni
3717 5047 3793 5100 tui
3844 5063 3938 5102 non

2344 5156 2601 5225 deﬁcient.
2632 5152 2748 5209 Non
2796 5151 2940 5207 enim
2972 5158 3089 5205 erat
3136 5157 3286 5214 aetas,
3317 5154 3410 5201 aut
3446 5144 3666 5217 aliquod
3705 5152 3936 5216 tempus,

2344 5259 2633 5318 antequam
2663 5246 2731 5301 de
2770 5246 2930 5301 Patre
2959 5241 3132 5299 Filius
3165 5249 3505 5306 nasceretur;
3561 5238 3815 5309 quoniam
3861 5238 3944 5308 qui

2343 5352 2585 5412 tempora
2641 5340 2892 5395 universa
2937 5335 3154 5410 propria
3207 5340 3473 5403 potestate
3524 5332 3831 5394 constituit,
3878 5346 3941 5385 ex

2338 5444 2583 5506 tempore
2629 5435 2715 5491 vel
2749 5441 2871 5505 post
2899 5442 3139 5501 tempora
3168 5428 3315 5483 nasci
3354 5443 3460 5482 nou
3503 5428 3681 5499 potuit
3707 5424 3807 5497 (Ι).
3847 5423 3943 5480 His

2341 5527 2529 5599 paucis
2575 5527 2883 5590 sententiis,
2930 5523 3166 5579 breviter
3206 5519 3470 5576 consultis
3517 5520 3622 5575 tuis
3667 5516 3942 5586 respondi,

2342 5618 2509 5676 frater
2538 5618 2877 5675 charissime.
2927 5616 3002 5670 De
3050 5623 3250 5671 cmtero
3288 5624 3435 5669 tuam
3477 5625 3674 5669 moneo
3698 5608 3940 5665 dilectio-

2343 5718 2487 5781 nem‘,
2515 5721 2570 5766 ut
2591 5717 2817 5766 cunctos
2836 5751 2852 5777 ,
2882 5723 3017 5780 quos
3044 5722 3231 5763 errare
3258 5705 3602 5779 cognoveris,
3636 5701 3702 5757 ad
3726 5701 3944 5758 catholi-

2341 5817 2458 5859 cam
2491 5800 2675 5867 ﬁdem,
2699 5811 2754 5858 et
2774 5799 2842 5856 ad
2869 5800 3132 5857 unitatem
3173 5809 3323 5857 recte
3354 5796 3686 5855 credentium
3714 5809 3939 5850 convcr-

2417 5913 2800 5987 (i)_ilactenu_s
2845 5914 3029 5987 Ithacii
3055 5915 3217 5973 verba
3241 5954 3257 5981 ,
3291 5910 3433 5970 unde
3486 5909 3633 5968 fraus
3674 5906 3949 5980 Mangonis

2345 5984 2618 6057 detegitur
2656 5985 3074 6045 evidentissime.
