  <div class='ocr_page' id='page_1' title='image "/cluster/home/n/w/nwhite01/storage/ocr_20150623/5/hvd.32044073505224/048.png"; bbox 0 0 4230 6212; ppageno 0'>
   <div class='ocr_carea' id='block_1_1' title="bbox 326 336 3642 405">
    <p class='ocr_par' dir='ltr' id='par_1_1' title="bbox 326 336 3642 405">
     <span class='ocr_line' id='line_1_1' title="bbox 326 336 3642 405; baseline -0.005 -1"><span class='ocrx_word' id='word_1_1' title='bbox 326 344 398 405; x_wconf 77' lang='lat'><strong>85</strong></span> <span class='ocrx_word' id='word_1_2' title='bbox 1609 336 1975 398; x_wconf 68' lang='lat' dir='ltr'><strong>EPISTOLJE</strong></span> <span class='ocrx_word' id='word_1_3' title='bbox 2010 336 2270 397; x_wconf 67' lang='lat' dir='ltr'><strong>DUBIE.</strong></span> <span class='ocrx_word' id='word_1_4' title='bbox 3568 340 3642 399; x_wconf 80' lang='lat'><strong>36</strong></span> 
     </span>
    </p>
   </div>
   <div class='ocr_carea' id='block_1_2' title="bbox 326 452 3641 528">
    <p class='ocr_par' dir='ltr' id='par_1_2' title="bbox 326 452 3641 528">
     <span class='ocr_line' id='line_1_2' title="bbox 326 452 3641 528; baseline 0.002 -11"><span class='ocrx_word' id='word_1_5' title='bbox 326 467 442 517; x_wconf 88' lang='lat' dir='ltr'><strong>tere</strong></span> <span class='ocrx_word' id='word_1_6' title='bbox 488 455 730 523; x_wconf 77' lang='lat' dir='ltr'><strong>studeas,</strong></span> <span class='ocrx_word' id='word_1_7' title='bbox 768 460 825 511; x_wconf 86' lang='lat' dir='ltr'><strong>et</strong></span> <span class='ocrx_word' id='word_1_8' title='bbox 851 459 909 509; x_wconf 87' lang='lat' dir='ltr'><strong>tu</strong></span> <span class='ocrx_word' id='word_1_9' title='bbox 952 467 1247 525; x_wconf 84' lang='lat' dir='ltr'><strong>numquam</strong></span> <span class='ocrx_word' id='word_1_10' title='bbox 1288 452 1358 510; x_wconf 90' lang='lat' dir='ltr'><strong>ab</strong></span> <span class='ocrx_word' id='word_1_11' title='bbox 1392 452 1688 526; x_wconf 88' lang='lat' dir='ltr'><strong>apostolico</strong></span> <span class='ocrx_word' id='word_1_12' title='bbox 1716 455 1931 512; x_wconf 81' lang='lat' dir='ltr'><strong>tramite</strong></span> <span class='ocrx_word' id='word_1_13' title='bbox 1958 457 2013 517; x_wconf 80' lang='grc' dir='ltr'><strong>Α</strong></span> <span class='ocrx_word' id='word_1_14' title='bbox 2037 454 2229 524; x_wconf 90' lang='lat' dir='ltr'><strong>bustis,</strong></span> <span class='ocrx_word' id='word_1_15' title='bbox 2257 457 2404 528; x_wconf 87' lang='lat' dir='ltr'><strong>cujus</strong></span> <span class='ocrx_word' id='word_1_16' title='bbox 2430 455 2627 512; x_wconf 82' lang='lat' dir='ltr'><strong>inuidia</strong></span> <span class='ocrx_word' id='word_1_17' title='bbox 2650 474 2793 515; x_wconf 85' lang='lat' dir='ltr'><strong>mors</strong></span> <span class='ocrx_word' id='word_1_18' title='bbox 2825 459 3051 517; x_wconf 72' lang='lat' dir='ltr'><strong>introivit</strong></span> <span class='ocrx_word' id='word_1_19' title='bbox 3091 463 3145 518; x_wconf 87' lang='lat' dir='ltr'><strong>in</strong></span> <span class='ocrx_word' id='word_1_20' title='bbox 3173 463 3346 520; x_wconf 78' lang='lat' dir='ltr'><strong>orbem</strong></span> <span class='ocrx_word' id='word_1_21' title='bbox 3388 472 3641 523; x_wconf 82' lang='lat' dir='ltr'><strong>terrarum</strong></span> 
     </span>
    </p>
   </div>
   <div class='ocr_carea' id='block_1_3' title="bbox 326 546 1931 622">
    <p class='ocr_par' dir='ltr' id='par_1_3' title="bbox 326 546 1931 622">
     <span class='ocr_line' id='line_1_3' title="bbox 326 546 1931 622; baseline -0.005 -11"><span class='ocrx_word' id='word_1_22' title='bbox 326 551 578 611; x_wconf 81' lang='lat' dir='ltr'><strong>recedas.</strong></span> <span class='ocrx_word' id='word_1_23' title='bbox 608 550 663 607; x_wconf 89' lang='lat' dir='ltr'><strong>Si</strong></span> <span class='ocrx_word' id='word_1_24' title='bbox 688 555 863 605; x_wconf 90' lang='lat' dir='ltr'><strong>autem</strong></span> <span class='ocrx_word' id='word_1_25' title='bbox 896 554 948 603; x_wconf 91' lang='lat' dir='ltr'><strong>te</strong></span> <span class='ocrx_word' id='word_1_26' title='bbox 970 562 1076 603; x_wconf 91' lang='lat' dir='ltr'><strong>non</strong></span> <span class='ocrx_word' id='word_1_27' title='bbox 1106 546 1396 614; x_wconf 76' lang='lat' dir='ltr'><strong>audierint,</strong></span> <span class='ocrx_word' id='word_1_28' title='bbox 1419 554 1474 602; x_wconf 92' lang='lat' dir='ltr'><strong>et</strong></span> <span class='ocrx_word' id='word_1_29' title='bbox 1487 556 1731 605; x_wconf 86' lang='lat' dir='ltr'><strong>errantes</strong></span> <span class='ocrx_word' id='word_1_30' title='bbox 1763 547 1931 622; x_wconf 89' lang='lat' dir='ltr'><strong>(quod</strong></span> 
     </span>
    </p>
   </div>
   <div class='ocr_carea' id='block_1_4' title="bbox 328 640 1931 718">
    <p class='ocr_par' dir='ltr' id='par_1_4' title="bbox 328 640 1931 718">
     <span class='ocr_line' id='line_1_4' title="bbox 328 640 1931 718; baseline -0.005 -14"><span class='ocrx_word' id='word_1_31' title='bbox 328 644 499 718; x_wconf 86' lang='lat' dir='ltr'><strong>absit)</strong></span> <span class='ocrx_word' id='word_1_32' title='bbox 532 641 960 717; x_wconf 83' lang='lat' dir='ltr'><strong>permanserint,</strong></span> <span class='ocrx_word' id='word_1_33' title='bbox 1003 641 1165 698; x_wconf 91' lang='lat' dir='ltr'><strong>nobis</strong></span> <span class='ocrx_word' id='word_1_34' title='bbox 1219 655 1313 698; x_wconf 91' lang='lat' dir='ltr'><strong>eos</strong></span> <span class='ocrx_word' id='word_1_35' title='bbox 1360 640 1739 708; x_wconf 88' lang='lat' dir='ltr'><strong>manifestare,</strong></span> <span class='ocrx_word' id='word_1_36' title='bbox 1771 657 1931 713; x_wconf 90' lang='lat' dir='ltr'><strong>quam</strong></span> 
     </span>
    </p>
   </div>
   <div class='ocr_carea' id='block_1_5' title="bbox 335 733 1937 810">
    <p class='ocr_par' dir='ltr' id='par_1_5' title="bbox 335 733 1937 810">
     <span class='ocr_line' id='line_1_5' title="bbox 335 733 1937 810; baseline -0.002 -15"><span class='ocrx_word' id='word_1_37' title='bbox 335 740 495 795; x_wconf 87' lang='lat' dir='ltr'><strong>cilius</strong></span> <span class='ocrx_word' id='word_1_38' title='bbox 520 741 761 810; x_wconf 88' lang='lat' dir='ltr'><strong>poteris:</strong></span> <span class='ocrx_word' id='word_1_39' title='bbox 794 750 904 790; x_wconf 89' lang='lat' dir='ltr'><strong>non</strong></span> <span class='ocrx_word' id='word_1_40' title='bbox 947 733 1160 797; x_wconf 85' lang='lat' dir='ltr'><strong>tardes,</strong></span> <span class='ocrx_word' id='word_1_41' title='bbox 1193 742 1251 788; x_wconf 90' lang='lat' dir='ltr'><strong>ut</strong></span> <span class='ocrx_word' id='word_1_42' title='bbox 1279 733 1575 805; x_wconf 89' lang='lat' dir='ltr'><strong>apostolica</strong></span> <span class='ocrx_word' id='word_1_43' title='bbox 1614 735 1937 791; x_wconf 88' lang='lat' dir='ltr'><strong>auctoritate</strong></span> 
     </span>
    </p>
   </div>
   <div class='ocr_carea' id='block_1_6' title="bbox 330 826 1934 891">
    <p class='ocr_par' dir='ltr' id='par_1_6' title="bbox 330 826 1934 891">
     <span class='ocr_line' id='line_1_6' title="bbox 330 826 1934 891; baseline -0.004 -3"><span class='ocrx_word' id='word_1_44' title='bbox 330 841 425 888; x_wconf 87' lang='lat' dir='ltr'><strong>aut</strong></span> <span class='ocrx_word' id='word_1_45' title='bbox 455 829 565 887; x_wconf 91' lang='lat' dir='ltr'><strong>cito</strong></span> <span class='ocrx_word' id='word_1_46' title='bbox 592 828 658 883; x_wconf 88' lang='lat' dir='ltr'><strong>ad</strong></span> <span class='ocrx_word' id='word_1_47' title='bbox 690 827 994 883; x_wconf 88' lang='lat' dir='ltr'><strong>Ecclesiam</strong></span> <span class='ocrx_word' id='word_1_48' title='bbox 1023 833 1431 891; x_wconf 73' lang='lat' dir='ltr'><strong>convertantur,</strong></span> <span class='ocrx_word' id='word_1_49' title='bbox 1480 835 1571 881; x_wconf 89' lang='lat' dir='ltr'><strong>aut</strong></span> <span class='ocrx_word' id='word_1_50' title='bbox 1603 827 1670 882; x_wconf 88' lang='lat' dir='ltr'><strong>ab</strong></span> <span class='ocrx_word' id='word_1_51' title='bbox 1691 826 1934 883; x_wconf 86' lang='lat' dir='ltr'><strong>Ecclesia</strong></span> 
     </span>
    </p>
   </div>
   <div class='ocr_carea' id='block_1_7' title="bbox 329 920 1935 995">
    <p class='ocr_par' dir='ltr' id='par_1_7' title="bbox 329 920 1935 995">
     <span class='ocr_line' id='line_1_7' title="bbox 329 920 1935 995; baseline -0.002 -14"><span class='ocrx_word' id='word_1_52' title='bbox 329 931 671 995; x_wconf 82' lang='lat' dir='ltr'><strong>separentur.</strong></span> <span class='ocrx_word' id='word_1_53' title='bbox 713 920 1040 977; x_wconf 84' lang='lat' dir='ltr'><strong>Audivimus</strong></span> <span class='ocrx_word' id='word_1_54' title='bbox 1084 921 1245 975; x_wconf 89' lang='lat' dir='ltr'><strong>etiam</strong></span> <span class='ocrx_word' id='word_1_55' title='bbox 1288 920 1432 992; x_wconf 91' lang='lat' dir='ltr'><strong>quod</strong></span> <span class='ocrx_word' id='word_1_56' title='bbox 1456 920 1669 992; x_wconf 84' lang='lat' dir='ltr'><strong>quidam</strong></span> <span class='ocrx_word' id='word_1_57' title='bbox 1697 921 1935 990; x_wconf 85' lang='lat' dir='ltr'><strong>erronei,</strong></span> 
     </span>
    </p>
   </div>
   <div class='ocr_carea' id='block_1_8' title="bbox 331 1014 1938 1087">
    <p class='ocr_par' dir='ltr' id='par_1_8' title="bbox 331 1014 1938 1087">
     <span class='ocr_line' id='line_1_8' title="bbox 331 1014 1938 1087; baseline -0.005 -10"><span class='ocrx_word' id='word_1_58' title='bbox 331 1028 389 1077; x_wconf 88' lang='lat' dir='ltr'><strong>et</strong></span> <span class='ocrx_word' id='word_1_59' title='bbox 408 1017 808 1075; x_wconf 85' lang='lat' dir='ltr'><strong>consentientes</strong></span> <span class='ocrx_word' id='word_1_60' title='bbox 838 1014 940 1083; x_wconf 91' lang='lat' dir='ltr'><strong>eis,</strong></span> <span class='ocrx_word' id='word_1_61' title='bbox 968 1026 1019 1071; x_wconf 89' lang='lat' dir='ltr'><strong>te</strong></span> <span class='ocrx_word' id='word_1_62' title='bbox 1038 1022 1092 1070; x_wconf 90' lang='lat' dir='ltr'><strong>et</strong></span> <span class='ocrx_word' id='word_1_63' title='bbox 1118 1015 1359 1087; x_wconf 87' lang='lat' dir='ltr'><strong>reliquos</strong></span> <span class='ocrx_word' id='word_1_64' title='bbox 1383 1014 1642 1071; x_wconf 88' lang='lat' dir='ltr'><strong>infestent</strong></span> <span class='ocrx_word' id='word_1_65' title='bbox 1664 1015 1938 1085; x_wconf 82' lang='lat' dir='ltr'><strong>coepisco-</strong></span> 
     </span>
    </p>
   </div>
   <div class='ocr_carea' id='block_1_9' title="bbox 332 1108 1936 1185">
    <p class='ocr_par' dir='ltr' id='par_1_9' title="bbox 332 1108 1936 1185">
     <span class='ocr_line' id='line_1_9' title="bbox 332 1108 1936 1185; baseline -0.001 -19"><span class='ocrx_word' id='word_1_66' title='bbox 332 1127 435 1185; x_wconf 91' lang='lat' dir='ltr'><strong>pos</strong></span> <span class='ocrx_word' id='word_1_67' title='bbox 462 1119 515 1167; x_wconf 91' lang='lat' dir='ltr'><strong>et</strong></span> <span class='ocrx_word' id='word_1_68' title='bbox 539 1112 829 1181; x_wconf 88' lang='lat' dir='ltr'><strong>episcopos</strong></span> <span class='ocrx_word' id='word_1_69' title='bbox 864 1110 1073 1179; x_wconf 91' lang='lat' dir='ltr'><strong>aliquos</strong></span> <span class='ocrx_word' id='word_1_70' title='bbox 1099 1108 1585 1179; x_wconf 86' lang='lat' dir='ltr'><strong>comprovinciales</strong></span> <span class='ocrx_word' id='word_1_71' title='bbox 1612 1108 1680 1164; x_wconf 91' lang='lat' dir='ltr'><strong>ad</strong></span> <span class='ocrx_word' id='word_1_72' title='bbox 1704 1119 1936 1165; x_wconf 84' lang='lat' dir='ltr'><strong>vestram</strong></span> 
     </span>
    </p>
   </div>
   <div class='ocr_carea' id='block_1_10' title="bbox 331 1200 1844 1273">
    <p class='ocr_par' dir='ltr' id='par_1_10' title="bbox 331 1200 1844 1273">
     <span class='ocr_line' id='line_1_10' title="bbox 331 1200 1844 1273; baseline -0.003 -13"><span class='ocrx_word' id='word_1_73' title='bbox 331 1202 739 1260; x_wconf 84' lang='lat' dir='ltr'><strong>infamatiunem</strong></span> <span class='ocrx_word' id='word_1_74' title='bbox 771 1209 933 1273; x_wconf 88' lang='lat' dir='ltr'><strong>atque</strong></span> <span class='ocrx_word' id='word_1_75' title='bbox 960 1200 1362 1257; x_wconf 83' lang='lat' dir='ltr'><strong>damnationem</strong></span> <span class='ocrx_word' id='word_1_76' title='bbox 1392 1216 1576 1259; x_wconf 90' lang='lat' dir='ltr'><strong>secum</strong></span> <span class='ocrx_word' id='word_1_77' title='bbox 1608 1201 1844 1257; x_wconf 84' lang='lat' dir='ltr'><strong>trahant.</strong></span> 
     </span>
    </p>
   </div>
   <div class='ocr_carea' id='block_1_11' title="bbox 405 1294 1941 1368">
    <p class='ocr_par' dir='ltr' id='par_1_11' title="bbox 405 1294 1941 1368">
     <span class='ocr_line' id='line_1_11' title="bbox 405 1294 1941 1368; baseline 0.001 -17"><span class='ocrx_word' id='word_1_78' title='bbox 405 1296 752 1368; x_wconf 84' lang='lat' dir='ltr'><strong>Quapropter</strong></span> <span class='ocrx_word' id='word_1_79' title='bbox 795 1294 848 1350; x_wconf 91' lang='lat' dir='ltr'><strong>in</strong></span> <span class='ocrx_word' id='word_1_80' title='bbox 897 1294 998 1351; x_wconf 87' lang='lat' dir='ltr'><strong>bac</strong></span> <span class='ocrx_word' id='word_1_81' title='bbox 1046 1305 1233 1350; x_wconf 89' lang='lat' dir='ltr'><strong>sancta</strong></span> <span class='ocrx_word' id='word_1_82' title='bbox 1274 1294 1405 1352; x_wconf 88' lang='lat' dir='ltr'><strong>sede</strong></span> <span class='ocrx_word' id='word_1_83' title='bbox 1446 1295 1648 1351; x_wconf 86' lang='lat' dir='ltr'><strong>dudum</strong></span> <span class='ocrx_word' id='word_1_84' title='bbox 1697 1312 1728 1351; x_wconf 88' lang='lat' dir='ltr'><strong>a</strong></span> <span class='ocrx_word' id='word_1_85' title='bbox 1756 1297 1941 1353; x_wconf 90' lang='lat' dir='ltr'><strong>multis</strong></span> 
     </span>
    </p>
   </div>
   <div class='ocr_carea' id='block_1_12' title="bbox 338 1385 1936 1460">
    <p class='ocr_par' dir='ltr' id='par_1_12' title="bbox 338 1385 1936 1460">
     <span class='ocr_line' id='line_1_12' title="bbox 338 1385 1936 1460; baseline -0.003 -14"><span class='ocrx_word' id='word_1_86' title='bbox 338 1388 615 1460; x_wconf 88' lang='lat' dir='ltr'><strong>episcopis</strong></span> <span class='ocrx_word' id='word_1_87' title='bbox 654 1388 999 1443; x_wconf 86' lang='lat' dir='ltr'><strong>constitutum</strong></span> <span class='ocrx_word' id='word_1_88' title='bbox 1047 1394 1198 1455; x_wconf 90' lang='lat' dir='ltr'><strong>erat,</strong></span> <span class='ocrx_word' id='word_1_89' title='bbox 1226 1395 1281 1442; x_wconf 92' lang='lat' dir='ltr'><strong>et</strong></span> <span class='ocrx_word' id='word_1_90' title='bbox 1313 1385 1473 1442; x_wconf 90' lang='lat' dir='ltr'><strong>modo</strong></span> <span class='ocrx_word' id='word_1_91' title='bbox 1502 1385 1571 1443; x_wconf 91' lang='lat' dir='ltr'><strong>ad</strong></span> <span class='ocrx_word' id='word_1_92' title='bbox 1611 1396 1852 1444; x_wconf 88' lang='lat' dir='ltr'><strong>vestrum</strong></span> <span class='ocrx_word' id='word_1_93' title='bbox 1881 1394 1936 1442; x_wconf 89' lang='lat' dir='ltr'><strong>et</strong></span> 
     </span>
    </p>
   </div>
   <div class='ocr_carea' id='block_1_13' title="bbox 337 1477 1937 1544">
    <p class='ocr_par' dir='ltr' id='par_1_13' title="bbox 337 1477 1937 1544">
     <span class='ocr_line' id='line_1_13' title="bbox 337 1477 1937 1544; baseline -0.004 -7"><span class='ocrx_word' id='word_1_94' title='bbox 337 1492 662 1537; x_wconf 66' lang='lat' dir='ltr'><strong>cancrorum</strong></span> <span class='ocrx_word' id='word_1_95' title='bbox 694 1479 914 1535; x_wconf 81' lang='lat' dir='ltr'><strong>fratrum</strong></span> <span class='ocrx_word' id='word_1_96' title='bbox 944 1478 1204 1534; x_wconf 78' lang='lat' dir='ltr'><strong>auxilium</strong></span> <span class='ocrx_word' id='word_1_97' title='bbox 1254 1488 1337 1534; x_wconf 90' lang='lat' dir='ltr'><strong>est</strong></span> <span class='ocrx_word' id='word_1_98' title='bbox 1380 1477 1560 1534; x_wconf 92' lang='lat' dir='ltr'><strong>denuo</strong></span> <span class='ocrx_word' id='word_1_99' title='bbox 1600 1478 1937 1544; x_wconf 89' lang='lat' dir='ltr'><strong>roboratam,</strong></span> 
     </span>
    </p>
   </div>
   <div class='ocr_carea' id='block_1_14' title="bbox 336 1570 1941 1644">
    <p class='ocr_par' dir='ltr' id='par_1_14' title="bbox 336 1570 1941 1644">
     <span class='ocr_line' id='line_1_14' title="bbox 336 1570 1941 1644; baseline -0.001 -15"><span class='ocrx_word' id='word_1_100' title='bbox 336 1583 401 1629; x_wconf 85' lang='lat' dir='ltr'><strong>ut</strong></span> <span class='ocrx_word' id='word_1_101' title='bbox 433 1588 621 1630; x_wconf 87' lang='lat' dir='ltr'><strong>omnes</strong></span> <span class='ocrx_word' id='word_1_102' title='bbox 671 1572 932 1643; x_wconf 87' lang='lat' dir='ltr'><strong>episcopi,</strong></span> <span class='ocrx_word' id='word_1_103' title='bbox 983 1572 1075 1644; x_wconf 86' lang='lat' dir='ltr'><strong>qui</strong></span> <span class='ocrx_word' id='word_1_104' title='bbox 1129 1573 1181 1627; x_wconf 90' lang='lat' dir='ltr'><strong>in</strong></span> <span class='ocrx_word' id='word_1_105' title='bbox 1231 1570 1552 1643; x_wconf 88' lang='lat' dir='ltr'><strong>quibusdam</strong></span> <span class='ocrx_word' id='word_1_106' title='bbox 1602 1571 1941 1644; x_wconf 76' lang='lat' dir='ltr'><strong>gravioribus</strong></span> 
     </span>
    </p>
   </div>
   <div class='ocr_carea' id='block_1_15' title="bbox 334 1662 1941 1736">
    <p class='ocr_par' dir='ltr' id='par_1_15' title="bbox 334 1662 1941 1736">
     <span class='ocr_line' id='line_1_15' title="bbox 334 1662 1941 1736; baseline 0 -15"><span class='ocrx_word' id='word_1_107' title='bbox 334 1666 617 1736; x_wconf 89' lang='lat' dir='ltr'><strong>pulsantur</strong></span> <span class='ocrx_word' id='word_1_108' title='bbox 642 1664 731 1721; x_wconf 89' lang='lat' dir='ltr'><strong>vel</strong></span> <span class='ocrx_word' id='word_1_109' title='bbox 750 1666 1107 1720; x_wconf 86' lang='lat' dir='ltr'><strong>criminantur</strong></span> <span class='ocrx_word' id='word_1_110' title='bbox 1129 1665 1327 1731; x_wconf 89' lang='lat' dir='ltr'><strong>causis,</strong></span> <span class='ocrx_word' id='word_1_111' title='bbox 1344 1666 1554 1734; x_wconf 88' lang='lat' dir='ltr'><strong>quoties</strong></span> <span class='ocrx_word' id='word_1_112' title='bbox 1579 1662 1805 1721; x_wconf 81' lang='lat' dir='ltr'><strong>necesse</strong></span> <span class='ocrx_word' id='word_1_113' title='bbox 1826 1664 1941 1721; x_wconf 91' lang='lat' dir='ltr'><strong>fue—</strong></span> 
     </span>
    </p>
   </div>
   <div class='ocr_carea' id='block_1_16' title="bbox 333 1755 1939 1828">
    <p class='ocr_par' dir='ltr' id='par_1_16' title="bbox 333 1755 1939 1828">
     <span class='ocr_line' id='line_1_16' title="bbox 333 1755 1939 1828; baseline -0.001 -13"><span class='ocrx_word' id='word_1_114' title='bbox 333 1758 430 1824; x_wconf 88' lang='lat' dir='ltr'><strong>rit,</strong></span> <span class='ocrx_word' id='word_1_115' title='bbox 457 1759 634 1815; x_wconf 89' lang='lat' dir='ltr'><strong>iibere</strong></span> <span class='ocrx_word' id='word_1_116' title='bbox 675 1757 1031 1828; x_wconf 89' lang='lat' dir='ltr'><strong>apostolicam</strong></span> <span class='ocrx_word' id='word_1_117' title='bbox 1082 1755 1355 1827; x_wconf 79' lang='lat' dir='ltr'><strong>appellent</strong></span> <span class='ocrx_word' id='word_1_118' title='bbox 1402 1756 1608 1825; x_wconf 89' lang='lat' dir='ltr'><strong>sedem,</strong></span> <span class='ocrx_word' id='word_1_119' title='bbox 1665 1766 1827 1828; x_wconf 90' lang='lat' dir='ltr'><strong>atque</strong></span> <span class='ocrx_word' id='word_1_120' title='bbox 1872 1756 1939 1814; x_wconf 88' lang='lat' dir='ltr'><strong>ad</strong></span> 
     </span>
    </p>
   </div>
   <div class='ocr_carea' id='block_1_17' title="bbox 333 1846 2016 1923">
    <p class='ocr_par' dir='ltr' id='par_1_17' title="bbox 333 1846 2016 1923">
     <span class='ocr_line' id='line_1_17' title="bbox 333 1846 2016 1923; baseline -0.001 -15"><span class='ocrx_word' id='word_1_121' title='bbox 333 1866 457 1908; x_wconf 85' lang='lat' dir='ltr'><strong>eam</strong></span> <span class='ocrx_word' id='word_1_122' title='bbox 498 1850 651 1923; x_wconf 91' lang='lat' dir='ltr'><strong>quasi</strong></span> <span class='ocrx_word' id='word_1_123' title='bbox 688 1849 756 1904; x_wconf 91' lang='lat' dir='ltr'><strong>ad</strong></span> <span class='ocrx_word' id='word_1_124' title='bbox 801 1856 1028 1905; x_wconf 87' lang='lat' dir='ltr'><strong>matrem</strong></span> <span class='ocrx_word' id='word_1_125' title='bbox 1080 1846 1412 1917; x_wconf 87' lang='lat' dir='ltr'><strong>confugiant,</strong></span> <span class='ocrx_word' id='word_1_126' title='bbox 1455 1856 1511 1903; x_wconf 87' lang='lat' dir='ltr'><strong>ut</strong></span> <span class='ocrx_word' id='word_1_127' title='bbox 1554 1848 1622 1904; x_wconf 91' lang='lat' dir='ltr'><strong>ab</strong></span> <span class='ocrx_word' id='word_1_128' title='bbox 1667 1864 1731 1905; x_wconf 89' lang='lat' dir='ltr'><strong>ea</strong></span> <span class='ocrx_word' id='word_1_129' title='bbox 1776 1846 1940 1922; x_wconf 90' lang='lat' dir='ltr'><strong>(sicut</strong></span> <span class='ocrx_word' id='word_1_130' title='bbox 1968 1858 2016 1921; x_wconf 83' lang='grc' dir='ltr'><strong>Β</strong></span> 
     </span>
    </p>
   </div>
   <div class='ocr_carea' id='block_1_18' title="bbox 332 1937 1937 2017">
    <p class='ocr_par' dir='ltr' id='par_1_18' title="bbox 332 1937 1937 2017">
     <span class='ocr_line' id='line_1_18' title="bbox 332 1937 1937 2017; baseline -0.001 -18"><span class='ocrx_word' id='word_1_131' title='bbox 332 1957 552 2017; x_wconf 84' lang='lat' dir='ltr'><strong>semper</strong></span> <span class='ocrx_word' id='word_1_132' title='bbox 577 1940 699 2009; x_wconf 88' lang='lat' dir='ltr'><strong>fuit)</strong></span> <span class='ocrx_word' id='word_1_133' title='bbox 724 1941 810 2011; x_wconf 89' lang='lat' dir='ltr'><strong>pie</strong></span> <span class='ocrx_word' id='word_1_134' title='bbox 834 1939 1146 2004; x_wconf 83' lang='lat' dir='ltr'><strong>fuiciantur,</strong></span> <span class='ocrx_word' id='word_1_135' title='bbox 1166 1937 1525 1995; x_wconf 75' lang='lat' dir='ltr'><strong>defenduntur</strong></span> <span class='ocrx_word' id='word_1_136' title='bbox 1543 1947 1598 1995; x_wconf 92' lang='lat' dir='ltr'><strong>et</strong></span> <span class='ocrx_word' id='word_1_137' title='bbox 1616 1939 1937 1997; x_wconf 88' lang='lat' dir='ltr'><strong>liberentur.</strong></span> 
     </span>
    </p>
   </div>
   <div class='ocr_carea' id='block_1_19' title="bbox 331 2031 1939 2106">
    <p class='ocr_par' dir='ltr' id='par_1_19' title="bbox 331 2031 1939 2106">
     <span class='ocr_line' id='line_1_19' title="bbox 331 2031 1939 2106; baseline -0.001 -15"><span class='ocrx_word' id='word_1_138' title='bbox 331 2033 504 2106; x_wconf 86' lang='lat' dir='ltr'><strong>Cujus</strong></span> <span class='ocrx_word' id='word_1_139' title='bbox 526 2031 861 2105; x_wconf 86' lang='lat' dir='ltr'><strong>dispositioni</strong></span> <span class='ocrx_word' id='word_1_140' title='bbox 889 2046 1083 2087; x_wconf 90' lang='lat' dir='ltr'><strong>omnes</strong></span> <span class='ocrx_word' id='word_1_141' title='bbox 1122 2031 1356 2102; x_wconf 86' lang='lat' dir='ltr'><strong>majores</strong></span> <span class='ocrx_word' id='word_1_142' title='bbox 1383 2032 1781 2088; x_wconf 87' lang='lat' dir='ltr'><strong>ecclesiasticas</strong></span> <span class='ocrx_word' id='word_1_143' title='bbox 1810 2048 1939 2089; x_wconf 89' lang='lat' dir='ltr'><strong>cau-</strong></span> 
     </span>
    </p>
   </div>
   <div class='ocr_carea' id='block_1_20' title="bbox 334 2124 1939 2198">
    <p class='ocr_par' dir='ltr' id='par_1_20' title="bbox 334 2124 1939 2198">
     <span class='ocr_line' id='line_1_20' title="bbox 334 2124 1939 2198; baseline 0 -14"><span class='ocrx_word' id='word_1_144' title='bbox 334 2141 428 2185; x_wconf 87' lang='lat' dir='ltr'><strong>sas</strong></span> <span class='ocrx_word' id='word_1_145' title='bbox 484 2136 537 2183; x_wconf 90' lang='lat' dir='ltr'><strong>et</strong></span> <span class='ocrx_word' id='word_1_146' title='bbox 588 2126 956 2198; x_wconf 90' lang='lat' dir='ltr'><strong>episcoporum</strong></span> <span class='ocrx_word' id='word_1_147' title='bbox 1000 2124 1225 2195; x_wconf 88' lang='lat' dir='ltr'><strong>judicia,</strong></span> <span class='ocrx_word' id='word_1_148' title='bbox 1282 2125 1507 2197; x_wconf 87' lang='lat' dir='ltr'><strong>antiqua</strong></span> <span class='ocrx_word' id='word_1_149' title='bbox 1567 2126 1939 2198; x_wconf 89' lang='lat' dir='ltr'><strong>apostolorum</strong></span> 
     </span>
    </p>
   </div>
   <div class='ocr_carea' id='block_1_21' title="bbox 329 2218 1938 2291">
    <p class='ocr_par' dir='ltr' id='par_1_21' title="bbox 329 2218 1938 2291">
     <span class='ocr_line' id='line_1_21' title="bbox 329 2218 1938 2291; baseline -0.001 -14"><span class='ocrx_word' id='word_1_150' title='bbox 329 2235 628 2291; x_wconf 87' lang='lat' dir='ltr'><strong>eorumque</strong></span> <span class='ocrx_word' id='word_1_151' title='bbox 680 2232 1055 2275; x_wconf 75' lang='lat' dir='ltr'><strong>successorum</strong></span> <span class='ocrx_word' id='word_1_152' title='bbox 1116 2225 1279 2288; x_wconf 89' lang='lat' dir='ltr'><strong>atque</strong></span> <span class='ocrx_word' id='word_1_153' title='bbox 1327 2233 1595 2273; x_wconf 84' lang='lat' dir='ltr'><strong>canonum</strong></span> <span class='ocrx_word' id='word_1_154' title='bbox 1643 2218 1938 2278; x_wconf 87' lang='lat' dir='ltr'><strong>auctoritas</strong></span> 
     </span>
    </p>
   </div>
   <div class='ocr_carea' id='block_1_22' title="bbox 328 2309 1936 2386">
    <p class='ocr_par' dir='ltr' id='par_1_22' title="bbox 328 2309 1936 2386">
     <span class='ocr_line' id='line_1_22' title="bbox 328 2309 1936 2386; baseline 0 -18"><span class='ocrx_word' id='word_1_155' title='bbox 328 2312 661 2378; x_wconf 75' lang='lat' dir='ltr'><strong>reservavit,</strong></span> <span class='ocrx_word' id='word_1_156' title='bbox 697 2311 950 2382; x_wconf 90' lang='lat' dir='ltr'><strong>quoniam</strong></span> <span class='ocrx_word' id='word_1_157' title='bbox 979 2309 1195 2381; x_wconf 88' lang='lat' dir='ltr'><strong>quando</strong></span> <span class='ocrx_word' id='word_1_158' title='bbox 1225 2310 1510 2382; x_wconf 87' lang='lat' dir='ltr'><strong>culpantur</strong></span> <span class='ocrx_word' id='word_1_159' title='bbox 1538 2313 1812 2386; x_wconf 90' lang='lat' dir='ltr'><strong>episcopi,</strong></span> <span class='ocrx_word' id='word_1_160' title='bbox 1845 2313 1936 2384; x_wconf 92' lang='lat' dir='ltr'><strong>qui</strong></span> 
     </span>
    </p>
   </div>
   <div class='ocr_carea' id='block_1_23' title="bbox 328 2402 1936 2477">
    <p class='ocr_par' dir='ltr' id='par_1_23' title="bbox 328 2402 1936 2477">
     <span class='ocr_line' id='line_1_23' title="bbox 328 2402 1936 2477; baseline 0.001 -17"><span class='ocrx_word' id='word_1_161' title='bbox 328 2406 489 2461; x_wconf 88' lang='lat' dir='ltr'><strong>aliter</strong></span> <span class='ocrx_word' id='word_1_162' title='bbox 508 2421 635 2477; x_wconf 87' lang='lat' dir='ltr'><strong>erga</strong></span> <span class='ocrx_word' id='word_1_163' title='bbox 661 2404 855 2459; x_wconf 86' lang='lat' dir='ltr'><strong>fratres</strong></span> <span class='ocrx_word' id='word_1_164' title='bbox 880 2404 1123 2475; x_wconf 77' lang='lat' dir='ltr'><strong>egerint,</strong></span> <span class='ocrx_word' id='word_1_165' title='bbox 1154 2419 1315 2474; x_wconf 85' lang='lat' dir='ltr'><strong>quam</strong></span> <span class='ocrx_word' id='word_1_166' title='bbox 1345 2402 1585 2475; x_wconf 91' lang='lat' dir='ltr'><strong>ejusdem</strong></span> <span class='ocrx_word' id='word_1_167' title='bbox 1614 2405 1761 2460; x_wconf 90' lang='lat' dir='ltr'><strong>sedis</strong></span> <span class='ocrx_word' id='word_1_168' title='bbox 1782 2420 1936 2476; x_wconf 68' lang='lat' dir='ltr'><strong>papa:</strong></span> 
     </span>
    </p>
   </div>
   <div class='ocr_carea' id='block_1_24' title="bbox 322 2496 1929 2569">
    <p class='ocr_par' dir='ltr' id='par_1_24' title="bbox 322 2496 1929 2569">
     <span class='ocr_line' id='line_1_24' title="bbox 322 2496 1929 2569; baseline 0.001 -15"><span class='ocrx_word' id='word_1_169' title='bbox 322 2498 442 2555; x_wconf 88' lang='lat' dir='ltr'><strong>ﬁeri</strong></span> <span class='ocrx_word' id='word_1_170' title='bbox 460 2499 742 2568; x_wconf 84' lang='lat' dir='ltr'><strong>placuerit.</strong></span> <span class='ocrx_word' id='word_1_171' title='bbox 762 2497 915 2554; x_wconf 89' lang='lat' dir='ltr'><strong>Unde</strong></span> <span class='ocrx_word' id='word_1_172' title='bbox 932 2496 1220 2568; x_wconf 88' lang='lat' dir='ltr'><strong>placuit,ut</strong></span> <span class='ocrx_word' id='word_1_173' title='bbox 1242 2505 1524 2553; x_wconf 86' lang='lat' dir='ltr'><strong>accusatus</strong></span> <span class='ocrx_word' id='word_1_174' title='bbox 1540 2499 1627 2553; x_wconf 91' lang='lat' dir='ltr'><strong>vei</strong></span> <span class='ocrx_word' id='word_1_175' title='bbox 1652 2496 1929 2569; x_wconf 87' lang='lat' dir='ltr'><strong>judicatus</strong></span> 
     </span>
    </p>
   </div>
   <div class='ocr_carea' id='block_1_25' title="bbox 328 2591 1936 2665">
    <p class='ocr_par' dir='ltr' id='par_1_25' title="bbox 328 2591 1936 2665">
     <span class='ocr_line' id='line_1_25' title="bbox 328 2591 1936 2665; baseline 0.001 -17"><span class='ocrx_word' id='word_1_176' title='bbox 328 2607 362 2648; x_wconf 87' lang='lat' dir='ltr'><strong>a</strong></span> <span class='ocrx_word' id='word_1_177' title='bbox 388 2591 931 2665; x_wconf 86' lang='lat' dir='ltr'><strong>comprovincialibus</strong></span> <span class='ocrx_word' id='word_1_178' title='bbox 951 2592 1004 2647; x_wconf 93' lang='lat' dir='ltr'><strong>in</strong></span> <span class='ocrx_word' id='word_1_179' title='bbox 1029 2592 1207 2664; x_wconf 86' lang='lat' dir='ltr'><strong>aliqua</strong></span> <span class='ocrx_word' id='word_1_180' title='bbox 1237 2607 1395 2648; x_wconf 91' lang='lat' dir='ltr'><strong>causa</strong></span> <span class='ocrx_word' id='word_1_181' title='bbox 1427 2593 1736 2665; x_wconf 87' lang='lat' dir='ltr'><strong>episcopus,</strong></span> <span class='ocrx_word' id='word_1_182' title='bbox 1769 2594 1936 2650; x_wconf 85' lang='lat' dir='ltr'><strong>licen-</strong></span> 
     </span>
    </p>
   </div>
   <div class='ocr_carea' id='block_1_26' title="bbox 328 2685 1931 2758">
    <p class='ocr_par' dir='ltr' id='par_1_26' title="bbox 328 2685 1931 2758">
     <span class='ocr_line' id='line_1_26' title="bbox 328 2685 1931 2758; baseline -0.001 -15"><span class='ocrx_word' id='word_1_183' title='bbox 328 2697 417 2743; x_wconf 86' lang='lat' dir='ltr'><strong>ter</strong></span> <span class='ocrx_word' id='word_1_184' title='bbox 454 2685 693 2757; x_wconf 88' lang='lat' dir='ltr'><strong>appellet</strong></span> <span class='ocrx_word' id='word_1_185' title='bbox 725 2694 776 2741; x_wconf 90' lang='lat' dir='ltr'><strong>et</strong></span> <span class='ocrx_word' id='word_1_186' title='bbox 806 2686 960 2742; x_wconf 88' lang='lat' dir='ltr'><strong>adeat</strong></span> <span class='ocrx_word' id='word_1_187' title='bbox 988 2686 1303 2758; x_wconf 64' lang='lat' dir='ltr'><strong>apostolica:</strong></span> <span class='ocrx_word' id='word_1_188' title='bbox 1331 2685 1476 2743; x_wconf 91' lang='lat' dir='ltr'><strong>sedis</strong></span> <span class='ocrx_word' id='word_1_189' title='bbox 1527 2686 1712 2755; x_wconf 80' lang='lat' dir='ltr'><strong>(Cone.</strong></span> <span class='ocrx_word' id='word_1_190' title='bbox 1745 2686 1931 2756; x_wconf 86' lang='lat' dir='ltr'><strong>Sard.,</strong></span> 
     </span>
    </p>
   </div>
   <div class='ocr_carea' id='block_1_27' title="bbox 322 2778 1935 2854">
    <p class='ocr_par' dir='ltr' id='par_1_27' title="bbox 322 2778 1935 2854">
     <span class='ocr_line' id='line_1_27' title="bbox 322 2778 1935 2854; baseline 0.001 -19"><span class='ocrx_word' id='word_1_191' title='bbox 322 2797 441 2835; x_wconf 88' lang='lat' dir='ltr'><strong>can.</strong></span> <span class='ocrx_word' id='word_1_192' title='bbox 470 2779 528 2845; x_wconf 76' lang='grc'><strong>4,</strong></span> <span class='ocrx_word' id='word_1_193' title='bbox 561 2782 619 2848; x_wconf 82' lang='grc'><strong>5,</strong></span> <span class='ocrx_word' id='word_1_194' title='bbox 648 2778 725 2851; x_wconf 84' lang='grc'><strong>7)</strong></span> <span class='ocrx_word' id='word_1_195' title='bbox 772 2780 1099 2851; x_wconf 81' lang='lat' dir='ltr'><strong>pontificem.</strong></span> <span class='ocrx_word' id='word_1_196' title='bbox 1142 2779 1246 2848; x_wconf 87' lang='lat' dir='ltr'><strong>Qui</strong></span> <span class='ocrx_word' id='word_1_197' title='bbox 1293 2790 1387 2836; x_wconf 91' lang='lat' dir='ltr'><strong>aut</strong></span> <span class='ocrx_word' id='word_1_198' title='bbox 1432 2796 1527 2851; x_wconf 92' lang='lat' dir='ltr'><strong>per</strong></span> <span class='ocrx_word' id='word_1_199' title='bbox 1568 2796 1666 2850; x_wconf 89' lang='lat' dir='ltr'><strong>se,</strong></span> <span class='ocrx_word' id='word_1_200' title='bbox 1717 2791 1810 2837; x_wconf 92' lang='lat' dir='ltr'><strong>aut</strong></span> <span class='ocrx_word' id='word_1_201' title='bbox 1839 2797 1935 2854; x_wconf 89' lang='lat' dir='ltr'><strong>per</strong></span> 
     </span>
    </p>
   </div>
   <div class='ocr_carea' id='block_1_28' title="bbox 321 2874 1923 2947">
    <p class='ocr_par' dir='ltr' id='par_1_28' title="bbox 321 2874 1923 2947">
     <span class='ocr_line' id='line_1_28' title="bbox 321 2874 1923 2947; baseline 0.003 -19"><span class='ocrx_word' id='word_1_202' title='bbox 321 2874 564 2929; x_wconf 88' lang='lat' dir='ltr'><strong>vicarius</strong></span> <span class='ocrx_word' id='word_1_203' title='bbox 588 2887 734 2941; x_wconf 89' lang='lat' dir='ltr'><strong>suos,</strong></span> <span class='ocrx_word' id='word_1_204' title='bbox 763 2874 1006 2944; x_wconf 89' lang='lat' dir='ltr'><strong>ejusdem</strong></span> <span class='ocrx_word' id='word_1_205' title='bbox 1037 2876 1316 2931; x_wconf 78' lang='lat' dir='ltr'><strong>retractari</strong></span> <span class='ocrx_word' id='word_1_206' title='bbox 1342 2876 1614 2947; x_wconf 83' lang='lat' dir='ltr'><strong>negotium</strong></span> <span class='ocrx_word' id='word_1_207' title='bbox 1648 2886 1923 2947; x_wconf 90' lang='lat' dir='ltr'><strong>procuret.</strong></span> 
     </span>
    </p>
   </div>
   <div class='ocr_carea' id='block_1_29' title="bbox 324 2965 1931 3042">
    <p class='ocr_par' dir='ltr' id='par_1_29' title="bbox 324 2965 1931 3042">
     <span class='ocr_line' id='line_1_29' title="bbox 324 2965 1931 3042; baseline 0.002 -20"><span class='ocrx_word' id='word_1_208' title='bbox 324 2966 400 3023; x_wconf 88' lang='lat' dir='ltr'><strong>Et</strong></span> <span class='ocrx_word' id='word_1_209' title='bbox 438 2965 562 3022; x_wconf 90' lang='lat' dir='ltr'><strong>dum</strong></span> <span class='ocrx_word' id='word_1_210' title='bbox 602 2965 795 3024; x_wconf 87' lang='lat' dir='ltr'><strong>iterato</strong></span> <span class='ocrx_word' id='word_1_211' title='bbox 819 2967 1025 3038; x_wconf 87' lang='lat' dir='ltr'><strong>judicio</strong></span> <span class='ocrx_word' id='word_1_212' title='bbox 1067 2968 1309 3038; x_wconf 81' lang='lat' dir='ltr'><strong>pontifex</strong></span> <span class='ocrx_word' id='word_1_213' title='bbox 1345 2983 1560 3024; x_wconf 90' lang='lat' dir='ltr'><strong>causam</strong></span> <span class='ocrx_word' id='word_1_214' title='bbox 1610 2984 1762 3025; x_wconf 90' lang='lat' dir='ltr'><strong>suam</strong></span> <span class='ocrx_word' id='word_1_215' title='bbox 1800 2969 1931 3042; x_wconf 82' lang='lat' dir='ltr'><strong>agit,</strong></span> 
     </span>
    </p>
   </div>
   <div class='ocr_carea' id='block_1_30' title="bbox 326 3063 1936 3140">
    <p class='ocr_par' dir='ltr' id='par_1_30' title="bbox 326 3063 1936 3140">
     <span class='ocr_line' id='line_1_30' title="bbox 326 3063 1936 3140; baseline 0.004 -21"><span class='ocrx_word' id='word_1_216' title='bbox 326 3063 504 3121; x_wconf 88' lang='lat' dir='ltr'><strong>nullus</strong></span> <span class='ocrx_word' id='word_1_217' title='bbox 541 3064 680 3120; x_wconf 88' lang='lat' dir='ltr'><strong>alius</strong></span> <span class='ocrx_word' id='word_1_218' title='bbox 721 3065 776 3120; x_wconf 91' lang='lat' dir='ltr'><strong>in</strong></span> <span class='ocrx_word' id='word_1_219' title='bbox 831 3065 948 3137; x_wconf 86' lang='lat' dir='ltr'><strong>ejus</strong></span> <span class='ocrx_word' id='word_1_220' title='bbox 996 3066 1111 3122; x_wconf 91' lang='lat' dir='ltr'><strong>loco</strong></span> <span class='ocrx_word' id='word_1_221' title='bbox 1142 3078 1373 3138; x_wconf 89' lang='lat' dir='ltr'><strong>ponatur</strong></span> <span class='ocrx_word' id='word_1_222' title='bbox 1398 3078 1490 3124; x_wconf 91' lang='lat' dir='ltr'><strong>aut</strong></span> <span class='ocrx_word' id='word_1_223' title='bbox 1515 3067 1795 3124; x_wconf 90' lang='lat' dir='ltr'><strong>ordinetur</strong></span> <span class='ocrx_word' id='word_1_224' title='bbox 1819 3071 1936 3140; x_wconf 88' lang='lat' dir='ltr'><strong>epi-</strong></span> 
     </span>
    </p>
   </div>
   <div class='ocr_carea' id='block_1_31' title="bbox 319 3160 1931 3233">
    <p class='ocr_par' dir='ltr' id='par_1_31' title="bbox 319 3160 1931 3233">
     <span class='ocr_line' id='line_1_31' title="bbox 319 3160 1931 3233; baseline 0.003 -18"><span class='ocrx_word' id='word_1_225' title='bbox 319 3173 517 3231; x_wconf 90' lang='lat' dir='ltr'><strong>scopus</strong></span> <span class='ocrx_word' id='word_1_226' title='bbox 557 3177 573 3217; x_wconf 89' lang='lat'><strong>:</strong></span> <span class='ocrx_word' id='word_1_227' title='bbox 618 3160 871 3231; x_wconf 88' lang='lat' dir='ltr'><strong>quoniam</strong></span> <span class='ocrx_word' id='word_1_228' title='bbox 921 3175 1247 3233; x_wconf 87' lang='lat' dir='ltr'><strong>quamquam</strong></span> <span class='ocrx_word' id='word_1_229' title='bbox 1300 3178 1328 3215; x_wconf 89' lang='lat' dir='ltr'><strong>a</strong></span> <span class='ocrx_word' id='word_1_230' title='bbox 1389 3163 1931 3232; x_wconf 89' lang='lat' dir='ltr'><strong>eumprovinciaiibus</strong></span> 
     </span>
    </p>
   </div>
   <div class='ocr_carea' id='block_1_32' title="bbox 2040 549 3646 626">
    <p class='ocr_par' dir='ltr' id='par_1_32' title="bbox 2040 549 3646 626">
     <span class='ocr_line' id='line_1_32' title="bbox 2040 549 3646 626; baseline 0.008 -21"><span class='ocrx_word' id='word_1_231' title='bbox 2040 549 2223 623; x_wconf 86' lang='lat' dir='ltr'><strong>(Sap.,</strong></span> <span class='ocrx_word' id='word_1_232' title='bbox 2254 549 2340 623; x_wconf 84' lang='lat' dir='ltr'><strong>tt),</strong></span> <span class='ocrx_word' id='word_1_233' title='bbox 2370 560 2496 606; x_wconf 90' lang='lat' dir='ltr'><strong>sunt</strong></span> <span class='ocrx_word' id='word_1_234' title='bbox 2520 566 2733 623; x_wconf 87' lang='lat' dir='ltr'><strong>semper</strong></span> <span class='ocrx_word' id='word_1_235' title='bbox 2754 553 2895 609; x_wconf 90' lang='lat' dir='ltr'><strong>oculi</strong></span> <span class='ocrx_word' id='word_1_236' title='bbox 2927 554 3117 626; x_wconf 85' lang='lat' dir='ltr'><strong>vigiles</strong></span> <span class='ocrx_word' id='word_1_237' title='bbox 3144 555 3209 611; x_wconf 91' lang='lat' dir='ltr'><strong>ad</strong></span> <span class='ocrx_word' id='word_1_238' title='bbox 3239 556 3448 615; x_wconf 82' lang='lat' dir='ltr'><strong>animas</strong></span> <span class='ocrx_word' id='word_1_239' title='bbox 3469 557 3646 617; x_wconf 86' lang='lat' dir='ltr'><strong>homi-</strong></span> 
     </span>
    </p>
   </div>
   <div class='ocr_carea' id='block_1_33' title="bbox 2038 641 3644 719">
    <p class='ocr_par' dir='ltr' id='par_1_33' title="bbox 2038 641 3644 719">
     <span class='ocr_line' id='line_1_33' title="bbox 2038 641 3644 719; baseline 0.008 -23"><span class='ocrx_word' id='word_1_240' title='bbox 2038 641 2615 714; x_wconf 88' lang='lat' dir='ltr'><strong>numillaqueandum,</strong></span> <span class='ocrx_word' id='word_1_241' title='bbox 2646 645 2954 717; x_wconf 89' lang='lat' dir='ltr'><strong>multusque</strong></span> <span class='ocrx_word' id='word_1_242' title='bbox 3000 662 3095 702; x_wconf 87' lang='lat' dir='ltr'><strong>sua</strong></span> <span class='ocrx_word' id='word_1_243' title='bbox 3137 648 3405 719; x_wconf 85' lang='lat' dir='ltr'><strong>pravitate</strong></span> <span class='ocrx_word' id='word_1_244' title='bbox 3459 665 3644 708; x_wconf 87' lang='lat' dir='ltr'><strong>secum</strong></span> 
     </span>
    </p>
   </div>
   <div class='ocr_carea' id='block_1_34' title="bbox 2039 733 3645 814">
    <p class='ocr_par' dir='ltr' id='par_1_34' title="bbox 2039 733 3645 814">
     <span class='ocr_line' id='line_1_34' title="bbox 2039 733 3645 814; baseline 0.008 -25"><span class='ocrx_word' id='word_1_245' title='bbox 2039 733 2094 789; x_wconf 92' lang='lat' dir='ltr'><strong>in</strong></span> <span class='ocrx_word' id='word_1_246' title='bbox 2123 735 2480 806; x_wconf 85' lang='lat' dir='ltr'><strong>perditionem</strong></span> <span class='ocrx_word' id='word_1_247' title='bbox 2512 738 2729 794; x_wconf 87' lang='lat' dir='ltr'><strong>trahere</strong></span> <span class='ocrx_word' id='word_1_248' title='bbox 2774 741 2957 811; x_wconf 90' lang='lat' dir='ltr'><strong>cupit,</strong></span> <span class='ocrx_word' id='word_1_249' title='bbox 3004 741 3093 813; x_wconf 88' lang='lat' dir='ltr'><strong>qui</strong></span> <span class='ocrx_word' id='word_1_250' title='bbox 3140 751 3330 814; x_wconf 90' lang='lat' dir='ltr'><strong>suapte</strong></span> <span class='ocrx_word' id='word_1_251' title='bbox 3366 744 3570 800; x_wconf 90' lang='lat' dir='ltr'><strong>malitia</strong></span> <span class='ocrx_word' id='word_1_252' title='bbox 3613 761 3645 803; x_wconf 83' lang='lat' dir='ltr'><strong>a</strong></span> 
     </span>
    </p>
   </div>
   <div class='ocr_carea' id='block_1_35' title="bbox 2038 832 3647 910">
    <p class='ocr_par' dir='ltr' id='par_1_35' title="bbox 2038 832 3647 910">
     <span class='ocr_line' id='line_1_35' title="bbox 2038 832 3647 910; baseline 0.007 -24"><span class='ocrx_word' id='word_1_253' title='bbox 2038 832 2207 904; x_wconf 88' lang='lat' dir='ltr'><strong>gloria</strong></span> <span class='ocrx_word' id='word_1_254' title='bbox 2255 832 2440 905; x_wconf 85' lang='lat' dir='ltr'><strong>lapsus</strong></span> <span class='ocrx_word' id='word_1_255' title='bbox 2465 843 2548 888; x_wconf 90' lang='lat' dir='ltr'><strong>est</strong></span> <span class='ocrx_word' id='word_1_256' title='bbox 2572 834 2623 889; x_wconf 92' lang='lat' dir='ltr'><strong>in</strong></span> <span class='ocrx_word' id='word_1_257' title='bbox 2659 834 2958 890; x_wconf 84' lang='lat' dir='ltr'><strong>miseriam.</strong></span> <span class='ocrx_word' id='word_1_258' title='bbox 2989 835 3045 891; x_wconf 88' lang='lat' dir='ltr'><strong>in</strong></span> <span class='ocrx_word' id='word_1_259' title='bbox 3069 835 3182 891; x_wconf 87' lang='lat' dir='ltr'><strong>sola</strong></span> <span class='ocrx_word' id='word_1_260' title='bbox 3213 853 3345 910; x_wconf 84' lang='lat' dir='ltr'><strong>ergo</strong></span> <span class='ocrx_word' id='word_1_261' title='bbox 3374 837 3647 898; x_wconf 87' lang='lat' dir='ltr'><strong>Creatoris</strong></span> 
     </span>
    </p>
   </div>
   <div class='ocr_carea' id='block_1_36' title="bbox 2041 924 3644 995">
    <p class='ocr_par' dir='ltr' id='par_1_36' title="bbox 2041 924 3644 995">
     <span class='ocr_line' id='line_1_36' title="bbox 2041 924 3644 995; baseline 0.006 -17"><span class='ocrx_word' id='word_1_262' title='bbox 2041 924 2211 979; x_wconf 90' lang='lat' dir='ltr'><strong>nostri</strong></span> <span class='ocrx_word' id='word_1_263' title='bbox 2244 926 2578 995; x_wconf 78' lang='lat' dir='ltr'><strong>proiectione</strong></span> <span class='ocrx_word' id='word_1_264' title='bbox 2615 925 2887 981; x_wconf 88' lang='lat' dir='ltr'><strong>ﬁdendum</strong></span> <span class='ocrx_word' id='word_1_265' title='bbox 2917 934 3019 993; x_wconf 90' lang='lat' dir='ltr'><strong>est,</strong></span> <span class='ocrx_word' id='word_1_266' title='bbox 3049 927 3132 981; x_wconf 92' lang='lat' dir='ltr'><strong>cui</strong></span> <span class='ocrx_word' id='word_1_267' title='bbox 3163 942 3231 982; x_wconf 83' lang='lat' dir='ltr'><strong>ex</strong></span> <span class='ocrx_word' id='word_1_268' title='bbox 3261 928 3453 984; x_wconf 87' lang='lat' dir='ltr'><strong>intimo</strong></span> <span class='ocrx_word' id='word_1_269' title='bbox 3479 930 3644 988; x_wconf 89' lang='lat' dir='ltr'><strong>corde</strong></span> 
     </span>
    </p>
   </div>
   <div class='ocr_carea' id='block_1_37' title="bbox 2041 1017 3644 1090">
    <p class='ocr_par' dir='ltr' id='par_1_37' title="bbox 2041 1017 3644 1090">
     <span class='ocr_line' id='line_1_37' title="bbox 2041 1017 3644 1090; baseline 0.005 -17"><span class='ocrx_word' id='word_1_270' title='bbox 2041 1017 2334 1073; x_wconf 82' lang='lat' dir='ltr'><strong>clamentus</strong></span> <span class='ocrx_word' id='word_1_271' title='bbox 2366 1038 2379 1073; x_wconf 92' lang='lat'>:</span> <span class='ocrx_word' id='word_1_272' title='bbox 2425 1018 2547 1075; x_wconf 77' lang='lat' dir='ltr'><strong>Esto</strong></span> <span class='ocrx_word' id='word_1_273' title='bbox 2578 1021 2700 1074; x_wconf 82' lang='lat' dir='ltr'><strong>mihi</strong></span> <span class='ocrx_word' id='word_1_274' title='bbox 2732 1021 2784 1074; x_wconf 89' lang='lat' dir='ltr'><strong>in</strong></span> <span class='ocrx_word' id='word_1_275' title='bbox 2812 1020 2977 1076; x_wconf 84' lang='lat' dir='ltr'><strong>Deum</strong></span> <span class='ocrx_word' id='word_1_276' title='bbox 3017 1032 3351 1090; x_wconf 81' lang='lat' dir='ltr'><strong>protectorem</strong></span> <span class='ocrx_word' id='word_1_277' title='bbox 3379 1033 3424 1079; x_wconf 90' lang='lat' dir='ltr'><strong>et</strong></span> <span class='ocrx_word' id='word_1_278' title='bbox 3464 1026 3519 1080; x_wconf 87' lang='lat' dir='ltr'><strong>in</strong></span> <span class='ocrx_word' id='word_1_279' title='bbox 3565 1026 3644 1081; x_wconf 89' lang='lat' dir='ltr'><strong>lo-</strong></span> 
     </span>
    </p>
   </div>
   <div class='ocr_carea' id='block_1_38' title="bbox 2043 1112 3647 1191">
    <p class='ocr_par' dir='ltr' id='par_1_38' title="bbox 2043 1112 3647 1191">
     <span class='ocr_line' id='line_1_38' title="bbox 2043 1112 3647 1191; baseline 0.006 -27"><span class='ocrx_word' id='word_1_280' title='bbox 2043 1126 2157 1165; x_wconf 87' lang='lat' dir='ltr'><strong>cum</strong></span> <span class='ocrx_word' id='word_1_281' title='bbox 2182 1112 2451 1176; x_wconf 84' lang='lat' dir='ltr'><strong>ntunitum,</strong></span> <span class='ocrx_word' id='word_1_282' title='bbox 2487 1121 2543 1165; x_wconf 92' lang='lat' dir='ltr'><strong>ut</strong></span> <span class='ocrx_word' id='word_1_283' title='bbox 2580 1112 2775 1168; x_wconf 88' lang='lat' dir='ltr'><strong>salvum</strong></span> <span class='ocrx_word' id='word_1_284' title='bbox 2805 1130 2883 1167; x_wconf 89' lang='lat' dir='ltr'><strong>me</strong></span> <span class='ocrx_word' id='word_1_285' title='bbox 2909 1115 3072 1185; x_wconf 79' lang='lat' dir='ltr'><strong>facias</strong></span> <span class='ocrx_word' id='word_1_286' title='bbox 3094 1114 3265 1187; x_wconf 87' lang='lat' dir='ltr'><strong>(Psal.</strong></span> <span class='ocrx_word' id='word_1_287' title='bbox 3284 1133 3391 1172; x_wconf 77' lang='lat' dir='ltr'><strong>xxx</strong></span> <span class='ocrx_word' id='word_1_288' title='bbox 3419 1126 3466 1172; x_wconf 88' lang='lat' dir='ltr'><strong>et</strong></span> <span class='ocrx_word' id='word_1_289' title='bbox 3492 1118 3647 1191; x_wconf 66' lang='grc' dir='ltr'><strong>ιιι).</strong></span> 
     </span>
    </p>
   </div>
   <div class='ocr_carea' id='block_1_39' title="bbox 2044 1200 3755 1279">
    <p class='ocr_par' dir='ltr' id='par_1_39' title="bbox 2044 1200 3755 1279">
     <span class='ocr_line' id='line_1_39' title="bbox 2044 1200 3755 1279; baseline 0.006 -21"><span class='ocrx_word' id='word_1_290' title='bbox 2044 1204 2176 1258; x_wconf 86' lang='lat' dir='ltr'><strong>Data</strong></span> <span class='ocrx_word' id='word_1_291' title='bbox 2220 1200 2328 1257; x_wconf 86' lang='lat' dir='ltr'><strong>kal.</strong></span> <span class='ocrx_word' id='word_1_292' title='bbox 2371 1204 2696 1275; x_wconf 86' lang='lat' dir='ltr'><strong>septembris</strong></span> <span class='ocrx_word' id='word_1_293' title='bbox 2742 1204 2821 1278; x_wconf 82' lang='lat' dir='ltr'><strong>(l)</strong></span> <span class='ocrx_word' id='word_1_294' title='bbox 2866 1206 3153 1264; x_wconf 81' lang='lat' dir='ltr'><strong>Valeriano</strong></span> <span class='ocrx_word' id='word_1_295' title='bbox 3199 1217 3254 1265; x_wconf 87' lang='lat' dir='ltr'><strong>et</strong></span> <span class='ocrx_word' id='word_1_296' title='bbox 3301 1209 3483 1279; x_wconf 89' lang='lat' dir='ltr'><strong>Decio,</strong></span> <span class='ocrx_word' id='word_1_297' title='bbox 3516 1210 3647 1267; x_wconf 89' lang='lat' dir='ltr'><strong>viris</strong></span> <span class='ocrx_word' id='word_1_298' title='bbox 3746 1214 3755 1221; x_wconf 84' lang='grc'><em>’</em></span> 
     </span>
    </p>
   </div>
   <div class='ocr_carea' id='block_1_40' title="bbox 2043 1295 2713 1353">
    <p class='ocr_par' dir='ltr' id='par_1_40' title="bbox 2043 1295 2713 1353">
     <span class='ocr_line' id='line_1_40' title="bbox 2043 1295 2713 1353; baseline -0.001 -1"><span class='ocrx_word' id='word_1_299' title='bbox 2043 1295 2357 1353; x_wconf 86' lang='lat' dir='ltr'><strong>clarissimis</strong></span> <span class='ocrx_word' id='word_1_300' title='bbox 2379 1297 2713 1353; x_wconf 90' lang='lat' dir='ltr'><strong>consulibus.</strong></span> 
     </span>
    </p>
   </div>
   <div class='ocr_carea' id='block_1_41' title="bbox 2624 1479 3064 1539">
    <p class='ocr_par' dir='ltr' id='par_1_41' title="bbox 2624 1479 3064 1539">
     <span class='ocr_line' id='line_1_41' title="bbox 2624 1479 3064 1539; baseline 0.009 -4"><span class='ocrx_word' id='word_1_301' title='bbox 2624 1479 2962 1538; x_wconf 83' lang='lat' dir='ltr'><strong>EPISTOLA</strong></span> <span class='ocrx_word' id='word_1_302' title='bbox 3001 1482 3064 1539; x_wconf 89' lang='lat' dir='ltr'><strong>Il.</strong></span> 
     </span>
    </p>
   </div>
   <div class='ocr_carea' id='block_1_42' title="bbox 2042 1615 3651 1694">
    <p class='ocr_par' dir='ltr' id='par_1_42' title="bbox 2042 1615 3651 1694">
     <span class='ocr_line' id='line_1_42' title="bbox 2042 1615 3651 1694; baseline 0.002 -17"><span class='ocrx_word' id='word_1_303' title='bbox 2042 1633 2433 1677; x_wconf 68' lang='lat' dir='ltr'><strong>Attenuatum.</strong></span> <span class='ocrx_word' id='word_1_304' title='bbox 2461 1646 2535 1660; x_wconf 89' lang='lat'><strong>—-</strong></span> <span class='ocrx_word' id='word_1_305' title='bbox 2554 1616 2596 1673; x_wconf 85' lang='grc' dir='ltr'><strong>Ι.</strong></span> <span class='ocrx_word' id='word_1_306' title='bbox 2630 1615 2693 1673; x_wconf 85' lang='lat' dir='ltr'><strong>Si</strong></span> <span class='ocrx_word' id='word_1_307' title='bbox 2716 1620 2832 1690; x_wconf 85' lang='lat' dir='ltr'><strong>quis</strong></span> <span class='ocrx_word' id='word_1_308' title='bbox 2858 1619 3100 1676; x_wconf 79' lang='lat' dir='ltr'><strong>adversus</strong></span> <span class='ocrx_word' id='word_1_309' title='bbox 3124 1621 3387 1694; x_wconf 87' lang='lat' dir='ltr'><strong>episcopos</strong></span> <span class='ocrx_word' id='word_1_310' title='bbox 3413 1624 3491 1679; x_wconf 82' lang='lat' dir='ltr'><strong>vel</strong></span> <span class='ocrx_word' id='word_1_311' title='bbox 3510 1633 3651 1680; x_wconf 84' lang='lat' dir='ltr'><strong>acto-</strong></span> 
     </span>
    </p>
   </div>
   <div class='ocr_carea' id='block_1_43' title="bbox 2113 1710 3362 1785">
    <p class='ocr_par' dir='ltr' id='par_1_43' title="bbox 2113 1710 3362 1785">
     <span class='ocr_line' id='line_1_43' title="bbox 2113 1710 3362 1785; baseline -0.001 -16"><span class='ocrx_word' id='word_1_312' title='bbox 2113 1729 2196 1769; x_wconf 85' lang='lat' dir='ltr'><strong>res</strong></span> <span class='ocrx_word' id='word_1_313' title='bbox 2224 1711 2470 1768; x_wconf 73' lang='lat' dir='ltr'><strong>Ecclesia:</strong></span> <span class='ocrx_word' id='word_1_314' title='bbox 2489 1726 2695 1766; x_wconf 86' lang='lat' dir='ltr'><strong>causam</strong></span> <span class='ocrx_word' id='word_1_315' title='bbox 2720 1710 2973 1779; x_wconf 77' lang='lat' dir='ltr'><strong>habuerit,</strong></span> <span class='ocrx_word' id='word_1_316' title='bbox 3000 1712 3115 1783; x_wconf 82' lang='lat' dir='ltr'><strong>quis</strong></span> <span class='ocrx_word' id='word_1_317' title='bbox 3134 1729 3188 1768; x_wconf 87' lang='lat' dir='ltr'><strong>se</strong></span> <span class='ocrx_word' id='word_1_318' title='bbox 3207 1723 3362 1785; x_wconf 82' lang='lat' dir='ltr'><strong>geret.</strong></span> 
     </span>
    </p>
   </div>
   <div class='ocr_carea' id='block_1_44' title="bbox 2042 1808 3503 1882">
    <p class='ocr_par' dir='ltr' id='par_1_44' title="bbox 2042 1808 3503 1882">
     <span class='ocr_line' id='line_1_44' title="bbox 2042 1808 3503 1882; baseline 0 -17"><span class='ocrx_word' id='word_1_319' title='bbox 2042 1808 2109 1865; x_wconf 87' lang='lat' dir='ltr'><strong>ll.</strong></span> <span class='ocrx_word' id='word_1_320' title='bbox 2139 1810 2217 1866; x_wconf 86' lang='lat' dir='ltr'><strong>De</strong></span> <span class='ocrx_word' id='word_1_321' title='bbox 2234 1810 2487 1882; x_wconf 81' lang='lat' dir='ltr'><strong>episcopis</strong></span> <span class='ocrx_word' id='word_1_322' title='bbox 2504 1808 2653 1864; x_wconf 81' lang='lat' dir='ltr'><strong>rebus</strong></span> <span class='ocrx_word' id='word_1_323' title='bbox 2675 1810 2968 1880; x_wconf 73' lang='lat' dir='ltr'><strong>expoliatis,</strong></span> <span class='ocrx_word' id='word_1_324' title='bbox 2999 1818 3088 1863; x_wconf 90' lang='lat' dir='ltr'><strong>aut</strong></span> <span class='ocrx_word' id='word_1_325' title='bbox 3114 1826 3147 1864; x_wconf 88' lang='lat' dir='ltr'><strong>a</strong></span> <span class='ocrx_word' id='word_1_326' title='bbox 3175 1810 3295 1865; x_wconf 85' lang='lat' dir='ltr'><strong>sede</strong></span> <span class='ocrx_word' id='word_1_327' title='bbox 3321 1811 3503 1880; x_wconf 78' lang='lat' dir='ltr'><strong>pulsis.</strong></span> 
     </span>
    </p>
   </div>
   <div class='ocr_carea' id='block_1_45' title="bbox 2041 1903 3649 1977">
    <p class='ocr_par' dir='ltr' id='par_1_45' title="bbox 2041 1903 3649 1977">
     <span class='ocr_line' id='line_1_45' title="bbox 2041 1903 3649 1977; baseline 0 -18"><span class='ocrx_word' id='word_1_328' title='bbox 2041 1904 2128 1969; x_wconf 86' lang='grc' dir='ltr'><strong>ιιι.</strong></span> <span class='ocrx_word' id='word_1_329' title='bbox 2156 1903 2226 1961; x_wconf 87' lang='lat' dir='ltr'><strong>Ut</strong></span> <span class='ocrx_word' id='word_1_330' title='bbox 2251 1906 2424 1961; x_wconf 77' lang='lat' dir='ltr'><strong>nullus</strong></span> <span class='ocrx_word' id='word_1_331' title='bbox 2452 1905 2724 1977; x_wconf 82' lang='lat' dir='ltr'><strong>episcopus</strong></span> <span class='ocrx_word' id='word_1_332' title='bbox 2749 1903 2961 1959; x_wconf 83' lang='lat' dir='ltr'><strong>alterius</strong></span> <span class='ocrx_word' id='word_1_333' title='bbox 3001 1904 3373 1975; x_wconf 75' lang='lat' dir='ltr'><strong>parochianum</strong></span> <span class='ocrx_word' id='word_1_334' title='bbox 3414 1904 3649 1975; x_wconf 83' lang='lat' dir='ltr'><strong>retineat,</strong></span> 
     </span>
    </p>
   </div>
   <div class='ocr_carea' id='block_1_46' title="bbox 2115 1998 2663 2071">
    <p class='ocr_par' dir='ltr' id='par_1_46' title="bbox 2115 1998 2663 2071">
     <span class='ocr_line' id='line_1_46' title="bbox 2115 1998 2663 2071; baseline -0.004 -16"><span class='ocrx_word' id='word_1_335' title='bbox 2115 2001 2336 2064; x_wconf 80' lang='lat' dir='ltr'><strong>ordinet,</strong></span> <span class='ocrx_word' id='word_1_336' title='bbox 2353 1999 2434 2054; x_wconf 77' lang='lat' dir='ltr'><strong>uel</strong></span> <span class='ocrx_word' id='word_1_337' title='bbox 2445 1998 2663 2071; x_wconf 80' lang='lat' dir='ltr'><strong>judicet.</strong></span> 
     </span>
    </p>
   </div>
   <div class='ocr_carea' id='block_1_47' title="bbox 2041 2091 3651 2169">
    <p class='ocr_par' dir='ltr' id='par_1_47' title="bbox 2041 2091 3651 2169">
     <span class='ocr_line' id='line_1_47' title="bbox 2041 2091 3651 2169; baseline -0.001 -18"><span class='ocrx_word' id='word_1_338' title='bbox 2041 2093 2136 2151; x_wconf 83' lang='lat' dir='ltr'><strong>IV.</strong></span> <span class='ocrx_word' id='word_1_339' title='bbox 2160 2093 2239 2149; x_wconf 87' lang='lat' dir='ltr'><strong>De</strong></span> <span class='ocrx_word' id='word_1_340' title='bbox 2265 2094 2519 2169; x_wconf 79' lang='lat' dir='ltr'><strong>cpiscOpis</strong></span> <span class='ocrx_word' id='word_1_341' title='bbox 2545 2094 2737 2165; x_wconf 78' lang='lat' dir='ltr'><strong>injuste</strong></span> <span class='ocrx_word' id='word_1_342' title='bbox 2767 2092 3047 2161; x_wconf 80' lang='lat' dir='ltr'><strong>damnatis,</strong></span> <span class='ocrx_word' id='word_1_343' title='bbox 3086 2102 3134 2147; x_wconf 90' lang='lat' dir='ltr'><strong>et</strong></span> <span class='ocrx_word' id='word_1_344' title='bbox 3162 2091 3449 2163; x_wconf 85' lang='lat' dir='ltr'><strong>apostolica</strong></span> <span class='ocrx_word' id='word_1_345' title='bbox 3474 2099 3651 2149; x_wconf 86' lang='lat' dir='ltr'><strong>aucto-</strong></span> 
     </span>
    </p>
   </div>
   <div class='ocr_carea' id='block_1_48' title="bbox 2112 2188 2552 2243">
    <p class='ocr_par' dir='ltr' id='par_1_48' title="bbox 2112 2188 2552 2243">
     <span class='ocr_line' id='line_1_48' title="bbox 2112 2188 2552 2243; baseline 0.002 -2"><span class='ocrx_word' id='word_1_346' title='bbox 2112 2188 2267 2242; x_wconf 76' lang='lat' dir='ltr'><strong>ritate</strong></span> <span class='ocrx_word' id='word_1_347' title='bbox 2287 2189 2552 2243; x_wconf 81' lang='lat' dir='ltr'><strong>restitutis.</strong></span> 
     </span>
    </p>
   </div>
   <div class='ocr_carea' id='block_1_49' title="bbox 2040 2281 3648 2352">
    <p class='ocr_par' dir='ltr' id='par_1_49' title="bbox 2040 2281 3648 2352">
     <span class='ocr_line' id='line_1_49' title="bbox 2040 2281 3648 2352; baseline -0.004 -13"><span class='ocrx_word' id='word_1_348' title='bbox 2040 2283 2109 2339; x_wconf 82' lang='lat' dir='ltr'><strong>V.</strong></span> <span class='ocrx_word' id='word_1_349' title='bbox 2131 2282 2283 2351; x_wconf 80' lang='lat' dir='ltr'><strong>Quod</strong></span> <span class='ocrx_word' id='word_1_350' title='bbox 2304 2281 2732 2337; x_wconf 69' lang='lat' dir='ltr'><strong>excommunicati</strong></span> <span class='ocrx_word' id='word_1_351' title='bbox 2751 2281 3017 2352; x_wconf 82' lang='lat' dir='ltr'><strong>episcopos</strong></span> <span class='ocrx_word' id='word_1_352' title='bbox 3034 2295 3276 2336; x_wconf 84' lang='lat' dir='ltr'><strong>accusare</strong></span> <span class='ocrx_word' id='word_1_353' title='bbox 3296 2294 3400 2334; x_wconf 83' lang='lat' dir='ltr'><strong>non</strong></span> <span class='ocrx_word' id='word_1_354' title='bbox 3416 2286 3648 2351; x_wconf 85' lang='lat' dir='ltr'><strong>possunt,</strong></span> 
     </span>
    </p>
   </div>
   <div class='ocr_carea' id='block_1_50' title="bbox 2112 2372 3649 2447">
    <p class='ocr_par' dir='ltr' id='par_1_50' title="bbox 2112 2372 3649 2447">
     <span class='ocr_line' id='line_1_50' title="bbox 2112 2372 3649 2447; baseline -0.005 -16"><span class='ocrx_word' id='word_1_355' title='bbox 2112 2392 2205 2431; x_wconf 81' lang='lat' dir='ltr'><strong>nec</strong></span> <span class='ocrx_word' id='word_1_356' title='bbox 2228 2377 2310 2431; x_wconf 85' lang='lat' dir='ltr'><strong>illi</strong></span> <span class='ocrx_word' id='word_1_357' title='bbox 2336 2374 2425 2447; x_wconf 85' lang='lat' dir='ltr'><strong>qui</strong></span> <span class='ocrx_word' id='word_1_358' title='bbox 2452 2390 2534 2429; x_wconf 89' lang='lat' dir='ltr'><strong>eos</strong></span> <span class='ocrx_word' id='word_1_359' title='bbox 2563 2375 2619 2429; x_wconf 88' lang='lat' dir='ltr'><strong>in</strong></span> <span class='ocrx_word' id='word_1_360' title='bbox 2641 2390 2736 2428; x_wconf 88' lang='lat' dir='ltr'><strong>sua</strong></span> <span class='ocrx_word' id='word_1_361' title='bbox 2763 2389 2866 2427; x_wconf 87' lang='lat' dir='ltr'><strong>non</strong></span> <span class='ocrx_word' id='word_1_362' title='bbox 2892 2373 3143 2439; x_wconf 86' lang='lat' dir='ltr'><strong>recipiunt</strong></span> <span class='ocrx_word' id='word_1_363' title='bbox 3172 2372 3510 2438; x_wconf 80' lang='lat' dir='ltr'><strong>accusatione,</strong></span> <span class='ocrx_word' id='word_1_364' title='bbox 3556 2385 3649 2425; x_wconf 83' lang='lat' dir='ltr'><strong>nec</strong></span> 
     </span>
    </p>
   </div>
   <div class='ocr_carea' id='block_1_51' title="bbox 2112 2462 3214 2536">
    <p class='ocr_par' dir='ltr' id='par_1_51' title="bbox 2112 2462 3214 2536">
     <span class='ocr_line' id='line_1_51' title="bbox 2112 2462 3214 2536; baseline -0.005 -15"><span class='ocrx_word' id='word_1_365' title='bbox 2112 2469 2278 2536; x_wconf 89' lang='lat' dir='ltr'><strong>major</strong></span> <span class='ocrx_word' id='word_1_366' title='bbox 2308 2484 2342 2520; x_wconf 92' lang='lat' dir='ltr'><strong>a</strong></span> <span class='ocrx_word' id='word_1_367' title='bbox 2367 2465 2553 2520; x_wconf 86' lang='lat' dir='ltr'><strong>minori</strong></span> <span class='ocrx_word' id='word_1_368' title='bbox 2571 2464 2822 2536; x_wconf 87' lang='lat' dir='ltr'><strong>judicari,</strong></span> <span class='ocrx_word' id='word_1_369' title='bbox 2849 2463 2929 2518; x_wconf 82' lang='lat' dir='ltr'><strong>vel</strong></span> <span class='ocrx_word' id='word_1_370' title='bbox 2958 2462 3214 2516; x_wconf 86' lang='lat' dir='ltr'><strong>damnari.</strong></span> 
     </span>
    </p>
   </div>
   <div class='ocr_carea' id='block_1_52' title="bbox 2042 2620 3645 2694">
    <p class='ocr_par' dir='ltr' id='par_1_52' title="bbox 2042 2620 3645 2694">
     <span class='ocr_line' id='line_1_52' title="bbox 2042 2620 3645 2694; baseline 0.001 -17"><span class='ocrx_word' id='word_1_371' title='bbox 2042 2622 2402 2679; x_wconf 81' lang='lat' dir='ltr'><strong>Dilectissimis</strong></span> <span class='ocrx_word' id='word_1_372' title='bbox 2430 2622 2679 2694; x_wconf 78' lang='lat' dir='ltr'><strong>fratribus</strong></span> <span class='ocrx_word' id='word_1_373' title='bbox 2708 2638 2799 2694; x_wconf 87' lang='lat' dir='ltr'><strong>per</strong></span> <span class='ocrx_word' id='word_1_374' title='bbox 2818 2620 3193 2693; x_wconf 75' lang='lat' dir='ltr'><strong>Hispaniarum</strong></span> <span class='ocrx_word' id='word_1_375' title='bbox 3222 2623 3645 2694; x_wconf 83' lang='lat' dir='ltr'><strong>provinciascou-</strong></span> 
     </span>
    </p>
   </div>
   <div class='ocr_carea' id='block_1_53' title="bbox 2113 2713 3481 2786">
    <p class='ocr_par' dir='ltr' id='par_1_53' title="bbox 2113 2713 3481 2786">
     <span class='ocr_line' id='line_1_53' title="bbox 2113 2713 3481 2786; baseline -0.001 -15"><span class='ocrx_word' id='word_1_376' title='bbox 2113 2716 2321 2784; x_wconf 86' lang='lat' dir='ltr'><strong>stitutis,</strong></span> <span class='ocrx_word' id='word_1_377' title='bbox 2357 2714 2539 2772; x_wconf 71' lang='lat' dir='ltr'><strong>Sixtus</strong></span> <span class='ocrx_word' id='word_1_378' title='bbox 2580 2716 2852 2786; x_wconf 83' lang='lat' dir='ltr'><strong>episcopus</strong></span> <span class='ocrx_word' id='word_1_379' title='bbox 2891 2714 2946 2769; x_wconf 83' lang='lat' dir='ltr'><strong>in</strong></span> <span class='ocrx_word' id='word_1_380' title='bbox 2988 2713 3208 2770; x_wconf 90' lang='lat' dir='ltr'><strong>Domino</strong></span> <span class='ocrx_word' id='word_1_381' title='bbox 3244 2715 3481 2771; x_wconf 84' lang='lat' dir='ltr'><strong>salutem.</strong></span> 
     </span>
    </p>
   </div>
   <div class='ocr_carea' id='block_1_54' title="bbox 2111 2871 3647 2948">
    <p class='ocr_par' dir='ltr' id='par_1_54' title="bbox 2111 2871 3647 2948">
     <span class='ocr_line' id='line_1_54' title="bbox 2111 2871 3647 2948; baseline -0.001 -15"><span class='ocrx_word' id='word_1_382' title='bbox 2111 2877 2304 2948; x_wconf 84' lang='lat' dir='ltr'><strong>Magno</strong></span> <span class='ocrx_word' id='word_1_383' title='bbox 2354 2890 2580 2933; x_wconf 90' lang='lat' dir='ltr'><strong>munere</strong></span> <span class='ocrx_word' id='word_1_384' title='bbox 2629 2873 2717 2948; x_wconf 87' lang='lat' dir='ltr'><strong>(S.</strong></span> <span class='ocrx_word' id='word_1_385' title='bbox 2759 2872 2886 2943; x_wconf 90' lang='lat' dir='ltr'><strong>Leo,</strong></span> <span class='ocrx_word' id='word_1_386' title='bbox 2929 2873 3100 2944; x_wconf 85' lang='lat' dir='ltr'><strong>Epist.</strong></span> <span class='ocrx_word' id='word_1_387' title='bbox 3132 2873 3227 2944; x_wconf 73' lang='grc'><strong>54)</strong></span> <span class='ocrx_word' id='word_1_388' title='bbox 3256 2871 3647 2932; x_wconf 55' lang='lat' dir='ltr'><strong>misericordiae</strong></span> 
     </span>
    </p>
   </div>
   <div class='ocr_carea' id='block_1_55' title="bbox 2042 2967 3647 3040">
    <p class='ocr_par' dir='ltr' id='par_1_55' title="bbox 2042 2967 3647 3040">
     <span class='ocr_line' id='line_1_55' title="bbox 2042 2967 3647 3040; baseline -0.002 -13"><span class='ocrx_word' id='word_1_389' title='bbox 2042 2971 2159 3040; x_wconf 89' lang='lat' dir='ltr'><strong>Dei,</strong></span> <span class='ocrx_word' id='word_1_390' title='bbox 2192 2971 2356 3026; x_wconf 90' lang='lat' dir='ltr'><strong>totius</strong></span> <span class='ocrx_word' id='word_1_391' title='bbox 2385 2969 2645 3027; x_wconf 65' lang='lat' dir='ltr'><strong>Ecclesiae</strong></span> <span class='ocrx_word' id='word_1_392' title='bbox 2664 2968 2961 3024; x_wconf 75' lang='lat' dir='ltr'><strong>Catholicze</strong></span> <span class='ocrx_word' id='word_1_393' title='bbox 2988 2967 3343 3038; x_wconf 89' lang='lat' dir='ltr'><strong>multiplicata</strong></span> <span class='ocrx_word' id='word_1_394' title='bbox 3368 2976 3495 3023; x_wconf 90' lang='lat' dir='ltr'><strong>sunt</strong></span> <span class='ocrx_word' id='word_1_395' title='bbox 3513 2982 3647 3039; x_wconf 82' lang='lat' dir='ltr'><strong>gau-</strong></span> 
     </span>
    </p>
   </div>
   <div class='ocr_carea' id='block_1_56' title="bbox 2038 3057 3646 3131">
    <p class='ocr_par' dir='ltr' id='par_1_56' title="bbox 2038 3057 3646 3131">
     <span class='ocr_line' id='line_1_56' title="bbox 2038 3057 3646 3131; baseline -0.003 -11"><span class='ocrx_word' id='word_1_396' title='bbox 2038 3063 2149 3130; x_wconf 89' lang='lat' dir='ltr'><strong>dia,</strong></span> <span class='ocrx_word' id='word_1_397' title='bbox 2192 3078 2314 3119; x_wconf 92' lang='lat' dir='ltr'><strong>cum</strong></span> <span class='ocrx_word' id='word_1_398' title='bbox 2364 3062 2719 3119; x_wconf 86' lang='lat' dir='ltr'><strong>ecclesiarum</strong></span> <span class='ocrx_word' id='word_1_399' title='bbox 2767 3068 2939 3116; x_wconf 90' lang='lat' dir='ltr'><strong>status</strong></span> <span class='ocrx_word' id='word_1_400' title='bbox 2981 3073 3048 3115; x_wconf 91' lang='lat' dir='ltr'><strong>eo</strong></span> <span class='ocrx_word' id='word_1_401' title='bbox 3091 3059 3235 3130; x_wconf 84' lang='lat' dir='ltr'><strong>viget</strong></span> <span class='ocrx_word' id='word_1_402' title='bbox 3276 3057 3490 3125; x_wconf 91' lang='lat' dir='ltr'><strong>ordine,</strong></span> <span class='ocrx_word' id='word_1_403' title='bbox 3538 3074 3646 3131; x_wconf 90' lang='lat' dir='ltr'><strong>quo</strong></span> 
     </span>
    </p>
   </div>
   <div class='ocr_carea' id='block_1_57' title="bbox 2036 3153 3646 3228">
    <p class='ocr_par' dir='ltr' id='par_1_57' title="bbox 2036 3153 3646 3228">
     <span class='ocr_line' id='line_1_57' title="bbox 2036 3153 3646 3228; baseline -0.001 -16"><span class='ocrx_word' id='word_1_404' title='bbox 2036 3156 2295 3228; x_wconf 89' lang='lat' dir='ltr'><strong>apostoli,</strong></span> <span class='ocrx_word' id='word_1_405' title='bbox 2329 3170 2629 3226; x_wconf 91' lang='lat' dir='ltr'><strong>eorumque</strong></span> <span class='ocrx_word' id='word_1_406' title='bbox 2658 3169 3007 3211; x_wconf 88' lang='lat' dir='ltr'><strong>successores</strong></span> <span class='ocrx_word' id='word_1_407' title='bbox 3033 3153 3186 3209; x_wconf 88' lang='lat' dir='ltr'><strong>illum</strong></span> <span class='ocrx_word' id='word_1_408' title='bbox 3216 3161 3541 3210; x_wconf 89' lang='lat' dir='ltr'><strong>statuerunt.</strong></span> <span class='ocrx_word' id='word_1_409' title='bbox 3579 3153 3646 3210; x_wconf 87' lang='lat' dir='ltr'><strong>Et</strong></span> 
     </span>
    </p>
   </div>
   <div class='ocr_carea' id='block_1_58' title="bbox 320 3247 3642 3325">
    <p class='ocr_par' dir='ltr' id='par_1_58' title="bbox 320 3247 3642 3325">
     <span class='ocr_line' id='line_1_58' title="bbox 320 3247 3642 3325; baseline -0 -19"><span class='ocrx_word' id='word_1_410' title='bbox 320 3251 591 3321; x_wconf 89' lang='lat' dir='ltr'><strong>episcopis</strong></span> <span class='ocrx_word' id='word_1_411' title='bbox 633 3252 870 3307; x_wconf 86' lang='lat' dir='ltr'><strong>accusati</strong></span> <span class='ocrx_word' id='word_1_412' title='bbox 924 3267 1141 3307; x_wconf 89' lang='lat' dir='ltr'><strong>causam</strong></span> <span class='ocrx_word' id='word_1_413' title='bbox 1184 3253 1452 3323; x_wconf 86' lang='lat' dir='ltr'><strong>pontiﬁcis</strong></span> <span class='ocrx_word' id='word_1_414' title='bbox 1482 3255 1708 3310; x_wconf 90' lang='lat' dir='ltr'><strong>scrutari</strong></span> <span class='ocrx_word' id='word_1_415' title='bbox 1747 3254 1927 3325; x_wconf 88' lang='lat' dir='ltr'><strong>liceat,</strong></span> <span class='ocrx_word' id='word_1_416' title='bbox 1957 3253 2003 3317; x_wconf 87' lang='lat' dir='ltr'><strong>C</strong></span> <span class='ocrx_word' id='word_1_417' title='bbox 2036 3266 2159 3307; x_wconf 90' lang='lat' dir='ltr'><strong>cum</strong></span> <span class='ocrx_word' id='word_1_418' title='bbox 2192 3250 2400 3321; x_wconf 89' lang='lat' dir='ltr'><strong>antiqui</strong></span> <span class='ocrx_word' id='word_1_419' title='bbox 2429 3250 2601 3304; x_wconf 89' lang='lat' dir='ltr'><strong>bustis</strong></span> <span class='ocrx_word' id='word_1_420' title='bbox 2628 3248 2826 3304; x_wconf 89' lang='lat' dir='ltr'><strong>astutia</strong></span> <span class='ocrx_word' id='word_1_421' title='bbox 2855 3263 2977 3303; x_wconf 89' lang='lat' dir='ltr'><strong>eum</strong></span> <span class='ocrx_word' id='word_1_422' title='bbox 3009 3248 3210 3304; x_wconf 90' lang='lat' dir='ltr'><strong>turbari</strong></span> <span class='ocrx_word' id='word_1_423' title='bbox 3241 3247 3642 3319; x_wconf 84' lang='lat' dir='ltr'><strong>cognoscimus,</strong></span> 
     </span>
    </p>
   </div>
   <div class='ocr_carea' id='block_1_59' title="bbox 318 3344 1927 3418">
    <p class='ocr_par' dir='ltr' id='par_1_59' title="bbox 318 3344 1927 3418">
     <span class='ocr_line' id='line_1_59' title="bbox 318 3344 1927 3418; baseline 0.004 -19"><span class='ocrx_word' id='word_1_424' title='bbox 318 3358 428 3399; x_wconf 89' lang='lat' dir='ltr'><strong>non</strong></span> <span class='ocrx_word' id='word_1_425' title='bbox 481 3352 659 3398; x_wconf 89' lang='lat' dir='ltr'><strong>tamen</strong></span> <span class='ocrx_word' id='word_1_426' title='bbox 707 3344 958 3410; x_wconf 91' lang='lat' dir='ltr'><strong>deﬁniri,</strong></span> <span class='ocrx_word' id='word_1_427' title='bbox 1014 3346 1316 3401; x_wconf 88' lang='lat' dir='ltr'><strong>inconsulto</strong></span> <span class='ocrx_word' id='word_1_428' title='bbox 1377 3362 1601 3403; x_wconf 89' lang='lat' dir='ltr'><strong>romano</strong></span> <span class='ocrx_word' id='word_1_429' title='bbox 1641 3347 1927 3418; x_wconf 90' lang='lat' dir='ltr'><strong>pontiﬁce,</strong></span> 
     </span>
    </p>
   </div>
   <div class='ocr_carea' id='block_1_60' title="bbox 321 3437 1932 3511">
    <p class='ocr_par' dir='ltr' id='par_1_60' title="bbox 321 3437 1932 3511">
     <span class='ocr_line' id='line_1_60' title="bbox 321 3437 1932 3511; baseline 0.004 -20"><span class='ocrx_word' id='word_1_430' title='bbox 321 3437 644 3508; x_wconf 86' lang='lat' dir='ltr'><strong>permissum</strong></span> <span class='ocrx_word' id='word_1_431' title='bbox 669 3447 775 3505; x_wconf 88' lang='lat' dir='ltr'><strong>est,</strong></span> <span class='ocrx_word' id='word_1_432' title='bbox 807 3454 930 3494; x_wconf 91' lang='lat' dir='ltr'><strong>cum</strong></span> <span class='ocrx_word' id='word_1_433' title='bbox 952 3437 1112 3494; x_wconf 84' lang='lat' dir='ltr'><strong>beato</strong></span> <span class='ocrx_word' id='word_1_434' title='bbox 1149 3438 1309 3495; x_wconf 84' lang='lat' dir='ltr'><strong>Petro</strong></span> <span class='ocrx_word' id='word_1_435' title='bbox 1334 3440 1580 3511; x_wconf 90' lang='lat' dir='ltr'><strong>apostolo</strong></span> <span class='ocrx_word' id='word_1_436' title='bbox 1605 3458 1710 3495; x_wconf 89' lang='lat' dir='ltr'><strong>non</strong></span> <span class='ocrx_word' id='word_1_437' title='bbox 1738 3441 1804 3497; x_wconf 92' lang='lat' dir='ltr'><strong>ab</strong></span> <span class='ocrx_word' id='word_1_438' title='bbox 1827 3442 1932 3498; x_wconf 90' lang='lat' dir='ltr'><strong>alio</strong></span> 
     </span>
    </p>
   </div>
   <div class='ocr_carea' id='block_1_61' title="bbox 323 3528 1932 3607">
    <p class='ocr_par' dir='ltr' id='par_1_61' title="bbox 323 3528 1932 3607">
     <span class='ocr_line' id='line_1_61' title="bbox 323 3528 1932 3607; baseline 0.004 -24"><span class='ocrx_word' id='word_1_439' title='bbox 323 3545 487 3601; x_wconf 84' lang='lat' dir='ltr'><strong>quam</strong></span> <span class='ocrx_word' id='word_1_440' title='bbox 526 3531 594 3585; x_wconf 88' lang='lat' dir='ltr'><strong>ab</strong></span> <span class='ocrx_word' id='word_1_441' title='bbox 622 3531 743 3602; x_wconf 92' lang='lat' dir='ltr'><strong>ipso</strong></span> <span class='ocrx_word' id='word_1_442' title='bbox 776 3528 980 3587; x_wconf 81' lang='lat' dir='ltr'><strong>dictant</strong></span> <span class='ocrx_word' id='word_1_443' title='bbox 1013 3532 1079 3586; x_wconf 90' lang='lat' dir='ltr'><strong>sit</strong></span> <span class='ocrx_word' id='word_1_444' title='bbox 1112 3533 1337 3587; x_wconf 87' lang='lat' dir='ltr'><strong>Domino</strong></span> <span class='ocrx_word' id='word_1_445' title='bbox 1368 3551 1380 3586; x_wconf 94' lang='lat'>:</span> <span class='ocrx_word' id='word_1_446' title='bbox 1416 3534 1761 3607; x_wconf 60' lang='lat' dir='ltr'><strong>Quacumque</strong></span> <span class='ocrx_word' id='word_1_447' title='bbox 1801 3534 1932 3607; x_wconf 85' lang='lat' dir='ltr'><strong>liga-</strong></span> 
     </span>
    </p>
   </div>
   <div class='ocr_carea' id='block_1_62' title="bbox 322 3624 1929 3699">
    <p class='ocr_par' dir='ltr' id='par_1_62' title="bbox 322 3624 1929 3699">
     <span class='ocr_line' id='line_1_62' title="bbox 322 3624 1929 3699; baseline 0.002 -21"><span class='ocrx_word' id='word_1_448' title='bbox 322 3624 460 3679; x_wconf 70' lang='lat' dir='ltr'><strong>veris</strong></span> <span class='ocrx_word' id='word_1_449' title='bbox 484 3642 633 3696; x_wconf 84' lang='lat' dir='ltr'><strong>super</strong></span> <span class='ocrx_word' id='word_1_450' title='bbox 660 3636 869 3690; x_wconf 86' lang='lat' dir='ltr'><strong>terram,</strong></span> <span class='ocrx_word' id='word_1_451' title='bbox 891 3636 1037 3681; x_wconf 87' lang='lat' dir='ltr'><strong>erunt</strong></span> <span class='ocrx_word' id='word_1_452' title='bbox 1066 3627 1226 3699; x_wconf 83' lang='lat' dir='ltr'><strong>ligata</strong></span> <span class='ocrx_word' id='word_1_453' title='bbox 1252 3638 1300 3682; x_wconf 88' lang='lat' dir='ltr'><strong>et</strong></span> <span class='ocrx_word' id='word_1_454' title='bbox 1328 3628 1377 3683; x_wconf 89' lang='lat' dir='ltr'><strong>in</strong></span> <span class='ocrx_word' id='word_1_455' title='bbox 1401 3628 1527 3684; x_wconf 77' lang='lat' dir='ltr'><strong>caelo</strong></span> <span class='ocrx_word' id='word_1_456' title='bbox 1559 3645 1577 3684; x_wconf 91' lang='lat'><strong><em>:</em></strong></span> <span class='ocrx_word' id='word_1_457' title='bbox 1604 3639 1652 3683; x_wconf 89' lang='lat' dir='ltr'><strong>et</strong></span> <span class='ocrx_word' id='word_1_458' title='bbox 1674 3645 1929 3699; x_wconf 64' lang='lat' dir='ltr'><strong>quaecum-</strong></span> 
     </span>
    </p>
   </div>
   <div class='ocr_carea' id='block_1_63' title="bbox 324 3718 1932 3789">
    <p class='ocr_par' dir='ltr' id='par_1_63' title="bbox 324 3718 1932 3789">
     <span class='ocr_line' id='line_1_63' title="bbox 324 3718 1932 3789; baseline 0.003 -17"><span class='ocrx_word' id='word_1_459' title='bbox 324 3734 426 3789; x_wconf 81' lang='lat' dir='ltr'><strong>que</strong></span> <span class='ocrx_word' id='word_1_460' title='bbox 472 3718 680 3772; x_wconf 83' lang='lat' dir='ltr'><strong>solveris</strong></span> <span class='ocrx_word' id='word_1_461' title='bbox 736 3735 890 3789; x_wconf 83' lang='lat' dir='ltr'><strong>super</strong></span> <span class='ocrx_word' id='word_1_462' title='bbox 938 3730 1145 3787; x_wconf 87' lang='lat' dir='ltr'><strong>terram,</strong></span> <span class='ocrx_word' id='word_1_463' title='bbox 1205 3730 1354 3774; x_wconf 89' lang='lat' dir='ltr'><strong>erunt</strong></span> <span class='ocrx_word' id='word_1_464' title='bbox 1406 3721 1573 3776; x_wconf 85' lang='lat' dir='ltr'><strong>soluta</strong></span> <span class='ocrx_word' id='word_1_465' title='bbox 1616 3731 1665 3775; x_wconf 88' lang='lat' dir='ltr'><strong>et</strong></span> <span class='ocrx_word' id='word_1_466' title='bbox 1706 3722 1762 3776; x_wconf 84' lang='lat' dir='ltr'><strong>in</strong></span> <span class='ocrx_word' id='word_1_467' title='bbox 1805 3722 1932 3778; x_wconf 77' lang='lat' dir='ltr'><strong>caelo</strong></span> 
     </span>
    </p>
   </div>
   <div class='ocr_carea' id='block_1_64' title="bbox 325 3806 1928 3886">
    <p class='ocr_par' dir='ltr' id='par_1_64' title="bbox 325 3806 1928 3886">
     <span class='ocr_line' id='line_1_64' title="bbox 325 3806 1928 3886; baseline 0.005 -23"><span class='ocrx_word' id='word_1_468' title='bbox 325 3806 568 3882; x_wconf 56' lang='lat' dir='ltr'><strong>(Matth,</strong></span> <span class='ocrx_word' id='word_1_469' title='bbox 596 3826 686 3867; x_wconf 77' lang='lat' dir='ltr'><strong>xvt</strong></span> <span class='ocrx_word' id='word_1_470' title='bbox 718 3820 766 3865; x_wconf 83' lang='lat' dir='ltr'><strong>et</strong></span> <span class='ocrx_word' id='word_1_471' title='bbox 795 3810 971 3886; x_wconf 81' lang='lat' dir='ltr'><strong>xvtu).</strong></span> <span class='ocrx_word' id='word_1_472' title='bbox 1028 3812 1097 3867; x_wconf 90' lang='lat' dir='ltr'><strong>Et</strong></span> <span class='ocrx_word' id='word_1_473' title='bbox 1125 3813 1171 3867; x_wconf 90' lang='lat' dir='ltr'><strong>si</strong></span> <span class='ocrx_word' id='word_1_474' title='bbox 1200 3814 1320 3885; x_wconf 91' lang='lat' dir='ltr'><strong>quis</strong></span> <span class='ocrx_word' id='word_1_475' title='bbox 1353 3815 1620 3883; x_wconf 88' lang='lat' dir='ltr'><strong>putaverit</strong></span> <span class='ocrx_word' id='word_1_476' title='bbox 1649 3829 1709 3871; x_wconf 91' lang='lat' dir='ltr'><strong>se</strong></span> <span class='ocrx_word' id='word_1_477' title='bbox 1736 3830 1767 3870; x_wconf 89' lang='lat' dir='ltr'><strong>a</strong></span> <span class='ocrx_word' id='word_1_478' title='bbox 1799 3830 1928 3886; x_wconf 89' lang='lat' dir='ltr'><strong>pro-</strong></span> 
     </span>
    </p>
   </div>
   <div class='ocr_carea' id='block_1_65' title="bbox 320 3905 1931 3978">
    <p class='ocr_par' dir='ltr' id='par_1_65' title="bbox 320 3905 1931 3978">
     <span class='ocr_line' id='line_1_65' title="bbox 320 3905 1931 3978; baseline 0.006 -21"><span class='ocrx_word' id='word_1_479' title='bbox 320 3905 447 3975; x_wconf 84' lang='lat' dir='ltr'><strong>prio</strong></span> <span class='ocrx_word' id='word_1_480' title='bbox 466 3905 884 3975; x_wconf 87' lang='lat' dir='ltr'><strong>metrupolitano</strong></span> <span class='ocrx_word' id='word_1_481' title='bbox 900 3907 1136 3977; x_wconf 86' lang='lat' dir='ltr'><strong>gravari,</strong></span> <span class='ocrx_word' id='word_1_482' title='bbox 1162 3905 1300 3977; x_wconf 90' lang='lat' dir='ltr'><strong>apud</strong></span> <span class='ocrx_word' id='word_1_483' title='bbox 1326 3906 1609 3978; x_wconf 86' lang='lat' dir='ltr'><strong>primatem</strong></span> <span class='ocrx_word' id='word_1_484' title='bbox 1632 3907 1931 3967; x_wconf 71' lang='lat' dir='ltr'><strong>diueceseos</strong></span> 
     </span>
    </p>
   </div>
   <div class='ocr_carea' id='block_1_66' title="bbox 329 3996 1930 4073">
    <p class='ocr_par' dir='ltr' id='par_1_66' title="bbox 329 3996 1930 4073">
     <span class='ocr_line' id='line_1_66' title="bbox 329 3996 1930 4073; baseline 0.006 -22"><span class='ocrx_word' id='word_1_485' title='bbox 329 3996 560 4070; x_wconf 65' lang='grc' dir='ltr'><strong>(Βαάνη</strong></span> <span class='ocrx_word' id='word_1_486' title='bbox 593 3999 734 4065; x_wconf 87' lang='lat' dir='ltr'><strong>coll.,</strong></span> <span class='ocrx_word' id='word_1_487' title='bbox 757 4018 802 4056; x_wconf 92' lang='lat' dir='ltr'><strong>c.</strong></span> <span class='ocrx_word' id='word_1_488' title='bbox 834 4000 913 4071; x_wconf 87' lang='lat'><strong>6),</strong></span> <span class='ocrx_word' id='word_1_489' title='bbox 944 4009 1034 4055; x_wconf 92' lang='lat' dir='ltr'><strong>aut</strong></span> <span class='ocrx_word' id='word_1_490' title='bbox 1061 4016 1230 4072; x_wconf 89' lang='lat' dir='ltr'><strong>penes</strong></span> <span class='ocrx_word' id='word_1_491' title='bbox 1272 4000 1587 4057; x_wconf 87' lang='lat' dir='ltr'><strong>universalis</strong></span> <span class='ocrx_word' id='word_1_492' title='bbox 1618 4002 1930 4073; x_wconf 66' lang='lat' dir='ltr'><strong>apostolica:</strong></span> 
     </span>
    </p>
   </div>
   <div class='ocr_carea' id='block_1_67' title="bbox 322 4090 1925 4165">
    <p class='ocr_par' dir='ltr' id='par_1_67' title="bbox 322 4090 1925 4165">
     <span class='ocr_line' id='line_1_67' title="bbox 322 4090 1925 4165; baseline 0.002 -17"><span class='ocrx_word' id='word_1_493' title='bbox 322 4090 581 4148; x_wconf 70' lang='lat' dir='ltr'><strong>ecclesia:</strong></span> <span class='ocrx_word' id='word_1_494' title='bbox 599 4106 779 4163; x_wconf 82' lang='lat' dir='ltr'><strong>papam</strong></span> <span class='ocrx_word' id='word_1_495' title='bbox 792 4092 1083 4164; x_wconf 89' lang='lat' dir='ltr'><strong>judicetur.</strong></span> <span class='ocrx_word' id='word_1_496' title='bbox 1102 4093 1189 4147; x_wconf 77' lang='lat' dir='ltr'><strong>Ait</strong></span> <span class='ocrx_word' id='word_1_497' title='bbox 1209 4093 1348 4147; x_wconf 91' lang='lat' dir='ltr'><strong>enim</strong></span> <span class='ocrx_word' id='word_1_498' title='bbox 1367 4093 1600 4149; x_wconf 84' lang='lat' dir='ltr'><strong>Jacobus</strong></span> <span class='ocrx_word' id='word_1_499' title='bbox 1620 4094 1925 4165; x_wconf 89' lang='lat' dir='ltr'><strong>apostolus:</strong></span> 
     </span>
    </p>
   </div>
   <div class='ocr_carea' id='block_1_68' title="bbox 318 4182 1927 4258">
    <p class='ocr_par' dir='ltr' id='par_1_68' title="bbox 318 4182 1927 4258">
     <span class='ocr_line' id='line_1_68' title="bbox 318 4182 1927 4258; baseline 0.001 -20"><span class='ocrx_word' id='word_1_500' title='bbox 318 4182 597 4238; x_wconf 79' lang='lat' dir='ltr'><strong>Judicium</strong></span> <span class='ocrx_word' id='word_1_501' title='bbox 622 4184 729 4237; x_wconf 83' lang='lat' dir='ltr'><strong>sine</strong></span> <span class='ocrx_word' id='word_1_502' title='bbox 753 4184 1096 4239; x_wconf 81' lang='lat' dir='ltr'><strong>misericordia</strong></span> <span class='ocrx_word' id='word_1_503' title='bbox 1123 4185 1202 4240; x_wconf 87' lang='lat' dir='ltr'><strong>illi</strong></span> <span class='ocrx_word' id='word_1_504' title='bbox 1228 4186 1334 4255; x_wconf 84' lang='lat' dir='ltr'><strong>ﬁet,</strong></span> <span class='ocrx_word' id='word_1_505' title='bbox 1362 4184 1447 4255; x_wconf 86' lang='lat' dir='ltr'><strong>qui</strong></span> <span class='ocrx_word' id='word_1_506' title='bbox 1482 4202 1585 4240; x_wconf 89' lang='lat' dir='ltr'><strong>non</strong></span> <span class='ocrx_word' id='word_1_507' title='bbox 1613 4186 1736 4258; x_wconf 80' lang='lat' dir='ltr'><strong>fecit</strong></span> <span class='ocrx_word' id='word_1_508' title='bbox 1774 4185 1927 4240; x_wconf 84' lang='lat' dir='ltr'><strong>mise-</strong></span> 
     </span>
    </p>
   </div>
   <div class='ocr_carea' id='block_1_69' title="bbox 315 4275 1931 4349">
    <p class='ocr_par' dir='ltr' id='par_1_69' title="bbox 315 4275 1931 4349">
     <span class='ocr_line' id='line_1_69' title="bbox 315 4275 1931 4349; baseline 0.002 -19"><span class='ocrx_word' id='word_1_509' title='bbox 315 4276 621 4331; x_wconf 86' lang='lat' dir='ltr'><strong>ricordiam.</strong></span> <span class='ocrx_word' id='word_1_510' title='bbox 681 4275 1050 4348; x_wconf 76' lang='lat' dir='ltr'><strong>Sttperextollit</strong></span> <span class='ocrx_word' id='word_1_511' title='bbox 1080 4287 1248 4331; x_wconf 85' lang='lat' dir='ltr'><strong>autem</strong></span> <span class='ocrx_word' id='word_1_512' title='bbox 1292 4278 1693 4333; x_wconf 82' lang='lat' dir='ltr'><strong>misericordiam</strong></span> <span class='ocrx_word' id='word_1_513' title='bbox 1725 4278 1931 4349; x_wconf 85' lang='lat' dir='ltr'><strong>judicio</strong></span> 
     </span>
    </p>
   </div>
   <div class='ocr_carea' id='block_1_70' title="bbox 322 4367 1924 4444">
    <p class='ocr_par' dir='ltr' id='par_1_70' title="bbox 322 4367 1924 4444">
     <span class='ocr_line' id='line_1_70' title="bbox 322 4367 1924 4444; baseline 0.001 -21"><span class='ocrx_word' id='word_1_514' title='bbox 322 4367 511 4425; x_wconf 75' lang='lat' dir='ltr'><strong>Iacob.</strong></span> <span class='ocrx_word' id='word_1_515' title='bbox 566 4369 627 4425; x_wconf 86' lang='lat' dir='ltr'><strong>In</strong></span> <span class='ocrx_word' id='word_1_516' title='bbox 675 4370 928 4425; x_wconf 87' lang='lat' dir='ltr'><strong>unmibus</strong></span> <span class='ocrx_word' id='word_1_517' title='bbox 979 4386 1107 4442; x_wconf 85' lang='lat' dir='ltr'><strong>ergo</strong></span> <span class='ocrx_word' id='word_1_518' title='bbox 1152 4371 1238 4444; x_wconf 91' lang='lat' dir='ltr'><strong>(S.</strong></span> <span class='ocrx_word' id='word_1_519' title='bbox 1285 4370 1466 4442; x_wconf 80' lang='lat' dir='ltr'><strong>Greg.,</strong></span> <span class='ocrx_word' id='word_1_520' title='bbox 1516 4370 1665 4443; x_wconf 87' lang='lat' dir='ltr'><strong>epist.</strong></span> <span class='ocrx_word' id='word_1_521' title='bbox 1711 4369 1924 4438; x_wconf 66' lang='lat' dir='ltr'><strong>45,1ib.</strong></span> 
     </span>
    </p>
   </div>
   <div class='ocr_carea' id='block_1_71' title="bbox 315 4457 1929 4533">
    <p class='ocr_par' dir='ltr' id='par_1_71' title="bbox 315 4457 1929 4533">
     <span class='ocr_line' id='line_1_71' title="bbox 315 4457 1929 4533; baseline 0.002 -17"><span class='ocrx_word' id='word_1_522' title='bbox 315 4457 471 4533; x_wconf 83' lang='lat' dir='ltr'><strong>vnt),</strong></span> <span class='ocrx_word' id='word_1_523' title='bbox 536 4461 615 4514; x_wconf 87' lang='lat' dir='ltr'><strong>liii</strong></span> <span class='ocrx_word' id='word_1_524' title='bbox 659 4460 993 4528; x_wconf 75' lang='lat' dir='ltr'><strong>citatissime,</strong></span> <span class='ocrx_word' id='word_1_525' title='bbox 1047 4478 1142 4517; x_wconf 90' lang='lat' dir='ltr'><strong>cor</strong></span> <span class='ocrx_word' id='word_1_526' title='bbox 1191 4462 1424 4528; x_wconf 88' lang='lat' dir='ltr'><strong>custodi,</strong></span> <span class='ocrx_word' id='word_1_527' title='bbox 1481 4463 1622 4518; x_wconf 82' lang='lat' dir='ltr'><strong>sicut</strong></span> <span class='ocrx_word' id='word_1_528' title='bbox 1668 4463 1929 4533; x_wconf 89' lang='lat' dir='ltr'><strong>scriptum</strong></span> 
     </span>
    </p>
   </div>
   <div class='ocr_carea' id='block_1_72' title="bbox 314 4556 1932 4629">
    <p class='ocr_par' dir='ltr' id='par_1_72' title="bbox 314 4556 1932 4629">
     <span class='ocr_line' id='line_1_72' title="bbox 314 4556 1932 4629; baseline -0.001 -15"><span class='ocrx_word' id='word_1_529' title='bbox 314 4567 396 4614; x_wconf 88' lang='lat' dir='ltr'><strong>est</strong></span> <span class='ocrx_word' id='word_1_530' title='bbox 427 4573 443 4610; x_wconf 88' lang='lat'><strong>:</strong></span> <span class='ocrx_word' id='word_1_531' title='bbox 477 4556 640 4611; x_wconf 84' lang='lat' dir='ltr'><strong>Omni</strong></span> <span class='ocrx_word' id='word_1_532' title='bbox 666 4559 895 4612; x_wconf 84' lang='lat' dir='ltr'><strong>custodia</strong></span> <span class='ocrx_word' id='word_1_533' title='bbox 921 4558 1121 4612; x_wconf 85' lang='lat' dir='ltr'><strong>custodi</strong></span> <span class='ocrx_word' id='word_1_534' title='bbox 1147 4575 1237 4613; x_wconf 90' lang='lat' dir='ltr'><strong>cor</strong></span> <span class='ocrx_word' id='word_1_535' title='bbox 1267 4558 1570 4627; x_wconf 86' lang='lat' dir='ltr'><strong>tuum,quia</strong></span> <span class='ocrx_word' id='word_1_536' title='bbox 1596 4574 1659 4613; x_wconf 78' lang='lat' dir='ltr'><strong>ea:</strong></span> <span class='ocrx_word' id='word_1_537' title='bbox 1686 4559 1801 4629; x_wconf 86' lang='lat' dir='ltr'><strong>ipso</strong></span> <span class='ocrx_word' id='word_1_538' title='bbox 1830 4558 1932 4613; x_wconf 81' lang='lat' dir='ltr'><strong>vita</strong></span> 
     </span>
    </p>
   </div>
   <div class='ocr_carea' id='block_1_73' title="bbox 2037 3340 3642 3410">
    <p class='ocr_par' dir='ltr' id='par_1_73' title="bbox 2037 3340 3642 3410">
     <span class='ocr_line' id='line_1_73' title="bbox 2037 3340 3642 3410; baseline -0.002 -11"><span class='ocrx_word' id='word_1_539' title='bbox 2037 3358 2146 3399; x_wconf 92' lang='lat' dir='ltr'><strong>non</strong></span> <span class='ocrx_word' id='word_1_540' title='bbox 2179 3343 2394 3398; x_wconf 91' lang='lat' dir='ltr'><strong>modico</strong></span> <span class='ocrx_word' id='word_1_541' title='bbox 2414 3344 2799 3399; x_wconf 86' lang='lat' dir='ltr'><strong>contristamur</strong></span> <span class='ocrx_word' id='word_1_542' title='bbox 2820 3356 3077 3399; x_wconf 67' lang='lat' dir='ltr'><strong>maerore.</strong></span> <span class='ocrx_word' id='word_1_543' title='bbox 3104 3343 3278 3409; x_wconf 83' lang='lat' dir='ltr'><strong>Quam</strong></span> <span class='ocrx_word' id='word_1_544' title='bbox 3305 3340 3377 3396; x_wconf 90' lang='lat' dir='ltr'><strong>ob</strong></span> <span class='ocrx_word' id='word_1_545' title='bbox 3400 3355 3642 3410; x_wconf 89' lang='lat' dir='ltr'><strong>causam,</strong></span> 
     </span>
    </p>
   </div>
   <div class='ocr_carea' id='block_1_74' title="bbox 2034 3432 3646 3505">
    <p class='ocr_par' dir='ltr' id='par_1_74' title="bbox 2034 3432 3646 3505">
     <span class='ocr_line' id='line_1_74' title="bbox 2034 3432 3646 3505; baseline -0.002 -11"><span class='ocrx_word' id='word_1_546' title='bbox 2034 3438 2254 3505; x_wconf 85' lang='lat' dir='ltr'><strong>fratres,</strong></span> <span class='ocrx_word' id='word_1_547' title='bbox 2288 3437 2569 3493; x_wconf 85' lang='lat' dir='ltr'><strong>hortamur</strong></span> <span class='ocrx_word' id='word_1_548' title='bbox 2597 3452 2714 3502; x_wconf 90' lang='lat' dir='ltr'><strong>vos,</strong></span> <span class='ocrx_word' id='word_1_549' title='bbox 2746 3451 3030 3491; x_wconf 91' lang='lat' dir='ltr'><strong>monemus</strong></span> <span class='ocrx_word' id='word_1_550' title='bbox 3075 3444 3131 3491; x_wconf 92' lang='lat' dir='ltr'><strong>et</strong></span> <span class='ocrx_word' id='word_1_551' title='bbox 3170 3432 3495 3505; x_wconf 89' lang='lat' dir='ltr'><strong>ﬂagitamus,</strong></span> <span class='ocrx_word' id='word_1_552' title='bbox 3529 3442 3646 3490; x_wconf 87' lang='lat' dir='ltr'><strong>uta</strong></span> 
     </span>
    </p>
   </div>
   <div class='ocr_carea' id='block_1_75' title="bbox 2038 3527 3643 3601">
    <p class='ocr_par' dir='ltr' id='par_1_75' title="bbox 2038 3527 3643 3601">
     <span class='ocr_line' id='line_1_75' title="bbox 2038 3527 3643 3601; baseline -0.002 -14"><span class='ocrx_word' id='word_1_553' title='bbox 2038 3532 2253 3587; x_wconf 89' lang='lat' dir='ltr'><strong>tramite</strong></span> <span class='ocrx_word' id='word_1_554' title='bbox 2275 3529 2590 3601; x_wconf 61' lang='lat' dir='ltr'><strong>apostolicae</strong></span> <span class='ocrx_word' id='word_1_555' title='bbox 2606 3528 2969 3585; x_wconf 86' lang='lat' dir='ltr'><strong>institutionis</strong></span> <span class='ocrx_word' id='word_1_556' title='bbox 2991 3542 3326 3600; x_wconf 90' lang='lat' dir='ltr'><strong>nequaquam</strong></span> <span class='ocrx_word' id='word_1_557' title='bbox 3349 3527 3643 3601; x_wconf 87' lang='lat' dir='ltr'><strong>recedatis,</strong></span> 
     </span>
    </p>
   </div>
   <div class='ocr_carea' id='block_1_76' title="bbox 2034 3623 3645 3696">
    <p class='ocr_par' dir='ltr' id='par_1_76' title="bbox 2034 3623 3645 3696">
     <span class='ocr_line' id='line_1_76' title="bbox 2034 3623 3645 3696; baseline 0.001 -15"><span class='ocrx_word' id='word_1_558' title='bbox 2034 3640 2137 3682; x_wconf 89' lang='lat' dir='ltr'><strong>nec</strong></span> <span class='ocrx_word' id='word_1_559' title='bbox 2162 3641 2192 3680; x_wconf 92' lang='lat' dir='ltr'><strong>a</strong></span> <span class='ocrx_word' id='word_1_560' title='bbox 2219 3625 2400 3696; x_wconf 90' lang='lat' dir='ltr'><strong>capite</strong></span> <span class='ocrx_word' id='word_1_561' title='bbox 2430 3624 2757 3691; x_wconf 87' lang='lat' dir='ltr'><strong>dissideatis,</strong></span> <span class='ocrx_word' id='word_1_562' title='bbox 2788 3624 2885 3681; x_wconf 91' lang='lat' dir='ltr'><strong>sed</strong></span> <span class='ocrx_word' id='word_1_563' title='bbox 2919 3624 3081 3681; x_wconf 87' lang='lat' dir='ltr'><strong>fidem</strong></span> <span class='ocrx_word' id='word_1_564' title='bbox 3101 3634 3156 3681; x_wconf 91' lang='lat' dir='ltr'><strong>et</strong></span> <span class='ocrx_word' id='word_1_565' title='bbox 3185 3623 3453 3693; x_wconf 90' lang='lat' dir='ltr'><strong>ordinem,</strong></span> <span class='ocrx_word' id='word_1_566' title='bbox 3481 3637 3645 3695; x_wconf 86' lang='lat' dir='ltr'><strong>quem</strong></span> 
     </span>
    </p>
   </div>
   <div class='ocr_carea' id='block_1_77' title="bbox 2035 3716 3646 3792">
    <p class='ocr_par' dir='ltr' id='par_1_77' title="bbox 2035 3716 3646 3792">
     <span class='ocr_line' id='line_1_77' title="bbox 2035 3716 3646 3792; baseline -0.002 -17"><span class='ocrx_word' id='word_1_567' title='bbox 2035 3720 2269 3792; x_wconf 90' lang='lat' dir='ltr'><strong>apostoli</strong></span> <span class='ocrx_word' id='word_1_568' title='bbox 2296 3729 2352 3775; x_wconf 90' lang='lat' dir='ltr'><strong>et</strong></span> <span class='ocrx_word' id='word_1_569' title='bbox 2386 3719 2667 3791; x_wconf 90' lang='lat' dir='ltr'><strong>apostolici</strong></span> <span class='ocrx_word' id='word_1_570' title='bbox 2700 3718 2800 3775; x_wconf 90' lang='lat' dir='ltr'><strong>viri</strong></span> <span class='ocrx_word' id='word_1_571' title='bbox 2831 3726 3135 3775; x_wconf 88' lang='lat' dir='ltr'><strong>statuerunt</strong></span> <span class='ocrx_word' id='word_1_572' title='bbox 3170 3718 3378 3790; x_wconf 88' lang='lat' dir='ltr'><strong>absque</strong></span> <span class='ocrx_word' id='word_1_573' title='bbox 3431 3716 3646 3774; x_wconf 62' lang='lat' dir='ltr'><strong>inusita-</strong></span> 
     </span>
    </p>
   </div>
   <div class='ocr_carea' id='block_1_78' title="bbox 2037 3810 3645 3884">
    <p class='ocr_par' dir='ltr' id='par_1_78' title="bbox 2037 3810 3645 3884">
     <span class='ocr_line' id='line_1_78' title="bbox 2037 3810 3645 3884; baseline -0.003 -12"><span class='ocrx_word' id='word_1_574' title='bbox 2037 3816 2185 3872; x_wconf 92' lang='lat' dir='ltr'><strong>tione</strong></span> <span class='ocrx_word' id='word_1_575' title='bbox 2215 3815 2465 3871; x_wconf 89' lang='lat' dir='ltr'><strong>teneatis.</strong></span> <span class='ocrx_word' id='word_1_576' title='bbox 2509 3812 2644 3869; x_wconf 88' lang='lat' dir='ltr'><strong>Nam</strong></span> <span class='ocrx_word' id='word_1_577' title='bbox 2675 3814 2721 3869; x_wconf 90' lang='lat' dir='ltr'><strong>si</strong></span> <span class='ocrx_word' id='word_1_578' title='bbox 2751 3813 3015 3870; x_wconf 84' lang='lat' dir='ltr'><strong>columnae</strong></span> <span class='ocrx_word' id='word_1_579' title='bbox 3046 3812 3275 3884; x_wconf 82' lang='lat' dir='ltr'><strong>alicujus</strong></span> <span class='ocrx_word' id='word_1_580' title='bbox 3303 3825 3511 3884; x_wconf 59' lang='lat' dir='ltr'><strong>magna}</strong></span> <span class='ocrx_word' id='word_1_581' title='bbox 3547 3810 3645 3867; x_wconf 90' lang='lat' dir='ltr'><strong>do-</strong></span> 
     </span>
    </p>
   </div>
   <div class='ocr_carea' id='block_1_79' title="bbox 2034 3903 3640 3979">
    <p class='ocr_par' dir='ltr' id='par_1_79' title="bbox 2034 3903 3640 3979">
     <span class='ocr_line' id='line_1_79' title="bbox 2034 3903 3640 3979; baseline -0.004 -14"><span class='ocrx_word' id='word_1_582' title='bbox 2034 3923 2158 3965; x_wconf 89' lang='lat' dir='ltr'><strong>mus</strong></span> <span class='ocrx_word' id='word_1_583' title='bbox 2183 3908 2513 3978; x_wconf 89' lang='lat' dir='ltr'><strong>corruerint,</strong></span> <span class='ocrx_word' id='word_1_584' title='bbox 2565 3905 2681 3979; x_wconf 91' lang='lat' dir='ltr'><strong>ipsa</strong></span> <span class='ocrx_word' id='word_1_585' title='bbox 2727 3918 2916 3978; x_wconf 90' lang='lat' dir='ltr'><strong>postea</strong></span> <span class='ocrx_word' id='word_1_586' title='bbox 2966 3906 3161 3963; x_wconf 87' lang='lat' dir='ltr'><strong>domus</strong></span> <span class='ocrx_word' id='word_1_587' title='bbox 3193 3905 3414 3961; x_wconf 86' lang='lat' dir='ltr'><strong>minime</strong></span> <span class='ocrx_word' id='word_1_588' title='bbox 3454 3903 3640 3961; x_wconf 87' lang='lat' dir='ltr'><strong>stabit.</strong></span> 
     </span>
    </p>
   </div>
   <div class='ocr_carea' id='block_1_80' title="bbox 2037 3996 3644 4073">
    <p class='ocr_par' dir='ltr' id='par_1_80' title="bbox 2037 3996 3644 4073">
     <span class='ocr_line' id='line_1_80' title="bbox 2037 3996 3644 4073; baseline -0.004 -15"><span class='ocrx_word' id='word_1_589' title='bbox 2037 4001 2128 4058; x_wconf 91' lang='lat' dir='ltr'><strong>Sic</strong></span> <span class='ocrx_word' id='word_1_590' title='bbox 2154 4009 2210 4057; x_wconf 86' lang='lat' dir='ltr'><strong>et</strong></span> <span class='ocrx_word' id='word_1_591' title='bbox 2234 4016 2355 4069; x_wconf 91' lang='lat' dir='ltr'><strong>vos,</strong></span> <span class='ocrx_word' id='word_1_592' title='bbox 2385 4002 2476 4073; x_wconf 88' lang='lat' dir='ltr'><strong>qui</strong></span> <span class='ocrx_word' id='word_1_593' title='bbox 2504 4000 2775 4056; x_wconf 88' lang='lat' dir='ltr'><strong>columnae</strong></span> <span class='ocrx_word' id='word_1_594' title='bbox 2802 4000 3053 4056; x_wconf 75' lang='lat' dir='ltr'><strong>ecclesiae</strong></span> <span class='ocrx_word' id='word_1_595' title='bbox 3078 3998 3228 4063; x_wconf 88' lang='lat' dir='ltr'><strong>estis,</strong></span> <span class='ocrx_word' id='word_1_596' title='bbox 3259 3998 3305 4053; x_wconf 92' lang='lat' dir='ltr'><strong>si</strong></span> <span class='ocrx_word' id='word_1_597' title='bbox 3330 3996 3644 4052; x_wconf 89' lang='lat' dir='ltr'><strong>labefactari</strong></span> 
     </span>
    </p>
   </div>
   <div class='ocr_carea' id='block_1_81' title="bbox 2034 4090 3640 4167">
    <p class='ocr_par' dir='ltr' id='par_1_81' title="bbox 2034 4090 3640 4167">
     <span class='ocr_line' id='line_1_81' title="bbox 2034 4090 3640 4167; baseline -0.004 -17"><span class='ocrx_word' id='word_1_598' title='bbox 2034 4093 2334 4167; x_wconf 73' lang='lat' dir='ltr'><strong>emperitis,</strong></span> <span class='ocrx_word' id='word_1_599' title='bbox 2382 4102 2568 4151; x_wconf 87' lang='lat' dir='ltr'><strong>sancta</strong></span> <span class='ocrx_word' id='word_1_600' title='bbox 2599 4092 2865 4160; x_wconf 80' lang='lat' dir='ltr'><strong>Ecclesia,</strong></span> <span class='ocrx_word' id='word_1_601' title='bbox 2897 4106 3019 4164; x_wconf 73' lang='lat' dir='ltr'><strong>qua:</strong></span> <span class='ocrx_word' id='word_1_602' title='bbox 3047 4105 3143 4162; x_wconf 91' lang='lat' dir='ltr'><strong>per</strong></span> <span class='ocrx_word' id='word_1_603' title='bbox 3180 4105 3279 4145; x_wconf 89' lang='lat' dir='ltr'><strong>vos</strong></span> <span class='ocrx_word' id='word_1_604' title='bbox 3304 4090 3528 4161; x_wconf 87' lang='lat' dir='ltr'><strong>regitur,</strong></span> <span class='ocrx_word' id='word_1_605' title='bbox 3557 4098 3640 4145; x_wconf 87' lang='lat' dir='ltr'><strong>ta-</strong></span> 
     </span>
    </p>
   </div>
   <div class='ocr_carea' id='block_1_82' title="bbox 2034 4183 3643 4259">
    <p class='ocr_par' dir='ltr' id='par_1_82' title="bbox 2034 4183 3643 4259">
     <span class='ocr_line' id='line_1_82' title="bbox 2034 4183 3643 4259; baseline -0.004 -14"><span class='ocrx_word' id='word_1_606' title='bbox 2034 4187 2225 4247; x_wconf 89' lang='lat' dir='ltr'><strong>bescet</strong></span> <span class='ocrx_word' id='word_1_607' title='bbox 2268 4198 2323 4248; x_wconf 88' lang='lat' dir='ltr'><strong>et</strong></span> <span class='ocrx_word' id='word_1_608' title='bbox 2363 4191 2599 4247; x_wconf 88' lang='lat' dir='ltr'><strong>labetur.</strong></span> <span class='ocrx_word' id='word_1_609' title='bbox 2629 4189 2777 4259; x_wconf 63' lang='lat' dir='ltr'><strong>Haec,</strong></span> <span class='ocrx_word' id='word_1_610' title='bbox 2819 4187 3036 4255; x_wconf 89' lang='lat' dir='ltr'><strong>fratres,</strong></span> <span class='ocrx_word' id='word_1_611' title='bbox 3078 4202 3197 4259; x_wconf 76' lang='lat' dir='ltr'><strong>quae</strong></span> <span class='ocrx_word' id='word_1_612' title='bbox 3224 4185 3353 4254; x_wconf 87' lang='lat' dir='ltr'><strong>duo,</strong></span> <span class='ocrx_word' id='word_1_613' title='bbox 3386 4184 3545 4241; x_wconf 89' lang='lat' dir='ltr'><strong>valde</strong></span> <span class='ocrx_word' id='word_1_614' title='bbox 3576 4183 3643 4239; x_wconf 89' lang='lat' dir='ltr'><strong>ti-</strong></span> 
     </span>
    </p>
   </div>
   <div class='ocr_carea' id='block_1_83' title="bbox 2034 4279 3642 4358">
    <p class='ocr_par' dir='ltr' id='par_1_83' title="bbox 2034 4279 3642 4358">
     <span class='ocr_line' id='line_1_83' title="bbox 2034 4279 3642 4358; baseline -0.004 -16"><span class='ocrx_word' id='word_1_615' title='bbox 2034 4286 2231 4344; x_wconf 90' lang='lat' dir='ltr'><strong>menda</strong></span> <span class='ocrx_word' id='word_1_616' title='bbox 2260 4281 2411 4358; x_wconf 82' lang='lat' dir='ltr'><strong>sunt,</strong></span> <span class='ocrx_word' id='word_1_617' title='bbox 2431 4295 2486 4342; x_wconf 91' lang='lat' dir='ltr'><strong>et</strong></span> <span class='ocrx_word' id='word_1_618' title='bbox 2512 4299 2726 4342; x_wconf 91' lang='lat' dir='ltr'><strong>summu</strong></span> <span class='ocrx_word' id='word_1_619' title='bbox 2754 4284 3125 4341; x_wconf 90' lang='lat' dir='ltr'><strong>moderamine</strong></span> <span class='ocrx_word' id='word_1_620' title='bbox 3150 4279 3449 4355; x_wconf 89' lang='lat' dir='ltr'><strong>pensanda,</strong></span> <span class='ocrx_word' id='word_1_621' title='bbox 3480 4288 3642 4350; x_wconf 85' lang='lat' dir='ltr'><strong>atque</strong></span> 
     </span>
    </p>
   </div>
   <div class='ocr_carea' id='block_1_84' title="bbox 2034 4372 3640 4451">
    <p class='ocr_par' dir='ltr' id='par_1_84' title="bbox 2034 4372 3640 4451">
     <span class='ocr_line' id='line_1_84' title="bbox 2034 4372 3640 4451; baseline -0.006 -12"><span class='ocrx_word' id='word_1_622' title='bbox 2034 4400 2105 4440; x_wconf 91' lang='lat' dir='ltr'><strong>ne</strong></span> <span class='ocrx_word' id='word_1_623' title='bbox 2154 4382 2306 4445; x_wconf 90' lang='lat' dir='ltr'><strong>ﬁant.</strong></span> <span class='ocrx_word' id='word_1_624' title='bbox 2339 4378 2605 4438; x_wconf 90' lang='lat' dir='ltr'><strong>cavenda.</strong></span> <span class='ocrx_word' id='word_1_625' title='bbox 2659 4377 2783 4451; x_wconf 88' lang='lat' dir='ltr'><strong>ipsa</strong></span> <span class='ocrx_word' id='word_1_626' title='bbox 2827 4377 2970 4435; x_wconf 89' lang='lat' dir='ltr'><strong>enim</strong></span> <span class='ocrx_word' id='word_1_627' title='bbox 3015 4377 3218 4434; x_wconf 89' lang='lat' dir='ltr'><strong>veritas</strong></span> <span class='ocrx_word' id='word_1_628' title='bbox 3247 4390 3344 4448; x_wconf 90' lang='lat' dir='ltr'><strong>per</strong></span> <span class='ocrx_word' id='word_1_629' title='bbox 3373 4389 3435 4431; x_wconf 88' lang='lat' dir='ltr'><strong>se</strong></span> <span class='ocrx_word' id='word_1_630' title='bbox 3460 4372 3640 4430; x_wconf 80' lang='lat' dir='ltr'><strong>dixit:</strong></span> 
     </span>
    </p>
   </div>
   <div class='ocr_carea' id='block_1_85' title="bbox 2044 4467 3643 4546">
    <p class='ocr_par' dir='ltr' id='par_1_85' title="bbox 2044 4467 3643 4546">
     <span class='ocr_line' id='line_1_85' title="bbox 2044 4467 3643 4546; baseline -0.006 -15"><span class='ocrx_word' id='word_1_631' title='bbox 2044 4475 2147 4532; x_wconf 86' lang='lat' dir='ltr'><strong>Vos</strong></span> <span class='ocrx_word' id='word_1_632' title='bbox 2169 4476 2290 4531; x_wconf 87' lang='lat' dir='ltr'><strong>estis</strong></span> <span class='ocrx_word' id='word_1_633' title='bbox 2310 4473 2390 4530; x_wconf 90' lang='lat' dir='ltr'><strong>sal</strong></span> <span class='ocrx_word' id='word_1_634' title='bbox 2416 4484 2602 4531; x_wconf 65' lang='lat' dir='ltr'><strong>terrae:</strong></span> <span class='ocrx_word' id='word_1_635' title='bbox 2630 4471 2771 4546; x_wconf 86' lang='lat' dir='ltr'><strong>quod</strong></span> <span class='ocrx_word' id='word_1_636' title='bbox 2800 4471 2845 4527; x_wconf 88' lang='lat' dir='ltr'><strong>si</strong></span> <span class='ocrx_word' id='word_1_637' title='bbox 2869 4471 2950 4527; x_wconf 89' lang='lat' dir='ltr'><strong>sal</strong></span> <span class='ocrx_word' id='word_1_638' title='bbox 2978 4470 3259 4535; x_wconf 85' lang='lat' dir='ltr'><strong>evanuerit,</strong></span> <span class='ocrx_word' id='word_1_639' title='bbox 3292 4468 3346 4523; x_wconf 88' lang='lat' dir='ltr'><strong>in</strong></span> <span class='ocrx_word' id='word_1_640' title='bbox 3372 4484 3470 4539; x_wconf 87' lang='lat' dir='ltr'><strong>quo</strong></span> <span class='ocrx_word' id='word_1_641' title='bbox 3491 4467 3643 4523; x_wconf 88' lang='lat' dir='ltr'><strong>salie-</strong></span> 
     </span>
    </p>
   </div>
   <div class='ocr_carea' id='block_1_86' title="bbox 2035 4559 3640 4641">
    <p class='ocr_par' dir='ltr' id='par_1_86' title="bbox 2035 4559 3640 4641">
     <span class='ocr_line' id='line_1_86' title="bbox 2035 4559 3640 4641; baseline -0.005 -17"><span class='ocrx_word' id='word_1_642' title='bbox 2035 4568 2160 4624; x_wconf 80' lang='lat' dir='ltr'><strong>tur?</strong></span> <span class='ocrx_word' id='word_1_643' title='bbox 2200 4576 2303 4624; x_wconf 90' lang='lat' dir='ltr'><strong>etc.</strong></span> <span class='ocrx_word' id='word_1_644' title='bbox 2334 4564 2575 4641; x_wconf 68' lang='lat' dir='ltr'><strong>(Maltin,</strong></span> <span class='ocrx_word' id='word_1_645' title='bbox 2609 4579 2678 4630; x_wconf 90' lang='lat' dir='ltr'><strong>v;</strong></span> <span class='ocrx_word' id='word_1_646' title='bbox 2710 4563 2889 4634; x_wconf 76' lang='lat' dir='ltr'><strong>Rom,</strong></span> <span class='ocrx_word' id='word_1_647' title='bbox 2921 4562 2994 4634; x_wconf 89' lang='grc' dir='ltr'><strong>ι).</strong></span> <span class='ocrx_word' id='word_1_648' title='bbox 3020 4560 3145 4618; x_wconf 91' lang='lat' dir='ltr'><strong>ideo</strong></span> <span class='ocrx_word' id='word_1_649' title='bbox 3171 4575 3290 4629; x_wconf 88' lang='lat' dir='ltr'><strong>vos,</strong></span> <span class='ocrx_word' id='word_1_650' title='bbox 3317 4559 3640 4629; x_wconf 82' lang='lat' dir='ltr'><strong>citatissimi,</strong></span> 
     </span>
    </p>
   </div>
   <div class='ocr_carea' id='block_1_87' title="bbox 317 4648 3641 4732">
    <p class='ocr_par' dir='ltr' id='par_1_87' title="bbox 317 4648 3641 4732">
     <span class='ocr_line' id='line_1_87' title="bbox 317 4648 3641 4732; baseline 0.002 -29"><span class='ocrx_word' id='word_1_651' title='bbox 317 4650 550 4721; x_wconf 80' lang='lat' dir='ltr'><strong>procedit</strong></span> <span class='ocrx_word' id='word_1_652' title='bbox 594 4648 865 4722; x_wconf 81' lang='lat' dir='ltr'><strong>(Prouerb.</strong></span> <span class='ocrx_word' id='word_1_653' title='bbox 900 4653 998 4721; x_wconf 88' lang='lat' dir='ltr'><strong>tv).</strong></span> <span class='ocrx_word' id='word_1_654' title='bbox 1029 4651 1154 4708; x_wconf 67' lang='lat' dir='ltr'><strong>Hcce</strong></span> <span class='ocrx_word' id='word_1_655' title='bbox 1201 4649 1440 4707; x_wconf 89' lang='lat' dir='ltr'><strong>breviter</strong></span> <span class='ocrx_word' id='word_1_656' title='bbox 1470 4665 1568 4721; x_wconf 89' lang='lat' dir='ltr'><strong>pro</strong></span> <span class='ocrx_word' id='word_1_657' title='bbox 1593 4666 1925 4707; x_wconf 81' lang='lat' dir='ltr'><strong>commemo-</strong></span> <span class='ocrx_word' id='word_1_658' title='bbox 1954 4648 2008 4709; x_wconf 86' lang='lat' dir='ltr'><strong>D</strong></span> <span class='ocrx_word' id='word_1_659' title='bbox 2036 4676 2253 4726; x_wconf 90' lang='lat' dir='ltr'><strong>moneo,</strong></span> <span class='ocrx_word' id='word_1_660' title='bbox 2281 4660 2406 4732; x_wconf 91' lang='lat' dir='ltr'><strong>quia</strong></span> <span class='ocrx_word' id='word_1_661' title='bbox 2436 4659 2590 4716; x_wconf 88' lang='lat' dir='ltr'><strong>vobis</strong></span> <span class='ocrx_word' id='word_1_662' title='bbox 2619 4658 2836 4715; x_wconf 90' lang='lat' dir='ltr'><strong>debitor</strong></span> <span class='ocrx_word' id='word_1_663' title='bbox 2859 4672 3001 4724; x_wconf 91' lang='lat' dir='ltr'><strong>sum,</strong></span> <span class='ocrx_word' id='word_1_664' title='bbox 3051 4665 3107 4712; x_wconf 90' lang='lat' dir='ltr'><strong>et</strong></span> <span class='ocrx_word' id='word_1_665' title='bbox 3141 4656 3301 4711; x_wconf 89' lang='lat' dir='ltr'><strong>valde</strong></span> <span class='ocrx_word' id='word_1_666' title='bbox 3329 4669 3426 4712; x_wconf 90' lang='lat' dir='ltr'><strong>vos</strong></span> <span class='ocrx_word' id='word_1_667' title='bbox 3452 4654 3641 4725; x_wconf 84' lang='lat' dir='ltr'><strong>diligo.</strong></span> 
     </span>
    </p>
   </div>
   <div class='ocr_carea' id='block_1_88' title="bbox 314 4741 1927 4814">
    <p class='ocr_par' dir='ltr' id='par_1_88' title="bbox 314 4741 1927 4814">
     <span class='ocr_line' id='line_1_88' title="bbox 314 4741 1927 4814; baseline -0.001 -16"><span class='ocrx_word' id='word_1_668' title='bbox 314 4741 532 4798; x_wconf 88' lang='lat' dir='ltr'><strong>ratione</strong></span> <span class='ocrx_word' id='word_1_669' title='bbox 557 4742 816 4812; x_wconf 86' lang='lat' dir='ltr'><strong>rescripsi</strong></span> <span class='ocrx_word' id='word_1_670' title='bbox 849 4759 863 4795; x_wconf 91' lang='lat'><strong>:</strong></span> <span class='ocrx_word' id='word_1_671' title='bbox 906 4743 999 4798; x_wconf 80' lang='lat' dir='ltr'><strong>sed</strong></span> <span class='ocrx_word' id='word_1_672' title='bbox 1033 4752 1155 4814; x_wconf 88' lang='lat' dir='ltr'><strong>peto</strong></span> <span class='ocrx_word' id='word_1_673' title='bbox 1188 4751 1243 4797; x_wconf 91' lang='lat' dir='ltr'><strong>ut</strong></span> <span class='ocrx_word' id='word_1_674' title='bbox 1271 4758 1367 4813; x_wconf 86' lang='lat' dir='ltr'><strong>pro</strong></span> <span class='ocrx_word' id='word_1_675' title='bbox 1393 4757 1480 4796; x_wconf 92' lang='lat' dir='ltr'><strong>me</strong></span> <span class='ocrx_word' id='word_1_676' title='bbox 1509 4757 1667 4797; x_wconf 88' lang='lat' dir='ltr'><strong>orare</strong></span> <span class='ocrx_word' id='word_1_677' title='bbox 1692 4741 1927 4810; x_wconf 86' lang='lat' dir='ltr'><strong>debeas,</strong></span> 
     </span>
    </p>
   </div>
   <div class='ocr_carea' id='block_1_89' title="bbox 316 4835 1938 4908">
    <p class='ocr_par' dir='ltr' id='par_1_89' title="bbox 316 4835 1938 4908">
     <span class='ocr_line' id='line_1_89' title="bbox 316 4835 1938 4908; baseline -0.001 -18"><span class='ocrx_word' id='word_1_678' title='bbox 316 4846 587 4908; x_wconf 85' lang='lat' dir='ltr'><strong>quatenus</strong></span> <span class='ocrx_word' id='word_1_679' title='bbox 626 4838 968 4908; x_wconf 90' lang='lat' dir='ltr'><strong>omnipotens</strong></span> <span class='ocrx_word' id='word_1_680' title='bbox 1004 4835 1142 4892; x_wconf 89' lang='lat' dir='ltr'><strong>Deus</strong></span> <span class='ocrx_word' id='word_1_681' title='bbox 1186 4844 1241 4892; x_wconf 89' lang='lat' dir='ltr'><strong>ct</strong></span> <span class='ocrx_word' id='word_1_682' title='bbox 1266 4851 1294 4889; x_wconf 92' lang='lat' dir='ltr'><strong>a</strong></span> <span class='ocrx_word' id='word_1_683' title='bbox 1325 4836 1577 4906; x_wconf 84' lang='lat' dir='ltr'><strong>malignis</strong></span> <span class='ocrx_word' id='word_1_684' title='bbox 1607 4851 1694 4890; x_wconf 90' lang='lat' dir='ltr'><strong>me</strong></span> <span class='ocrx_word' id='word_1_685' title='bbox 1724 4835 1938 4906; x_wconf 78' lang='lat' dir='ltr'><strong>Spiriti-</strong></span> 
     </span>
    </p>
   </div>
   <div class='ocr_carea' id='block_1_90' title="bbox 322 4925 1926 4998">
    <p class='ocr_par' dir='ltr' id='par_1_90' title="bbox 322 4925 1926 4998">
     <span class='ocr_line' id='line_1_90' title="bbox 322 4925 1926 4998; baseline -0.002 -13"><span class='ocrx_word' id='word_1_686' title='bbox 322 4928 441 4996; x_wconf 80' lang='lat' dir='ltr'><strong>bus,</strong></span> <span class='ocrx_word' id='word_1_687' title='bbox 470 4940 525 4985; x_wconf 86' lang='lat' dir='ltr'><strong>et</strong></span> <span class='ocrx_word' id='word_1_688' title='bbox 578 4943 609 4982; x_wconf 86' lang='lat' dir='ltr'><strong>a</strong></span> <span class='ocrx_word' id='word_1_689' title='bbox 654 4928 927 4998; x_wconf 89' lang='lat' dir='ltr'><strong>perversis</strong></span> <span class='ocrx_word' id='word_1_690' title='bbox 973 4927 1282 4984; x_wconf 84' lang='lat' dir='ltr'><strong>hominibus</strong></span> <span class='ocrx_word' id='word_1_691' title='bbox 1328 4925 1605 4983; x_wconf 88' lang='lat' dir='ltr'><strong>custodire</strong></span> <span class='ocrx_word' id='word_1_692' title='bbox 1648 4926 1926 4996; x_wconf 85' lang='lat' dir='ltr'><strong>dignetur;</strong></span> 
     </span>
    </p>
   </div>
   <div class='ocr_carea' id='block_1_91' title="bbox 328 5022 1931 5094">
    <p class='ocr_par' dir='ltr' id='par_1_91' title="bbox 328 5022 1931 5094">
     <span class='ocr_line' id='line_1_91' title="bbox 328 5022 1931 5094; baseline 0.001 -18"><span class='ocrx_word' id='word_1_693' title='bbox 328 5024 449 5094; x_wconf 87' lang='lat' dir='ltr'><strong>quia</strong></span> <span class='ocrx_word' id='word_1_694' title='bbox 471 5025 526 5079; x_wconf 86' lang='lat' dir='ltr'><strong>in</strong></span> <span class='ocrx_word' id='word_1_695' title='bbox 556 5023 661 5079; x_wconf 87' lang='lat' dir='ltr'><strong>hac</strong></span> <span class='ocrx_word' id='word_1_696' title='bbox 688 5023 815 5078; x_wconf 64' lang='lat' dir='ltr'><strong>vita:</strong></span> <span class='ocrx_word' id='word_1_697' title='bbox 845 5038 979 5078; x_wconf 84' lang='lat' dir='ltr'><strong>meae</strong></span> <span class='ocrx_word' id='word_1_698' title='bbox 1007 5024 1438 5094; x_wconf 84' lang='lat' dir='ltr'><strong>peregrinatione</strong></span> <span class='ocrx_word' id='word_1_699' title='bbox 1463 5023 1603 5080; x_wconf 85' lang='lat' dir='ltr'><strong>mala</strong></span> <span class='ocrx_word' id='word_1_700' title='bbox 1644 5038 1731 5079; x_wconf 90' lang='lat' dir='ltr'><strong>me</strong></span> <span class='ocrx_word' id='word_1_701' title='bbox 1769 5022 1931 5078; x_wconf 89' lang='lat' dir='ltr'><strong>simul</strong></span> 
     </span>
    </p>
   </div>
   <div class='ocr_carea' id='block_1_92' title="bbox 330 5113 1926 5186">
    <p class='ocr_par' dir='ltr' id='par_1_92' title="bbox 330 5113 1926 5186">
     <span class='ocr_line' id='line_1_92' title="bbox 330 5113 1926 5186; baseline -0.001 -17"><span class='ocrx_word' id='word_1_702' title='bbox 330 5121 391 5169; x_wconf 90' lang='lat' dir='ltr'><strong>et</strong></span> <span class='ocrx_word' id='word_1_703' title='bbox 413 5114 935 5179; x_wconf 85' lang='lat' dir='ltr'><strong>multacircumdant,</strong></span> <span class='ocrx_word' id='word_1_704' title='bbox 959 5115 1028 5169; x_wconf 87' lang='lat' dir='ltr'><strong>ita</strong></span> <span class='ocrx_word' id='word_1_705' title='bbox 1054 5124 1111 5170; x_wconf 92' lang='lat' dir='ltr'><strong>ut</strong></span> <span class='ocrx_word' id='word_1_706' title='bbox 1132 5131 1253 5170; x_wconf 91' lang='lat' dir='ltr'><strong>cum</strong></span> <span class='ocrx_word' id='word_1_707' title='bbox 1282 5116 1564 5170; x_wconf 83' lang='lat' dir='ltr'><strong>Psaintista</strong></span> <span class='ocrx_word' id='word_1_708' title='bbox 1582 5114 1703 5186; x_wconf 88' lang='lat' dir='ltr'><strong>jure</strong></span> <span class='ocrx_word' id='word_1_709' title='bbox 1717 5113 1891 5171; x_wconf 86' lang='lat' dir='ltr'><strong>dicam</strong></span> <span class='ocrx_word' id='word_1_710' title='bbox 1913 5130 1926 5168; x_wconf 88' lang='lat'><strong>:</strong></span> 
     </span>
    </p>
   </div>
   <div class='ocr_carea' id='block_1_93' title="bbox 326 5203 1930 5277">
    <p class='ocr_par' dir='ltr' id='par_1_93' title="bbox 326 5203 1930 5277">
     <span class='ocr_line' id='line_1_93' title="bbox 326 5203 1930 5277; baseline -0.001 -16"><span class='ocrx_word' id='word_1_711' title='bbox 326 5203 408 5261; x_wconf 82' lang='lat' dir='ltr'><strong>In</strong></span> <span class='ocrx_word' id='word_1_712' title='bbox 435 5222 512 5260; x_wconf 78' lang='lat' dir='ltr'><strong>nte</strong></span> <span class='ocrx_word' id='word_1_713' title='bbox 542 5209 848 5263; x_wconf 85' lang='lat' dir='ltr'><strong>transierunt</strong></span> <span class='ocrx_word' id='word_1_714' title='bbox 889 5210 982 5262; x_wconf 71' lang='lat' dir='ltr'><strong>ira:</strong></span> <span class='ocrx_word' id='word_1_715' title='bbox 1011 5217 1140 5277; x_wconf 69' lang='lat' dir='ltr'><strong>tum,</strong></span> <span class='ocrx_word' id='word_1_716' title='bbox 1172 5217 1220 5261; x_wconf 89' lang='lat' dir='ltr'><strong>et</strong></span> <span class='ocrx_word' id='word_1_717' title='bbox 1250 5217 1465 5261; x_wconf 87' lang='lat' dir='ltr'><strong>terrores</strong></span> <span class='ocrx_word' id='word_1_718' title='bbox 1494 5207 1570 5261; x_wconf 87' lang='lat' dir='ltr'><strong>tui</strong></span> <span class='ocrx_word' id='word_1_719' title='bbox 1595 5205 1930 5262; x_wconf 83' lang='lat' dir='ltr'><strong>conturbave-</strong></span> 
     </span>
    </p>
   </div>
   <div class='ocr_carea' id='block_1_94' title="bbox 321 5297 1933 5371">
    <p class='ocr_par' dir='ltr' id='par_1_94' title="bbox 321 5297 1933 5371">
     <span class='ocr_line' id='line_1_94' title="bbox 321 5297 1933 5371; baseline 0 -18"><span class='ocrx_word' id='word_1_720' title='bbox 321 5307 459 5354; x_wconf 75' lang='lat' dir='ltr'><strong>runt</strong></span> <span class='ocrx_word' id='word_1_721' title='bbox 482 5314 580 5354; x_wconf 78' lang='lat' dir='ltr'><strong>me.</strong></span> <span class='ocrx_word' id='word_1_722' title='bbox 620 5297 1070 5356; x_wconf 83' lang='lat' dir='ltr'><strong>Circumdederunt</strong></span> <span class='ocrx_word' id='word_1_723' title='bbox 1116 5317 1194 5355; x_wconf 88' lang='lat' dir='ltr'><strong>me</strong></span> <span class='ocrx_word' id='word_1_724' title='bbox 1218 5300 1347 5355; x_wconf 85' lang='lat' dir='ltr'><strong>sicut</strong></span> <span class='ocrx_word' id='word_1_725' title='bbox 1397 5316 1530 5371; x_wconf 85' lang='lat' dir='ltr'><strong>aqua</strong></span> <span class='ocrx_word' id='word_1_726' title='bbox 1558 5310 1663 5355; x_wconf 92' lang='lat' dir='ltr'><strong>tota</strong></span> <span class='ocrx_word' id='word_1_727' title='bbox 1703 5300 1804 5368; x_wconf 87' lang='lat' dir='ltr'><strong>die,</strong></span> <span class='ocrx_word' id='word_1_728' title='bbox 1831 5300 1933 5354; x_wconf 87' lang='lat' dir='ltr'><strong>cir-</strong></span> 
     </span>
    </p>
   </div>
   <div class='ocr_carea' id='block_1_95' title="bbox 318 5389 1932 5468">
    <p class='ocr_par' dir='ltr' id='par_1_95' title="bbox 318 5389 1932 5468">
     <span class='ocr_line' id='line_1_95' title="bbox 318 5389 1932 5468; baseline 0.001 -20"><span class='ocrx_word' id='word_1_729' title='bbox 318 5389 698 5448; x_wconf 80' lang='lat' dir='ltr'><strong>cumdederunt</strong></span> <span class='ocrx_word' id='word_1_730' title='bbox 736 5410 818 5450; x_wconf 86' lang='lat' dir='ltr'><strong>me</strong></span> <span class='ocrx_word' id='word_1_731' title='bbox 869 5392 1026 5449; x_wconf 87' lang='lat' dir='ltr'><strong>simul</strong></span> <span class='ocrx_word' id='word_1_732' title='bbox 1081 5393 1304 5466; x_wconf 83' lang='lat' dir='ltr'><strong>(Psalm.</strong></span> <span class='ocrx_word' id='word_1_733' title='bbox 1364 5394 1628 5468; x_wconf 78' lang='lat' dir='ltr'><strong>Lxxxvu).</strong></span> <span class='ocrx_word' id='word_1_734' title='bbox 1682 5392 1932 5451; x_wconf 65' lang='lat' dir='ltr'><strong>Caelestis</strong></span> 
     </span>
    </p>
   </div>
   <div class='ocr_carea' id='block_1_96' title="bbox 315 5485 1929 5561">
    <p class='ocr_par' dir='ltr' id='par_1_96' title="bbox 315 5485 1929 5561">
     <span class='ocr_line' id='line_1_96' title="bbox 315 5485 1929 5561; baseline 0.001 -20"><span class='ocrx_word' id='word_1_735' title='bbox 315 5485 499 5561; x_wconf 81' lang='lat' dir='ltr'><strong>gratia</strong></span> <span class='ocrx_word' id='word_1_736' title='bbox 530 5493 590 5542; x_wconf 89' lang='lat' dir='ltr'><strong>et</strong></span> <span class='ocrx_word' id='word_1_737' title='bbox 612 5499 708 5542; x_wconf 82' lang='lat' dir='ltr'><strong>nos</strong></span> <span class='ocrx_word' id='word_1_738' title='bbox 735 5487 788 5543; x_wconf 91' lang='lat' dir='ltr'><strong>in</strong></span> <span class='ocrx_word' id='word_1_739' title='bbox 820 5486 1064 5554; x_wconf 87' lang='lat' dir='ltr'><strong>urbibus,</strong></span> <span class='ocrx_word' id='word_1_740' title='bbox 1093 5497 1147 5544; x_wconf 89' lang='lat' dir='ltr'><strong>et</strong></span> <span class='ocrx_word' id='word_1_741' title='bbox 1167 5503 1265 5545; x_wconf 89' lang='lat' dir='ltr'><strong>vos</strong></span> <span class='ocrx_word' id='word_1_742' title='bbox 1286 5487 1486 5560; x_wconf 89' lang='lat' dir='ltr'><strong>ubique</strong></span> <span class='ocrx_word' id='word_1_743' title='bbox 1511 5495 1774 5559; x_wconf 78' lang='lat' dir='ltr'><strong>protegat,</strong></span> <span class='ocrx_word' id='word_1_744' title='bbox 1804 5488 1929 5561; x_wconf 86' lang='lat' dir='ltr'><strong>quia</strong></span> 
     </span>
    </p>
   </div>
   <div class='ocr_carea' id='block_1_97' title="bbox 317 5576 1930 5650">
    <p class='ocr_par' dir='ltr' id='par_1_97' title="bbox 317 5576 1930 5650">
     <span class='ocr_line' id='line_1_97' title="bbox 317 5576 1930 5650; baseline -0.002 -15"><span class='ocrx_word' id='word_1_745' title='bbox 317 5580 585 5650; x_wconf 84' lang='lat' dir='ltr'><strong>antiquus</strong></span> <span class='ocrx_word' id='word_1_746' title='bbox 604 5576 784 5634; x_wconf 76' lang='lat' dir='ltr'><strong>bosﬁs</strong></span> <span class='ocrx_word' id='word_1_747' title='bbox 807 5587 1070 5634; x_wconf 90' lang='lat' dir='ltr'><strong>terrarum</strong></span> <span class='ocrx_word' id='word_1_748' title='bbox 1091 5578 1225 5633; x_wconf 89' lang='lat' dir='ltr'><strong>locis</strong></span> <span class='ocrx_word' id='word_1_749' title='bbox 1244 5593 1275 5633; x_wconf 92' lang='lat' dir='ltr'><strong>a</strong></span> <span class='ocrx_word' id='word_1_750' title='bbox 1296 5580 1588 5635; x_wconf 89' lang='lat' dir='ltr'><strong>tentatione</strong></span> <span class='ocrx_word' id='word_1_751' title='bbox 1616 5595 1722 5637; x_wconf 92' lang='lat' dir='ltr'><strong>non</strong></span> <span class='ocrx_word' id='word_1_752' title='bbox 1750 5578 1930 5635; x_wconf 77' lang='lat' dir='ltr'><strong>exclu-</strong></span> 
     </span>
    </p>
   </div>
   <div class='ocr_carea' id='block_1_98' title="bbox 317 5669 1930 5744">
    <p class='ocr_par' dir='ltr' id='par_1_98' title="bbox 317 5669 1930 5744">
     <span class='ocr_line' id='line_1_98' title="bbox 317 5669 1930 5744; baseline 0.001 -18"><span class='ocrx_word' id='word_1_753' title='bbox 317 5669 513 5726; x_wconf 86' lang='lat' dir='ltr'><strong>ditur:</strong></span> <span class='ocrx_word' id='word_1_754' title='bbox 545 5672 674 5740; x_wconf 84' lang='lat' dir='ltr'><strong>quia</strong></span> <span class='ocrx_word' id='word_1_755' title='bbox 711 5671 757 5725; x_wconf 87' lang='lat' dir='ltr'><strong>si</strong></span> <span class='ocrx_word' id='word_1_756' title='bbox 792 5670 845 5725; x_wconf 90' lang='lat' dir='ltr'><strong>in</strong></span> <span class='ocrx_word' id='word_1_757' title='bbox 877 5669 1128 5742; x_wconf 89' lang='lat' dir='ltr'><strong>paradiso</strong></span> <span class='ocrx_word' id='word_1_758' title='bbox 1154 5669 1425 5728; x_wconf 85' lang='lat' dir='ltr'><strong>hominem</strong></span> <span class='ocrx_word' id='word_1_759' title='bbox 1476 5671 1667 5727; x_wconf 84' lang='lat' dir='ltr'><strong>stravit</strong></span> <span class='ocrx_word' id='word_1_760' title='bbox 1694 5670 1930 5744; x_wconf 66' lang='lat' dir='ltr'><strong>(Cenes,</strong></span> 
     </span>
    </p>
   </div>
   <div class='ocr_carea' id='block_1_99' title="bbox 318 5762 1934 5836">
    <p class='ocr_par' dir='ltr' id='par_1_99' title="bbox 318 5762 1934 5836">
     <span class='ocr_line' id='line_1_99' title="bbox 318 5762 1934 5836; baseline 0.003 -17"><span class='ocrx_word' id='word_1_761' title='bbox 318 5764 431 5834; x_wconf 89' lang='grc' dir='ltr'><strong>ιιι),</strong></span> <span class='ocrx_word' id='word_1_762' title='bbox 455 5762 581 5835; x_wconf 89' lang='lat' dir='ltr'><strong>quis</strong></span> <span class='ocrx_word' id='word_1_763' title='bbox 604 5763 758 5818; x_wconf 78' lang='lat' dir='ltr'><strong>locus</strong></span> <span class='ocrx_word' id='word_1_764' title='bbox 787 5772 937 5818; x_wconf 81' lang='lat' dir='ltr'><strong>extra</strong></span> <span class='ocrx_word' id='word_1_765' title='bbox 982 5762 1288 5833; x_wconf 88' lang='lat' dir='ltr'><strong>paradisum</strong></span> <span class='ocrx_word' id='word_1_766' title='bbox 1337 5778 1459 5821; x_wconf 86' lang='lat' dir='ltr'><strong>esse</strong></span> <span class='ocrx_word' id='word_1_767' title='bbox 1506 5774 1714 5836; x_wconf 89' lang='lat' dir='ltr'><strong>potest,</strong></span> <span class='ocrx_word' id='word_1_768' title='bbox 1745 5766 1797 5820; x_wconf 93' lang='lat' dir='ltr'><strong>iu</strong></span> <span class='ocrx_word' id='word_1_769' title='bbox 1825 5781 1934 5834; x_wconf 91' lang='lat' dir='ltr'><strong>quo</strong></span> 
     </span>
    </p>
   </div>
   <div class='ocr_carea' id='block_1_100' title="bbox 319 5856 1934 5930">
    <p class='ocr_par' dir='ltr' id='par_1_100' title="bbox 319 5856 1934 5930">
     <span class='ocr_line' id='line_1_100' title="bbox 319 5856 1934 5930; baseline 0.006 -15"><span class='ocrx_word' id='word_1_770' title='bbox 319 5867 543 5916; x_wconf 81' lang='lat' dir='ltr'><strong>mentes</strong></span> <span class='ocrx_word' id='word_1_771' title='bbox 574 5856 857 5913; x_wconf 87' lang='lat' dir='ltr'><strong>hominum</strong></span> <span class='ocrx_word' id='word_1_772' title='bbox 883 5865 1168 5930; x_wconf 86' lang='lat' dir='ltr'><strong>penetrare</strong></span> <span class='ocrx_word' id='word_1_773' title='bbox 1181 5871 1288 5915; x_wconf 88' lang='lat' dir='ltr'><strong>non</strong></span> <span class='ocrx_word' id='word_1_774' title='bbox 1313 5858 1519 5919; x_wconf 80' lang='lat' dir='ltr'><strong>valeat?</strong></span> <span class='ocrx_word' id='word_1_775' title='bbox 1541 5859 1763 5930; x_wconf 81' lang='lat' dir='ltr'><strong>Antiqui</strong></span> <span class='ocrx_word' id='word_1_776' title='bbox 1786 5859 1934 5923; x_wconf 89' lang='lat' dir='ltr'><strong>enim</strong></span> 
     </span>
    </p>
   </div>
   <div class='ocr_carea' id='block_1_101' title="bbox 2035 4745 3638 4829">
    <p class='ocr_par' dir='ltr' id='par_1_101' title="bbox 2035 4745 3638 4829">
     <span class='ocr_line' id='line_1_101' title="bbox 2035 4745 3638 4829; baseline -0.009 -16"><span class='ocrx_word' id='word_1_777' title='bbox 2035 4756 2106 4813; x_wconf 89' lang='lat' dir='ltr'><strong>Et</strong></span> <span class='ocrx_word' id='word_1_778' title='bbox 2132 4754 2349 4829; x_wconf 89' lang='lat' dir='ltr'><strong>quando</strong></span> <span class='ocrx_word' id='word_1_779' title='bbox 2379 4754 2521 4811; x_wconf 87' lang='lat' dir='ltr'><strong>bona</strong></span> <span class='ocrx_word' id='word_1_780' title='bbox 2568 4752 2729 4809; x_wconf 88' lang='lat' dir='ltr'><strong>audio</strong></span> <span class='ocrx_word' id='word_1_781' title='bbox 2760 4751 2828 4807; x_wconf 92' lang='lat' dir='ltr'><strong>de</strong></span> <span class='ocrx_word' id='word_1_782' title='bbox 2855 4750 3032 4815; x_wconf 88' lang='lat' dir='ltr'><strong>vobis,</strong></span> <span class='ocrx_word' id='word_1_783' title='bbox 3084 4748 3430 4821; x_wconf 87' lang='lat' dir='ltr'><strong>congratulor</strong></span> <span class='ocrx_word' id='word_1_784' title='bbox 3458 4745 3591 4801; x_wconf 87' lang='lat' dir='ltr'><strong>satis</strong></span> <span class='ocrx_word' id='word_1_785' title='bbox 3623 4760 3638 4800; x_wconf 89' lang='lat'>:</span> 
     </span>
    </p>
   </div>
   <div class='ocr_carea' id='block_1_102' title="bbox 2035 4841 3642 4922">
    <p class='ocr_par' dir='ltr' id='par_1_102' title="bbox 2035 4841 3642 4922">
     <span class='ocr_line' id='line_1_102' title="bbox 2035 4841 3642 4922; baseline -0.004 -16"><span class='ocrx_word' id='word_1_786' title='bbox 2035 4859 2089 4907; x_wconf 90' lang='lat' dir='ltr'><strong>et</strong></span> <span class='ocrx_word' id='word_1_787' title='bbox 2119 4857 2373 4915; x_wconf 88' lang='lat' dir='ltr'><strong>econtra,</strong></span> <span class='ocrx_word' id='word_1_788' title='bbox 2401 4847 2616 4922; x_wconf 91' lang='lat' dir='ltr'><strong>quando</strong></span> <span class='ocrx_word' id='word_1_789' title='bbox 2663 4846 2919 4910; x_wconf 89' lang='lat' dir='ltr'><strong>adversa,</strong></span> <span class='ocrx_word' id='word_1_790' title='bbox 2953 4843 3117 4899; x_wconf 88' lang='lat' dir='ltr'><strong>nimis</strong></span> <span class='ocrx_word' id='word_1_791' title='bbox 3163 4841 3480 4899; x_wconf 89' lang='lat' dir='ltr'><strong>conturbor.</strong></span> <span class='ocrx_word' id='word_1_792' title='bbox 3527 4841 3642 4913; x_wconf 79' lang='lat' dir='ltr'><strong>Ego</strong></span> 
     </span>
    </p>
   </div>
   <div class='ocr_carea' id='block_1_103' title="bbox 2035 4935 3641 5015">
    <p class='ocr_par' dir='ltr' id='par_1_103' title="bbox 2035 4935 3641 5015">
     <span class='ocr_line' id='line_1_103' title="bbox 2035 4935 3641 5015; baseline -0.004 -15"><span class='ocrx_word' id='word_1_793' title='bbox 2035 4959 2166 5000; x_wconf 90' lang='lat' dir='ltr'><strong>vero</strong></span> <span class='ocrx_word' id='word_1_794' title='bbox 2190 4942 2434 5015; x_wconf 89' lang='lat' dir='ltr'><strong>quamvis</strong></span> <span class='ocrx_word' id='word_1_795' title='bbox 2482 4955 2515 4994; x_wconf 89' lang='lat' dir='ltr'><strong>a</strong></span> <span class='ocrx_word' id='word_1_796' title='bbox 2562 4939 2713 4995; x_wconf 89' lang='lat' dir='ltr'><strong>vobis</strong></span> <span class='ocrx_word' id='word_1_797' title='bbox 2744 4953 2840 5011; x_wconf 90' lang='lat' dir='ltr'><strong>per</strong></span> <span class='ocrx_word' id='word_1_798' title='bbox 2870 4937 3028 5008; x_wconf 79' lang='lat' dir='ltr'><strong>longa</strong></span> <span class='ocrx_word' id='word_1_799' title='bbox 3059 4944 3326 4993; x_wconf 85' lang='lat' dir='ltr'><strong>terrarum</strong></span> <span class='ocrx_word' id='word_1_800' title='bbox 3358 4935 3641 4993; x_wconf 85' lang='lat' dir='ltr'><strong>intervalla</strong></span> 
     </span>
    </p>
   </div>
   <div class='ocr_carea' id='block_1_104' title="bbox 2035 5027 3641 5107">
    <p class='ocr_par' dir='ltr' id='par_1_104' title="bbox 2035 5027 3641 5107">
     <span class='ocr_line' id='line_1_104' title="bbox 2035 5027 3641 5107; baseline -0.006 -14"><span class='ocrx_word' id='word_1_801' title='bbox 2035 5035 2341 5107; x_wconf 88' lang='lat' dir='ltr'><strong>disjunctus</strong></span> <span class='ocrx_word' id='word_1_802' title='bbox 2369 5033 2494 5102; x_wconf 93' lang='lat' dir='ltr'><strong>sim,</strong></span> <span class='ocrx_word' id='word_1_803' title='bbox 2538 5047 2657 5088; x_wconf 91' lang='lat' dir='ltr'><strong>sum</strong></span> <span class='ocrx_word' id='word_1_804' title='bbox 2687 5038 2869 5087; x_wconf 87' lang='lat' dir='ltr'><strong>tamen</strong></span> <span class='ocrx_word' id='word_1_805' title='bbox 2900 5029 3124 5086; x_wconf 92' lang='lat' dir='ltr'><strong>omnino</strong></span> <span class='ocrx_word' id='word_1_806' title='bbox 3156 5030 3433 5086; x_wconf 88' lang='lat' dir='ltr'><strong>vobiscum</strong></span> <span class='ocrx_word' id='word_1_807' title='bbox 3473 5027 3641 5084; x_wconf 88' lang='lat' dir='ltr'><strong>corde</strong></span> 
     </span>
    </p>
   </div>
   <div class='ocr_carea' id='block_1_105' title="bbox 2033 5121 3638 5202">
    <p class='ocr_par' dir='ltr' id='par_1_105' title="bbox 2033 5121 3638 5202">
     <span class='ocr_line' id='line_1_105' title="bbox 2033 5121 3638 5202; baseline -0.007 -14"><span class='ocrx_word' id='word_1_808' title='bbox 2033 5130 2351 5202; x_wconf 84' lang='lat' dir='ltr'><strong>conjunctus</strong></span> <span class='ocrx_word' id='word_1_809' title='bbox 2369 5127 2458 5201; x_wconf 88' lang='lat' dir='ltr'><strong>(S.</strong></span> <span class='ocrx_word' id='word_1_810' title='bbox 2476 5125 2798 5197; x_wconf 85' lang='lat' dir='ltr'><strong>Greg.cpist.</strong></span> <span class='ocrx_word' id='word_1_811' title='bbox 2821 5123 2914 5195; x_wconf 76' lang='lat'><strong>36,</strong></span> <span class='ocrx_word' id='word_1_812' title='bbox 2939 5124 3057 5180; x_wconf 87' lang='lat' dir='ltr'><strong>libri</strong></span> <span class='ocrx_word' id='word_1_813' title='bbox 3076 5125 3174 5197; x_wconf 87' lang='lat' dir='ltr'><strong>tv).</strong></span> <span class='ocrx_word' id='word_1_814' title='bbox 3193 5122 3427 5194; x_wconf 87' lang='lat' dir='ltr'><strong>ideoque</strong></span> <span class='ocrx_word' id='word_1_815' title='bbox 3453 5121 3519 5177; x_wconf 90' lang='lat' dir='ltr'><strong>de</strong></span> <span class='ocrx_word' id='word_1_816' title='bbox 3540 5135 3638 5177; x_wconf 88' lang='lat' dir='ltr'><strong>ve-</strong></span> 
     </span>
    </p>
   </div>
   <div class='ocr_carea' id='block_1_106' title="bbox 2036 5213 3643 5291">
    <p class='ocr_par' dir='ltr' id='par_1_106' title="bbox 2036 5213 3643 5291">
     <span class='ocr_line' id='line_1_106' title="bbox 2036 5213 3643 5291; baseline -0.006 -10"><span class='ocrx_word' id='word_1_817' title='bbox 2036 5232 2147 5283; x_wconf 87' lang='lat' dir='ltr'><strong>stra</strong></span> <span class='ocrx_word' id='word_1_818' title='bbox 2177 5220 2508 5280; x_wconf 88' lang='lat' dir='ltr'><strong>beatitudine</strong></span> <span class='ocrx_word' id='word_1_819' title='bbox 2525 5234 2654 5291; x_wconf 82' lang='lat' dir='ltr'><strong>erga</strong></span> <span class='ocrx_word' id='word_1_820' title='bbox 2675 5234 2762 5275; x_wconf 91' lang='lat' dir='ltr'><strong>me</strong></span> <span class='ocrx_word' id='word_1_821' title='bbox 2777 5218 2955 5279; x_wconf 87' lang='lat' dir='ltr'><strong>modis</strong></span> <span class='ocrx_word' id='word_1_822' title='bbox 2984 5219 3235 5276; x_wconf 90' lang='lat' dir='ltr'><strong>omnibus</strong></span> <span class='ocrx_word' id='word_1_823' title='bbox 3261 5214 3495 5284; x_wconf 91' lang='lat' dir='ltr'><strong>conﬁdo,</strong></span> <span class='ocrx_word' id='word_1_824' title='bbox 3513 5213 3643 5287; x_wconf 89' lang='lat' dir='ltr'><strong>quia</strong></span> 
     </span>
    </p>
   </div>
   <div class='ocr_carea' id='block_1_107' title="bbox 2036 5309 3645 5388">
    <p class='ocr_par' dir='ltr' id='par_1_107' title="bbox 2036 5309 3645 5388">
     <span class='ocr_line' id='line_1_107' title="bbox 2036 5309 3645 5388; baseline -0.005 -11"><span class='ocrx_word' id='word_1_825' title='bbox 2036 5334 2158 5377; x_wconf 90' lang='lat' dir='ltr'><strong>cum</strong></span> <span class='ocrx_word' id='word_1_826' title='bbox 2180 5333 2270 5374; x_wconf 91' lang='lat' dir='ltr'><strong>me</strong></span> <span class='ocrx_word' id='word_1_827' title='bbox 2290 5316 2528 5374; x_wconf 84' lang='lat' dir='ltr'><strong>vicissim</strong></span> <span class='ocrx_word' id='word_1_828' title='bbox 2553 5314 2795 5388; x_wconf 84' lang='lat' dir='ltr'><strong>diligitis,</strong></span> <span class='ocrx_word' id='word_1_829' title='bbox 2827 5331 2859 5371; x_wconf 86' lang='lat' dir='ltr'><strong>a</strong></span> <span class='ocrx_word' id='word_1_830' title='bbox 2879 5329 2967 5373; x_wconf 89' lang='lat' dir='ltr'><strong>me</strong></span> <span class='ocrx_word' id='word_1_831' title='bbox 2995 5314 3153 5387; x_wconf 87' lang='lat' dir='ltr'><strong>longe</strong></span> <span class='ocrx_word' id='word_1_832' title='bbox 3172 5328 3277 5371; x_wconf 90' lang='lat' dir='ltr'><strong>non</strong></span> <span class='ocrx_word' id='word_1_833' title='bbox 3304 5310 3456 5367; x_wconf 90' lang='lat' dir='ltr'><strong>estis.</strong></span> <span class='ocrx_word' id='word_1_834' title='bbox 3489 5309 3645 5369; x_wconf 85' lang='lat' dir='ltr'><strong>Unde</strong></span> 
     </span>
    </p>
   </div>
   <div class='ocr_carea' id='block_1_108' title="bbox 2040 5404 3642 5483">
    <p class='ocr_par' dir='ltr' id='par_1_108' title="bbox 2040 5404 3642 5483">
     <span class='ocr_line' id='line_1_108' title="bbox 2040 5404 3642 5483; baseline -0.004 -16"><span class='ocrx_word' id='word_1_835' title='bbox 2040 5411 2212 5483; x_wconf 83' lang='lat' dir='ltr'><strong>magis</strong></span> <span class='ocrx_word' id='word_1_836' title='bbox 2251 5411 2456 5482; x_wconf 85' lang='lat' dir='ltr'><strong>gratias</strong></span> <span class='ocrx_word' id='word_1_837' title='bbox 2500 5409 2787 5467; x_wconf 86' lang='lat' dir='ltr'><strong>referimus</strong></span> <span class='ocrx_word' id='word_1_838' title='bbox 2817 5409 2898 5467; x_wconf 88' lang='lat' dir='ltr'><strong>illi</strong></span> <span class='ocrx_word' id='word_1_839' title='bbox 2936 5422 3105 5481; x_wconf 85' lang='lat' dir='ltr'><strong>grano</strong></span> <span class='ocrx_word' id='word_1_840' title='bbox 3131 5404 3333 5476; x_wconf 87' lang='lat' dir='ltr'><strong>sinapis</strong></span> <span class='ocrx_word' id='word_1_841' title='bbox 3386 5404 3642 5478; x_wconf 58' lang='lat' dir='ltr'><strong>(Matth,</strong></span> 
     </span>
    </p>
   </div>
   <div class='ocr_carea' id='block_1_109' title="bbox 2034 5498 3648 5576">
    <p class='ocr_par' dir='ltr' id='par_1_109' title="bbox 2034 5498 3648 5576">
     <span class='ocr_line' id='line_1_109' title="bbox 2034 5498 3648 5576; baseline -0.002 -15"><span class='ocrx_word' id='word_1_842' title='bbox 2034 5519 2166 5572; x_wconf 81' lang='lat' dir='ltr'><strong>xm;</strong></span> <span class='ocrx_word' id='word_1_843' title='bbox 2197 5501 2392 5574; x_wconf 71' lang='lat' dir='ltr'><strong>Mam,</strong></span> <span class='ocrx_word' id='word_1_844' title='bbox 2424 5517 2513 5572; x_wconf 86' lang='lat' dir='ltr'><strong>tv;</strong></span> <span class='ocrx_word' id='word_1_845' title='bbox 2548 5502 2703 5572; x_wconf 89' lang='lat' dir='ltr'><strong>Luc.,</strong></span> <span class='ocrx_word' id='word_1_846' title='bbox 2736 5504 2880 5576; x_wconf 79' lang='lat' dir='ltr'><strong>stu),</strong></span> <span class='ocrx_word' id='word_1_847' title='bbox 2912 5501 3054 5573; x_wconf 91' lang='lat' dir='ltr'><strong>quod</strong></span> <span class='ocrx_word' id='word_1_848' title='bbox 3081 5516 3147 5557; x_wconf 75' lang='lat' dir='ltr'><strong>es</strong></span> <span class='ocrx_word' id='word_1_849' title='bbox 3171 5498 3374 5556; x_wconf 90' lang='lat' dir='ltr'><strong>modici</strong></span> <span class='ocrx_word' id='word_1_850' title='bbox 3399 5498 3648 5570; x_wconf 78' lang='lat' dir='ltr'><strong>despica-</strong></span> 
     </span>
    </p>
   </div>
   <div class='ocr_carea' id='block_1_110' title="bbox 2035 5591 3645 5670">
    <p class='ocr_par' dir='ltr' id='par_1_110' title="bbox 2035 5591 3645 5670">
     <span class='ocr_line' id='line_1_110' title="bbox 2035 5591 3645 5670; baseline -0.003 -16"><span class='ocrx_word' id='word_1_851' title='bbox 2035 5598 2270 5670; x_wconf 85' lang='lat' dir='ltr'><strong>bilisque</strong></span> <span class='ocrx_word' id='word_1_852' title='bbox 2317 5596 2543 5655; x_wconf 87' lang='lat' dir='ltr'><strong>seminis</strong></span> <span class='ocrx_word' id='word_1_853' title='bbox 2586 5597 2791 5669; x_wconf 89' lang='lat' dir='ltr'><strong>specie,</strong></span> <span class='ocrx_word' id='word_1_854' title='bbox 2838 5595 2914 5652; x_wconf 90' lang='lat' dir='ltr'><strong>ita</strong></span> <span class='ocrx_word' id='word_1_855' title='bbox 2953 5593 3121 5650; x_wconf 82' lang='lat' dir='ltr'><strong>ramis</strong></span> <span class='ocrx_word' id='word_1_856' title='bbox 3146 5608 3214 5649; x_wconf 81' lang='lat' dir='ltr'><strong>ex</strong></span> <span class='ocrx_word' id='word_1_857' title='bbox 3245 5594 3435 5651; x_wconf 90' lang='lat' dir='ltr'><strong>eadem</strong></span> <span class='ocrx_word' id='word_1_858' title='bbox 3462 5591 3645 5649; x_wconf 85' lang='lat' dir='ltr'><strong>radice</strong></span> 
     </span>
    </p>
   </div>
   <div class='ocr_carea' id='block_1_111' title="bbox 2036 5686 3651 5769">
    <p class='ocr_par' dir='ltr' id='par_1_111' title="bbox 2036 5686 3651 5769">
     <span class='ocr_line' id='line_1_111' title="bbox 2036 5686 3651 5769; baseline -0.007 -18"><span class='ocrx_word' id='word_1_859' title='bbox 2036 5693 2402 5769; x_wconf 82' lang='lat' dir='ltr'><strong>surgentibus,</strong></span> <span class='ocrx_word' id='word_1_860' title='bbox 2450 5700 2614 5766; x_wconf 83' lang='lat' dir='ltr'><strong>atque</strong></span> <span class='ocrx_word' id='word_1_861' title='bbox 2656 5706 2720 5749; x_wconf 89' lang='lat' dir='ltr'><strong>se</strong></span> <span class='ocrx_word' id='word_1_862' title='bbox 2760 5686 3217 5756; x_wconf 82' lang='lat' dir='ltr'><strong>distendentibus,</strong></span> <span class='ocrx_word' id='word_1_863' title='bbox 3265 5698 3651 5760; x_wconf 80' lang='lat' dir='ltr'><strong>usquequaque</strong></span> 
     </span>
    </p>
   </div>
   <div class='ocr_carea' id='block_1_112' title="bbox 2133 5843 2945 5929">
    <p class='ocr_par' dir='ltr' id='par_1_112' title="bbox 2133 5843 2945 5929">
     <span class='ocr_line' id='line_1_112' title="bbox 2133 5843 2945 5929; baseline -0.007 -16"><span class='ocrx_word' id='word_1_864' title='bbox 2133 5851 2213 5929; x_wconf 83' lang='lat' dir='ltr'><strong>(l)</strong></span> <span class='ocrx_word' id='word_1_865' title='bbox 2238 5851 2401 5914; x_wconf 87' lang='lat' dir='ltr'><strong>Falsa</strong></span> <span class='ocrx_word' id='word_1_866' title='bbox 2428 5843 2771 5922; x_wconf 84' lang='lat' dir='ltr'><strong>temporibus</strong></span> <span class='ocrx_word' id='word_1_867' title='bbox 2788 5854 2945 5914; x_wconf 82' lang='lat' dir='ltr'><strong>nota.</strong></span> 
     </span>
    </p>
   </div>
  </div>
