4158 6260
575 355 643 412 87
1614 351 1790 410 SIXTI
1833 352 2038 410 PAP/E
2077 352 2120 409 ll
2166 351 2524 411 EPISTOLAE
2564 352 2813 412 DUBUE.
3808 352 3877 409 88

576 472 832 529 diffusum
855 481 960 541 est,
993 482 1050 530 ut
1076 473 1128 529 in
1156 471 1236 530 eis
1264 468 1505 527 volatilia
1532 471 1864 527 coelicnncta
1896 470 2173 527 niditicent
2200 473 2252 534 Α
2277 473 2413 526 venit
2443 470 2685 541 (Matth.,
2712 469 2890 543 xvtn).
2943 468 3012 526 Et
3053 482 3377 543 quamquam
3410 468 3554 540 juxta
3582 467 3881 526 Salvatoris

579 565 822 639 (Mattlt.,
850 567 968 639 xm)
995 587 1007 622 :
1037 567 1314 638 gratiaque
1331 565 1403 621 sit
1426 565 1688 620 fermento
1715 565 1810 629 illi,
1839 563 1983 635 quod
2013 563 2183 620 tribus

573 659 764 713 farina}
790 660 920 714 satis
949 658 1123 730 (Lua,
1158 659 1297 728 χιιι),
1346 657 1509 712 totius
1535 656 1755 712 humani
1786 658 2002 728 generis
2037 672 2180 712 mas-

573 766 691 806 sam
724 752 774 805 in
808 753 1011 807 unitate
1040 753 1343 824 conspersit
1397 771 1408 806 :
1458 763 1617 823 alque
1653 768 1822 821 parvo
1870 751 2057 822 lapidi,
2091 750 2183 822 qui

576 844 820 900 abscisus
839 846 905 900 de
930 859 1110 901 monte
1134 848 1252 901 sine
1275 845 1542 909 manibus,
1566 846 1850 916 occupavit
1877 847 2180 900 universam

572 939 764 993 faciem
808 939 956 994 orbis
1005 949 1162 995 terra:
1214 938 1405 1013 (Dan..
1455 937 1536 1008 ιι).
1572 939 1671 1006 Qui
1703 938 1768 992 ad
1801 938 1902 993 hoc
1932 947 2178 992 naturam

570 1045 777 1088 nosme
821 1035 1022 1099 carnis,
1071 1042 1126 1089 et
1155 1044 1326 1088 status
1365 1033 1578 1088 servilis
1607 1033 1832 1086 formam
1875 1047 2179 1098 assumens,

573 1126 852 1182 humiliter
882 1142 941 1182 se
970 1142 1356 1199 usquequaque
1381 1126 1656 1187 distendit,
1687 1135 1744 1179 ιιι
1774 1126 1917 1179 omni
1944 1125 2180 1178 humano

570 1235 770 1291 genere
821 1221 873 1275 in
921 1221 1177 1275 unitatem
1227 1220 1468 1281 redacto,
1506 1218 1667 1271 totius
1717 1230 1914 1286 corpus
1968 1215 2179 1270 unitum

569 1313 857 1383 perliceret
906 1312 1153 1366 ecclesia:
1209 1328 1222 1364 :
1273 1321 1434 1380 atque
1463 1310 1534 1363 ita
1565 1307 1630 1363 ad
1662 1309 1817 1362 istius
1847 1307 2180 1378 compaginis

572 1408 871 1479 pertineret
894 1405 1260 1472 commodum,
1290 1404 1654 1460 membrorum
1686 1403 1925 1472 partialis
1953 1403 2051 1456 ista
2069 1401 2180 1457 dis-

570 1500 782 1555 tinctio.
817 1499 971 1555 Unde
1002 1513 1100 1553 nos
1129 1513 1342 1568 quoque
1371 1514 1398 1550 ιι
1432 1494 1587 1551 vobis
1630 1495 1789 1565 longe
1833 1509 1939 1550 non
1967 1508 2175 1560 sumus,

568 1591 692 1661 quia
727 1593 776 1645 in
811 1592 924 1656 illo,
973 1592 1060 1660 qui
1095 1591 1291 1659 ubique
1327 1597 1427 1653 est,
1478 1603 1640 1641 unum
1684 1601 1892 1641 sumus.
1943 1587 2179 1656 Agamus

565 1700 697 1755 ergo
725 1686 772 1739 ci
805 1686 1024 1754 gratias,
1058 1684 1148 1753 qui
1182 1682 1374 1738 solutis
1404 1680 1701 1736 inimicitiis
1740 1681 1794 1734 in
1842 1694 2010 1734 carne
2054 1695 2174 1748 sua,

565 1780 692 1834 fecit
747 1791 803 1833 ut
851 1780 901 1832 in
949 1779 1093 1832 omni
1143 1778 1273 1832 orbe
1303 1787 1567 1833 terrarum
1603 1791 1739 1831 unus
1769 1784 1915 1832 esset
1939 1791 2090 1846 grex,
2123 1784 2178 1831 et

2287 567 2629 632 sententiam,
2667 581 2865 620 necesse
2889 566 2956 620 sit
2981 566 3146 620 uenire
3170 565 3416 621 scandala
3443 582 3462 619 :
3488 580 3565 619 me
3588 573 3752 618 tamen
3791 578 3882 634 per

2285 673 2433 726 quem
2454 659 2680 710 veniunt.
2715 657 2788 712 De
2817 657 3043 712 occultis
3064 657 3205 711 enim
3233 656 3414 712 cordis
3442 654 3713 726 (Prosperi
3750 665 3880 712 sent.

2283 750 2376 813 21,
2410 759 2459 804 et
2488 749 2550 804 S.
2582 750 2796 821 August.
2828 751 2882 804 in
2910 751 3144 806 eumdem
3175 748 3461 821 Psalmum)
3490 750 3650 805 alieni
3679 759 3885 805 temere

2282 842 2546 911 judicare,
2583 853 2862 912 peceatum
2889 853 2972 899 est
3002 861 3015 898 :
3046 852 3102 900 et
3148 859 3271 900 eum
3318 845 3470 913 cujus
3497 858 3602 898 non
3635 842 3887 898 videntur

2287 952 2454 1008 opera
2485 937 2587 992 nisi
2616 937 2777 1003 bona,
2802 938 3044 1009 iniquum
3073 946 3238 992 estex
3259 937 3566 1006 suspicione
3588 934 3886 1007 reprehen—

2285 1030 2436 1099 dere,
2461 1046 2584 1087 cnm
2628 1047 2840 1099 eorum,
2871 1047 2990 1103 qua:
3023 1031 3225 1086 homini
3259 1041 3383 1086 sunt
3412 1030 3704 1100 incognita,
3736 1029 3886 1085 solus

2287 1122 2429 1176 Deus
2471 1122 2639 1192 judex
2671 1123 2740 1178 sit
2765 1123 2962 1192 justus,
2995 1124 3083 1195 qui
3115 1123 3388 1192 inspector
3412 1132 3495 1180 est
3522 1137 3699 1178 verus.
3735 1120 3886 1178 Unde

2283 1215 2545 1285 scriptum
2577 1225 2662 1272 est
2695 1234 2709 1272 :
2743 1217 2950 1272 Incerta
2980 1233 3081 1271 non
3102 1217 3416 1289 judicemus,
3446 1233 3706 1288 quousque
3723 1216 3885 1271 adite.

2283 1308 2392 1362 nitu
2423 1307 2696 1376 Dominus,
2727 1310 2813 1380 qui
2839 1320 2884 1363 et
2907 1309 3216 1364 illuminabil
3237 1309 3534 1364 abscondita
3563 1309 3885 1364 tenebrarum

2283 1410 2330 1456 et
2359 1402 2705 1474 manifestabit
2735 1404 2950 1458 consilia
2975 1403 3206 1457 cordium
3235 1403 3278 1472 (Ι
3308 1403 3452 1469 Cor.,
3485 1402 3543 1473 4)
3569 1402 3661 1472 (In
3689 1401 3879 1457 decret.

2283 1493 2482 1562 Ivonis,
2511 1496 2627 1551 libri
2652 1497 2754 1566 tv).
2789 1497 2857 1552 Et
2885 1498 3129 1568 quamvis
3156 1512 3284 1553 vera
3312 1499 3420 1552 sint
3466 1497 3554 1568 (S.
3594 1496 3725 1551 Isid.
3775 1496 3885 1568 Sy—

2281 1603 2405 1642 non.
2441 1603 2499 1655 ιι,
2532 1606 2579 1642 c.
2612 1589 2725 1658 16),
2755 1603 2860 1644 non
2894 1597 3072 1644 tamen
3101 1587 3372 1644 credenda
3401 1597 3546 1654 sunt,
3577 1589 3680 1643 nisi
3721 1586 3886 1644 certis

2281 1681 2498 1737 indiciis
2524 1683 2965 1753 comprobentur,
3023 1683 3127 1738 nisi
3186 1697 3308 1753 qua:
3360 1682 3643 1738 manifesto
3687 1681 3889 1753 judicio

2281 1774 2701 1840 convincuntur,
2732 1775 2832 1829 nisi
2861 1790 2982 1846 quae
3007 1775 3293 1845 judiciario
3313 1775 3504 1832 ordine
3527 1775 3889 1846 publicentur.

561 1886 727 1926 unum
752 1870 890 1925 ovile
907 1870 1007 1925 sub
1035 1885 1142 1924 ιιιιο
1173 1879 1424 1940 pastore;
1454 1883 1671 1938 semper
1699 1883 1988 1934 memores,
2018 1868 2163 1938 quod
2195 1871 2242 1931 B
2272 1864 2458 1921 Nullus
2507 1881 2637 1937 ergo
2689 1875 2868 1936 potest
2921 1867 3157 1921 humano
3207 1865 3557 1922 condemnari
3613 1866 3888 1935 examine,

564 1977 662 2019 vos
693 1963 931 2018 veritatis
973 1963 1295 2032 praedicator
1339 1962 1649 2028 admoneat,
1683 1961 1870 2016 dicens
1905 1978 1918 2014 :
1950 1960 2177 2016 Solliciti

564 2064 760 2111 servate
784 2056 1030 2110 unitatem
1058 2056 1268 2124 spiritus
1298 2056 1352 2108 in
1399 2055 1602 2110 vinculo
1631 2057 1771 2126 pacis
1799 2053 2043 2126 (Ephes.,
2077 2054 2174 2127 tv).

566 2149 856 2205 Vinculum
885 2149 1031 2203 enim
1063 2149 1210 2219 pacis
1242 2164 1404 2204 nemo
1435 2157 1638 2208 servat.
1688 2148 1816 2203 dum
1845 2148 2012 2203 alium
2041 2146 2179 2202 infe-

565 2253 674 2299 stat
701 2251 795 2296 aut
825 2242 1028 2308 Verbis,
1061 2251 1153 2296 aut
1183 2241 1337 2296 factis
1367 2243 1728 2312 persequitur.
1777 2241 1926 2307 Ideo,
1961 2244 2175 2309 fratres,

567 2335 668 2392 ista
692 2336 1048 2406 prsetulintus,
1065 2335 1186 2405 quia
1209 2334 1513 2388 audivimus
1531 2335 1672 2389 inter
1688 2348 1785 2389 vos
1806 2333 2179 2389 accusationes

564 2432 831 2495 exerceri,
856 2438 915 2483 et
938 2431 1122 2498 pulsos
1140 2445 1169 2484 a
1193 2429 1413 2484 sedibus
1435 2429 1741 2498 episc0pos,
1770 2436 1864 2481 aut
1881 2428 1991 2482 suis
2016 2427 2180 2482 rebus

567 2525 874 2595 expoliatos
900 2524 1158 2594 judicari.

638 2617 1103 2686 l.—Quapropter
1132 2625 1392 2670 statutum
1423 2625 1527 2680 est,
1547 2625 1603 2670 ut
1624 2617 1668 2669 si
1702 2617 1820 2684 qu'is
1847 2626 2037 2672 contra
2067 2618 2181 2688 epi-

563 2723 786 2780 SCOpum
817 2709 899 2764 vel
930 2719 1141 2764 actores
1174 2710 1449 2775 Ecclesia),
1477 2723 1536 2763 se
1567 2708 1843 2777 proprium
1885 2710 2183 2766 crediderit

567 2803 774 2858 habere
794 2803 1066 2873 negotium
1092 2801 1316 2872 (Iladr.,
1334 2801 1482 2863 coll.,
1508 2817 1553 2854 c.
1578 2801 1635 2865 2,
1663 2816 1726 2853 ex
1746 2799 1904 2854 Cone.
1924 2801 2100 2855 Aurel.
2127 2818 2180 2868 v,

567 2921 686 2960 can.
746 2903 888 2976 l7).
939 2919 1044 2958 non
1095 2904 1245 2972 prius
1294 2904 1453 2958 adeat
1500 2902 1728 2971 indices,
1779 2915 1938 2970 quam
1968 2897 2035 2952 ad
2088 2911 2184 2952 eos

571 3005 819 3054 recurrat
879 2995 1400 3060 charitatissutdio,
1467 3005 1524 3048 ut
1580 2993 1830 3048 familiari
1916 2991 2185 3060 cttlloquio

570 3089 911 3154 commoniti,
963 3103 1026 3142 ea
1077 3102 1274 3142 sanare
1325 3086 1577 3151 debeant,
1638 3101 1756 3156 quae
1811 3085 1863 3139 in
1915 3084 2186 3154 querimo-

575 3181 719 3236 niam
746 3179 1103 3234 deducuntur.
1137 3178 1292 3247 Quod
1322 3179 1367 3233 si
1398 3179 1555 3234 aliter
1581 3178 1775 3249 egerit,
1807 3177 2188 3233 communione

576 3277 840 3345 privetur.

650 3365 996 3423 ll.——Nemo
1028 3367 1345 3436 pontificum
1395 3365 1653 3434 deinceps
1699 3366 1932 3436 aliquem
1982 3365 2194 3436 episco-

585 3475 714 3530 pum
759 3459 871 3513 suis
908 3459 1233 3529 expoliatum
1263 3460 1424 3514 rebus
1444 3501 1456 3521 ,
1485 3469 1577 3513 aut
1605 3474 1634 3512 a
1663 3458 1792 3513 sede
1826 3459 2062 3526 pulsum,
2093 3474 2188 3512 ex-

584 3551 989 3607 communicare
1011 3561 1103 3605 aut
1129 3549 1376 3619 judicare
1401 3559 1711 3620 prmsumat,
1741 3551 1864 3620 quia
1893 3565 1997 3604 non
2029 3551 2193 3617 privi-

585 3647 818 3718 legium,
848 3662 954 3717 quo
983 3647 1242 3716 expoliari
1285 3646 1453 3716 possit
1492 3646 1602 3716 jam
1651 3644 1880 3700 nudatus
1926 3643 2100 3716 (Idem
2140 3647 2194 3699 in

587 3742 778 3796 decret.
809 3741 1093 3795 Alexandri
1124 3757 1292 3812 papw,
1323 3749 1369 3794 et
1396 3743 1449 3794 in
1479 3740 1665 3795 deet-et.
1693 3737 1828 3793 Julii
1857 3739 2048 3810 papte).

661 3833 749 3890 Ill.
771 3834 1044 3889 —-anlus
1071 3836 1359 3906 episcopus
1391 3835 1610 3889 alterius
1639 3833 2022 3903 parochianum
2049 3848 2185 3904 prae-

593 3936 773 3984 sumat
811 3928 1066 3992 retinere,
1110 3937 1204 3982 aut
1240 3928 1492 3984 ordinare
1517 3929 1721 3998 absque
1747 3927 1862 3998 ejus
1893 3928 2193 3993 voluntate,

595 4020 684 4076 vel
703 4019 946 4090 judicare
973 4038 986 4073 :
1017 4021 1140 4091 quia
1171 4021 1311 4076 sicut
1339 4021 1491 4075 irrita
1520 4020 1637 4091 ejus
1680 4020 1783 4074 erit
1805 4019 2093 4084 ordinatio,
2124 4019 2197 4074 ita

597 4121 653 4168 et
673 4111 1019 4183 dijudicatiox
1031 4111 1198 4166 Hadr.
1229 4113 1353 4167 coll.
1377 4130 1422 4166 c.
1457 4112 1579 4183 l6);
1611 4111 1862 4183 quoniam
1885 4127 2193 4179 censemus,

597 4205 806 4259 nullum
859 4205 1081 4260 alterius
1129 4206 1347 4274 jndicis,
1408 4206 1507 4261 nisi
1552 4207 1659 4273 sui,
1710 4207 1974 4260 sententia
2029 4206 2198 4261 teneri

600 4298 859 4368 (Aniantts
880 4299 946 4352 ad
965 4309 1126 4354 coast.
1148 4299 1353 4353 unicum
1381 4299 1459 4353 tit.
1484 4299 1570 4364 16,
1597 4299 1688 4354 lib.
1706 4315 1780 4365 tv,
1809 4300 1924 4353 cod.
1949 4297 2194 4370 Tlteod.).

597 4391 734 4448 Nam
789 4394 881 4462 qui
927 4408 1052 4448 eum
1097 4393 1348 4448 ordinare
1401 4408 1506 4447 non
1564 4395 1755 4463 potuit,
1809 4408 1910 4447 nec
1955 4393 2200 4463 judicare

595 4485 868 4539 ullatenus
933 4485 1152 4554 poterit.
1219 4483 1323 4538 Ista
1383 4482 1527 4538 enim
1585 4483 1738 4537 vobis
1803 4483 2060 4554 deinceps
2114 4492 2199 4540 te-

598 4576 816 4644 nenda,
883 4586 938 4631 et
985 4575 1192 4648 fratres
1255 4574 1489 4630 vieiSsim
1554 4573 1810 4644 adjuvare
1884 4574 2200 4631 mandamus

2277 1973 2438 2029 quem
2482 1958 2623 2014 Deus
2651 1973 2750 2013 suo
2798 1958 3002 2030 judicio
3042 1959 3337 2014 reservavit
3379 1957 3589 2032 (Hadr.
3618 1958 3741 2014 coll.
3770 1974 3889 2026 cap.

2278 2051 2340 2106 5|
2375 2059 2420 2106 et
2451 2050 2556 2117 67;
2587 2061 2634 2105 et
2659 2050 2836 2107 Const.
2870 2050 3098 2124 Magnus
3127 2052 3196 2106 ad
3229 2051 3410 2106 Patres
3442 2050 3729 2124 Nicatnos).
3763 2049 3892 2106 Haec

2279 2134 2462 2197 omnia
2480 2157 2827 2211 sumnmpere
2847 2150 2975 2197 sunt
2994 2142 3365 2214 prmcaveuda,
3385 2159 3453 2198 ne
3475 2152 3894 2213 prtesumptores

2279 2249 2402 2290 esse
2434 2235 2730 2288 videamur.
2757 2233 2827 2289 Et
2851 2235 3123 2289 aCCUSuliO
3163 2235 3538 2304 episcoporum
3568 2249 3672 2288 non
3701 2243 3787 2289 est
3814 2233 3896 2288 la-

2280 2327 2384 2382 cile
2410 2326 2738 2396 recipienda,
2772 2326 2984 2380 dicente
3005 2326 3230 2381 Domino
3255 2344 3269 2379 :
3302 2325 3423 2380 Non
3447 2326 3693 2394 suspicies
3720 2342 3899 2380 vocent

2281 2419 2533 2472 mendacii
2564 2416 2760 2486 (Exod.
2793 2416 2911 2484 25).
2943 2417 3011 2472 Ει
3041 2417 3334 2488 Apostolus
3361 2417 3417 2488 (Ι
3449 2417 3677 2471 Timoth.
3711 2415 3781 2489 5)
3811 2419 3893 2474 in-

2282 2512 2419 2582 quit,
2461 2511 2724 2566 adversus
2751 2512 3128 2582 presbyterum
3173 2512 3584 2583 inscriptionem
3616 2528 3723 2568 non
3752 2515 3896 2569 reci-

2285 2604 2536 2674 piendam
2568 2604 2775 2672 abSque
2801 2604 3012 2658 duobus
3055 2605 3140 2660 vel
3187 2605 3355 2659 tribus
3406 2605 3621 2661 idoneis
3672 2606 3896 2663 testibus

2287 2697 2449 2771 (Vide
2475 2700 2745 2768 epistolam
2777 2714 2832 2766 ιι,
2867 2697 3002 2752 Julii
3031 2714 3200 2771 papae,
3247 2700 3422 2753 eadem
3447 2701 3638 2761 νοθείας
3666 2700 3777 2754 labe
3805 2704 3898 2770 fa:-

2286 2792 2508 2865 datam).
2542 2791 2597 2848 Si
2647 2793 2761 2847 ltrec
2788 2791 2856 2846 de
2890 2791 3223 2862 presbyteris
3255 2791 3336 2846 vel
3386 2793 3597 2848 caeteris
3648 2791 3900 2847 fidelibus

2285 2895 2410 2940 sunt
2441 2885 2814 2955 prmcavenda,
2840 2895 3042 2956 quanto
3065 2887 3235 2956 magis
3263 2885 3330 2940 de
3358 2884 3665 2954 episcopis?
3691 2884 3898 2954 Quibus

2286 2981 2540 3050 cognitis,
2588 2981 2758 3050 magis
2789 2994 2886 3034 vos
2931 2979 3198 3034 dominari
3241 2979 3382 3033 velle
3422 2978 3764 3032 manifestum
3792 2988 3897 3046 est,

2289 3088 2449 3143 quam
2480 3072 2768 3129 consulere
2802 3070 3077 3140 fratribus,
3127 3080 3221 3127 aut
3253 3080 3560 3125 sustentare
3608 3085 3722 3136 eos,
3772 3072 3898 3141 quia

2291 3167 2468 3222 honor
2498 3167 2649 3222 inﬂat
2700 3166 3011 3237 superbiam
3049 3185 3062 3221 :
3097 3174 3152 3221 et
3193 3165 3338 3236 quod
3386 3168 3656 3236 provisum
3701 3174 3785 3225 est
3831 3166 3901 3221 ad

2215 3263 2260 3325 C
2293 3261 2663 3325 concordiam,
2721 3260 2893 3315 tendit
2943 3259 3009 3314 ad
3060 3273 3279 3314 noxam.
3338 3259 3599 3313 Decnerat
3648 3273 3898 3329 namque,

2289 3355 2444 3425 juxta
2476 3352 2726 3425 praefatus
2767 3353 3002 3422 regulas,
3053 3359 3110 3406 ut
3139 3352 3183 3406 si
3215 3351 3415 3422 aliquid
3448 3352 3685 3422 egissent
3711 3359 3901 3405 contra

2295 3465 2452 3504 suum
2482 3447 2749 3514 ordinem,
2781 3444 3040 3500 mandare
3063 3444 3239 3508 nobis,
3266 3454 3320 3498 et
3345 3454 3654 3514 expectare,
3684 3443 3811 3514 quid
3833 3442 3901 3496 ad

2296 3550 2479 3596 vestra
2512 3538 2760 3594 consulta
2789 3537 3234 3602 rescriberemus,
3265 3536 3551 3602 intantum,
3579 3542 3640 3590 ut
3664 3535 3707 3589 si
3738 3536 3901 3590 etiam

2296 3634 2588 3706 quidquam
2663 3648 2827 3704 grave
2896 3630 3399 3700 intolerandumque
3466 3631 3900 3694 committerent,

2295 3735 2482 3782 nostra
2513 3725 2922 3794 praestolaretur
2952 3737 3201 3788 censura,
3235 3733 3292 3777 ut
3338 3723 3470 3776 nihil
3505 3722 3653 3790 prius
3681 3732 3776 3776 aut
3802 3721 3906 3775 ali~

2296 3817 2426 3888 quid
2477 3816 2623 3872 aliud
2674 3816 3062 3882 dccerneretis,
3116 3831 3275 3885 quam
3327 3815 3469 3884 quod
3503 3815 3657 3869 nobis
3689 3814 3906 3885 placere

2298 3907 2683 3978 cognoveritis,
2711 3917 2765 3963 et
2790 3923 2820 3961 a
2852 3907 3054 3978 regulis
3084 3907 3396 3977 praestitutis
3423 3907 3588 3972 nulla,
3624 3915 3715 3959 aut
3739 3907 3906 3976 negli-

2297 4003 2502 4074 gentia,
2557 4011 2651 4055 aut
2697 4003 3117 4072 praesumptione
3166 4001 3515 4057 recedet-etis.
3566 4001 3756 4057 Cesset
3802 4000 3908 4056 hu-

2294 4081 2556 4158 iusmodi,
2573 4093 2866 4164 necilliqui
2889 4108 2988 4148 nos
3011 4093 3065 4148 in
3098 4109 3194 4148 sua
3222 4094 3411 4148 nolunt
3432 4095 3674 4164 recipere
3689 4095 3906 4164 querela

2299 4187 2382 4243 vel
2396 4189 2759 4254 accusatione,
2778 4197 3121 4248 nocuntenta,
3150 4187 3273 4258 quia
3302 4203 3637 4258 nequaquam
3669 4189 3791 4242 talia
3817 4204 3910 4259 pa-

2303 4280 2498 4334 tienter
2529 4279 2670 4335 ferre
2699 4294 2982 4350 possumus
3012 4278 3466 4345 machinamenta,
3495 4280 3748 4349 quoniam
3780 4295 3906 4335 con-

2303 4373 2447 4426 venit
2470 4372 2625 4427 nobis
2645 4383 2982 4442 paternarum
2999 4370 3334 4426 sanctionum
3349 4371 3634 4442 diligenter
3649 4388 3770 4428 esse
3789 4388 3910 4427 cns-

2301 4464 2475 4520 todes.
2505 4464 2692 4520 Merito
2725 4481 2952 4537 namque
2983 4480 3140 4521 causa
3185 4479 3283 4521 nos
3324 4466 3566 4537 reSpicit,
3611 4467 3655 4522 si
3697 4468 3911 4524 silentio

2303 4557 2576 4614 faveamus
2600 4561 2794 4615 errori.

603 4667 776 4741 (Idem
807 4669 860 4722 in
887 4668 1104 4722 decretis
1133 4667 1270 4721 Simli
1300 4667 1340 4730 ι,
1373 4677 1422 4721 et
1469 4666 1708 4721 similiter
1733 4667 1787 4720 in
1814 4667 2027 4742 decretis
2067 4667 2200 4722 Julii
2228 4659 2277 4718 D
2378 4649 2439 4705 V-
2460 4651 2642 4706 -Εει
2669 4653 2887 4722 insuper
2907 4668 2936 4706 τι
2959 4655 3160 4708 sanctis
3188 4653 3676 4723 praedecessoribus
3709 4663 3910 4710 nostris

599 4759 797 4832 papae).
833 4801 848 4816 .

673 4851 1089 4908 lV.-—-Fratres
1135 4867 1284 4918 vero,
1317 4869 1452 4923 quos
1499 4854 1692 4908 timore
1735 4861 1954 4908 terreno
2000 4852 2198 4923 injusw

597 4947 918 5015 damnastis,
947 4949 1138 5003 scitote
1167 4962 1194 5000 a
1229 4948 1384 5002 nobis
1417 4948 1558 5016 jnste
1585 4962 1706 5002 esse
1737 4947 2034 5002 restitutos.
2067 4946 2196 5014 Qui-

596 5040 720 5107 hus,
750 5055 820 5095 ex
852 5040 1021 5096 sancti
1050 5040 1194 5096 Petri
1223 5049 1277 5095 et
1305 5039 1603 5110 apostolica
1646 5041 1966 5094 auctoritate
1991 5040 2194 5108 omnia,

593 5149 717 5205 qua:
759 5134 844 5188 eis
866 5134 1044 5187 ablata
1074 5142 1216 5199 sunt,
1267 5133 1614 5202 integerrime
1652 5132 1800 5187 reddi
1833 5133 2193 5202 pra-cipimus,

595 5227 645 5281 si
673 5241 778 5280 non
810 5223 973 5279 vultis
998 5238 1094 5278 vos
1120 5231 1177 5279 et
1208 5224 1477 5294 principes
1501 5225 1664 5279 vestri
1697 5241 1724 5277 a
1751 5225 1981 5295 collegio
2013 5233 2200 5279 nostro

591 5326 650 5373 et
695 5318 952 5374 membris
995 5317 1244 5373 ecclesia:
1293 5319 1554 5386 separari.
1603 5317 1757 5372 Justo
1803 5320 1946 5372 enim
1994 5317 2199 5388 judicio

593 5409 691 5462 Dei
721 5410 877 5464 datur
905 5409 1221 5479 plerumque
1250 5409 1621 5479 peccatoribus
1655 5418 1914 5478 potestas,
1947 5427 2050 5480 qua
2075 5425 2200 5465 san-

588 5508 710 5556 ctos
735 5501 905 5569 ipsius
935 5513 1332 5575 persequantur
1356 5501 1627 5573 (Prosperi
1651 5515 1782 5559 sent.
1803 5505 1894 5568 25,
1927 5516 1975 5560 et
2003 5506 2066 5562 S.
2094 5506 2202 5560 Au-

585 5602 724 5664 gust.
753 5592 808 5646 in
844 5591 934 5647 Ps.
970 5596 1186 5668 cxvnt);
1235 5605 1293 5650 ut
1340 5595 1430 5666 qui
1473 5593 1668 5664 spiritu
1717 5595 1809 5650 Dei
1854 5595 2112 5664 juvantur
2140 5608 2195 5653 et

590 5697 844 5757 aguntur,
877 5685 1006 5740 liant
1048 5703 1144 5756 per
1191 5688 1435 5745 laborum
1483 5688 1739 5744 exercitia
1785 5687 2064 5744 clariores.
2112 5689 2197 5746 Illi

593 5787 771 5835 tamen
802 5780 892 5850 qui
935 5779 1036 5834 hoc
1079 5792 1260 5849 agunt,
1309 5782 1615 5838 nullatenus
1661 5782 1894 5840 evadent
1936 5797 2191 5853 pinnam:

585 5870 730 5940 quia,
775 5883 832 5928 ut
857 5871 932 5927 ait
961 5870 1261 5929 Dominus:
1305 5873 1396 5931 Vte
1438 5875 1516 5932 illi
1562 5892 1652 5947 per
1694 5892 1843 5948 quem
1882 5875 2192 5948 scandalum

2298 4743 2616 4815 plerumque
2637 4745 2747 4816 jam
2765 4755 3046 4811 statutum,
3073 4757 3129 4802 ut
3153 4762 3311 4802 nemo
3332 4747 3619 4803 anathema
3647 4748 3702 4803 in
3726 4759 3910 4804 nostra

2296 4837 2622 4907 suspiciatur
2645 4839 2985 4894 accusatione
3003 4853 3184 4908 pressa
3200 4847 3380 4893 nostra
3395 4841 3734 4906 auctoritate,
3771 4855 3910 4910 prae-

2293 4923 3131 4994 sumptio;citenturhujusmodi,
3161 4939 3281 4979 cum
3309 4939 3406 4979 nos
3433 4941 3596 4995 super
3617 4925 3735 4980 illos
3772 4925 3912 4979 scia-

2297 5030 2446 5070 musa
2490 5017 2713 5072 Domino
2753 5017 3092 5083 constitutos,
3118 5032 3223 5071 non
3255 5016 3912 5086 illossupernos.Etsicut

2292 5111 2468 5180 major
2490 5125 2594 5164 non
2623 5120 2846 5181 potesta
2871 5110 3078 5164 minore
3099 5109 3352 5179 judicari,
3384 5109 3453 5162 ita
3483 5123 3581 5162 nec
3609 5108 3850 5179 colligari
3880 5127 3894 5175 ;

2303 5205 2434 5274 quia
2479 5218 2658 5258 rarum
2702 5212 2787 5256 est
2830 5217 2990 5258 omne
3015 5203 3158 5274 quod
3186 5217 3434 5273 magnum
3474 5209 3576 5256 est.
3625 5201 3911 5259 Portemus

2301 5311 2466 5352 onera
2498 5295 2738 5350 omnium
2766 5295 2855 5363 qui
2895 5303 3205 5364 gravantur,
3248 5296 3514 5366 quinitno,
3568 5294 3684 5351 Itiec
3731 5306 3909 5366 portat

2302 5388 2357 5442 in
2382 5388 2538 5442 nobis
2557 5387 2746 5442 beatus
2768 5387 3042 5456 apostolus
3076 5387 3285 5451 Petrus,
3311 5387 3468 5455 cujus
3495 5387 3611 5444 vice
3641 5387 3909 5460 fungimur

2302 5479 2594 5550 legatione,
2627 5487 2683 5534 et
2707 5479 2862 5548 cujus
2889 5479 3072 5546 regula
3102 5476 3478 5542 informatnur,
3511 5490 3773 5549 quatenus
3790 5478 3908 5548 ejus

2307 5573 2425 5628 fulti
2453 5573 2670 5638 auxilio,
2706 5573 2773 5628 ab
2798 5573 3049 5626 omnibus
3079 5586 3220 5627 nunc
3247 5580 3302 5627 et
3334 5571 3387 5626 in
3410 5584 3725 5643 perpetuum
3759 5580 3910 5626 mea-

2304 5684 2426 5723 mur
2464 5669 2726 5724 adversis.
2779 5669 2906 5723 Data
2939 5683 3044 5723 xvu
3074 5666 3335 5722 kalendas
3369 5667 3580 5739 augusti
3614 5663 3715 5738 (l),
3752 5663 3908 5722 Valc-

2303 5761 2458 5818 riano
2483 5769 2540 5818 et
2570 5761 2754 5830 Decio,
2786 5758 2918 5817 viris
2944 5759 3286 5828 clarissimis,
3319 5757 3650 5817 consulibus.

2295 5901 2373 5975 (ι)
2392 5900 2678 5959 Adnotatio
2697 5898 2856 5956 falsa.
