4230 6212
344 342 416 401 89
1149 337 1508 397 EPISTOL/E
1543 339 1705 411 QUAE
1741 339 1835 398 AD
1874 340 2135 401 SIXTUM
2174 342 2406 402 PAPAM
2446 344 2813 404 ATTINENT.
3586 352 3661 413 90

714 453 1032 514 DECRETA
1074 453 1255 512 SlXTl
1295 452 1584 512 SECUNDI

606 655 681 711 Ex
724 653 1006 711 Gnmauo
1045 652 1123 726 (2
1160 670 1214 725 q.
1261 653 1294 708 6
1332 664 1386 709 et
1424 655 1458 710 5
1496 671 1549 727 q.
1593 655 1672 727 6).

421 857 478 914 Si
508 855 630 928 quis
665 854 936 927 putaverit
963 867 1025 908 se
1049 866 1078 905 a
1112 852 1330 923 proprio
1361 855 1779 926 metropolitano
1826 870 1952 927 gra-

1972 458 2025 518 Α

2515 460 2596 516 Ex
2635 476 2812 518 nonan
2853 477 2922 518 ur
2959 477 3145 521 SUPRA.

2054 569 2225 641 Super
2252 572 2612 644 appellatione,
2659 575 2870 631 alterius
2909 578 3185 647 provincia:
3219 579 3429 651 judices
3476 579 3659 638 audire

2673 683 2775 722 non
2802 677 3018 738 oportet.

2127 776 2184 833 Si
2208 779 2327 847 quis
2352 778 2583 835 clericus
2607 795 2769 850 super
2794 780 3121 850 quibuslibet
3149 782 3471 840 criminibus
3498 798 3659 841 accu-

2056 879 2208 926 satus
2237 870 2418 938 l‘uerit,
2447 873 2499 927 in
2530 873 2825 943 provincia,
2880 874 2934 928 in
2994 889 3098 944 qua
3147 876 3396 930 consistit
3438 876 3531 931 ille
3568 878 3661 948 qui

339 951 454 1006 vari
484 947 627 1020 apud
657 948 941 1019 primatem
967 945 1289 1009 dimceseos,
1313 955 1406 1001 aut
1436 962 1605 1018 penes
1632 948 1938 1005 universali:

2054 966 2318 1036 pulsatur,
2349 980 2474 1020 suas
2505 976 2758 1023 exerceat
2785 968 3027 1023 actiones
3057 986 3070 1022 :
3105 984 3207 1024 nec
3231 970 3505 1024 existimet
3529 985 3656 1026 eum

340 1041 652 1115 apostolicae
678 1039 939 1096 Ecclesiae
967 1054 1157 1111 papam
1181 1037 1476 1110 judicetur.

2054 1070 2339 1114 accusator
2362 1074 2490 1115 suus
2519 1059 2669 1129 alibi,
2702 1071 2793 1116 aut
2824 1060 3034 1132 longius
3069 1062 3135 1118 ad
3162 1062 3420 1132 judicium
3453 1073 3663 1134 protra-

2058 1149 2317 1205 bendum.

1554 1450 2493 1584 EPISTOLZE

494 1705 732 1797 QUAE
767 1705 922 1780 AD
971 1703 1381 1781 SIXTUM
1430 1704 1560 1797 II,
1608 1704 2002 1782 PAPAM
2056 1708 2199 1781 ET
2248 1709 2896 1785 MABTYREM
2948 1710 3538 1790 ATTINENT.

1746 1891 2266 1948 mam

608 2061 967 2121 EPISTOLIE
1005 2062 1046 2117 1.
1089 2061 1385 2121 DIONYSII
1424 2061 1899 2120 ALEXANDRINI
1934 2062 2247 2123 EPISCOPI
2284 2065 2379 2124 AD
2419 2065 2681 2125 SIXTUM
2718 2067 2953 2125 PAPAM
2994 2068 3450 2129 FRAGMENTA.

340 2228 607 2296 Dionysius
630 2228 859 2295 epistolas
872 2235 1115 2280 memorat
1131 2241 1159 2278 a
1181 2241 1239 2279 se
1260 2230 1470 2292 scriptas
1499 2236 1604 2277 tum
1629 2226 1690 2276 ad
1720 2227 2025 2291 Stephanum
2049 2240 2242 2292 papam,
2263 2231 2369 2278 tum
2393 2227 2454 2278 ad
2475 2226 2761 2293 Dionysium
2787 2236 2841 2279 et
2862 2227 3209 2281 Philemonem
3229 2231 3571 2298 presbyteros,
3595 2232 3664 2285 de

1356 2312 1600 2376 baptismo
1622 2311 1971 2363 haereticorum
1995 2320 2049 2364 et
2066 2312 2132 2362 de
2152 2312 2334 2363 haeresi
2366 2310 2669 2362 Sabelliana.

336 2470 375 2551 "
416 2468 461 2524 l.
512 2470 681 2523 Antea
719 2465 941 2538 quidem
986 2464 1197 2519 litteras
1247 2464 1538 2534 scripserat
1584 2463 1938 2535 (Stephanus)

2118 2464 2447 2520 Ἐπεστάλκει
2493 2466 2584 2537 μέν
2624 2462 2711 2519 οὖν
2765 2468 3019 2543 πρότερον
3049 2468 3380 2543 (Στέφανος)
3415 2475 3504 2528 καὶ
3544 2477 3669 2551 περὶ

342 2541 420 2618 de
444 2561 655 2617 Heleno
696 2568 753 2616 et
798 2559 867 2615 de
896 2559 1243 2626 Firmiliauo,
1302 2573 1368 2614 ac
1415 2558 1485 2614 de
1545 2559 1796 2613 omnibus
1849 2572 1947 2628 per

346 2651 603 2709 Ciliciam
630 2661 684 2709 et
706 2651 1095 2722 Cappadociam
1147 2660 1481 2723 cunctasque
1527 2651 1784 2705 ﬁnitimas
1813 2664 1945 2721 pro-

344 2745 555 2802 vincias
578 2744 910 2810 constitutis,
964 2753 1170 2799 testans
1197 2759 1321 2801 sese
1378 2745 1448 2799 ob
1500 2744 1745 2800 eamdem
1797 2744 1943 2798 illam

342 2853 567 2897 causam
596 2839 665 2892 ab
694 2838 907 2893 illorum
932 2840 1315 2893 communione
1348 2837 1714 2893 discessurum
1734 2878 1749 2904 ,
1801 2835 1944 2906 quod

344 2931 637 2988 haereticos
658 2930 1074 3002 rebaptizarent.
1120 2934 1197 2986 Ac
1226 2930 1348 2986 vide
1374 2930 1574 3002 negotii
1603 2930 1942 3002 gravitatem.

345 3026 429 3084 Re
454 3029 594 3082 enim
639 3040 767 3081 vera
806 3026 860 3081 in
889 3025 1176 3093 maximis,
1228 3034 1291 3081 ut
1338 3026 1498 3080 audio
1519 3067 1533 3092 ,
1563 3026 1942 3095 episcoporum

340 3119 585 3177 conciliis
622 3117 903 3177 decretum
932 3126 1049 3184 est,
1103 3126 1160 3173 ut
1199 3120 1291 3188 qui
1338 3118 1405 3172 ab
1436 3118 1629 3174 haeresi
1678 3118 1942 3186 veniunt,

344 3214 576 3284 primum
602 3212 852 3268 doctrina
868 3211 1096 3267 instituti
1113 3210 1419 3285 [catholica]
1443 3226 1504 3266 ac
1524 3211 1721 3268 deinde
1747 3213 1945 3267 veteris

342 3316 397 3365 et
425 3306 623 3377 impuri
651 3305 907 3364 fermenti
935 3306 1187 3362 sordibus
1233 3322 1331 3378 per
1375 3307 1700 3377 baptismum
1754 3322 1945 3379 purga-

340 3410 549 3455 rentur.
597 3400 674 3455 De
714 3398 802 3455 his
845 3399 1099 3455 omnibus
1139 3399 1288 3455 illum
1319 3413 1516 3471 rogans
1568 3410 1622 3455 et
1667 3401 1946 3457 obtestans

344 3494 555 3552 litteras
575 3494 725 3551 misi.

2045 2557 2247 2614 Ἐλένου
2275 2562 2363 2613 καὶ
2382 2562 2503 2634 περί
2519 2559 2867 2633 Φιρμιλιανοῦ,
2898 2564 2986 2615 καὶ
3013 2562 3217 2617 πάντων
3242 2572 3342 2619 τῶν
3369 2586 3424 2621 τε
3446 2568 3550 2622 ἀπὸ
3570 2576 3665 2629 τῆς

2046 2654 2266 2714 Κιλικίας
2305 2657 2395 2708 καὶ
2442 2651 2812 2714 Καππαδοκίας
2857 2659 2946 2710 καὶ
2995 2657 3275 2724 Γαλατίας,
3324 2663 3413 2714 καὶ
3456 2663 3664 2717 πάντων

2047 2755 2146 2801 τῶν
2176 2747 2288 2811 ἑξῆς
2318 2745 2639 2822 ὁμορούντων
2665 2747 2833 2803 ἐθνῶν.
2865 2750 2935 2808 ὡς
2960 2746 3079 2803 οὐδέ
3106 2751 3313 2812 ἐκείνοις
3342 2758 3662 2813 κοινωνήσων

2048 2836 2133 2894 διὰ
2174 2843 2264 2898 τήν
2305 2840 2465 2897 αὐτὴν
2505 2840 2697 2898 ταύτην
2740 2841 2929 2906 αἰτίαν,
2962 2840 3129 2897 ἐπειδέ
3179 2846 3300 2904 τοὺς
3350 2846 3660 2920 αἰρετικοὺς,

2049 2935 2220 3006 φησὶν,
2250 2932 2683 2996 ἀναϐαπτίζονσι.
2718 2935 2807 2987 καὶ
2836 2933 3020 2988 σκόπει
3048 2936 3108 2988 τὸ
3136 2936 3345 3007 μέγεθος
3371 2943 3462 2991 τοῦ
3488 2940 3661 3013 πράγ-

2049 3047 2233 3096 ματος.
2269 3023 2425 3085 ὅντως
2454 3027 2557 3102 γὰρ
2592 3024 2831 3100 δόγματα
2867 3030 2989 3102 περὶ
3015 3029 3202 3081 τούτου
3228 3030 3427 3101 γέγονεν
3457 3030 3507 3084 ἐν
3543 3039 3662 3092 ταῖς

2049 3121 2318 3192 μεγίσταις
2344 3125 2442 3172 τῶν
2464 3118 2761 3174 ἐπισκόπων
2786 3115 3040 3181 συνόδοις,
3065 3121 3133 3179 ὡς
3157 3121 3500 3193 πυνθάνομαι⁹
3523 3122 3658 3177 ὥστε

2047 3217 2170 3273 τοὺς
2195 3213 2509 3288 προσίοντας
2555 3211 2659 3267 ἀπὸ
2697 3212 2965 3286 αἱρέσεως,
2999 3213 3514 3286 προκατηχηθὲντας,
3545 3209 3658 3269 εἶτα

2048 3305 2462 3371 ἀπολούσασθαι,
2489 3308 2576 3359 καὶ
2621 3305 3059 3380 ἀνακαθαίρεσθαι
3088 3306 3175 3361 τὸν
3201 3313 3294 3366 τῆς
3318 3306 3543 3367 παλαίας
3571 3313 3659 3362 καὶ

2047 3402 2342 3477 ἀκαθάρτου
2364 3402 2527 3473 ζύμης
2563 3400 2747 3475 ῥύπον.
2780 3404 2868 3455 καὶ
2893 3404 3014 3475 περὶ
3039 3402 3234 3457 τούτων
3263 3403 3424 3458 αὐτοῦ
3448 3403 3654 3459 πάντων

2049 3494 2284 3569 δεόμενος
2311 3495 2605 3551 ἐπέστειλα.

1431 3609 1493 3660 Et
1513 3607 1763 3673 aliquanto
1787 3613 1898 3673 post
1922 3611 2239 3674 prosequitur
2252 3608 2540 3673 Dionysius.

420 3713 471 3769 2.
504 3714 609 3771 Sed
636 3723 692 3771 et
716 3714 931 3773 dilectis
956 3716 1408 3790 compresbyteris
1434 3718 1637 3774 nostris
1682 3718 1938 3791 Dionysio

342 3818 401 3867 et
447 3810 782 3876 Philemoni,
828 3813 917 3883 qui
963 3813 1112 3883 prius
1148 3827 1269 3867 cum
1311 3812 1588 3884 Stephano
1631 3813 1936 3869 consentie-

342 3904 498 3972 bant,
522 3906 696 3978 deque
729 3906 923 3964 iisdem
955 3908 1020 3963 ad
1053 3923 1139 3963 me
1159 3909 1509 3980 scripserant,
1542 3918 1695 3966 antea
1728 3909 1943 3981 quidem

347 3999 563 4071 paucis,
583 4015 722 4058 nunc
744 4016 874 4058 vero
894 4001 1139 4074 pluribus
1158 4002 1436 4074 rescripsi.

2112 3722 2207 3774 Καὶ
2248 3729 2356 3780 τοῖς
2408 3722 2694 3794 ἀγαπητοῖς
2740 3716 2796 3775 δὲ
2843 3720 2985 3792 ἡμῶν
3024 3721 3112 3776 καὶ
3155 3720 3652 3800 συμπρεσϐντέροις

2043 3817 2286 3887 Διονυσίῳ
2315 3817 2403 3868 καὶ
2425 3815 2677 3888 Φιλήμονι,
2712 3813 3009 3888 συμψήφοις
3036 3815 3287 3891 πρότερον
3316 3817 3544 3891 Στεφάνῳ
3566 3839 3650 3892 γε·

2044 3910 2290 3981 νομένοις,
2321 3911 2407 3962 καὶ
2449 3912 2570 3983 περὶ
2622 3915 2721 3962 τῶν
2761 3910 2929 3962 αὐτῶν
2978 3929 3064 3980 μοι
3092 3909 3348 3983 γράφουσι
3400 3910 3650 3985 πρότερον

1970 3989 2014 4051 C
2047 4004 2138 4077 μὲν
2164 4002 2324 4075 ὀλίγα,
2352 4005 2439 4056 καὶ
2465 4007 2554 4055 νῦν
2578 3999 2632 4057 δὲ
2659 3999 2744 4056 διὰ
2763 4001 3011 4057 πλετὸνων
3039 4001 3330 4057 ἐπέστειλα.

1698 4137 2054 4196 VARIORUM
2089 4136 2316 4194 NOTAE.

416 4278 581 4350 Antea
632 4278 837 4349 quidem
882 4280 1094 4336 litteras.
1162 4280 1255 4336 His
1311 4281 1588 4350 prmmittit
1646 4279 1925 4335 Eusebius.

343 4368 377 4425 ¢_
406 4349 490 4406 Ad
540 4351 680 4425 hunc
710 4350 938 4425 Xystum
960 4349 1633 4425 ‘(Dionysius)sociindatn
1668 4352 1735 4407 de
1789 4350 1930 4425 Bap-

338 4423 508 4494 tismo
537 4422 755 4490 scripsit
780 4423 1064 4493 epistolam
1085 4463 1101 4488 ,
1139 4422 1201 4479 in
1250 4439 1354 4494 qua
1382 4423 1639 4492 Stephani
1670 4423 1830 4494 simul
1869 4438 1933 4478 ac

335 4492 682 4564 reliquorum
742 4492 1116 4564 episcoporum
1167 4492 1488 4549 sententiam
1546 4510 1608 4549 ac
1673 4493 1930 4561 judicium

335 4563 595 4631 exponit,
628 4563 695 4617 ita
725 4563 790 4619 de
836 4563 1113 4635 Stephano
1158 4566 1421 4621 scribens.
1456 4585 1475 4618 ›
1512 4565 1609 4620 Ubi
1651 4565 1767 4619 haec
1814 4565 1932 4635 cpi-

338 4636 479 4709 stola
513 4649 622 4709 non
652 4637 889 4693 secunda
939 4638 1005 4692 ad
1035 4637 1283 4709 Xystum,
1316 4636 1423 4709 sed
1450 4637 1685 4709 secunda
1708 4636 1776 4690 de
1806 4636 1935 4709 bap-

340 4707 509 4779 tismo
560 4707 954 4779 diciturzquia
1011 4707 1263 4763 nimirum
1312 4707 1577 4779 Eusebius
1626 4708 1696 4762 ab
1740 4708 1933 4762 eodem

338 4775 608 4849 Dionysio
638 4777 708 4834 de
738 4775 924 4835 eadem
952 4796 1010 4835 re
1037 4796 1197 4835 uuam
1225 4779 1290 4834 ad
1319 4778 1651 4850 Stephanum
1679 4780 1933 4850 scriptam

335 4856 469 4904 ante
490 4860 839 4906 memorant.
869 4851 1173 4907 Consum.

413 4919 497 4975 De
527 4919 727 4976 Heleno
750 4933 795 4976 et
821 4922 885 4976 de
914 4922 1236 4976 Firmilimto.
1268 4921 1494 4977 Ruﬁnus
1516 4919 1610 4977 lib.
1639 4937 1709 4976 Vli
1728 4962 1741 4984 ,
1774 4936 1824 4976 c.
1866 4923 1934 4989 4,

341 4994 530 5055 vertit,
561 4995 632 5046 ad
660 4990 1028 5048 Firmitianum
1060 5006 1105 5049 et
1134 4993 1412 5054 Helenum,
1445 5001 1575 5056 etc.,
1608 5008 1672 5047 ac
1697 4992 1936 5048 subnexa

346 5062 595 5186 egistolaa
625 5062 784 5134 hujus
807 5065 970 5120 verba
994 5064 1748 5134 praetermittitFirmilianus,
1774 5064 1935 5131 epist.

351 5129 385 5184 7
426 5172 444 5186 .
462 5132 534 5186 ad
557 5133 885 5186 Cvnrianum
906 5177 920 5186 .
950 5136 1327 5186 nrmdictarum
1370 5135 1764 5186 nrovinciarum
1790 5135 1935 5186 enis-

351 5129 444 5195 75,
462 5132 534 5188 ad
557 5129 885 5206 Cyprianum
906 5177 920 5198 ,
950 5129 1327 5205 praedictarum
1370 5129 1764 5206 provinciarum
1790 5129 1939 5206 epis-

352 5215 522 5275 gopos
565 5221 677 5260 uno
729 5205 1069 5261 Orientalium
1123 5208 1342 5263 nomine
1400 5205 1942 5275 complectens,’ait

346 5271 681 5348 Stephanum
711 5278 873 5333 modo
913 5294 1034 5333 cum
1082 5279 1225 5333 Afris
1267 5278 1357 5348 qui
1399 5277 1451 5332 in
1502 5271 1727 5331 meridie
1775 5286 1935 5345 sunt,

344 5344 526 5419 motio
548 5363 659 5401 eum
681 5348 1024 5405 Orientalibus
1057 5365 1240 5419 pacem
1271 5344 1502 5419 rupisse.
1533 5348 1840 5404 Consum.

418 5414 695 5490 Decretum
717 5421 987 5478 est.|eouii
1016 5414 1267 5476 videlicet
1285 5414 1696 5490 ac'Synadaeqtt
1718 5420 1939 5475 inferius

334 5488 680 5563 explicatur,
710 5492 937 5554 habitis.
972 5501 1167 5561 praeter
1206 5508 1267 5547 ea
1296 5488 1419 5563 quze
1459 5492 1509 5544 in
1565 5489 1743 5546 Africa
1797 5491 1937 5546 cele-

334 5560 495 5616 bruta
528 5570 680 5617 sunt.
705 5560 1006 5619 Consum.

407 5629 667 5687 Primam:
699 5634 934 5688 doctrina
982 5636 1221 5689 instituti.
1274 5634 1649 5704 Interpretatio
1701 5632 1936 5701 Valesii,

330 5704 955 5776 primunicateehumeni
983 5707 1195 5774 ﬁerent,
1229 5706 1349 5760 ideo
1392 5722 1495 5759 Itutl
1550 5707 1766 5776 placet,
1814 5707 1937 5776 quia

331 5775 463 5847 hinc
494 5774 783 5847 inducitur
812 5775 1004 5842 lector,
1045 5785 1103 5831 ut
1134 5774 1577 5847 rebaptizantium
1604 5774 1846 5846 judicio,
1872 5777 1939 5834 ab

330 5845 541 5903 hzeresi
620 5846 904 5904 venientes
966 5845 1479 5905 catechumenorum
1542 5845 1722 5905 munia
1788 5852 1939 5919 prius

2034 4279 2187 4334 obire
2208 4277 2523 4348 debuerint,
2539 4291 2699 4346 quam
2728 4275 3458 4348 baptismumpercipercnt.
3488 4279 3651 4337 Certe

2039 4351 2089 4405 in
2124 4349 2353 4404 concilio
2382 4347 2793 4418 Cartltagineusi
2821 4363 2912 4411 ιιι,
2937 4352 3021 4403 cui
3049 4347 3354 4418 Cyprianus
3384 4350 3595 4418 praefuit
3616 4395 3631 4417 ,

2037 4424 2413 4491 episcoporum
2442 4419 2534 4480 86.
2564 4419 2862 4491 sententias
2890 4420 3150 4479 habemus
3187 4437 3199 4473 :
3237 4422 3331 4475 sed
3361 4437 3483 4477 cum
3506 4437 3604 4477 eos
3624 4466 3640 4488 ,

2036 4495 2126 4564 qui
2157 4495 2223 4547 ab
2260 4491 2452 4545 haeresi
2492 4491 2744 4564 veniunt,
2778 4490 3128 4564 baptizandus
3166 4507 3520 4548 esseomues
3548 4494 3645 4550 de-

2038 4561 3010 4637 cernantiut_prius_catechumeni
3044 4561 3207 4637 fiant,
3260 4564 3441 4618 nullus
3486 4566 3646 4637 petit.

2039 4635 2270 4691 Tantum
2303 4632 2500 4689 Lucius
2524 4648 2555 4688 a
2591 4632 2862 4688 'l‘habeste
2886 4633 3054 4688 dixit:
3094 4653 3113 4686 ι
3152 4633 3447 4691 Hzcreticos
3474 4632 3637 4692 exse-

2039 4707 2273 4762 craudos
2294 4720 2524 4770 censeo,
2556 4714 2610 4777 et
2630 4703 2752 4777 ideo
2781 4705 3169 4777 exorcizmdos
3200 4716 3256 4762 et
3283 4708 3639 4777 baptizandus

2040 4793 2163 4834 esse
2197 4795 2209 4831 :
2249 4798 2268 4831 ι
2305 4786 2361 4833 et
2409 4792 2527 4844 cap.
2557 4776 2648 4842 37,
2704 4775 3014 4830 Vincentius
3051 4792 3080 4829 a
3107 4775 3367 4831 TltibariE
3407 4795 3426 4828 ι
3460 4778 3641 4831 Primo

2043 4865 2139 4918 per
2162 4864 2352 4904 manus
2382 4846 2780 4915 impositionem
2812 4847 2863 4900 in
2890 4848 3193 4901 exorciSmo
3215 4890 3229 4911 ,
3275 4846 3516 4901 secundo
3544 4862 3642 4917 per

2042 4920 2291 4988 baptismi
2349 4920 2811 4983 regenerationem
2863 4926 2989 4970 tunc
3046 4927 3272 4983 possunt
3323 4918 3389 4972 ad
3435 4918 3640 4972 Christi

2042 4991 2484 5061 pollicitationem
2510 4989 2692 5041 venire
2711 5028 2723 5046 .
2766 5007 2784 5038 ι
2815 5002 3016 5061 manus
3042 4988 3446 5061 itnpasitionetn
3472 5030 3486 5049 .
3513 5003 3637 5058 qua:

2046 5056 2162 5131 ipso
2190 5061 2445 5129 Stephani
2476 5071 2743 5113 consensu
2776 5056 2897 5131 _iliis
2934 5056 3238 5131 adhibenda
3269 5069 3423 5123 erat,
3474 5056 3639 5131 ex'or-
3670 5064 3679 5071 ’

2044 5128 2271 5188 cismum
2294 5128 2298 5129 ⁷
2322 5132 2726 5199 interpretatum
2776 5128 2868 5184 Isti
2898 5129 3111 5198 quidem
3143 5130 3253 5184 Atri
3288 5132 3355 5185 de
3395 5130 3640 5186 doctrina

2046 5204 2303 5259 tradenda
2365 5202 2565 5271 pariter
2608 5201 2808 5254 silent:
2838 5200 2933 5254 sed
2965 5203 3096 5255 nihil
3139 5216 3275 5270 opus
3304 5212 3419 5258 erat
3451 5212 3507 5255 ut
3538 5200 3639 5257 hac

2043 5276 2113 5331 de
2140 5293 2196 5330 re
2226 5274 2517 5343 quidquam
2562 5272 2966 5340 prmciperetur,
3001 5288 3121 5327 cum
3153 5274 3464 5329 hmreticum
3492 5314 3506 5337 ,
3537 5274 3638 5328 nisi

2045 5341 2708 5417 catholicamproﬁteatur
2737 5343 2898 5398 [idem
2920 5385 2935 5409 ,
2983 5344 3353 5417 recipiendum
3384 5359 3490 5399 non
3519 5360 3640 5400 esse

2044 5418 2192 5488 leges
2211 5418 2332 5472 alite
2358 5415 2608 5470 doceant.
2634 5414 2934 5488 (lapsum.

2119 5484 2196 5543 De
2223 5490 2302 5543 Itis
2329 5488 2655 5543 omnibus....
2700 5485 3016 5541 Firmiliano
3062 5484 3270 5540 scilicet
3316 5485 3525 5541 llelcno
3576 5502 3641 5543 ac

2043 5562 2202 5616 sociis
2221 5602 2236 5628 ,
2282 5571 2338 5614 ut
2364 5573 2458 5613 eos
2488 5557 2795 5624 Stephanus
2818 5573 2846 5610 ιι
2882 5558 3264 5612 communione
3291 5573 3384 5614 sua
3413 5559 3638 5613 minime

2043 5642 2373 5704 segregaret.
2403 5629 2713 5704 Cousrasr.

2120 5697 2292 5775 Deque
2321 5701 2499 5758 iisdem
2525 5702 2591 5775 ad
2619 5716 2702 5775 me
2724 5699 3052 5769 scripserant.
3097 5697 3371 5775 Valesius
3396 5699 3486 5754 ltie
3540 5698 3642 5752 ad-

2042 5775 2180 5832 didit
2204 5771 2378 5839 i'ebus,
2422 5771 2566 5844 quod
2594 5772 2823 5844 verbum
2849 5784 2969 5826 cum
2984 5784 3030 5844 ξι
3058 5784 3234 5844 graeco
3263 5773 3399 5826 absit
3423 5810 3438 5833 ,
3469 5783 3645 5844 neque

2046 5848 2210 5905 latine
2238 5838 2455 5904 videtur
2486 5839 2929 5911 exprimendum.
2977 5838 3277 5899 Commode
3307 5850 3486 5897 autem
3517 5839 3654 5895 illud
