4158 6260
572 378 638 440 91
1360 375 1835 436 EPISTOLARUM
1870 374 2039 445 QUE
2079 375 2172 433 AD
2208 372 2471 436 SIXTUM
2511 371 2748 431 PAPAM
2787 371 3157 431 ATTINENT.
3794 377 3863 433 9‘2

572 509 632 565 In
673 512 848 565 eadem
889 513 1101 581 epistola
1129 508 1194 565 de
1232 510 1531 565 Sabellianis
1558 511 1838 576 haereticis,
1881 515 2043 577 inquit
2061 512 2328 575 Eusebius,
2369 511 2580 576 Histor.,
2615 510 2917 577 lib.VIi,ljc.
2945 512 2994 575 6,
3034 518 3091 563 ut
3110 515 3229 578 pote
3257 514 3345 578 qui
3368 514 3864 578 tuncincrebescant,

1718 594 1909 648 Xistum
1932 599 2203 649 certiorem
2217 596 2335 648 facit
2351 597 2431 648 bis
2456 597 2638 648 verbis.

650 732 704 789 5.
731 732 860 788 Nam
890 748 1009 789 cum
1040 732 1107 788 de
1133 731 1374 788 doctrina
1393 775 1408 798 ,
1454 746 1573 802 quae
1601 746 1773 803 nuper
1802 732 1942 802 apud
1983 731 2168 787 Ptole-
2198 783 2205 795 .

2346 736 2466 809 Περί
2485 734 2586 808 γάρ
2614 738 2704 787 τοῦ
2732 738 2819 786 νῦν
2846 733 3126 793 κινηθέντος
3154 734 3203 787 ἐν
3229 740 3290 810 τῇ
3311 730 3612 805 Πτολεμαΐδι
3638 740 3730 793 τῆς
3758 742 3871 787 Πεν-

579 824 811 882 maidetn
860 825 1048 881 urbem
1107 823 1461 896 Pentapoleos
1499 831 1643 879 mota
1694 833 1810 891 est,
1882 824 2046 895 impia
2119 834 2173 880 et

2309 827 2535 888 απόλεως
2566 825 2843 901 δόγματος.
2873 823 3016 887 ὄντος
3042 826 3265 888 ἀσεϐοῦς
3294 830 3380 882 καὶ
3403 827 3734 899 βλασφημίαν
3759 827 3876 880 πολ-

580 916 739 987 plena
764 916 1111 987 blasphemia:
1141 917 1195 971 in
1220 916 1386 972 Deum
1414 916 1839 986 omnipotentem
1878 925 1935 971 et
1968 927 2172 987 patrem

582 1008 794 1065 Domini
850 1011 1021 1065 nostri
1073 1009 1198 1094 δοίη
1228 1009 1453 1075 Christi,
1496 1009 1652 1080 plena
1684 1008 2077 1065 incredulitatis
2122 1017 2178 1065 et

581 1102 822 1174 perﬁdiae
842 1118 969 1174 erga
989 1104 1154 1160 filium
1184 1104 1300 1175 ejus
1322 1104 1652 1173 unigenitum
1679 1113 1735 1160 et
1764 1104 2175 1174 primogenitum

585 1195 762 1250 omnis
787 1204 1051 1251 creaturae
1080 1196 1311 1251 Verbum
1356 1196 1625 1252 hominem
1672 1197 1904 1262 factum,
1957 1206 2011 1252 et
2059 1212 2179 1267 qua:

587 1288 819 1360 Spiritus
872 1290 1043 1346 sancti
1091 1290 1264 1346 aufert
1298 1290 1742 1362 intelligentiam:
1778 1308 1897 1347 cum
1935 1292 2002 1347 ab
2030 1302 2174 1348 utra-

586 1395 690 1452 que
717 1392 870 1451 parte
913 1391 968 1438 et
993 1382 1187 1437 litterae
1216 1383 1285 1438 ad
1316 1398 1403 1439 me
1431 1383 1609 1439 allatm
1634 1395 1818 1439 essent
1838 1427 1852 1450 ,
1892 1393 1946 1440 et
1986 1384 2181 1441 fratres

589 1472 937 1543 disceptaturi
963 1476 1268 1543 venissent,
1312 1486 1568 1547 quantum
1604 1477 1717 1534 Deo
1740 1476 1974 1534 donante
1997 1478 2180 1551 potui,

591 1566 799 1638 planius
826 1568 1153 1635 edisserens,
1184 1569 1445 1640 quasdam
1468 1571 1657 1641 scripsi
1689 1572 1925 1637 litteras;
1957 1587 2182 1642 quarum

592 1660 836 1731 exempla
861 1661 927 1716 ad
960 1670 1010 1715 te
1040 1662 1182 1715 misi.

2274 920 2361 979 λὴν
2406 918 2623 990 ἔχοντος
2670 922 2791 995 περὶ
2830 925 2921 975 τοῦ
2969 919 3387 995 παντοκράτορος
3411 923 3541 974 Θεοῦ
3574 920 3664 972 καὶ
3691 917 3881 992 πατρὸς

2276 1020 2366 1069 τοῦ
2398 1017 2575 1089 κυρίου
2626 1016 2765 1085 ἡμῶν
2794 1012 2955 1074 Ἰησοῦ
2999 1020 3263 1088 Χριστοῦ,
3292 1016 3542 1070 ἀπιστίαν
3592 1034 3647 1068 τε
3703 1012 3881 1071 πολλὴν

2281 1104 2496 1177 ἔχοντος
2521 1110 2641 1182 περὶ
2663 1113 2754 1161 τοῦ
2785 1112 3085 1181 μονογενοῦς
3110 1105 3297 1167 παιδὸς
3323 1109 3482 1161 αὐτοῦ
3526 1109 3614 1161 καὶ
3639 1104 3885 1181 προτοτό-

2282 1220 2372 1254 κου
2400 1201 2575 1259 πάσης
2601 1202 2838 1263 κτίσεως,
2868 1206 2958 1255 τοῦ
2985 1202 3472 1275 ἐνανθρωπάσαντος
3500 1200 3678 1273 λόγου,
3702 1200 3890 1254 ἀναισ-

2283 1292 2466 1351 θησίαν
2506 1289 2560 1346 δέ
2604 1298 2695 1348 τοῦ
2745 1292 2890 1364 ἁγίου
2936 1295 3231 1363 πνεύματος
3256 1306 3269 1320 ⁸
3298 1291 3536 1345 ἐλθόντων
3585 1290 3892 1365 ἑκατέρωθεν

2284 1387 2413 1462 πρὸς
2460 1388 2548 1455 ἐμὲ
2596 1388 2682 1440 καὶ
2723 1386 2826 1461 πρὸ
2870 1385 3208 1461 γραμμάτων,
3260 1387 3348 1437 καί
3386 1390 3487 1438 τῶν
3538 1380 3893 1453 διαλεξομένων

2286 1475 2532 1553 ἀδελφῶν,
2562 1477 2831 1534 ἐπέστειλά
2871 1498 2985 1532 τινα
3028 1482 3095 1536 ὡς
3131 1474 3370 1535 ἐδυνήθην
3396 1475 3779 1552 παρασχόντος
3804 1478 3892 1527 τοῦ

2290 1574 2439 1636 Θεοῦ,
2468 1567 2958 1645 διδασκαλικώτερον
2999 1570 3343 1643 ὑφηγούμενος
3366 1581 3378 1593 '
3408 1571 3476 1627 ὡς
3515 1569 3584 1622 τά
3614 1567 3896 1642 ἀντίγραφα

2292 1664 2504 1740 ἔπεμψά
2537 1687 2641 1723 σοι.

955 1815 1503 1891 ΕΡΙΞΤΟΙΛΕ
1550 1817 1631 1892 II
1678 1818 2169 1894 DIONYSII
2207 1820 2973 1896 ALEXANDBINI
3024 1818 3523 1895 EPISCOPI

1311 1973 1404 2027 AD
1442 1972 1893 2031 PHILEMUNEM
1933 1975 2113 2031 SIXTI
2154 1976 2671 2034 PRESBYTERUM
2711 1978 3162 2036 FRAGMENTA.

668 2132 782 2204 Ego
800 2146 933 2189 vero
972 2130 1348 2188 hzereticorum
1381 2133 1535 2190 libris
1565 2130 1807 2206 legendis
1831 2150 1894 2190 ac
1943 2135 2188 2191 traditio-

2309 2212 2337 2226 ν
2364 2138 2484 2214 Ἐγώ
2523 2137 2577 2195 δὲ
2617 2142 2705 2195 καὶ
2740 2148 2847 2201 τοῖς
2895 2142 3229 2215 συντάγμασι
3279 2144 3369 2195 καὶ
3412 2147 3528 2200 ταῖς
3572 2135 3910 2215 παραδόσεσι

595 2223 755 2281 nibus
775 2223 1081 2281 ediscendis
1109 2239 1330 2296 operam
1357 2225 1583 2294 dabam,
1631 2226 1699 2281 ad
1748 2226 1937 2284 horam
1976 2228 2197 2297 quidem

598 2321 950 2377 exsecrandis
979 2322 1193 2378 illorum
1222 2324 1509 2381 sententiis
1533 2323 1773 2379 animum
1821 2339 1999 2380 meum
2047 2326 2200 2381 coin-

599 2416 857 2487 quinans,
912 2415 1055 2471 hanc
1086 2426 1266 2472 tamen
1305 2432 1371 2471 ex
1400 2417 1465 2471 iis
1517 2417 1803 2471 utilitatem
1854 2417 2198 2488 percipiens,

598 2518 659 2565 ut
685 2521 782 2565 eos
808 2508 950 2579 apud
990 2523 1077 2565 me
1122 2507 1455 2577 refutarem,
1508 2520 1564 2565 et
1608 2508 1777 2581 multo
1823 2508 2056 2580 amplius
2110 2509 2205 2564 de-

601 2611 855 2660 testarer.
892 2602 960 2657 Et
984 2617 1108 2658 cum
1131 2603 1296 2659 frater
1322 2600 1537 2674 quidam
1584 2618 1652 2659 ex
1687 2602 1877 2659 ordine
1925 2601 2205 2673 presbyte-

600 2709 787 2752 rorum
808 2710 895 2752 me
915 2695 1239 2763 deterreret,
1264 2711 1327 2752 ac
1351 2704 1635 2752 vereretur
1662 2709 1730 2751 ne
1752 2695 1927 2751 eidem
1948 2694 2202 2765 nequitia:

601 2802 763 2845 emno
790 2789 1215 2855 commiscerer;
1267 2789 1467 2860 quippe
1514 2787 1753 2843 animum
1795 2802 1974 2843 meum
2018 2794 2207 2843 conta-

604 2881 870 2938 minatum
901 2881 997 2947 iri,
1048 2880 1228 2936 aiebat
1269 2890 1324 2937 et
1352 2879 1569 2952 quidem
1617 2895 1767 2947 vere,
1817 2889 1877 2935 ut
1928 2879 2042 2951 ipse
2082 2895 2208 2935 sen-

604 2972 800 3030 tiebam
831 2988 846 3025 :
875 2972 1083 3027 visione
1130 2971 1391 3028 divinitus
1436 2972 1599 3027 missa
1652 2970 2004 3029 confirmatus
2047 2986 2201 3038 sum,

604 3074 660 3121 et
686 3078 868 3121 sermo
896 3063 963 3120 ad
994 3081 1081 3119 me
1114 3063 1285 3120 factus
1313 3064 1518 3120 diserte
1546 3063 1679 3118 mihi
1710 3063 2200 3135 praecepitdicens:

604 3160 750 3231 Lege
774 3159 952 3214 omnia
980 3173 1334 3230 quacumque
1356 3159 1408 3213 in
1442 3173 1633 3214 manus
1654 3158 1903 3214 venerint
1933 3173 1945 3211 :
1978 3156 2204 3213 idoneus

605 3253 749 3310 enim
804 3267 866 3308 es
908 3252 1000 3324 qui
1054 3253 1263 3322 singula
1312 3250 1551 3323 corrigas
1597 3264 1659 3306 ac
1706 3251 1904 3321 probes
1934 3269 1947 3305 :
1977 3258 2031 3305 et
2081 3248 2208 3305 hinc

607 3346 703 3401 tibi
753 3345 984 3415 primum
1042 3342 1297 3399 credendi
1340 3358 1503 3399 causa
1536 3350 1589 3398 et
1614 3343 1828 3398 occasio
1855 3340 2080 3397 exstitit.
2109 3340 2207 3397 Vi-

605 3438 816 3495 sionem
837 3434 976 3492 hanc
1002 3437 1237 3507 suscepi,
1259 3444 1315 3492 ut
1345 3449 1466 3508 qum
1492 3436 1806 3508 apostolica:
1829 3435 1947 3491 voci
1980 3448 2209 3491 consen-

2298 2240 2399 2288 τῶν
2428 2234 2695 2310 αίρετικῶν
2724 2234 2993 2305 ἐνέτυχον,
3025 2235 3258 2309 χραίνων
3302 2234 3391 2304 μέν
3431 2252 3529 2302 μου
3568 2232 3701 2306 πρὸς
3746 2229 3911 2300 ὀλίγον

2302 2331 2396 2386 τὴν
2440 2325 2623 2398 ψυχὴν
2649 2333 2764 2386 ταῖς
2794 2327 3116 2401 παμμίαροις
3149 2326 3316 2380 αὐτῶν
3355 2325 3692 2394 ἐνθυμήσεσιν
3733 2315 3908 2377 ὄνησιν

2303 2417 2349 2474 δ’
2369 2414 2454 2474 οὖν
2484 2418 2571 2474 ἀπ’
2592 2420 2754 2473 αὐτῶν
2785 2420 2978 2476 ταύτην
3004 2417 3300 2490 λαμϐάνων,
3324 2416 3383 2469 τὸ
3411 2415 3694 2488 ἐξελέγχειν
3722 2412 3912 2470 αύτούς

2303 2511 2431 2589 παρ’
2461 2511 2691 2584 ἐμαυτῷ,
2714 2514 2803 2565 καί
2831 2510 2958 2565 πολὺ
2987 2510 3134 2563 πλέον
3156 2506 3546 2581 βδελύττεσθαι.
3574 2509 3662 2561 καὶ
3690 2502 3753 2563 δή
3781 2523 3912 2563 τινος

2308 2601 2520 2677 ἀδελφοῦ
2558 2610 2657 2658 τῶν
2696 2603 3067 2679 πρεσϐυτέρων
3107 2622 3168 2673 με
3201 2603 3532 2676 ἀπείργοντος
3558 2601 3649 2653 καί
3688 2595 3912 2653 δεδιττο-

2308 2699 2461 2772 μένου
2491 2695 2852 2772 συμφύρεσθαι
2884 2691 2979 2767 (al.
3014 2693 3365 2771 συμφέρεσθαι
3393 2690 3412 2764 )
3436 2699 3510 2766 τῷ
3539 2700 3632 2751 τῆς
3672 2690 3916 2765 πονηρίας

2310 2791 2453 2863 αὐτῷ
2498 2788 2738 2865 βορϐόρῳ
2763 2804 2775 2815 ⁸
2803 2787 3144 2860 λυμανεῖσθαι
3171 2788 3271 2863 γάρ
3315 2791 3405 2845 τὴν
3430 2782 3613 2857 ψυχήν
3638 2788 3727 2843 τήν
3755 2782 3918 2853 ἐμαυ-

2310 2886 2425 2940 τοῦ.
2457 2882 2545 2935 καὶ
2584 2879 2740 2939 ἀληθῆ
2783 2900 2839 2954 γε
2888 2878 3142 2952 λέγοντος,
3174 2879 3242 2938 ὡς
3289 2877 3517 2949 ᾐσθόμην
3540 2916 3555 2941 ,
3606 2871 3782 2952 ὅραμα
3821 2873 3918 2926 θεί-

2309 2993 2544 3045 πεμπτον
2588 2971 2869 3047 προσελθὸν
2925 2969 3189 3044 ἐπέρῤωσέ
3242 2990 3326 3044 με.
3359 2971 3447 3025 καὶ
3490 2968 3639 3040 λόγος
3678 2966 3813 3042 πρός
3856 2984 3917 3035 με

2308 3067 2573 3138 γενόμενος
2602 3064 2890 3141 προσέταξε
2921 3059 3196 3137 διαρρήδην
3223 3061 3403 3136 λέγων,
3435 3064 3596 3115 πᾶσιν
3625 3060 3917 3132 ἐντύγχανε

2311 3155 2383 3219 οἷς
2437 3153 2495 3212 ἀν
2544 3160 2615 3217 εἰς
2664 3163 2851 3234 χεῖρας
2895 3155 3092 3217 λάϐοις.
3133 3152 3405 3210 διευθύνειν
3436 3156 3536 3230 γὰρ
3583 3152 3783 3208 ἕκαστον
3830 3150 3919 3204 καὶ

2311 3250 2600 3324 δοκιμάζειν
2644 3249 2815 3310 ἱκανὸς
2847 3244 2893 3303 εἴ
2922 3288 2934 3302 .
2960 3251 3049 3303 καί
3080 3269 3164 3304 σοι
3190 3249 3359 3322 γέγονε
3388 3251 3542 3302 τοῦτο
3572 3246 3806 3322 έξαρχῆς
3836 3242 3920 3297 καί

2312 3353 2404 3405 τῆς
2430 3345 2657 3403 πίστεως
2687 3339 2868 3398 αἴτιον.
2900 3337 3221 3413 ἀντεδεξάμην
3248 3340 3305 3396 τὸ
3347 3335 3541 3416 ὅραμα,
3576 3340 3645 3399 ὡς
3694 3339 3919 3391 ἀποστο-

2310 3439 2423 3516 λικῇ
2454 3444 2586 3513 φωνῇ
2623 3438 2915 3513 συντρέχον
2954 3444 3016 3512 τῇ
3055 3436 3278 3511 λεγούσῃ
3321 3435 3451 3511 πρὸς
3482 3436 3602 3494 τοὺς
3630 3429 3916 3489 δυνατωτέ-

609 3531 765 3597 tiret,
819 3545 1061 3601 quosque
1108 3503 1302 3601 majori
1342 3503 1542 3584 virtute
1571 3528 1827 3597 przcditos
1863 3529 1933 3582 ita
1965 3527 2205 3599 compel-

2315 3503 2471 3614 905;,
2489 3503 2684 3604 γίνεσθε
2715 3503 2914 3602 δόκιμοι
2942 3503 3273 3606 τραπεζῖται..

607 3622 738 3679 lanii
766 3640 780 3678 :
811 3622 988 3678 Estote
1007 3624 1157 3693 periti
1184 3621 1462 3677 numularii
1493 3620 1536 3693 (l
1566 3619 1747 3688 Tltes.,
1782 3617 2029 3692 ungi).

1197 3758 1414 3821 Deinde,
1444 3758 1605 3823 inquit
1624 3756 1894 3820 Eusebius,
1905 3752 2139 3809 nonnulla
2161 3760 2227 3809 de
2250 3756 2479 3809 omnibus
2496 3756 2776 3808 haeresibus
2799 3754 3126 3805 interlocutus
3142 3752 3322 3805 subdit.

681 3888 832 3946 Hanc
858 3904 959 3961 ego
984 3888 1227 3961 regulam
1267 3898 1322 3945 et
1349 3886 1579 3944 formam
1604 3904 1634 3945 a
1655 3888 1815 3944 beato
1847 3903 1978 3959 papa
2011 3898 2197 3945 nostro

610 3978 837 4039 Heracla
865 3981 1072 4054 accepi.
1130 3982 1237 4039 Eos
1281 3982 1426 4039 enim
1459 3981 1551 4055 qui
1593 3980 1662 4038 ab
1694 3981 1991 4039 bzeresibus
2019 3982 2203 4039 venie-

2376 3889 2565 3945 Τούτον
2586 3888 2685 3962 ἐγὼ
2712 3887 2798 3941 τὸν
2819 3887 3009 3941 κανόνα
3033 3885 3227 3940 καὶτὸν
3251 3885 3413 3940 τύπον
3438 3882 3585 3958 παρά
3611 3885 3703 3937 τοῦ
3742 3899 3919 3954 μακα-

2312 3985 2424 4059 ρίου
2448 3984 2603 4039 πάπα
2640 3983 2780 4054 ἡμῶν
2808 3979 3031 4059 Ἠρακλὰ
3058 3978 3374 4056 παρέλαϐον.
3400 3979 3521 4039 τοὺς
3548 3976 3649 4054 γὰρ
3676 3974 3923 4054 προσιὸν-

1932 4126 2296 4185 VARIORUM
2332 4125 2564 4185 ΝΟΤᾸΞ..

612 4269 676 4322 de
723 4266 903 4322 iisdem
953 4264 1158 4320 dictum
1216 4263 1519 4335 intelligere
1574 4271 1657 4320 est
1715 4263 1785 4319 de
1858 4262 2203 4331 Firmiliauo,

611 4339 839 4403 Heleno,
894 4351 1030 4406 quos
1082 4351 1112 4389 a
1157 4337 1536 4390 communione
1590 4335 1954 4406 segregandos
2009 4335 2208 4406 Diony-

613 4411 725 4467 sius
741 4423 805 4465 ac
825 4407 1110 4463 Philemon
1131 4407 1431 4479 presbyteri
1451 4422 1571 4461 cum
1596 4406 1871 4477 Stephano
1891 4406 2203 4462 censebant.

1748 4480 2052 4534 Consum.

689 4549 830 4606 Nam
878 4566 995 4604 cum
1047 4550 1109 4603 de
1156 4548 1464 4604 doctrina...
1507 4548 1700 4605 Totum
1731 4548 1832 4604 hoc
1859 4549 2215 4620 fragmentum

2313 4263 2453 4321 hanc
2480 4263 2762 4333 epistolam
2791 4261 2858 4318 ad
2887 4261 3262 4336 Philemonem
3284 4258 3558 4336 superiori
3587 4255 3916 4336 ad_Xyst_um

2313 4351 2422 4391 non
2449 4328 2571 4392 esse
2597 4336 2946 4391 anteriorem.
2975 4332 3241 4403 Quocirca
3268 4328 3484 4387 defendi
3517 4328 3703 4403 nequit
3720 4328 3923 4403 Aop‘inio

2314 4407 2533 4463 Baronii
2554 4447 2567 4469 ,
2596 4409 2687 4478 qui
2716 4398 3074 4478 fragmentum
3103 4404 3251 4478 istud
3275 4419 3343 4458 ex
3385 4398 3623 4478 epistola
3652 4399 3754 4455 sub
3794 4398 3915 4454 Ste-

2322 4478 2500 4550 phano
2540 4473 2741 4551 scripta
2769 4473 3101 4551 excerptum
3145 4476 3459 4551 arbitratur.
3507 4473 3696 4542 Neque
3742 4481 3924 4551 tamen

2323 4548 2603 4632 prtemissa
2651 4548 2720 4632 ad
2768 4549 2997 4632 Xystum
3049 4548 3322 4632 posterior
3370 4555 3500 4632 est...
3535 4553 3721 4632 utpote
3765 4548 3923 4632 cuius

615 4621 850 4695 Rufinus
875 4621 1083 4695 licentia
1125 4620 1226 4695 sibi
1260 4629 1514 4675 consueta
1567 4620 1731 4695 latine
1779 4620 1867 4695 ita
1895 4614 2167 4695 convertit
2200 4638 2213 4674 :
2242 4635 2295 4695 ι)
2323 4614 2613 4691 Dionysius
2661 4622 2714 4677 in
2756 4614 2834 4677 ea'
2861 4620 2975 4693 ipsa
3022 4614 3078 4695 ιι.
3136 4618 3193 4695 2,
3254 4614 3923 4695 meminit.__Qnapropter

624 4714 643 4748 ι
664 4693 795 4749 Cum
820 4690 887 4747 de
913 4707 975 4746 ea
1001 4690 1264 4754 doctrina,
1291 4707 1413 4762 quae
1443 4690 1582 4761 apud
1611 4690 1997 4762 Ptolemaidam
2016 4692 2214 4747 Penta-

618 4764 804 4836 poleos
832 4764 1100 4817 civitatem
1131 4761 1507 4836 nuperexorta
1534 4771 1640 4825 est,
1676 4761 2213 4836 plena_blasph_emiis

620 4832 673 4894 in
722 4835 885 4890 Deum
917 4846 1117 4904 patrem
1147 4845 1202 4889 et
1231 4833 1515 4888 Dominum
1547 4842 1791 4889 nostrum
1818 4832 2002 4891 Jcsum
2030 4833 2211 4889 Chris-

622 4918 733 4963 tum
754 4948 768 4972 ,
826 4921 1028 4976 negans
1071 4920 1196 4961 vcre
1223 4920 1343 4961 esse
1382 4922 1503 4959 eum
1535 4905 1700 4959 tilium
1731 4905 1904 4960 Patris
1926 4947 1940 4970 ,
1972 4922 2069 4961 nec
2102 4905 2214 4976 pri-

620 4977 946 5048 mogenitum
1014 4977 1189 5031 omnis
1240 4988 1526 5042 creatura,
1576 4977 1826 5033 similiter
1882 4987 1935 5032 et
1980 4976 2214 5048 Spiritus

620 5047 792 5105 sancti
822 5047 1073 5104 auferens
1104 5048 1470 5104 intellectum:
1505 5064 1603 5119 pro
1647 5048 1845 5119 quibus
1890 5047 2215 5119 cum’utrae-

622 5137 727 5193 que
759 5130 939 5190 partes
964 5121 1031 5175 ad
1054 5136 1139 5193 me
1162 5120 1457 5188 venissent,
1484 5118 1925 5193 etprzesentibus
1965 5118 2218 5193 fratribus

622 5190 739 5264 (iure
770 5202 1036 5264 commota
1076 5190 1738 5264 fuerantrdiscussissent,
1779 5192 1939 5245 etiam
1987 5191 2216 5257 litteris',

625 5261 781 5334 prout
811 5262 951 5318 Dens
994 5261 1139 5317 dedit
1172 5263 1418 5330 parvitati
1461 5278 1594 5317 mea:
1616 5303 1630 5325 ,
1674 5272 1990 5331 prosecutus
2016 5278 2135 5316 sum
2166 5271 2220 5318 ct

629 5336 822 5406 scripsi
850 5334 1055 5406 singula
1082 5350 1308 5404 quzeque
1336 5334 1623 5406 diligenter
1647 5347 1948 5403 exponens.
1979 5336 2216 5401 Quarum

632 5403 754 5461 tibi'
785 5403 1112 5474 exemplaria
1163 5403 1456 5461 transmisi.
1495 5425 1514 5456 ι
1546 5403 1849 5460 Consum.

704 5475 881 5546 Eetsjr.
907 5476 967 5530 ll.
996 5506 1067 5517 —-
1095 5474 1431 5546 Fragmentis
1466 5477 1761 5545 superioris
1797 5477 2038 5545 epistola:
2077 5478 2217 5532 istud

632 5544 898 5619 Eusebius
918 5548 1160 5619 progime
1186 5544 1466 5619 subnectit,
1486 5544 1567 5601 his
1595 5547 1773 5601 verbis
1794 5564 1807 5600 :
1834 5544 1903 5602 1η
1923 5547 2140 5619 epistola
2158 5548 2229 5603 ad

634 5617 989 5689 Philemonem
1012 5616 1300 5672 Romanum
1335 5618 1698 5689 presbyterum,
1716 5633 1828 5684 qua:
1848 5616 1979 5674 inter
1995 5636 2079 5673 cas
2104 5636 2232 5687 quas

634 5692 698 5745 de
724 5687 971 5763 baptismo
986 5689 1187 5763 scripsit
1211 5699 1283 5744 est
1308 5687 1555 5763 tertiopr‘a
1576 5699 1637 5763 τῇ
1666 5692 1939 5763 τρίτῃᾲτῶν
1956 5693 2074 5763 περί
2094 5691 2233 5762 βαπ-

637 5750 917 5833 τίσμάτος.
943 5756 1077 5812 idem
1091 5750 1387 5833 ’ρὶοηυεὶιιε
1425 5750 1534 5815 [nec
1570 5750 1747 5830 refert.
1774 5750 1996 5833 Nempe
2021 5750 2230 5833 're'ceng

640 5827 792 5903 getur
842 5831 1011 5903 prima
1053 5827 1119 5884 ad
1169 5827 1533 5903 Stephanum,
1585 5827 1820 5888 secunda
1871 5827 2119 5903 superior
2166 5831 2235 5888 ad

641 5898 911 5972 Xystum,
950 5898 1067 5958 haec
1104 5898 1302 5957 tertia':
1338 5898 1735 5976 eoqucordiue
1778 5898 2237 5963 notat—Eusebius

2320 4679 2607 4761 utramque
2658 4679 2946 4749 censemus
3000 4679 3191 4748 simul'
3222 4692 3477 4761 missam.
3540 4679 3651 4742 Nec
3696 4679 3823 4739 alia'
3853 4679 3925 4761 de

2315 4779 2478 4820 causa
2503 4750 2641 4821 hanc
2673 4766 2726 4821 in
2765 4764 2856 4820 illa
2889 4773 3365 4820 commemoratam
3396 4759 3790 4820 existimamus,
3815 4750 3923 4809 nisi

2318 4846 2376 4890 ut
2416 4852 2539 4891 eum
2583 4836 2756 4908 Xysto
2796 4836 3306 4908 communicaretur.
3339 4831 3438 4908 Et
3480 4828 3805 4908 ham-igitur
3852 4821 3920 4908 ad

2317 4908 2548 4984 Xysmin
2575 4899 2778 4984 aliquo
2817 4907 2980 4984 modo
3024 4907 3258 4984 pertinet
3289 4921 3303 4959 :
3339 4899 3920 4984 ideoqueufragmenlg

2319 4970 2437 5049 ejus
2462 4980 2620 5036 nobis
2645 4970 2714 5036 ab
2741 4979 2980 5035 Eusebio
3002 4970 3323 5034 transmissa
3347 4973 3435 5049 hic
3466 4970 3725 5049 exhibere
3749 4970 3923 5049 nostri

2320 5040 2532 5107 videtur
2558 5051 2811 5108 instituti.
2843 5050 2936 5106 illa
2965 5060 3144 5105 autem
3175 5062 3242 5104 eo
3267 5045 3589 5101 exhibemus
3622 5040 3883 5093 libentius
3902 5073 3920 5100 ,

2322 5123 2463 5195 quod
2493 5125 2561 5179 ad
2586 5125 2943 5195 qurcstitinem
2975 5121 3043 5176 de
3072 5118 3343 5191 baptismo
3382 5109 3759 5171 illustrandam
3812 5119 3922 5163 non

2323 5193 2514 5267 parum
2544 5193 2849 5267 conferant.
2894 5193 3212 5267 Consum.
3350 5258 3365 5267 _
3523 5254 3536 5267 _
3611 5254 3623 5265 _
3688 5255 3699 5267 _

2400 5265 2573 5322 Euote
2588 5266 2740 5337 periti
2756 5262 3237 5337 numularii.verba
3265 5258 3456 5315 eadem
3470 5254 3703 5337 plurimi
3722 5261 3924 5337 patres,

2320 5354 2352 5393 a
2382 5323 2653 5396 Cotelerio
2676 5338 2732 5393 in
2760 5338 2855 5393 lib.
2882 5352 2924 5409 ιι
2952 5334 3380 5409 ϐοῃειὲιηαροειη
3403 5345 3453 5383 ο.
3470 5327 3564 5409 3t},
3581 5323 3793 5409 summa
3807 5323 3930 5409 diti:

2324 5393 2511 5482 gentia
2527 5393 2741 5465 collecti
2765 5448 2781 5474 ,
2813 5408 2959 5463 velut
2986 5405 3185 5482 Christi
3208 5393 3309 5482 aut.
3328 5393 3560 5482 apostoli
3582 5398 3822 5482 laudant.
3843 5393 3928 5482 ¹1η

2334 5464 2739 5537 Bostristamen
2764 5464 2861 5535 seu
2886 5478 3191 5549 graecisiseu
3221 5464 3402 5529 latinis
3419 5464 3928 5548 exernplaribusde-

2334 5552 2661 5608 siderantur.
2690 5544 3309 5623 Eorum'locogiiuiinus,
3329 5558 3495 5623 quem
3528 5550 3811 5623 propterea
3840 5544 3926 5623 in:

2335 5625 2510 5695 gentis
2536 5622 2879 5695 conlidentizc
2907 5621 3081 5695 arguit
3110 5616 3434 5695 cotelerius,
3466 5616 3791 5695 substituere
3818 5619 3924 5695 nqn

2337 5676 2829 5752 diribitavitrontnia
2841 5676 3009 5763 legite,
3023 5706 3154 5765 quoi
3166 5689 3299 5765 bona
3324 5676 3641 5765 emittente,
3656 5676 3928 5765 quomodo

2338 5749 2546 5823 scilicet
2564 5749 3055 5822 sententiamvl’auli
3073 5761 3095 5816 l
3112 5759 3293 5817 Thess.
3321 5775 3378 5823 ν.
3394 5758 3463 5813 21
3482 5749 3817 5823 Augustinus
3832 5749 3927 5807 lib.

2340 5837 2404 5896 de
2428 5836 2557 5895 Nat.
2582 5846 2630 5894 et
2650 5845 2810 5910 grat.,
2841 5850 2944 5909 cap
2972 5832 3065 5904 '59,
3087 5834 3316 5907 profert.
3339 5830 3643 5888 Consum.
