4158 6260
561 343 632 400 95
1335 340 1824 401 EPISTOLARUM
1862 341 2029 410 QUAS
2070 343 2160 399 AD
2197 342 2460 402 SIXTUM
2498 343 2732 401 PAPAM
2770 341 3157 411 ATTINENT?
3828 338 3904 398 96

558 462 696 525 siam
743 460 992 532 discidit,
1042 472 1097 519 et
1124 477 1189 519 ex
1221 462 1472 519 fratribus
1509 463 1775 535 quosdam
1806 464 1872 520 ad
1898 466 2146 536 impieta-

2281 467 2413 522 ’iwrrt
2436 471 2527 526 τὴν
2556 467 2847 533 ἐκκλησίαν,
2874 468 2960 520 καί
2987 486 3127 525 τινας
3153 471 3252 520 τῶν
3274 462 3497 539 ἀδελφῶν
3521 464 3599 525 εἰς
3626 462 3904 524 ἀσεϐείας

564 563 671 614 tem
697 563 754 610 et
780 554 1143 626 blasphemias
1168 556 1465 626 pertraxit;
1514 557 1611 629 qui
1666 558 2038 628 impiissimam
2087 559 2155 616 de

564 645 679 702 Deo
707 645 1008 702 doctrinam
1040 648 1092 700 in
1119 647 1307 703 orbem
1331 647 1567 714 invexit,
1594 659 1647 703 et
1676 649 2154 706 clementissimum

560 736 848 794 Dominum
887 747 1133 793 nostrum
1165 737 1348 794 Jesum
1380 735 1654 794 Chriswm
1708 742 1860 810 quasi
1912 741 2155 795 immise-

559 830 829 888 ricordem
856 831 1250 900 calumniatur;
1287 846 1349 887 ac
1373 843 1568 902 praster
1593 832 1708 888 haec
1737 834 1915 889 omnia
1944 850 2155 890 sacrum

560 923 836 980 lavacrum
887 924 1102 981 irritum
1154 924 1318 980 habet
1380 940 1444 981 ac
1504 926 1713 996 rejicit,
1784 926 2055 999 fidemque
2106 939 2161 984 et

555 1014 977 1084 confessionem,
997 1032 1118 1087 quin
1139 1016 1409 1087 baptismo
1432 1018 1852 1088 praemittuntur,
1873 1019 2158 1081 subvertit.

558 1118 616 1167 et
639 1110 897 1181 Spiritum
927 1120 1174 1166 sanetum
1220 1111 1289 1168 ab
1330 1111 1396 1166 iis
1442 1112 1657 1182 penitus
1709 1110 1892 1183 fugat,
1947 1112 2157 1169 etiamsi

556 1216 682 1273 spes
731 1201 907 1273 aliqua
962 1202 1168 1269 subsit;
1219 1204 1303 1258 vel
1351 1204 1493 1272 quod
1540 1202 1595 1259 in
1621 1203 1729 1259 illis
1758 1206 2156 1275 permanserit,

555 1295 642 1352 vel
663 1294 807 1368 quod
831 1295 899 1352 ad
926 1310 1022 1353 eos
1046 1310 1269 1352 reversu
1287 1312 1314 1353 s
1342 1298 1432 1354 sit.

2258 564 2345 613 καὶ
2381 560 2708 631 βλασφημίας
2738 558 3038 614 ἐλλκύσαντι
3063 598 3076 620 ,
3106 562 3193 612 καὶ
3230 562 3351 634 περὶ
3388 564 3480 612 τοῦ
3512 562 3655 613 Θεοῦ
3702 553 3902 611 διδασ-

2258 652 2435 706 καλίαν
2462 654 2817 711 ἀνοσιωτάτην
2849 650 3344 718 ἐπεισκυκλήσαντι,
3378 656 3465 706 καί
3506 653 3596 707 τὸν
3643 652 3905 727 χρηστοί

2258 767 2414 800 τατον
2441 748 2615 821 κύριον
2644 747 2783 818 ἡμῶν
2810 745 3001 806 Ἰησοῦν
3035 747 3255 821 Χριστὸν
3298 748 3366 808 ὡς
3407 748 3591 807 ἀνηλεῆ
3625 767 3904 818 συκοφαν-

2260 847 2454 903 τοῦντι,
2488 843 2575 895 ἐπὶ
2613 844 2750 896 πᾶσι
2800 838 2855 895 δὲ
2897 843 3100 900 τούτοις
3141 841 3200 896 τὸ
3247 840 3456 917 λουτρὸν
3509 842 3797 895 samem
3842 840 3904 895 τὸ

2262 932 2426 1009 ἅγιον,
2455 937 2545 988 καί
2569 938 2659 994 τήν
2683 955 2739 989 τε
2783 934 2884 1011 πρὸ
2930 936 3090 990 αὐτοῦ
3121 937 3296 990 πίστιν
3327 938 3413 989 καὶ
3452 933 3743 1008 ὁμολογίαν
3782 935 3909 987 ἀνα-

2263 1031 2526 1104 τρέποντι,
2549 1033 2606 1084 τὸ
2651 1050 2707 1084 τε
2740 1035 2944 1101 πνεῦμα
2967 1031 3026 1087 τὸ
3053 1028 3196 1103 ἅγιον
3226 1031 3278 1094 ἐξ
3305 1031 3496 1093 αὐτῶν,
3525 1030 3572 1084 εἰ
3602 1030 3703 1084 καί
3733 1049 3819 1103 τις
3845 1025 3908 1087 ἦν

2263 1122 2406 1182 ἐλπὶς
2457 1128 2547 1175 τοῦ
2601 1130 2917 1198 παραμεῖναι
2978 1122 3029 1182 ﬁ
3082 1123 3362 1179 ἐπανελθεῖν
3436 1123 3566 1199 πρὸς
3650 1124 3859 1182 αὐτοὺς·
3890 1161 3906 1186 ,

2266 1213 2527 1274 παντελῶς
2573 1212 2934 1288 φυγαδεύοντι.

874 1496 1429 1574 EPISTOLZE
1487 1499 1638 1591 IV,
1699 1499 2185 1578 DIONYSII
2242 1500 3004 1578 ALEXANDBINI
3063 1491 3561 1577 EPISCOPI

1566 1685 1658 1742 AD
1699 1685 1960 1744 SIXTUM
2001 1685 2066 1743 ll.
2108 1687 2175 1744 PA

2281 1687 2341 1743 ,Μ
2377 1686 2880 1744 FRACMENTUM.
3493 1675 3499 1681 ”

558 1840 637 1895 De
661 1842 861 1896 homine
883 1846 969 1909 qui
983 1844 1232 1910 baptismo
1254 1844 1494 1897 Ecclesiae
1515 1848 1705 1897 initiari
1731 1847 2024 1911 expetebat,
2045 1860 2155 1899 cum
2174 1848 2466 1912 baptismum
2489 1848 2601 1900 aliis
2625 1849 2793 1901 verbis
2825 1859 2879 1898 ac
2902 1849 3056 1898 rebus
3078 1844 3206 1911 apud
3230 1846 3497 1898 haareticos
3519 1848 3825 1912 suscepisse
3851 1859 3910 1895 se

2141 1938 2353 1990 diceret.

632 2087 776 2144 Vere
804 2085 1002 2143 etenim
1025 2129 1040 2155 ,
1073 2085 1258 2154 frater,
1290 2086 1516 2143 consilio
1544 2101 1681 2157 opus
1712 2087 1885 2144 habeo
1904 2130 1919 2155 ,
1953 2098 2008 2144 et
2033 2102 2161 2145 sen-

2340 2093 2433 2146 Koti
2455 2087 2764 2168 γάρὸντως,
2792 2090 2990 2167 ἀδελφέ,
3016 2093 3312 2166 συμϐουλῆς
3335 2091 3535 2167 δέομαι,
3563 2097 3653 2149 καὶ
3680 2098 3910 2169 γνώμην

563 2182 785 2238 tentiam
818 2188 966 2236 tuam
997 2189 1225 2252 expeto.
1258 2196 1328 2237 ne
1359 2180 1497 2236 forte
1529 2181 1845 2249 halluciner,
1881 2197 2044 2253 super
2077 2200 2173 2240 ne-

564 2274 712 2346 gotio
749 2272 892 2344 quod
936 2271 1069 2328 mihi
1112 2273 1217 2328 tale
1258 2272 1473 2330 accidit.
1507 2273 1736 2343 Quidam
1778 2291 1841 2330 ex
1877 2275 2172 2343 fratribus,

568 2365 662 2436 qui
698 2364 766 2420 ad
794 2364 1081 2421 ecclesiam
1109 2366 1437 2421 conveniunt
1458 2407 1473 2433 ,
1500 2366 1611 2437 jam
1646 2367 1856 2437 pridem
1888 2384 1986 2438 pro
2028 2368 2176 2424 fideli

565 2458 805 2525 habitus,
830 2465 886 2514 et
904 2458 995 2530 qui
1022 2468 1148 2514 ante
1175 2474 1349 2515 meam
1382 2459 1799 2525 ordinationem,
1824 2476 1886 2516 ac
1916 2463 1969 2516 ni
1993 2460 2172 2529 fallor,

568 2562 696 2609 ante
725 2553 896 2623 ipsius
926 2568 1143 2625 quoque
1176 2552 1419 2610 Heraclia
1444 2554 1815 2625 episcopatum
1842 2566 2015 2610 coetus
2045 2554 2177 2611 lide-

568 2646 700 2704 iium
731 2648 1000 2718 particeps
1030 2647 1240 2713 fuerat,
1273 2662 1396 2702 eum
1425 2647 1760 2704 interfuisset
1789 2649 2057 2719 baptismo
2086 2664 2180 2705 eo-

569 2755 691 2798 rum
718 2742 810 2813 qui
841 2756 1014 2812 nuper
1044 2741 1472 2813 baptizabantur,
1506 2750 1560 2797 et
1588 2742 2039 2813 interrogationes
2068 2756 2182 2797 res-

571 2836 971 2908 ponsiooesqne
999 2835 1272 2900 audisset,
1300 2835 1368 2891 ad
1397 2851 1484 2892 me
1509 2837 1742 2892 accessit
1767 2836 1900 2893 flens
1927 2844 1982 2893 et
2010 2837 2180 2893 vicem

572 2943 723 2984 suam
755 2927 1139 2997 ingemiscens.
1170 2927 1515 2999 Pedibusque
1543 2928 1679 2982 meis
1702 2929 1988 2984 advolutus
2007 2972 2020 2995 ,
2056 2943 2185 2984 con-

574 3017 713 3075 literi
738 3029 901 3090 atque
928 3018 1175 3089 dejerare
1201 3020 1394 3089 coepit,
1422 3019 1745 3089 baptismum
1774 3036 1880 3090 quo
1907 3020 2047 3091 apud
2076 3023 2185 3077 hae-

575 3112 775 3167 reticos
806 3110 1049 3166 initiatus
1079 3109 1292 3180 fuerat,
1325 3127 1432 3166 non
1466 3110 1777 3181 huiusmodi
1809 3126 1966 3181 esse,
2008 3128 2183 3183 neque

576 3205 865 3277 quidquam
892 3207 1113 3261 omnino
1140 3206 1341 3263 habere
1365 3222 1486 3262 cum
1515 3206 1620 3263 hoc
1649 3217 1834 3263 nostro
1860 3224 2177 3264 commune:

576 3298 774 3371 quippe
800 3299 1021 3370 plenum
1050 3298 1221 3355 fuisse
1251 3300 1543 3372 impietatis
1570 3310 1625 3357 et
1655 3301 2025 3371 blasphemiae.
2056 3302 2180 3355 Aie-

2275 2187 2404 2240 αἰτῶ
2430 2187 2581 2259 παρά
2626 2190 2746 2249 σοῦ,
2772 2187 3012 2239 τοιούτου
3039 2186 3175 2245 τινός
3205 2206 3290 2257 μοι
3316 2185 3692 2261 προσελτόντος
3724 2190 3915 2262 πράγ-

2279 2299 2466 2351 ματος.
2508 2276 2684 2338 δεδιὼς
2722 2282 2792 2348 μή
2830 2274 2934 2354 ἄρα
2963 2277 3283 2349 σφάλλωμαι.
3329 2285 3428 2331 τῶν
3460 2280 3563 2352 γάρ
3594 2282 3919 2354 συναγομέ-

2279 2393 2376 2424 νων
2404 2368 2626 2445 ἀδελφῶν
2674 2370 2859 2430 πιστὸς
2887 2370 3215 2442 νομιζόμενος
3241 2372 3470 2445 ἀρχαῖος
3508 2372 3597 2424 καὶ
3640 2371 3758 2445 πρὸ
3815 2380 3917 2432 τῆς

2283 2464 2407 2534 ἐμῆς
2451 2463 2795 2537 χειροτονίας,
2833 2456 2977 2533 οἶμαι
3005 2460 3178 2516 δὲκαὶ
3218 2464 3321 2538 πρὸ
3365 2471 3457 2523 τῆς·
3498 2467 3590 2517 τοῦ
3623 2467 3911 2539 μακαρίον

2283 2553 2504 2631 Ἠρακλᾶ
2546 2554 2921 2613 καταστάσεως
2964 2561 3057 2613 τῆς
3104 2563 3407 2628 συναγωγῆς
3434 2558 3757 2627 μετασχὼν,
3801 2565 3914 2617 τοῖς

2283 2648 2501 2719 suam
2526 2644 2918 2716 βαπτιζομένοις
2930 2650 3284 2723 παρατυχὼν,
3303 2650 3502 2701 καὶτῶν
3522 2649 3912 2723 ἐπερωτήσεων

2285 2742 2371 2793 καὶ
2418 2740 2738 2812 ἀποκρίσεων
2782 2737 3105 2799 ἐπακούσας.
3136 2739 3396 2814 προσῆλτέ
3434 2761 3521 2813 μοι
3569 2740 3766 2796 κλαίων
3812 2746 3908 2797 καί

2287 2836 2610 2909 καταθρηνῶν
2631 2832 2830 2888 ἑαυτὸν.
2858 2838 2953 2888 Καὶ
2968 2835 3169 2889 πίπτων
3186 2834 3287 2909 πρὸ
3307 2841 3405 2887 τῶν
3425 2832 3594 2888 ποδῶν
3614 2855 3747 2906 μου,
3782 2835 3902 2899 ἐξο-

2290 2930 2658 3001 μολογούμενος
2684 2930 2773 2999 μέν
2794 2930 2880 2981 καὶ
2918 2928 3251 2998 ἐξομνύμενος
3279 2927 3337 2981 τὸ
3361 2925 3663 3000 βάπτισμα,
3699 2926 3729 2981 ὅ
3754 2930 3910 3002 παρὰ

2289 3030 2395 3083 τοῖς
2438 3024 2710 3096 αίρετικοῖς
2761 3019 3101 3084 ϐεϐάπτιστο,
3146 3024 3216 3091 μὴ
3256 3024 3483 3075 τοιοῦτον
3527 3014 3679 3085 εἶναι,
3730 3024 3805 3093 μή
3847 3018 3905 3075 δέ

2289 3113 2414 3175 ὅλως
2457 3110 2598 3186 ἔχειν
2650 3116 2762 3169 τινὰ
2809 3115 2937 3189 πρὸς
2962 3118 3115 3167 τοῦτο
3142 3114 3400 3166 κοινωνίαν
3428 3128 3440 3140 ⁸
3490 3112 3743 3174 ἀσεϐείας
3794 3116 3903 3188 γὰρ

2287 3210 2442 3263 ἐκείνο
2471 3212 2559 3263 καὶ
2588 3208 2922 3282 βλασφημιῶν
2949 3206 3336 3281 πεπληρῶσθαι.
3364 3210 3535 3281 Λέγων
3575 3204 3630 3261 δὲ
3680 3209 3826 3264 πάνυ
3852 3229 3905 3262 τι

2287 3308 2376 3363 τήν
2419 3302 2605 3375 ψυχὴν
2646 3308 2734 3355 νῦν
2775 3302 3193 3372 κατανενύχται,
3243 3303 3331 3353 καί
3379 3305 3449 3372 μὴ
3489 3298 3542 3355 δέ
3590 3302 3904 3378 παρῥησίαν

576 3393 775 3466 batque
800 3395 1040 3451 animum
1067 3411 1223 3452 suum
1247 3396 1599 3453 acerbissimo
1621 3396 1825 3451 doloris
1849 3411 2011 3452 sensu
2032 3412 2175 3451 com-

2285 3398 2428 3470 ἔχειν
2449 3400 2639 3472 ἐπᾶραι
2665 3398 2787 3457 τοὺς
2824 3394 3112 3469 ὀφταλμοὺς
3157 3395 3286 3477 προς
3328 3395 3412 3448 τὸν
3456 3397 3600 3461 Θεὸν,
3641 3397 3751 3452 διπό
3798 3404 3900 3450 τῶν

578 3489 778 3563 pungi,
831 3504 895 3547 ac
930 3504 1000 3547 ne
1037 3489 1227 3547 oculos
1257 3491 1474 3563 quidem
1514 3490 1580 3547 ad
1622 3491 1793 3547 Deum
1833 3492 2082 3547 attollere
2118 3506 2178 3547 se

2284 3493 2500 3546 ἀνοσίων
2539 3491 2736 3545 ἐκείνων
2772 3488 3012 3562 ῥημάτων
3050 3489 3138 3541 καί
3183 3487 3502 3563 πραγμάτων
3552 3485 3855 3564 ὁρμώμενος
3884 3503 3897 3517 ⁸

1906 3629 2268 3688 VARIORUM
2306 3628 2533 3685 NOTAE.

577 3768 831 3839 colligere
857 3776 968 3834 est,
998 3781 1065 3823 eo
1093 3767 1210 3836 ipso
1241 3777 1516 3839 tempore,
1548 3784 1655 3839 quo
1684 3767 1994 3835 Stephanus
2023 3782 2159 3837 papa

579 3840 649 3896 de
677 3839 947 3895 haereticis
970 3854 1076 3893 non
1106 3840 1498 3909 rebaptizandis
1526 3842 1739 3909 scripsit
1758 3881 1774 3907 ,
1797 3839 2170 3894 Philemonem

581 3927 644 3967 ac
671 3910 979 3983 Dionysium
1006 3910 1353 3983 presbyteros
1382 3911 1570 3967 eadem
1620 3912 1688 3967 de
1733 3926 1809 3983 re
1844 3911 2048 3966 litteras
2102 3909 2169 3964 ad

579 3982 894 4054 Dionysium
949 3982 1371 4054 Alexandrinum
1424 3983 1659 4037 misisse.
1713 3982 1905 4054 Iisdem
1959 3996 2172 4051 quoque

582 4052 870 4124 Dionysius
894 4053 1292 4110 Alexandrinus
1316 4054 1487 4124 primo
1510 4054 1712 4122 paucis,
1740 4068 1802 4109 ac
1832 4052 2027 4108 deinde
2051 4068 2173 4108 cum

577 4124 690 4194 jam
720 4124 998 4195 Stephano
1026 4124 1231 4196 Xystus
1254 4124 1640 4192 successisset,
1675 4125 1917 4195 pluribus
1947 4124 2179 4196 reseripf

583 4196 686 4260 sit,
715 4204 771 4251 et
797 4194 1014 4266 quidem
1042 4194 1361 4262 separatim,
1415 4206 1471 4251 ut
1495 4211 1564 4251 ex
1595 4213 1660 4251 eo
1680 4194 1989 4258 Conﬁcitur,
2037 4194 2179 4266 quod

583 4265 959 4336 epistola’qure
996 4268 1062 4321 ad
1090 4267 1463 4323 Philemonem
1496 4269 1757 4338 rescripta
1788 4276 1894 4331 est,
1943 4269 2102 4338 tertia
2118 4265 2182 4319 de

584 4338 838 4410 baptismo
859 4355 881 4391 :
907 4349 967 4410 et
990 4354 1109 4410 qua:
1139 4339 1206 4392 ad
1242 4339 1573 4410 Dionysium,
1604 4336 1783 4409 quarta
1832 4338 1898 4394 ab
1948 4336 2180 4410 Eusebio

586 4409 911 4478 appelletur.
946 4408 1020 4464 De
1053 4409 1152 4464 hac
1180 4424 1341 4478 porro
1371 4408 1513 4463 idem
1558 4411 1822 4466 Eusebius
1870 4410 1940 4464 ita
1989 4409 2180 4478 praelo-

588 4481 822 4552 quitnrs
848 4498 881 4552 ε
901 4480 1104 4552 Quarta
1138 4480 1253 4550 ejus
1295 4479 1587 4552 (Dionysii)
1638 4483 1707 4536 de
1755 4482 2020 4549 baptismo
2066 4480 2180 4548 epi-

591 4550 726 4621 stola
758 4548 824 4603 ad
854 4548 1178 4621 Dionysium
1196 4548 1393 4621 scripta
1410 4548 1516 4612 est,
1540 4548 1666 4605 tunc
1685 4548 1901 4621 quidem
1924 4552 2178 4605 Romamn

591 4618 741 4706 urbis
764 4618 1167 4706 presbyterum,
1197 4618 1430 4688 sed’qui
1462 4618 1737 4703 aliquanto
1760 4631 1889 4706 post.
1937 4631 2179 4706 tempore

590 4690 833 4762 ejusdem
857 4690 1004 4745 urbis
1030 4691 1313 4759 episcopus
1340 4690 1663 4747 constitutus
1689 4690 1791 4747 est‘.
1816 4694 1889 4747 Ex
1915 4710 2014 4762 qua
2037 4693 2181 4746 hunc

591 4763 766 4834 ipsum
798 4760 1097 4834 Rmnanum
1131 4763 1439 4834 Dionysium
1463 4764 1886 4834 eruditissimum
1919 4760 2180 4832 planeque

589 4832 965 4905 admirandum
991 4833 1162 4888 virum
1195 4832 1358 4889 fuisse
1376 4833 1686 4890 testimOnio
1702 4835 1938 4905 Dionysii
1958 4834 2182 4889 Alexan-

590 4903 732 4959 drini
779 4906 901 4976 licet
941 4920 1291 4976 cognoscere.
1323 4925 1342 4959 ι
1375 4905 1510 4976 Tum
1564 4906 1680 4961 hsce
1711 4903 1998 4973 prmfatus,
2052 4906 2180 4960 sub-

591 4990 788 5031 nexutn
816 4974 1171 5046 fragmentum
1195 4978 1429 5047 subjicit.
1458 4975 1763 5033 Consum.

663 5048 950 5102 Lavacrum
985 5049 1171 5118 Airitum
1218 5049 1386 5102 habet.
1433 5047 1693 5116 Quocirca
1742 5049 1794 5104 in
1844 5049 2069 5118 epistola
2114 5048 2184 5103 7'5

589 5116 847 5190 Cypriani
876 5118 943 5172 ad
971 5116 1328 5173 Jubanianutn
1362 5121 1587 5190 legimus
1607 5161 1621 5183 ,
1654 5116 2059 5175 Novatianenses
2098 5135 2181 5173 re-

591 5188 850 5258 baptizare
876 5205 961 5243 eos
980 5231 994 5250 ,
1019 5205 1145 5259 quos
1171 5206 1202 5241 a
1229 5190 1372 5245 nobis
1400 5188 1691 5244 sollicitant.
1723 5191 1788 5245 Et
1809 5190 1949 5260 apud
1976 5193 2187 5260 Augus-

592 5262 762 5314 tinum
805 5261 1038 5330 append.
1071 5269 1201 5313 tom.
1235 5276 1292 5315 nt
1319 5263 1570 5325 antiquus
1598 5271 1787 5317 auctor
1813 5272 1922 5317 vet.
1955 5273 2010 5315 et
2054 5276 2180 5314 nov.

591 5330 831 5402 Testam.
853 5340 1046 5402 quiest.
1068 5330 1202 5394 102,
1228 5331 1295 5386 de
1318 5332 1435 5399 ipso
1454 5331 1749 5388 Novatiauo
1769 5335 1874 5389 ait:
1894 5331 1962 5387 In
1986 5342 2185 5386 tantum

591 5400 824 5477 irascitur
848 5400 991 5457 nobis
1010 5445 1034 5477 ,4
1057 5412 1111 5477 tu
1135 5412 1189 5477 _et
1218 5419 1310 5456 nos
1328 5402 1662 5477 Christianos
1697 5415 1875 5477 neget,
1911 5403 1930 5477 (
1956 5404 2185 5477 ideoque

592 5471 926 5547 baptismum
948 5474 1100 5529 nobis
1115 5473 1434 5547 iterandum
1467 5487 1685 5529 censeat
1704 5473 1723 5547 )
1744 5471 1905 5539 [cum
1920 5471 2062 5531 'sciut
2093 5471 2187 5547 nos

589 5558 650 5598 ea
679 5540 783 5611 ﬁde
812 5543 1153 5606 initiatos..de
1179 5561 1280 5613 qua
1308 5546 1417 5612 ipse
1447 5540 1730 5613 prtesnmit'.
1762 5548 1966 5611 Quibus
1995 5546 2183 5600 conci-

592 5615 670 5686 nit
691 5613 825 5686 illud
857 5614 1052 5683 vulgati
1081 5613 1347 5671 Ambrosii
1374 5618 1675 5672 Comment.
1707 5620 1758 5671 in
1789 5616 1954 5671 lCor.
1985 5631 2105 5686 cap.
2130 5632 2179 5671 t:

597 5704 616 5739 ι
646 5684 737 5743 Sic
758 5686 900 5740 enim
930 5695 1118 5750 erant,
1148 5689 1285 5742 sicut
1312 5704 1455 5744 nunc
1477 5686 1758 5743 Novatiani
1785 5699 1841 5744 et
1870 5684 2183 5754 Denatiani,

589 5759 683 5829 qui
723 5756 1182 5829 baptismum_sibi
1212 5758 1519 5829 vindicant,
1559 5775 1589 5815 a
1638 5762 1837 5818 nostris
1885 5759 2181 5829 baptizatos

592 5825 970 5900 reprobantes.
997 5846 1016 5883 ι
1037 5825 1347 5886 Consum.

2204 4523 2258 4583 D

2353 3764 2567 3820 Etiamsi
2596 3780 2712 3833 spes
2740 3764 2914 3834 aliqua
2942 3763 3118 3820 subsit.
3152 3764 3338 3820 Grazca
3381 3780 3482 3819 vox
3523 3764 3678 3827 ἕλπις
3722 3762 3898 3821 inter-

2280 3839 2407 3893 dum
2434 3851 2535 3908 pro
2561 3836 3149 3908 opinioneusurpatur.
3188 3835 3255 3890 Et
3284 3835 3371 3890 hic
3395 3835 3607 3903 quidem
3637 3847 3898 3908 constru-

2278 3913 2385 3966 ctio
2415 3906 2534 3977 ejus
2562 3923 2685 3961 eum
2716 3906 2882 3961 verbo
2919 3908 3174 3977 praeteriti
3209 3908 3462 3977 temporis
3496 3907 3774 3977 postulare
3808 3909 3895 3962 vi-

2279 3981 2460 4039 detur.
2495 3991 2551 4033 ut
2583 3980 2726 4033 illam
2766 3993 2829 4033 ea
2871 3981 3080 4033 ratione
3122 3978 3502 4047 intelligamus.
3546 3978 3735 4048 Neque
3763 3994 3898 4034 vero

2281 4049 2810 4123 eutngvalesiohunc
2822 4050 3001 4123 locum
3030 4050 3097 4104 de
3123 4049 3287 4123 lapsis
3312 4050 3369 4123 in
3384 4049 3777 4123 idololatrian),
3796 4051 3894 4105 sed

2283 4124 2351 4179 de
2391 4121 2685 4177 Catholieis
2722 4137 2751 4174 a
2795 4120 3089 4175 Novatiano
3131 4122 3406 4175 subversis
3444 4120 3890 4189 interpretamur,

2283 4210 2513 4265 quormn
2547 4194 2652 4265 ille
2668 4193 2988 4265 baptismum
3013 4192 3330 4255 exsul'ﬂans,
3356 4190 3616 4265 Spiritum
3640 4204 3889 4248 sanctum

2284 4261 2609 4320 sacramenti
2639 4263 2797 4331 hujus
2825 4277 3047 4316 munere
3075 4270 3352 4334 acceptum
3376 4261 3623 4331 fugabat,
3643 4264 3893 4334 quamvis

2285 4337 2336 4391 in
2368 4352 2555 4391 eorum
2598 4334 2900 4405 aliquibus,
2932 4341 3218 4402 antequam
3260 4333 3728 4405 subverterentur,
3761 4336 3889 4405 Spi-

2285 4409 2444 4462 ritum
2477 4404 2720 4462 sanetum
2754 4405 2836 4460 vel
2869 4405 3235 4472 permansisse
3270 4420 3364 4471 per
3392 4404 3758 4461 innocentiam
3804 4405 3889 4458 vel

2283 4490 2366 4534 est
2389 4489 2445 4533 ut
2464 4494 2584 4533 Clllll
2610 4475 2827 4531 Valesio
2849 4493 2946 4547 per
2976 4476 3347 4545 paenitentiam
3377 4476 3600 4533 rediisse
3629 4476 3893 4533 credibile

2284 4550 2372 4604 sit.
2402 4550 2475 4604 lta
2505 4548 2636 4619 nihil
2661 4564 2796 4618 opus
2816 4562 3140 4619 qumramus,
3173 4549 3235 4602 In
3261 4548 3419 4617 lapsis
3443 4549 3695 4618 quomodo
3723 4556 3889 4619 potest

2284 4636 2544 4693 remanere
2565 4618 2790 4693 Spiritus
2816 4620 3060 4693 sanctus?
3084 4618 3390 4675 Consum.

2357 4691 2595 4762 Dionysii
2629 4688 2965 4745 Alexandrini
2997 4695 3359 4762 fragmentum.
3407 4692 3479 4745 De
3519 4689 3619 4744 hac
3658 4688 3888 4762 epistola

2285 4761 2553 4818 Eusebius
2585 4764 2655 4815 ita
2689 4761 3040 4831 prmloquitur
3060 4761 3128 4815 tr
3164 4766 3319 4816 laxtat
3347 4771 3401 4817 et
3428 4763 3614 4832 quinta
3644 4761 3887 4830 ejusdem

2283 4834 2509 4902 cpistola
2536 4833 2600 4887 ad
2627 4832 2851 4904 Xystutn
2877 4834 3134 4887 Romana:
3161 4834 3309 4888 urbis
3334 4835 3644 4904 episcomtm
3663 4873 3677 4896 ,
3695 4834 3883 4904 inqua

2287 4900 2567 4975 postquam
2596 4900 2856 4959 adversus
2883 4904 3167 4959 Inmreticos
3193 4905 3353 4957 multa
3380 4903 3665 4975 di~seruit_,
3693 4900 3885 4969 hujus-

2289 4972 2709 5044 modiquiddam
2737 4992 2832 5029 sna
2861 4983 3016 5029 :etate
3038 4976 3327 5043 contigisse
3354 4981 3554 5027 nat-rat.
3585 4991 3603 5023 ι
3631 4972 3687 5026 ln
3709 4986 3771 5025 ea
3797 4987 3889 5024 att-

2289 5056 2396 5102 tem
2436 5058 2616 5102 narrat
2662 5048 2947 5117 Dionysius
2984 5045 3125 5112 quod
3166 5062 3336 5108 nuper
3375 5044 3876 5117 conti_gerat,_enm

2289 5119 2555 5188 baptisma
2610 5111 2820 5185 publice
2875 5134 2938 5172 ac
2978 5111 3314 5188 sollemniter
3355 5111 3886 5188 tt'adidis'set._Unde

2292 5185 2431 5244 hanc
2458 5191 2737 5259 epistolam
2772 5192 2931 5258 paulo
2960 5200 3080 5258 post
3115 5187 3317 5241 Pascha
3339 5227 3355 5259 ,
3388 5186 3473 5259 vel
3501 5194 3650 5259 certe
3687 5185 3884 5241 Pente-

2288 5256 2644 5322 costcn,'anni
2667 5256 2806 5319 258⁷,
2831 5256 3084 5328 scriptam
3111 5273 3233 5313 esse
3257 5256 3546 5325 colligitur.
3571 5256 3882 5312 Consum.

2359 5331 2679 5401 Baptismum
2707 5347 2805 5401 quo
2834 5330 2974 5401 apud
3003 5330 3264 5383 Itazreticos
3295 5329 3522 5381 initiatus
3557 5330 3742 5401 fuerat.

2291 5399 2572 5457 finusth
2599 5404 2669 5456 ita
2697 5399 2959 5456 reddidit:
2992 5418 3012 5450 ι
3038 5401 3306 5469 Baptisma
3334 5403 3403 5453 ab
3434 5399 3705 5455 litereticis
3730 5400 3884 5452 aliter

2288 5488 2348 5529 se
2378 5475 2713 5543 suscepisse:
2747 5473 2890 5542 quod
2926 5483 3100 5526 tamen
3132 5470 3434 5526 secundum
3462 5485 3525 5525 ea
3547 5512 3564 5536 ,
3594 5485 3715 5541 quae
3745 5483 3883 5523 nunc

2287 5545 2496 5599 videret
2521 5542 2551 5597 a
2582 5545 2734 5597 nobis
2761 5542 3091 5607 ministrari,
3120 5558 3221 5597 nec
3249 5543 3512 5613 baptisma
3540 5543 3782 5613 duceret,
3815 5552 3880 5595 eo

2285 5614 2428 5685 quod
2456 5627 2599 5670 esset
2627 5615 2835 5683 repleta
2864 5613 3210 5684 plasphcmiis
3233 5608 3411 5668 om'uis
3437 5614 3526 5668 illa
3549 5608 3876 5685 confessio.»

2290 5681 2523 5757 Dionysii
2551 5681 2775 5755 ejusque
2803 5681 3161 5741 decessurum
3189 5701 3304 5739 :evo
3333 5681 3767 5757 inAlexandrina
3794 5695 3887 5737 ec-

2286 5752 2449 5812 clesia
2470 5800 2485 5823 ,
2516 5752 2870 5828 ut'baptismo
2907 5772 3013 5812 non
3045 5758 3237 5812 iterato
3265 5756 3667 5828 susciperentur
3707 5752 3887 5828 lucre-

2287 5828 2374 5883 tici
2406 5843 2505 5886 usu
2533 5824 2811 5901 receptum
2840 5828 3008 5886 fuisse
3035 5844 3100 5885 ex
3130 5831 3233 5886 hoc
3258 5829 3379 5883 loco
3405 5824 3685 5881 evidenter
3714 5824 3885 5881 conli-
