4158 6260
563 264 637 324 99
1481 259 1571 318 DE
1610 254 1878 319 SANCTO
1917 252 2237 315 DIONYSIO
2266 251 2553 314 ROMANO
2580 250 2942 313 PONTIFICE

3762 246 3867 305 1οθ

561 384 704 440 bono
742 380 925 439 animo
967 394 1091 440 esse
1125 379 1300 453 jussi,
1342 383 1397 434 et
1439 391 1562 434 cum
1596 376 1747 432 ﬁrma
1778 375 1881 430 iide
1911 389 1976 429 ac
2014 373 2153 427 bona

2261 377 2548 451 προσιέναι.
2592 374 2619 430 ὁ
2662 372 2715 429 δὲ
2764 372 2885 429 οὔτε
2926 376 3120 427 πατῶν
3157 368 3375 427 πέρδεται
3410 382 3426 401 ⁸
3455 362 3663 445 πέφρικέ
3694 386 3749 421 τε
3801 373 3865 441 τῇ

561 475 892 531 conscientia
920 473 1183 530 accedere
1206 470 1274 526 ad
1300 470 1496 527 Sancta
1516 509 1530 534 ,
1555 477 1612 524 et
1638 468 1949 538 participem
1979 479 2158 520 eorum

2272 470 2502 544 τραπέζῃ
2527 468 2799 542 προσιέναι
2817 482 2830 496 ⁸
2846 469 2934 520 καὶ
2972 466 3114 538 μόλις
3134 463 3588 541 παρακαλούμενος
3619 458 3867 517 συνεστά-

562 567 703 623 ﬁeri.
733 566 934 624 Verum
958 566 1051 621 ille
1074 563 1289 636 lugendi
1315 562 1482 618 tinem
1510 577 1618 616 non
1644 558 1770 614 facit
1788 597 1806 626 ,
1835 566 1892 613 et
1918 556 1985 611 ad
2014 570 2171 611 men-

561 672 677 713 sam
715 656 975 715 accedere
1002 655 1377 722 exhorrescit,
1409 652 1603 725 vixque
1632 659 1858 724 rogatus
1896 650 2171 706 interesse

561 749 896 808 orationibus
916 747 1170 806 sustinet.

2269 584 2353 618 ναι
2377 569 2492 624 ταῖς
2511 567 2843 637 προσευχαῖς
2869 560 3137 631 ἀνέχεται.

1912 859 2299 919 VARIORUM'
2313 856 2541 915 ΝΟΤᾸΞ.

556 1016 784 1073 levavit:
816 1013 905 1071 ubi
935 1012 1306 1085 praemittens,
1349 1008 1418 1065 In
1458 1007 1637 1085 primis
1678 1006 1852 1085 itaque
1888 1000 2155 1085 providere

557 1088 815 1155 debemus,
847 1103 909 1141 ne
937 1075 1058 1139 dum
1082 1075 1302 1153 speciem
1325 1075 1601 1155 quemdam
1631 1075 1877 1155 cautionis
1908 1083 2156 1155 tenemus,

557 1141 814 1213 damnant,
826 1141 1287 1226 regenerattdarunt
1306 1141 1907 1226 incidamus‘anintarur-n
1920 1188 1934 1212 ,
1963 1141 2160 1197 fatetur

556 1232 773 1300 quidem
812 1218 1045 1293 deinde,
1086 1224 1396 1300 inexpiabite
1439 1238 1547 1277 esse
1591 1220 1819 1300 radunt,
1862 1218 2159 1300 lauacrum,

555 1288 689 1372 (ﬁtted
729 1288 1266 1373 regenerandissemei
1293 1296 1537 1373 tributum
1571 1288 1787 1373 estnbis
1816 1288 2028 1373 subire;
2071 1301 2161 1341 ve-

558 1359 676 1427 rum
708 1359 834 1428 movx
866 1371 1211 1425 nihilominus
1258 1367 1438 1421 addit:
1477 1364 1581 1419 Sed
1607 1364 1659 1415 in
1689 1362 1783 1414 hoc
1810 1359 2003 1429 (quem
2034 1371 2163 1412 vere

553 1443 880 1514 baptizatum
914 1456 1071 1514 nemo
1100 1436 1268 1508 scit,)
1300 1438 1430 1514 nihil
1459 1434 1623 1514 simile
1652 1430 1993 1511 formidatur;
2028 1444 2159 1514 qup-

555 1502 693 1569 ηἱὰηι
722 1532 826 1568 non
856 1523 1018 1584 potest
1046 1512 1100 1565 in
1143 1502 1424 1584 iterationis
1453 1502 1883 1584 eritnett'penire,
1914 1502 2051 1569 quod
2079 1502 2163 1581 [α-

553 1596 690 1641 ctum
720 1602 828 1641 esse
856 1569 1063 1639 omnino
1093 1583 1333 1637 nescitur.
1378 1581 1544 1634 Porro
1576 1578 1642 1630 de
1672 1574 1938 1642 baptismo
1959 1614 1975 1636 ,
2005 1569 2160 1639 cujus

552 1672 713 1713 causa
746 1655 1034 1728 Dionysius
1061 1652 1292 1728 Xystum
1334 1652 1444 1728 sibi.
1465 1644 1867 1728 cpnsulendnm
1891 1642 2154 1728 duxerat,

554 1711 860 1785 illudcerto
887 1711 1211 1794 constabat,
1242 1737 1367 1780 eum
1396 1720 1465 1777 ab
1494 1716 1765 1775 hazreticis
1796 1713 1964 1770 fuisse
1992 1711 2164 1769 colla-

2262 1008 2397 1055 tum.
2439 997 2549 1052 Nec
2589 994 2810 1051 dubium
2851 994 2978 1065 quin
3019 994 3062 1049 si
3107 993 3270 1065 homo
3303 991 3383 1047 sic
3424 989 3727 1065 baptizatus
3765 987 3873 1060 Cy-

2261 1070 2507 1142 prianum
2537 1078 2589 1124 et
2615 1082 2712 1142 eos
2729 1108 2744 1131 ,
2772 1056 3011 1142 qui'c‘um
3040 1065 3135 1142 illo
3161 1063 3408 1142 Africana
3436 1056 3724 1135 in'synodo
3749 1056 3874 1142 co'n-

2263 1134 2557 1206 venerant,
2607 1134 2862 1206 adiisset,
2916 1137 3058 1192 hunc
3104 1134 3483 1207 baptizandum
3523 1134 3646 1188 esse
3677 1134 3869 1207 statim

2263 1202 2651 1269 decrevissem.
2690 1210 2757 1264 Et
2798 1202 2922 1265 inde
2962 1208 3122 1279 igitur
3162 1202 3477 1279 Dionysium
3513 1218 3633 1259 cum
3676 1202 3871 1258 iisdem

2265 1286 2488 1341 minime
2517 1282 2859 1338 consensisse
2888 1278 3259 1335 confirmatur.
3303 1278 3444 1333 Hinc
3475 1285 3625 1331 certe
3659 1281 3877 1330 constat

2266 1356 2539 1411 hominem
2571 1355 2719 1408 illum
2744 1393 2757 1412 .
2788 1353 2878 1422 qui
2910 1353 3207 1422 baptizatus
3247 1350 3314 1405 ab
3356 1349 3621 1422 h:_ereti_cis
3661 1344 3869 1422 fuerat,

2270 1431 2338 1483 ah
2375 1427 2595 1482 ileracla
2628 1428 2681 1479 in
2724 1416 3021 1478 Ecclesiam
3062 1424 3179 1476 sine
3220 1436 3360 1475 novo
3403 1419 3666 1489 baptismo
3706 1416 3876 1489 fuisse

2271 1499 2585 1554 admissum.
2605 1496 2856 1566 lpsevero
2888 1494 3172 1564 Dionysius
3199 1492 3439 1566 Heracleo
3462 1486 3522 1566 in
3553 1486 3876 1566 recipiendis

2270 1570 2540 1627 haereticis
2567 1560 2770 1623 morem
2796 1566 2948 1637 sequi
2976 1560 3043 1622 se
3064 1564 3340 1691 conctéptis
3366 1562 3544 1616 verbis
3566 1560 3874 1633 proﬁtetur.

3250 1647 3513 1691 ous'rm.

3250 1647 3513 1691 OUSTANT.

1990 1841 2444 1921 NOTITIA

1261 1987 1701 2051 SCRIPTORUM
1730 1984 2173 2060 QUORUMDAM
2200 1982 2367 2053 QU/E
2407 1980 2501 2037 AD
2539 1976 2799 2037 SIXTUM
2838 1971 3209 2033 ATTINENT.

626 2139 666 2196 ι.
722 2139 990 2194 Praeterea
1036 2133 1321 2206 Dionysius
1369 2133 1529 2188 aliam
1571 2130 1640 2186 ad
1683 2129 1893 2187 Sixtum
1941 2124 2159 2197 scripsit
2185 2127 2234 2187 B
2262 2121 2538 2193 adeoque,
2571 2120 2614 2175 si
2644 2116 2823 2174 Pontii
2853 2124 3137 2171 assecutus
3167 2121 3254 2169 est
3296 2116 3570 2176 mentem,
3610 2100 3879 2165 dicendus

550 2234 832 2305 epistolam
857 2273 871 2298 ,
900 2245 1061 2302 quam
1103 2227 1401 2294 Eusebius,
1436 2226 1531 2282 lib.
1561 2241 1667 2294 vn,
1705 2221 1870 2292 Hist.,
1901 2238 1950 2278 c.
1982 2222 2039 2288 9,
2073 2219 2159 2275 his

553 2329 733 2386 verbis
762 2327 1002 2383 indicare
1032 2325 1162 2382 satis
1191 2322 1409 2379 habuit:
1440 2340 1459 2373 ο
1484 2321 1584 2377 Est
1612 2328 1668 2377 et
1693 2320 1878 2391 quinta
1909 2315 2157 2386 ejusdem

553 2421 791 2494 Dionysii
814 2419 1042 2490 epistola
1062 2417 1131 2472 de
1152 2415 1439 2486 baptismo,
1466 2414 1637 2485 ipsius
1655 2418 1711 2468 et
1731 2411 1976 2467 ecclesiae
1996 2421 2158 2479 quam

552 2516 772 2589 regebat
800 2512 1055 2581 nomine,
1106 2509 1173 2565 ad
1203 2508 1414 2565 Sixtum
1448 2517 1503 2564 et
1530 2507 1821 2565 ecclesiam
1864 2504 2012 2560 urbis
2053 2502 2161 2558 lio-

552 2626 656 2666 mae
676 2650 692 2677 ,
725 2610 779 2664 in
806 2623 911 2677 qua
940 2607 1009 2662 de
1038 2604 1312 2675 proposita
1342 2602 1645 2673 quaestione
1677 2598 1941 2671 prolixam
1967 2597 2157 2652 admo-

554 2703 681 2758 dum
708 2702 1130 2773 disputationem
1156 2697 1408 2753 instituit.
1436 2714 1458 2749 ι

623 2796 690 2852 ll.
716 2794 940 2852 Pontius
964 2793 1016 2848 in
1036 2791 1157 2847 Vita
1180 2791 1239 2849 S.
1261 2790 1519 2863 Cypriani
1545 2788 1663 2844 haec
1683 2788 1875 2843 habet:
1905 2805 1924 2839 ι
1948 2783 2068 2842 iam
2091 2784 2159 2840 de

553 2887 704 2945 Sixto
734 2889 876 2944 bono
905 2897 960 2944 et
987 2886 1215 2959 pacitico
1242 2883 1554 2952 sacerdote,
1608 2897 1672 2938 ac
1702 2888 1987 2953 propterea
2030 2878 2157 2934 hea-

555 2980 764 3035 tissimo
798 2986 1071 3048 martyre,
1115 2976 1336 3030 nuntius
1376 2982 1621 3029 venerat.
1655 2970 1988 3041 Sperabatur
2012 2966 2156 3037 jam-

549 3074 769 3145 jamque
797 3069 1038 3128 carnifex
1065 3062 1309 3125 veniens.
1338 3086 1357 3121 ι
1386 3067 1517 3137 Quae
1543 3066 1706 3121 verba
1737 3064 1817 3119 sic
1844 3061 2152 3118 summatim

555 3165 733 3221 reddit
775 3162 1099 3220 Oxoniensis
1138 3161 1313 3219 editor
1350 3180 1363 3216 :
1401 3179 1420 3214 ι
1462 3159 1647 3216 Sixtus
1690 3154 1932 3228 pontifex
1976 3168 2154 3210 roma-

555 3274 656 3315 nus
680 3258 749 3314 de
773 3257 1150 3329 persecutione
1175 3264 1425 3311 secutura
1453 3251 1784 3325 Cyprianum
1810 3248 2099 3311 admonet;
2126 3266 2145 3300 ι

569 3379 839 3435 ἃ
860 3374 1425 3392 οΔ--εοοο-ι-ι-*Α--α
1431 3376 1719 3386 ᾑ--α-
1731 3366 2475 3421 ’μωὲ

1163 3414 2271 3609 signatura
2347 3473 3230 3596 momrsro

2264 2221 2346 2267 est
2393 2212 2577 2268 Sixtus
2604 2207 2871 2280 passionis
2901 2204 3183 2276 proximus
3211 2201 3279 2255 ad
3308 2200 3635 2271 Cyprianum
3667 2196 3881 2251 litteras

2263 2307 2477 2363 misisse
2496 2346 2513 2375 ,
2539 2304 2734 2377 quibus
2758 2316 2882 2358 eum
2909 2299 2979 2355 de
3005 2296 3380 2369 persecutione
3406 2289 3725 2348 imminente
3750 2303 3882 2344 cer-

2263 2400 2456 2455 tiorem
2486 2376 2707 2453 faceret.
2735 2394 2940 2451 Verum
2971 2392 3073 2446 hoc
3100 2398 3309 2444 tantum
3335 2384 3438 2441 sibi
3463 2382 3582 2439 vult
3612 2376 3878 2448 Pontius,

2262 2493 2700 2566 persecutionem
2731 2489 2918 2545 Roma:
2945 2484 3194 2555 ﬂagrare,
3215 2481 3434 2553 jamque
3472 2476 3543 2531 de
3570 2474 3707 2531 Sixti
3735 2486 3883 2528 mar-

2264 2563 2405 2658 tyrio
2431 2600 2494 2641 ac
2521 2597 2654 2639 nece
2684 2580 2928 2636 nuntium
2959 2577 3207 2642 venisse,
3235 2581 3291 2627 et
3314 2568 3642 2638 Carthagine
3668 2567 3721 2620 in
3753 2563 3879 2619 dies

2262 2657 2571 2735 carniﬁcem
2603 2674 2903 2746 expectari.
2947 2670 3024 2726 Ibi
3056 2669 3199 2723 enim
3234 2663 3545 2736 perstringit
3571 2660 3659 2716 hic
3692 2657 3875 2714 diaco-

2262 2788 2365 2826 nus
2387 2769 2528 2841 quod
2549 2767 2850 2836 Cyprianus
2874 2763 3037 2833 epist.
3058 2760 3150 2827 82,
3178 2759 3244 2815 ad
3267 2758 3593 2815 Successum
3613 2752 3877 2822 explicat,

2261 2879 2357 2920 eos
2400 2876 2592 2933 nempe
2621 2861 2872 2925 venisse,
2904 2870 3041 2927 quos
3078 2853 3343 2919 Romam,
3376 2857 3434 2905 ut
3462 2848 3743 2904 veritatem
3782 2859 3882 2899 ex-

2260 2959 2536 3029 plorarent
2556 2998 2571 3023 ,
2605 2955 2724 3025 ipse
2753 2954 3012 3017 miserat;
3043 2964 3074 3004 a
3101 2949 3296 3020 quibus
3321 2954 3377 3001 et
3404 2943 3751 3000 Valerianum
3782 2937 3879 2994 ad-

2259 3067 2448 3109 versus
2489 3048 2814 3105 christianos
2853 3044 2923 3100 ad
2963 3050 3210 3099 senatum
3240 3038 3628 3108 rescripsisse,
3657 3043 3714 3092 et
3751 3032 3883 3090 Six-

2263 3159 2375 3205 tum
2420 3143 2891 3210 animadversum,
2942 3149 2997 3195 et
3044 3139 3171 3194 huic
3212 3134 3577 3209 persecutioni
3625 3132 3680 3187 in
3727 3129 3878 3188 Urbe

2264 3242 2546 3315 przet‘ectos
2574 3239 2811 3310 quotidie
2840 3235 3093 3292 insistere
3122 3231 3330 3289 didicit.
3364 3230 3428 3285 D.
3456 3228 3764 3285 Cousntrr.

1623 3676 2114 3754 ROMANO
2173 3666 2756 3749 PONTIFICE

1931 3804 2472 3868 PBOLEGOMENA.

1640 3948 2747 3993 “QP——

1086 4105 1377 4151 Αιιτιουιυε
1413 4100 1626 4145 PBIIUS.

1105 4207 1227 4272 Ejus
1247 4208 1361 4259 vitae
1382 4201 1605 4255 historia.

628 4318 914 4393 Dionysius
939 4316 1146 4388 origine
1175 4314 1418 4380 Graecus,
1451 4320 1507 4367 et
1530 4308 1702 4382 patria
1741 4303 1971 4361 Calaber
1999 4298 2157 4393 vulgo
2183 4278 2229 4342 (ἶ

556 4390 795 4470 creditur
811 4410 914 4484 (Ι).
948 4411 1023 4465 De
1047 4409 1165 4480 ejus
1190 4407 1351 4462 rebus
1367 4403 1533 4475 gestis
1550 4415 1721 4472 usque
1746 4397 1812 4452 ad
1829 4410 2031 4451 annum
2049 4390 2161 4447 256

556 4508 685 4563 Jesu
707 4503 907 4562 Christi
928 4502 1059 4558 nihil
1077 4498 1211 4555 certi
1235 4504 1572 4567 compertum
1597 4493 1878 4547 habemus.
1912 4486 1989 4543 Ea
2016 4495 2155 4542 tem-

556 4609 761 4672 pestate
788 4592 1430 4666 romanae'presbyterum
1460 4586 1653 4659 agebat
1681 4583 1961 4646 Ecclesiae,
1996 4593 2157 4651 quem

556 4691 812 4767 Epistolis
838 4690 954 4747 suis
994 4688 1126 4743 adiit
1158 4684 1443 4757 Dionysius
1472 4677 1889 4738 Alexandrinus.
1910 4674 2014 4730 Ἐκ
2038 4673 2155 4739 illa,

553 4802 674 4859 qua:
695 4791 883 4858 quarta
914 4781 1114 4840 eratde
1128 4779 1401 4852 Baptismo
1418 4774 1521 4851 (2),
1543 4794 1564 4827 ι
1598 4772 1932 4843 huncipsum
1952 4768 2157 4825 Roma-

552 4897 679 4936 num
700 4878 1013 4950 Dionysium
1035 4873 1476 4941 eruditissimum,
1497 4870 1763 4942 planeque
1780 4861 2153 4921 admirandum

554 4977 738 5045 luisse,
773 4974 1083 5030 testimonio
1117 4971 1353 5040 Dionysii
1398 4964 1746 5025 Alexandrini
1790 4964 1916 5020 licet
1949 4976 2152 5034 cogno-

551 5083 726 5125 scere.
768 5086 788 5121 ι
820 5065 1097 5138 Stephano
1144 5063 1348 5119 faverat
1392 5062 1710 5134 Dionysius;
1739 5056 2003 5129 siquidem
2037 5057 2153 5124 ipse

549 5177 613 5218 ac
647 5160 928 5217 Philemon
964 5157 1339 5213 Firmilianum
1371 5165 1423 5211 et
1456 5154 1719 5212 Helenum
1769 5152 2148 5208 hazreticorum

546 5254 870 5326 baptismum
916 5252 1224 5322 rejicientes
1271 5265 1303 5304 a
1353 5248 1732 5305 communione
1781 5242 2145 5317 segregandos

617 5392 699 5459 (i)
739 5391 917 5451 Cave.
956 5388 1095 5459 Hist.
1130 5387 1371 5459 litterar.,
1423 5392 1465 5440 t.
1517 5400 1576 5450 ι,
1606 5398 1747 5459 pa_g._
1785 5382 1922 5459 [3.3;
1970 5380 2135 5459 ἔρδει.

546 5452 746 5530 Georg.
774 5461 1010 5526 Walch.,
1046 5458 1187 5514 Hist.
1220 5457 1587 5530 Eccles.,_pag.
1610 5452 1780 5530 1091.
1806 5453 1967 5530 Liber
1994 5452 2137 5530 Pon-

543 5524 1118 5660 ὲῇὲεριῖὶθξῐηιοηαειιαπι
1145 5530 1313 5586 fuisse
1344 5524 1527 5595 tradit,
1540 5524 1703 5598 'qnod
1733 5533 1818 5581 est
1843 5526 2004 5595 longe
2033 5524 2137 5579 ial-

574 5622 587 5659 l
623 5619 761 5660 snnu
804 5629 842 5657 ι.

613 5676 693 5748 (2)
725 5674 956 5748 Euseb”
1001 5675 1140 5731 Hist.
1182 5672 1514 5748 Ecclesiast,
1547 5669 1794 5748 lib.__vn_,
1824 5682 1945 5738 cap.
2085 5673 2142 5727 et
2242 5666 2649 5748 fol.,_'arl_iitror,

538 5738 984 5829 apudtiallandL,
1012 5755 1145 5805 tom.
1175 5761 1256 5816 ut,
1286 5744 1392 5817 Ep.
1418 5743 1476 5813 8,
1506 5759 1559 5816 p.
1592 5741 1721 5816 525,
1754 5739 1811 5798 in
1840 5748 1956 5797 not.
1986 5738 2040 5797 ὃ.

2262 4078 2386 4120 cum
2412 4059 2689 4132 Stephano
2717 4073 2856 4133 papa
2883 4058 3180 4117 censebant
3207 4055 3311 4131 ('5).
3345 4054 3451 4115 Sed
3480 4054 3550 4111 de
3595 4052 3871 4111 sententia

2263 4154 2522 4226 Stephani
2552 4153 2803 4210 discessit
2844 4152 3189 4225 postmodum
3213 4194 3229 4220 ,
3261 4150 3376 4207 sive
3419 4148 3709 4205 haereticos
3744 4159 3871 4201 cum

2262 4247 2530 4320 Cypriane
2561 4245 2913 4317 haptizandos
2939 4261 3061 4301 esse
3083 4244 3337 4316 judicarit
3364 4243 3448 4316 (4)
3472 4285 3486 4311 ,
3519 4242 3640 4298 sive
3683 4238 3871 4318 durius

2264 4341 2525 4412 Stephani
2556 4338 2718 4395 Afros
2748 4340 2832 4395 vel
2870 4338 3411 4403 excommunicantis,
3438 4336 3523 4391 vel
3552 4335 3744 4391 saltem
3773 4347 3872 4390 cx-

2262 4435 2805 4492 communicationem
2839 4433 3137 4489 minitantis
3183 4434 3382 4488 factum
3431 4430 3774 4501 improbarit.
3808 4425 3870 4484 1d

2263 4527 2422 4584 docet
2470 4525 2759 4597 Dionysius
2802 4524 3207 4584 Alexandrinus
3251 4523 3320 4580 ad
3368 4524 3575 4581 Sixtum
3623 4519 3870 4593 Dionysii

2264 4620 2493 4676 Romani
2533 4618 2878 4675 decessorem
2919 4618 3146 4690 epistola
3173 4659 3187 4683 ,
3229 4632 3350 4688 qua:
3395 4624 3481 4672 est
3515 4614 3753 4671 secunda
3800 4611 3872 4669 de

2266 4714 2548 4785 Baptismo
2574 4731 2588 4767 :
2624 4731 2642 4765 α
2681 4712 2787 4769 Sed
2816 4720 2871 4767 et
2891 4712 3225 4773 charissimis
3254 4709 3507 4765 fratribus
3534 4717 3589 4763 et
3618 4721 3871 4779 compre-

2262 4808 2496 4880 sbyteris
2535 4807 2735 4862 nostris
2780 4806 3039 4878 Dionysio
3091 4814 3146 4860 et
3187 4802 3489 4860 Philemoni
3517 4846 3533 4871 ,
3580 4802 3673 4873 qui
3717 4803 3868 4874 prius

2259 4901 2403 4957 idem
2443 4916 2566 4956 cum
2597 4900 2873 4971 Stephano
2901 4908 3214 4966 senserant,
3241 4906 3403 4952 antea
3431 4896 3649 4967 quidem
3678 4895 3867 4952 brevi-

2259 5004 2362 5063 ter,
2392 5009 2532 5050 nunc
2553 5010 2681 5051 vero
2704 4993 2941 5065 pluribus
2963 4990 3145 5047 verbis
3168 4989 3379 5059 scripsi.
3414 5008 3434 5042 ι
3469 4987 3670 5042 Horum
3697 4987 3864 5058 igitur

2257 5084 2486 5142 duorum
2513 5086 2773 5141 Romanae
2796 5084 3050 5140 Ecclesia:
3079 5081 3524 5153 Presbyterorum
3548 5078 3850 5150 Sapientia,

2255 5179 2427 5251 inquit
2452 5178 2535 5234 Cl.
2571 5177 2818 5234 Maranus
2848 5176 2959 5251 (5),
2992 5190 3092 5231 nec
3119 5174 3391 5230 immerito
3418 5172 3721 5244 mitigatum
3746 5172 3863 5227 exi-

2325 5314 2408 5389 (5)
2447 5313 2586 5389 Vide
2621 5312 2897 5389 Contantii
2936 5323 3050 5389 not.
3082 5313 3115 5371 6
3140 5356 3154 5381 ,
3176 5314 3238 5389 in
3270 5312 3370 5389 Ep.
3414 5310 3470 5378 6,
3497 5326 3619 5383 qua:
3658 5320 3741 5367 est
3771 5326 3862 5369 se-

2247 5383 2422 5442 cunda
2453 5387 2516 5441 de
2544 5385 2809 5457 Baptismo
2830 5386 2898 5441 ad
2926 5386 3131 5442 Sixtum
3164 5383 3251 5451 ll,
3278 5385 3331 5439 in
3354 5384 3456 5439 hoc
3482 5392 3653 5450 temo,
3673 5398 3857 5457 supra.

2322 5457 2522 5532 (4)}ta
2553 5460 2769 5527 quidem
2818 5466 3004 5532 censet
3036 5458 3537 5532 _Lannoyt_ts_,_tom.
3569 5472 3697 5532 vui,
3730 5470 3853 5532 pag.

2248 5525 2514 5585 603.’Sed
2536 5525 2840 5599 perpaucos
2868 5529 3003 5595 fore,
3034 5529 3204 5599 inquit
3232 5525 3312 5599 Cl.
3343 5525 3617 5599 hinnitus,
3654 5525 3858 5599 in_Vi_ta

2247 5602 2310 5659 S.
2338 5595 2623 5672 Cypriani,
2644 5595 2686 5672 ς
2717 5600 2820 5672 50,
2854 5598 3144 5672 pag.__100,_
3191 5597 3323 5654 edit.
3366 5596 3553 5655 Venet.
3590 5595 3731 5672 t7_58_
3750 5638 3765 5663 ,
3797 5596 3856 5653 in

2327 5713 2364 5739 .,
2381 5666 2769 5799 'arhitrorfqui
2787 5666 3007 5752 Lautioii
3024 5670 3391 5739 conjecturam
3409 5686 3517 5729 non
3535 5666 3851 5740 explodant.

2320 5743 2401 5818 (5)
2442 5743 2673 5814 tiaram,
2724 5756 2825 5801 oco
2854 5748 3029 5812 citat.,
3065 5756 3187 5815 pag.
3217 5756 3291 5800 ct.
3660 5806 3665 5813 ,

2631 5784 2673 5814 0’
2705 5780 2825 5801 ιννν
2854 5780 3029 5812 νισι-ιιι,
3065 5780 3187 5814 ruas
3217 5780 3291 5800 ν..
