4158 6260
612 256 716 312 105

1504 251 1594 309 DE
1624 250 1893 309 SANCTO
1937 249 2250 309 DIO‘NYSIO
2289 247 2576 308 ROMANO
2616 251 2861 308 PONTIF
2867 252 2976 309 ICE

3810 254 3922 310 104

608 381 930 446 argumento
953 371 1223 440 inductus,
1251 369 1392 444 quod
1415 371 1650 427 secunda
1679 371 1917 443 synodus
1945 369 2201 425 adversus
2230 373 2279 431 A
2308 384 2400 424 eos
2423 378 2626 440 patres,
2658 384 2885 440 quorum
2909 369 3234 438 doctrinam,
3265 370 3432 426 immo
3461 368 3686 442 phrases
3710 375 3766 428 et
3796 386 3926 428 ver-

607 470 836 529 Paulum
877 469 1288 525 Samosatenum
1333 465 1637 520 Antiochia:
1677 464 1953 520 celebrata
2005 464 2075 517 sit
2115 461 2211 517 de-

609 565 794 620 functo
821 562 929 632 jam
961 560 1185 615 Claudio
1214 558 1483 628 Augusto,
1519 558 1608 628 qui
1637 557 1874 611 decessit
1897 556 2210 611 Aureliano.

611 657 721 714 Nos
755 670 885 712 vero
912 654 1076 708 vitam
1107 651 1286 705 adhuc
1311 649 1578 705 retinente
1606 647 1856 712 Claudio,
1885 645 2079 718 synodi
2107 645 2216 715 epi-

608 752 804 808 stolam
843 747 908 802 ad
955 745 1265 817 Dionysium
1313 744 1612 798 Romanum
1649 752 1702 797 et
1749 741 1885 795 alios
1929 738 2214 810 episcopos

607 846 861 915 scriptam
892 841 1061 897 fuisse
1091 855 1233 894 anno
1259 837 1366 894 269
1398 852 1684 893 censemus
1713 834 1816 908 (1).

682 937 926 1008 Elogium
975 935 1038 992 S.
1080 933 1318 1005 Dionysii
1351 932 1590 986 Romani.
1622 961 1693 972 -—
1721 928 2056 985 Eruditionis
2093 929 2203 983 sin-

605 1032 807 1105 gularis
862 1029 1094 1094 laudem,
1137 1042 1298 1098 quam
1342 1024 1628 1092 Eusebius,
1677 1022 1816 1078 libro
1864 1039 1957 1088 vn,
1998 1037 2116 1091 cap.
2154 1023 2210 1088 7,

609 1127 751 1183 Hist.
784 1125 986 1190 eccles.,
1020 1121 1260 1194 Dionysii
1294 1118 1640 1176 Alexandrini
1685 1117 1993 1172 testimonio
2048 1115 2212 1169 fultus

606 1218 863 1292 Dionysio
903 1225 1090 1272 nostro
1140 1213 1398 1268 adtribuit
1444 1210 1896 1283 (eruditissimum
1945 1207 2210 1278 planeque

603 1308 980 1368 admirandum
1035 1307 1212 1360 virum
1259 1319 1382 1360 eum
1440 1299 1782 1373 appellans);
1837 1300 1921 1354 vel
1970 1298 2112 1369 quod
2142 1312 2208 1351 ex

603 1405 722 1474 ejus
750 1401 965 1472 scriptis
994 1407 1241 1469 superest
1272 1396 1652 1466 fragmentum,
1683 1393 1758 1448 illi
1782 1393 1912 1447 satis
1941 1404 2210 1461 superque

602 1495 878 1552 conciliat.
924 1491 981 1546 In
1035 1506 1102 1546 eo
1156 1489 1286 1545 dum
1340 1487 1632 1542 sabelliana
1690 1482 1977 1555 proﬂigare
2029 1482 2211 1539 studet

601 1596 928 1650 commenta,
953 1585 1112 1641 simul
1135 1592 1190 1639 et
1211 1583 1323 1638 Arii
1350 1592 1404 1637 et
1433 1580 1794 1636 tritheitarum
1829 1577 2021 1648 placita
2073 1591 2209 1646 prte-

599 1684 761 1738 vertit
789 1689 948 1750 atque
978 1676 1272 1747 pervertit,
1300 1689 1363 1728 ac
1390 1673 1609 1727 nicaenaz
1639 1670 1850 1742 synodo
1873 1709 1888 1734 ,
1914 1685 2074 1739 quam
2107 1684 2206 1738 po-

2317 461 2385 518 ba
2416 461 2709 518 concilium
2743 462 3010 518 niemnum
3043 462 3325 534 usurpavit
3355 462 3456 535 (4).

2915 617 3211 659 ARTICULUS
3251 619 3309 658 ll.

2315 719 2392 770 De
2415 719 2689 785 scriptisfS.
2717 719 2935 783 Dionysii
2977 719 3467 785 BomaniLPontifu-is
3509 730 3611 773 tum
3651 724 3883 785 genuinis
3903 758 3922 785 ,

2377 783 2795 854 suppositit.iis,.ac
2808 786 3082 854 praesertim
3103 785 3168 854 de
3181 783 3480 854 Fragmenta
3493 783 3727 854 Epistolas
3737 786 3797 835 ad
3810 783 3930 854 san-

2378 843 2510 957 gtuﬁn
2537 843 2821 908 Dionysium
2847 845 3234 896 Alexandrinum
3258 843 3347 898 seu
3371 843 3790 910 potius'adversus
3827 848 3925 899 Sa-

2416 922 2445 958 e
2488 921 2638 958 ianos.

2387 1014 2578 1086 Magno
2632 1014 2890 1071 Ecclesiae
2939 1015 3138 1071 damno
3191 1015 3360 1072 sancti
3417 1015 3658 1090 Dionysii
3708 1018 3923 1075 romani

2315 1109 2556 1178 epiScopi
2585 1109 2785 1179 scripta
2813 1109 2927 1165 fere
2971 1109 3150 1164 omnia
3183 1109 3374 1179 injuria
3403 1120 3705 1180 temporum
3739 1111 3927 1183 perie-

2315 1215 2395 1255 re.
2422 1199 2644 1254 Librum
2675 1200 2847 1256 edidit
2888 1200 2951 1254 de
2989 1200 3200 1272 Duplici
3227 1199 3425 1256 Haeresi
3460 1201 3562 1273 (5).
3614 1203 3724 1259 Nec
3748 1203 3928 1260 semel

2312 1293 2381 1349 de
2403 1294 2502 1348 viri
2536 1294 2712 1364 magni
2740 1294 3202 1350 lucubrationibus
3239 1296 3567 1352 mentionem
3596 1298 3703 1368 egit
3749 1297 3929 1353 Atha-

2314 1387 2538 1442 nasius:
2575 1406 2593 1438 r
2629 1388 2705 1443 Ex
2741 1387 2980 1460 Dionysii
3020 1388 3248 1444 Romani
3287 1389 3541 1460 operibus
3566 1432 3581 1457 ,
3611 1391 3780 1463 inquit
3810 1389 3927 1463 (6),

2313 1490 2502 1536 contra
2529 1496 2655 1547 eos,
2689 1482 2779 1552 qui
2810 1481 2977 1537 [ilium
3011 1483 3103 1538 Dei
3135 1498 3271 1554 opus
3298 1492 3654 1551 asseverant,
3681 1484 3928 1540 ostendi-

2313 1583 2402 1629 tur
2448 1575 2683 1630 ariorum
2733 1574 2982 1630 haeresim
3023 1575 3150 1630 olim
3193 1575 3262 1631 ab
3307 1576 3561 1632 omnibus
3607 1577 3924 1633 damnatam

2311 1667 2500 1724 fuisse.
2532 1689 2551 1721 ι
2589 1668 2762 1724 Verba
2785 1684 3000 1740 quoque
3025 1670 3264 1741 Dionysii
3293 1670 3450 1726 all'ert
3475 1670 3613 1726 libro
3635 1673 3698 1726 de
3729 1671 3922 1727 Decre-

599 1786 713 1830 stea
739 1780 1076 1844 sequeretur,
1107 1768 1427 1837 eaeterisqne
1472 1765 1804 1836 sequendam
1849 1763 2203 1829 decerneret,
2237 1770 2284 1828 Β
2313 1766 2376 1820 tis
2429 1765 2630 1835 Synodi
2676 1763 2928 1831 Nicwnae,
2977 1772 3108 1819 tom.
3140 1779 3179 1829 1,
3212 1779 3335 1836 pag.
3380 1764 3489 1820 275
3512 1809 3527 1833 ,
3562 1773 3672 1820 vet.
3701 1765 3832 1821 edit.
3864 1774 3932 1822 et

599 1869 760 1924 ﬁdem
808 1862 1259 1936 prtemonstravit.
1316 1861 1375 1915 lu
1429 1860 1530 1915 hoc
1573 1869 1832 1930 prmtcrea
1863 1859 2203 1929 prudentiam

598 1960 854 2033 patefecit
907 1973 1058 2013 suam
1087 1998 1102 2023 ,
1155 1953 1295 2025 quod
1346 1955 1400 2008 in
1434 1953 1748 2024 Dionysium
1782 1951 2202 2008 Alexandrinum

599 2051 944 2127 quantumvis
970 2051 1210 2122 graviter
1234 2055 1568 2111 accusatum,
1587 2045 1722 2099 nihil
1747 2045 1923 2114 asperi
1946 2045 2028 2099 vel
2048 2044 2203 2111 dixit,

601 2150 686 2205 vel
712 2147 915 2218 gessit:
949 2160 1135 2201 verum
1190 2158 1295 2196 non
1343 2139 1708 2203 dissimulans,
1746 2155 1906 2208 quam
1933 2154 2093 2208 grave
2122 2153 2206 2194 es-

601 2251 703 2306 set,
738 2240 880 2296 unde
907 2247 1271 2299 accusaretur,
1301 2233 1567 2302 patienter
1593 2232 1868 2296 sustinuit,
1899 2231 2072 2300 quoad
2104 2230 2206 2285 istc

601 2334 797 2409 prtesul
825 2331 1040 2388 abunde
1064 2329 1424 2390 satisfaceret,
1459 2326 1819 2394 injectatuque
1844 2323 1912 2378 de
1943 2339 2001 2377 se
2027 2325 2206 2394 suspi-

602 2431 812 2486 cionem
837 2425 1051 2498 penitus
1079 2421 1397 2492 depelleret.
1433 2417 1637 2474 Adbtec
1667 2433 1694 2470 a
1725 2417 1850 2471 diVU
1881 2415 2080 2469 Basilio
2107 2428 2206 2467 vo-

602 2532 754 2580 catur
779 2519 860 2593 (2)
883 2528 1102 2574 sanctus
1140 2513 1428 2584 Dionysius
1458 2521 1642 2565 noster
1669 2507 2057 2565 celeberrimus
2083 2522 2206 2562 cum

603 2616 674 2672 ob
720 2612 916 2676 ﬁdem,
951 2619 1060 2665 tum
1111 2607 1182 2662 ob
1217 2606 1443 2660 virtutes
1485 2601 1718 2672 reliquas
1755 2600 1999 2671 egregias
2029 2616 2041 2651 :
2074 2613 2209 2667 prae-

605 2707 793 2762 sertim
829 2719 960 2758 vero
991 2700 1174 2756 multis
1207 2694 1620 2754 commendatur
1648 2701 1868 2762 propter
1905 2691 2206 2756 charitatis,

606 2794 1100 2865 misericordiaque
1144 2792 1200 2846 in
1225 2790 1466 2861 captivos
1495 2803 1678 2858 Opera.
1716 2783 1995 2854 Siquidem
2025 2784 2206 2838 Asiani

606 2893 874 2948 minorem
906 2930 920 2956 ,
989 2887 1343 2943 barbarorum
1396 2897 1518 2937 eum
1571 2879 1760 2950 primis
1813 2876 2209 2932 incursionibus

607 2993 926 3048 cvastatam,
971 2995 1078 3035 non
1126 2978 1324 3032 litteris
1354 2973 1515 3030 modo
1546 2973 1678 3038 suis,
1709 2972 1804 3027 sed
1843 2981 1897 3027 et
1939 2986 2068 3036 tere,
2103 2985 2210 3039 quo

609 3077 1026 3134 Christianorum
1072 3069 1282 3141 plurimi
1338 3069 1392 3123 in
1445 3067 1750 3122 libertatem
1803 3065 2001 3121 adserti
2059 3074 2204 3130 sunt,

2310 1858 2744 1925 Benedictinor.,
2774 1856 3020 1930 Paris.,§
3048 1855 3141 1921 26,
3173 1871 3294 1926 pag.
3327 1855 3430 1914 251
3461 1865 3516 1914 et
3543 1869 3696 1927 seqq.

2383 1955 2633 2025 Epistola:
2661 1971 2698 2009 ι.
2735 1953 2971 2024 Dionysii
2999 1967 3149 2025 papa:
3175 1951 3243 2004 ad
3275 1949 3578 2024 Dionysium
3605 1951 3929 2006 Alexandri-

2311 2068 2430 2106 num
2461 2051 2660 2105 notitia.
2694 2048 2890 2103 Caussa
2919 2058 2968 2103 et
3011 2049 3209 2102 occasio
3235 2048 3507 2118 exponitur
3525 2062 3590 2102 ea:
3613 2046 3928 2103 Athanasio.

2307 2172 2380 2184 -—-
2411 2143 2698 2213 Dionysius
2729 2139 3125 2197 Alexandrinus
3150 2140 3398 2204 antistes,
3441 2139 3530 2194 tibi
3566 2138 3708 2211 apud
3740 2139 3934 2195 Ptole-

2310 2235 2542 2291 maidem
2570 2235 2928 2306 Pentapoleos
2958 2233 3144 2290 urbem
3175 2246 3420 2290 exortam
3449 2235 3655 2290 audivit
3685 2232 3934 2290 Sabellii

2312 2331 2584 2398 ltzt-resim,
2626 2345 2747 2400 qua:
2790 2339 2992 2384 sancta:
3021 2328 3300 2383 Trinitatis
3327 2342 3587 2400 personas
3616 2325 3933 2382 confunde-

2311 2426 2423 2493 bat,
2460 2425 2530 2480 de
2578 2425 2679 2480 hac
2733 2423 2965 2496 Xystum
3020 2439 3210 2494 papam
3262 2424 3550 2479 certiorem
3606 2421 3808 2488 facere,
3863 2430 3934 2479 et

2310 2520 2571 2592 quasdam
2604 2535 2667 2575 ea
2719 2519 2788 2575 de
2832 2535 2991 2576 causa
3022 2518 3296 2590 ;epistolas
3339 2535 3369 2575 a
3401 2535 3460 2576 se
3501 2518 3836 2588 conscriptas
3864 2519 3928 2574 ei

2312 2615 2529 2670 mittere
2561 2612 2850 2669 festinavit.
2889 2613 3052 2668 Teste
3081 2623 3260 2668 autem
3307 2612 3541 2670 Eusebio
3561 2656 3576 2680 ,
3603 2628 3635 2668 a
3663 2613 3926 2686 Dionysio

2313 2706 2684 2762 Alexandrino
2717 2724 2736 2758 ‹
2764 2705 3019 2778 Epistolze
3041 2715 3228 2761 contra
3248 2705 3541 2761 Sabellium
3563 2706 3776 2777 scriptae
3792 2716 3928 2763 sunt.

2311 2800 2380 2854 ad
2411 2802 2733 2856 Ammonem
2774 2800 3190 2856 Berenicensem
3237 2799 3315 2874 (in
3358 2801 3658 2874 Pentapoli)
3693 2803 3926 2873 Episco-

2315 2911 2460 2964 pum,
2495 2909 2598 2949 una
2628 2893 2694 2947 ad
2720 2893 3113 2964 Telesphorum
3141 2935 3154 2957 ,
3178 2893 3243 2947 ad
3270 2893 3678 2964 Euphranorem
3707 2895 3874 2950 altera
3899 2937 3918 2964 ,

2313 2999 2369 3046 et
2395 2989 2496 3044 alia
2527 3003 2714 3044 rursus
2754 2987 2819 3041 ad
2851 2987 3170 3042 Ammonem
3196 2998 3251 3043 et
3273 2988 3571 3059 Euporum.
3597 3008 3616 3041 ι
3654 2988 3918 3044 Nomina-

2316 3085 2412 3140 tim
2439 3097 2568 3140 vero
2592 3083 2834 3154 epistolis
2854 3081 2970 3152 ejus
2991 3080 3058 3136 ad
3081 3083 3400 3140 Ammonem
3422 3093 3477 3140 et
3502 3083 3917 3156 Euphranorem

610 3167 872 3226 recreavit
917 3162 1017 3237 (3).
1065 3162 1226 3218 Divus
1269 3159 1596 3216 Athanasius
1639 3173 1762 3214 eum
1794 3166 2043 3214 recenset
2072 3157 2209 3213 inter

2319 3193 2425 3232 non
2454 3177 2580 3232 nulli
2612 3177 2739 3233 tnoti
2778 3176 2928 3232 illum
2960 3173 3027 3230 ad
3059 3190 3338 3234 romanum
3371 3177 3677 3248 pontificem
3704 3175 3920 3234 detulc‘

685 3344 768 3416 (l)
808 3339 1023 3397 Videsis
1053 3332 1506 3416 oliservat._Pagii
1532 3336 1584 3416 in
1613 3334 1792 3416 Critia.
1826 3336 1893 3390 ad
1913 3336 2209 3416 ann,__27l,

610 3433 667 3472 ιι.
692 3406 811 3469 2et
837 3428 1029 3481 Seqq.;
1059 3420 1113 3464 et
1139 3411 1276 3479 apud
1316 3406 1516 3476 ManSi,
1563 3410 1616 3463 in
1657 3407 1868 3462 Collect.
1905 3406 2208 3476 Concilion,

611 3497 742 3544 toni.
775 3502 812 3552 t,
845 3498 967 3554 pag.
1002 3481 1140 3538 109)
1168 3491 1223 3536 et
1251 3496 1404 3554 seqq.

684 3558 763 3630 (2)
821 3551 1052 3630 Omnino
1093 3561 1296 3630 autem_
1331 3551 1467 3630 nihil
1515 3551 2055 3630 egltosci-TUSDI‘OFE’
2115 3551 2211 3630 se“!

611 3621 755 3701 quod
785 3638 839 3683 ct
873 3627 1086 3701 cieteris
1126 3626 1254 3678 olim
1284 3624 1455 3701 beatis
1476 3637 1539 3676 ac.
1568 3623 1676 3701 Deo
1705 3621 2070 3701 dilectisﬁviris
2104 3623 2213 3701 usi-

613 3693 780 3756 tatum
824 3707 880 3754 et
924 3696 1194 3766 praecipue
1222 3694 1375 3748 vobis
1425 3693 1697 3764 (romanis
1749 3693 2212 3766 pontificibtts,ita

613 3765 1146 3840 Datnasiutupapatu
1182 3765 1472 3840 alloquitur
1511 3765 2020 3840 sancttts__Basilius)
2053 3765 2214 3840 Novi-

613 3857 736 3898 tuus
781 3839 923 3896 enim
950 3835 1186 3895 ex’serie
1219 3835 1523 3900 memoriae,
1556 3852 1586 3890 a
1617 3835 1856 3904 patribus
1897 3838 2095 3890 nostris
2127 3837 2212 3890 in-

617 3913 924 3979 terrogatis,
946 3919 1003 3966 et
1032 3911 1226 3965 litteris
1262 3910 1556 3964 etiamnum
1606 3907 1747 3978 apud
1790 3921 1887 3961 nos
1917 3909 2213 3963 asservatis

615 3983 814 4048 edocu,
840 3981 1167 4054 Dionysium,
1187 3980 1555 4054 beatissimum
1587 3979 1738 4054 illum
1767 3980 2101 4054 episcopum,
2121 3981 2212 4050 qui

613 4058 754 4128 apud
783 4070 878 4108 vos
906 4064 962 4108 et
981 4050 1137 4128 recta
1170 4053 1302 4118 lide,
1345 4062 1400 4106 et
1430 4053 1651 4121 reliquis
1674 4050 1960 4128 virtutibus
1988 4051 2206 4116 enituit,

613 4122 862 4183 itivisisse
907 4125 1192 4179 ecclesiam
1225 4135 1464 4178 tlttS‘l‘altl
1508 4122 1920 4187 Caesariensem,
1950 4132 2005 4176 et
2035 4136 2212 4192 patres

615 4213 831 4254 nosnos
863 4211 956 4266 per
982 4196 1190 4251 litteras
1216 4197 1553 4266 consolatutn
1583 4209 1726 4266 esse,
1753 4208 1815 4266 ac
1852 4194 2086 4266 misisse,
2120 4195 2214 4265 qui

614 4271 810 4324 fratres
843 4263 1086 4337 captivos
1121 4267 1450 4338 rediinerent
1479 4264 1567 4338 (ές.
1603 4263 1812 4338 Basiil.,
1849 4263 1948 4338 Ep.
1978 4281 2104 4330 ιιι,
2138 4263 2209 4320 al.

616 4356 773 4404 ccxx,
808 4335 926 4406 pag.
963 4338 1102 4402 161,
1129 4339 1252 4393 edit.
1288 4336 1460 4391 Paris.
1491 4335 1838 4406 'Benedictor).
1871 4336 2133 4391 Observat
2161 4339 2211 4392 in

616 4412 761 4466 hunc
783 4412 842 4467 S.
873 4407 1055 4464 Basilii
1087 4410 1261 4464 locum
1295 4407 1582 4478 perdoctus
1607 4407 1779 4462 editor
1807 4407 2050 4462 Julianus
2081 4408 2216 4464 Gar-

617 4484 752 4547 nier,
779 4481 944 4551 quod,
975 4496 1094 4550 qua:
1119 4481 1342 4534 Basilius
1361 4479 1428 4551 de
1458 4493 1803 4533 romanorum
1834 4480 2210 4550 episcoporum

618 4553 672 4609 in
717 4549 852 4605 alias
904 4549 1162 4606 ecclesias
1213 4549 1566 4605 benefictantia
1618 4561 1833 4611 narrat.
1872 4549 2211 4608 testimoniis

619 4622 1047 4694 conlirmeturiet
1075 4622 1313 4693 Dionysii
1355 4620 2040 4694 CorinthiorumEpiscopi
2070 4625 2210 4691 apud

619 4694 931 4767 Eusebium,
955 4692 1099 4767 Hist.
1132 4692 1336 4758 ποίει,
1364 4693 1455 4767 lib.
1502 4707 1724 4767 tv,_cap.
1756 4693 1845 4767 25,
1871 4705 1924 4748 et
1969 4692 2211 4767 Dionysii

617 4765 965 4822 Alexandrini
993 4765 1083 4820 lib.
1117 4780 1191 4818 vit
1211 4806 1226 4831 ,
1255 4779 1373 4833 cap.
1404 4765 1468 4828 5,
1501 4772 1555 4819 et
1583 4765 1748 4832 ipsius
1775 4765 1935 4819 etiam
1968 4765 2207 4835 Eusebii,

617 4837 708 4908 qui
743 4843 883 4892 hunc
912 4851 1118 4908 rnorem
1153 4836 1206 4908 in
1238 4845 1506 4905 postrema
1541 4837 1913 4908 persecutione
1939 4847 2210 4908 servatum

617 4905 652 4964 εἰ
676 4909 929 4965 Romanis
961 4907 1125 4963 fuisse
1152 4906 1388 4963 declarat
1425 4908 1517 4961 lib.
1543 4923 1616 4972 tv,
1649 4921 1766 4975 cap.
1793 4905 1884 4962 23.
1918 4907 2210 4965 Metnorata

618 4990 797 5035 autem
821 4996 849 5035 a
881 4979 1075 5035 Basilio
1101 4980 1379 5034 calamitas
1412 4979 1511 5034 sub
1535 4977 1778 5033 Gallieno
1800 4979 2056 5050 contigit,
2085 4996 2210 5038 cum

620 5052 834 5124 Scytha:
860 5051 1270 5124 Cappadociam.
1291 5063 1352 5124 et
1367 5050 1625 5124 finitimas
1645 5051 1888 5124 regiones
1914 5062 2208 5120 vastarent,

623 5121 943 5180 uti'testatur
970 5123 1302 5177 Soztimenus
1325 5122 1396 5176 lib
1445 5138 1502 5186 ιι,
1534 5136 1652 5190 cap.
1685 5121 1737 5176 6.
1757 5126 1930 5192 Atque
1957 5139 2021 5177 ex
2051 5126 2214 5180 tantis

623 5195 780 5266 malis
805 5210 1054 5266 magnum
1081 5194 1193 5266 hoc
1211 5195 1405 5247 bonum
1428 5194 1569 5246 eruit
1604 5199 1760 5259 Deus,
1791 5203 1848 5247 ut
1875 5193 2152 5266 christiani
2182 5211 2214 5251 a

623 5265 866 5322 barbaris
896 5264 1110 5321 abducti
1149 5265 1378 5320 victores
1405 5279 1531 5318 suos
1559 5274 1834 5334 caperent.
1865 5275 1918 5320 et
1949 5265 2016 5320 ad
2059 5264 2214 5322 Chri-

621 5347 763 5391 stum
792 5337 1140 5394 adducerent.
1164 5334 1314 5390 Unde
1343 5335 1645 5406 Basilittsin
1677 5336 1844 5405 Epist.
1883 5337 2006 5402 164,
2041 5339 2212 5406 prima

620 5407 832 5479 pietatis
858 5409 1063 5464 sentina
1095 5406 1234 5476 apud
1261 5405 1468 5479 tiorhos
1495 5422 1526 5461 e
1551 5404 1889 5477 Cappadocia
1921 5404 2214 5479 pullulasse

620 5476 712 5549 ait
722 5494 884 5549 opera
919 5481 1057 5536 beati
1094 5476 1426 5549 Eutychetis.

619 5562 640 5607 t
695 5548 772 5620 (ὅ)
797 5549 853 5604 S.
888 5548 1455 5622 Basiliusin'superin
1497 5549 1636 5622 libro
1674 5549 1742 5605 de
1769 5551 1972 5622 Spiritu
2005 5565 2212 5618 sancto,

620 5634 740 5690 cap.
788 5636 934 5692 xxix,
980 5640 1031 5676 n.
1080 5621 1172 5686 72,
1205 5635 1325 5692 pag.
1360 5620 1452 5684 60,
1487 5620 1619 5676 edit.
1649 5620 2010 5689 Benedictiu,
2043 5625 2213 5679 Paris.

620 5692 803 5748 Sancti
835 5691 1072 5762 Dionysii
1114 5691 1340 5751 Romani
1372 5693 1693 5750 auctoritate
1726 5695 1892 5750 utitur
1917 5693 1983 5750 ad
2011 5696 2215 5754 confir-

619 5764 843 5822 mandas
876 5763 1174 5839 prrecipuas
1204 5763 1480 5839 religionis
1506 5765 1786 5824 veritates.

2316 3283 2458 3328 runt.
2515 3271 2800 3344 Dionysius
2852 3288 2983 3330 vero
3035 3273 3314 3330 Romanos
3353 3287 3466 3327 rem
3510 3271 3640 3326 satis
3697 3285 3920 3341 gravem

2315 3370 2489 3438 duxit,
2515 3380 2571 3426 ut
2597 3370 3054 3438 Alexandrinum,
3091 3373 3237 3444 prius
3264 3371 3491 3427 concilio
3522 3370 3734 3439 habito,
3766 3385 3921 3426 com-

2315 3483 2538 3524 monere
2566 3483 2672 3523 non
2702 3468 2964 3524 differret.

2388 3559 2644 3631 Epistolas
2675 3559 2818 3616 illius
2855 3575 3072 3616 causam
3114 3570 3168 3617 et
3207 3562 3546 3618 occasionem
3593 3558 3920 3616 Athanasius

2316 3654 2369 3710 in
2398 3653 2632 3725 Epistola
2664 3652 2727 3708 de
2765 3655 3013 3709 sententia
3039 3653 3298 3726 Dionysii,
3343 3673 3398 3710 n.
3443 3655 3543 3721 15,
3593 3653 3815 3724 exponit
3861 3652 3919 3708 in

2317 3749 2460 3804 hunc
2512 3747 2732 3804 modum
2779 3747 2859 3821 (7)
2894 3765 2908 3801 ε
2947 3767 2965 3800 t
2997 3746 3135 3804 Cum
3181 3747 3468 3820 Dionysius
3517 3745 3920 3802 Alexandrinus

2315 3852 2499 3899 contra
2527 3841 2746 3898 Sabellii
2781 3841 3030 3897 lueresim
3061 3840 3130 3897 ad
3159 3842 3480 3898 Ammonem
3515 3850 3569 3894 et
3600 3839 3922 3910 Euphrano-

2315 3953 2432 3993 rem
2459 3937 2636 3992 studio
2667 3936 2944 4007 religionis
2967 3945 3241 4006 permotus
3259 3934 3583 4004 scripsisset,
3603 3932 3819 4004 quidam
3846 3950 3920 3989 ex

2315 4031 2556 4088 Ecclesia
2609 4032 2821 4097 fratres,
2869 4045 3016 4086 sanae
3064 4029 3280 4101 quidem
3333 4026 3595 4083 doctrinae
3634 4026 3909 4094 homines,

2317 4145 2422 4184 non
2448 4129 2701 4185 sciscitati
2733 4139 2911 4184 tamen
2943 4141 3066 4182 eum
3099 4124 3438 4197 (Dionysium
3463 4119 3916 4190 Alexandrinum)

2315 4237 2418 4292 qua
2446 4223 2512 4279 de
2540 4237 2699 4279 causa
2725 4219 2800 4276 ita
2825 4219 3150 4290 scripsisset,
3180 4218 3406 4273 Romam
3429 4214 3507 4290 (8)
3540 4231 3600 4274 se
3615 4214 3910 4281 contulere,

2390 4407 2466 4478 (.l)
2497 4406 2782 4471 Athanas.,
2813 4403 2983 4476 Epist.
3007 4402 3071 4456 de
3098 4401 3346 4478 Synodis,
3380 4417 3438 4478 rt.
3474 4402 3564 4467 45,
3595 4400 3913 4478 editLPata-

2317 4472 2472 4542 vitim,
2500 4489 2630 4533 tom.
2659 4493 2698 4543 ι,
2727 4472 2870 4546 part.
2899 4491 2958 4540 ιι,
2989 4490 3112 4546 pag.
3143 4472 3269 4530 605.
3291 4475 3356 4530 A.
3379 4473 3687 4541 B.;eledit.
3713 4472 3912 4538 Paris.,

2239 4561 2288 4621 ι)
2314 4550 2703 4614 Montfaueon.,
2733 4559 2861 4603 tom.
2893 4565 2930 4614 t,
2960 4563 3089 4621 pag.
3110 4547 3237 4621 757.

2387 4621 2759 4694 (5)ABasnage,
2812 4614 3486 4694 Annai.:P_olit._Eccles.,
3542 4625 3674 4671 tom.
3729 4630 3788 4679 tt,
3845 4614 3914 4670 ad

2312 4690 2594 4758 ann.'259,
2623 4690 2818 4756 nfvut,
2850 4707 2968 4761 pag.
3001 4691 3127 4754 400,
3165 4690 3314 4744 nullo
3361 4690 3526 4761 citato
3567 4697 3785 4761 auctore
3821 4696 3917 4761 aut

2311 4767 2534 4836 antiquo
2558 4757 2908 4820 titontttttetito
2923 4757 3037 4834 ‘pro
3069 4763 3170 4816 hoc
3193 4761 3333 4816 libro
3366 4758 3599 4830 Dionysii
3631 4759 3693 4812 de
3718 4757 3919 4825 duplici

2314 4837 2536 4892 eresi.
2572 4837 2733 4893 Forte
2759 4838 2804 4892 is
2832 4835 2969 4890 liber
2996 4836 3068 4890 nil
3094 4832 3238 4887 aliud
3267 4841 3370 4897 est,
3409 4845 3569 4900 quam
3591 4829 3814 4898 epistola
3843 4829 3915 4885 ad

2371 4855 2536 4892 wrest.
2572 4855 2733 4893 rorte
2760 4855 2804 4892 IS
2832 4855 2969 4890 IIDBI'
2996 4855 3068 4890 IIII
3094 4855 3238 4887 auuu
3267 4855 3370 4897 cat,

2315 4909 2628 4980 Dionysium
2661 4905 3190 4980 Alexandritt_ttm,_in
3218 4919 3320 4980 qua
3349 4901 3619 4980 duplicent
3657 4900 3911 4980 Interesim

2315 4992 2369 5037 et
2393 4969 2778 5046 tri'theitarum,
2811 4987 2866 5035 et
2906 4976 3126 5034 Sabellii
3151 4969 3448 5030 Confutavit
3474 4970 3748 5026 Romanus
3777 4969 3911 5025 Dio-

2312 5068 2517 5114 nysms.

2351 5110 2370 5124 ’⁷
2388 5123 2469 5196 (6)
2519 5123 2863 5196 Athanasius,
2896 5131 3099 5196 tom.t.
3131 5111 3688 5196 Qpp.,-edit..l_’ar;is.,
3743 5110 3908 5181 1627,

2313 5184 2574 5266 pag.'558
2613 5206 2666 5248 et
2696 5184 2934 5266 918;'et
2958 5193 3114 5266 edita
3143 5184 3433 5266 Paiavinas,
3467 5184 3624 5248 1777,
3667 5192 3800 5237 tom.
3824 5200 3910 5266 _r_t,

2314 5257 2452 5338 part.
2473 5283 2510 5329 ι,
2540 5268 2602 5321 de
2623 5257 2887 5338 Sententia
2903 5263 3156 5338 Dionysii,
3183 5276 3302 5331 pag.
3327 5257 3432 5314 198
3459 5266 3512 5312 et
3532 5272 3710 5335 seqq.,
3735 5272 3787 5312 ιι.
3818 5258 3908 5324 15,

2316 5333 2372 5395 et
2399 5349 2533 5405 part.
2564 5354 2622 5404 ll,
2656 5355 2708 5392 n.
2743 5337 2848 5401 45,
2881 5352 3000 5406 pag.
3030 5333 3157 5406 605.

2390 5398 2469 5482 (7)
2502 5398 2785 5482 Albanas,
2804 5398 2897 5482 κᾶθ’
2921 5398 3070 5462 δἐηι.
3096 5405 3336 5476 Dionys.,
3373 5417 3426 5456 η.
3465 5399 3553 5463 15,
3583 5414 3705 5472 pag.
3733 5398 3834 5454 198
3856 5408 3912 5454 et

2315 5479 2493 5551 seqq),
2521 5487 2611 5537 cit.
2644 5479 2780 5551 edit.
2800 5481 2982 5534 l‘atav.

2392 5498 2493 5608 13.,
2521 5498 2611 5537 Cll.
2644 5498 2773 5536 ειιιι.
2801 5498 2982 5534 I'atav.
3830 5542 3840 5552 .

2392 5557 2412 5624 (
2455 5553 2472 5625 )
2500 5553 2737 5626 Subinde
2765 5550 2936 5626 Julius
2956 5551 2996 5626 l_,
3028 5549 3198 5626 Epist.
3231 5565 3359 5626 t,_n.
3391 5545 3486 5626 22,
3511 5541 3909 5626 cumcusebta-

2320 5615 2412 5680 nis
2434 5615 2577 5695 quod
2606 5639 2664 5698 se
2697 5624 2864 5678 inscio
2893 5615 3220 5698 Athanasius
3248 5615 3653 5698 alexandrinum
3693 5615 3910 5698 episco-

2321 5685 2464 5766 pum'
2496 5695 2930 5768 condemnasset,
2967 5693 3328 5768 eXpostulavit
3373 5685 3713 5768 his.ve.rbis:
3751 5701 3768 5735 ι
3801 5685 3910 5768 gur-

2321 5753 2502 5825 autem
2567 5765 2636 5824 de
2689 5753 3054 5825 alexandrina
3089 5763 3319 5823 ecclesia
3380 5757 3718 5832 potissimum
3773 5753 3908 5814 nihil
