4230 6212
290 229 399 289 105

1186 221 1279 285 DE
1313 223 1585 286 SANCTO
1614 222 1931 284 DIONYSIO
1970 220 2255 282 ROMANO
2294 219 2681 285 PONTIFICE.
2735 234 2750 254 "

3502 230 3606 289 l06

287 347 544 415 illumque
606 342 749 415 apud
807 339 1185 416 cognominem
1234 343 1543 418 Dionysium
1584 343 1885 400 Romanum
1912 341 2203 407 Avidctur
2252 342 2467 398 Baronii
2516 343 2808 400 sententia.
2849 342 3032 401 Primo
3077 346 3221 403 enim
3270 345 3603 409 Athanasius

290 440 619 512 Episcopum
650 444 990 498 accusarunt.
1022 456 1042 490 ι
1069 437 1212 508 quod
1238 436 1489 492 nimirum
1514 478 1531 501 ,
1560 446 1614 491 ιιι
1652 447 1707 494 et
1732 435 1901 492 Atha-

288 534 510 599 nasius,
560 530 691 586 ibid.
719 545 868 587 num;
916 528 975 596 4,
1007 529 1222 600 prodit,
1256 530 1308 584 in
1333 529 1585 600 praedicta
1618 528 1859 599 Epistola
1879 569 1894 597 ,

286 641 348 683 ιι.
382 627 441 692 ὁ,
473 623 733 680 dixisset:
764 641 783 676 ι
807 621 956 693 Opus
980 632 1036 677 et
1060 637 1175 679 rem
1204 621 1400 678 factam
1421 637 1543 677 esse
1564 620 1755 676 Filium
1781 622 1895 691 Dei,

287 733 404 776 non
434 725 618 774 natura
644 716 948 787 proprium,
975 714 1072 771 sed
1101 715 1334 770 alienum
1362 729 1392 769 a
1414 715 1575 770 Patre
1600 712 1898 770 secundum

285 810 667 873 substantiam,
720 807 898 879 qualis
950 816 1035 863 est
1081 807 1319 878 agricola
1363 822 1395 862 a
1422 807 1530 863 vite
1556 847 1571 872 ,
1606 816 1662 862 et
1685 805 1837 862 faber
1866 820 1897 861 a

282 902 485 972 scapha
507 921 522 958 :
544 901 746 958 etenim
768 916 892 957 cum
922 900 993 956 sit
1008 914 1096 955 res
1124 899 1284 965 facta,
1309 914 1417 955 non
1438 907 1578 965 erat,
1608 907 1895 969 antequam

286 996 462 1054 fieret.
492 995 699 1063 Quibus
727 994 927 1049 auditis
956 1012 1003 1059 ι,
1052 992 1226 1062 inquit
1255 992 1603 1060 Athanasius,
1632 1007 1781 1047 nunt.
1804 990 1894 1058 l3,

293 1110 315 1144 ι
350 1090 633 1163 Dionysius
679 1089 869 1145 Romae
914 1086 1203 1158 episcopus
1244 1086 1466 1156 scripsit
1492 1085 1593 1160 (l).
1625 1096 1675 1142 et
1706 1094 1897 1142 contra

288 1185 508 1243 Sabellii
556 1194 881 1251 sectatores,
937 1189 991 1238 et
1037 1191 1229 1238 contra
1275 1195 1389 1249 eos,
1421 1181 1509 1253 qui
1551 1180 1670 1250 ejus
1714 1188 1899 1237 essent

291 1280 581 1336 sententia:
637 1278 816 1351 (cujus
868 1277 1157 1349 Dionysius
1209 1274 1604 1332 Alexandrinus
1660 1283 1897 1331 assertor

288 1374 631 1446 putabatur),
683 1381 739 1428 et
768 1390 783 1428 :
811 1370 891 1429 Ob
934 1385 1093 1442 quam
1122 1368 1285 1424 Arius
1315 1378 1501 1440 postea
1553 1368 1621 1424 ab
1654 1367 1894 1424 Ecclesia

283 1468 490 1537 ejectus
518 1476 624 1522 est.
651 1464 876 1535 Scripsit
903 1462 987 1535 (2)
1027 1477 1244 1533 quoque
1284 1461 1351 1516 ad
1396 1461 1710 1533 Dionysium
1746 1460 1895 1534 (Ale-

287 1559 637 1624 xandriuum)
669 1556 910 1623 litteras,
938 1563 997 1610 ut
1022 1553 1339 1625 explanaret
1364 1567 1449 1619 ea,
1495 1553 1563 1608 de
1603 1553 1799 1624 quibus
1825 1553 1894 1608 ab

286 1650 400 1707 illis
452 1650 731 1723 (fratribus
776 1663 941 1718 supra
988 1646 1325 1719 memoratis)
1357 1656 1638 1702 accusatus
1660 1648 1887 1700 fuerat.)

2003 433 2245 505 Dionysii
2304 434 2534 490 Romani
2586 446 2775 492 contra
2825 437 3155 495 sabellianos
3196 455 3335 510 Opus
3378 442 3614 514 simplici

2003 527 2168 582 verbo
2197 527 2390 601 ἑγράψε
2433 527 2717 600 designat;
2759 544 2824 585 ac
2860 530 2985 586 inde
3014 530 3239 602 adjicit:
3271 536 3528 592 ἐπέστειλε
3558 534 3615 592 δί

2002 623 2089 676 καί
2123 623 2370 694 Διονυσίῳ
2403 638 2419 676 :
2451 623 2541 678 ubi
2588 625 2869 694 particula:
2910 624 2966 681 δὲ
3006 629 3092 681 καί
3128 625 3442 683 distinctum
3484 629 3613 699 quid

2001 721 2224 782 notant,
2272 715 2497 771 verbum
2529 718 2819 781 ἐπέστειλε,
2850 717 3136 787 Epistolam
3162 724 3366 793 scripsit
3394 725 3614 793 proprie

2000 816 2179 873 sonat,
2201 821 2265 862 ac
2278 807 2520 878 subjecta
2543 825 2649 865 vox
2667 814 2935 884 Διονυσίῳ,
2956 813 3041 867 cui
3062 813 3321 885 inscripta
3345 826 3464 871 erat
3480 817 3615 889 Epi-

2001 898 2135 952 stola
2177 898 2293 967 illa,
2325 899 2549 956 indicat.
2586 900 2706 971 Ipsa
2733 902 2900 959 etiam
2934 903 3119 960 decori
3151 907 3313 972 ratio,
3359 907 3525 964 immo
3555 918 3613 966 et

2000 991 2226 1061 aequitas
2259 994 2588 1062 postulabat,
2621 1004 2681 1048 ut
2706 1010 2968 1051 romanus
3006 996 3250 1067 pontifex
3278 1008 3438 1055 tanta:
3464 1001 3613 1058 sedis

1999 1086 2251 1154 antistiti,
2290 1086 2467 1158 qualis
2490 1096 2612 1143 erat
2637 1089 3045 1156 alcxaudrinus,
3081 1092 3214 1148 tanti
3247 1094 3443 1159 meriti,
3479 1104 3616 1151 tant-

2000 1194 2105 1248 que
2131 1192 2279 1235 arcta
2310 1195 2432 1235 cum
2455 1183 2696 1239 romanis
2722 1185 3044 1253 prmsulibus
3072 1186 3307 1242 amicitia
3337 1189 3611 1260 devincto,

1998 1272 2174 1342 qualis
2203 1282 2323 1328 erat
2358 1274 2677 1346 Dionysius,
2713 1292 2774 1331 ea
2795 1320 2809 1342 ,
2844 1294 2965 1349 quae
3003 1280 3262 1336 adversus
3293 1283 3442 1345 illum
3471 1285 3616 1341 dicta

2000 1363 2247 1432 fuerant,
2275 1377 2331 1422 et
2361 1384 2482 1439 quas
2511 1368 2583 1424 de
2618 1370 2685 1424 iis
2728 1380 2876 1427 esset
2904 1376 3171 1430 sententia
3212 1390 3435 1433 romana
3455 1422 3469 1445 ,
3503 1380 3613 1450 pri-

1998 1456 2138 1510 vatis
2163 1457 2392 1526 litteris,
2428 1476 2535 1515 nun
2567 1461 2785 1531 publico
2812 1463 3018 1534 scripto
3043 1476 3168 1522 nota
3206 1467 3430 1526 faceret.
3460 1471 3611 1527 Prte-

1999 1557 2149 1606 terea
2175 1553 2466 1624 Dionysius
2488 1554 2768 1612 Romanus
2794 1558 2845 1612 in
2874 1575 3040 1629 opere
3061 1572 3248 1618 contra
3282 1565 3611 1621 sabellianos

1999 1659 2106 1700 non
2146 1661 2309 1700 unum
2350 1648 2681 1718 singularem
2726 1651 3071 1720 episcopum,
3113 1655 3208 1709 sed
3253 1656 3434 1725 plures
3465 1658 3608 1713 allo-

283 1742 362 1799 Dc
391 1718 582 1800 iisdem
624 1742 822 1798 litteris
851 1742 997 1798 idem
1017 1718 1369 1811 Athanasius,
1401 1741 1493 1797 lib.
1529 1740 1598 1796 de
1625 1740 1888 1811 Synodis,
1919 1718 1967 1779 Β
1993 1736 2195 1807 quitur.
2240 1737 2484 1810 Denique
2528 1743 2581 1796 in
2635 1718 2952 1814 Dionysium
3001 1718 3095 1801 seu
3134 1718 3472 1816 Romanum,
3515 1767 3614 1808 seu

282 1853 341 1893 n.
367 1837 474 1903 45,
519 1838 636 1892 haec
679 1836 961 1905 memoriae
1006 1833 1410 1891 commendavit
1439 1852 1452 1889 :
1484 1852 1502 1886 ι
1531 1831 1669 1889 Cum
1712 1841 1894 1889 autem

284 1930 507 2002 quidam
554 1929 620 1986 ad
670 1929 973 1985 Romanum
1029 1928 1358 1999 Episcopum
1410 1927 1480 1984 de
1527 1927 1895 1985 Alexandrino

287 2024 637 2090 detulissent,
685 2024 829 2095 quod
882 2023 1075 2079 Filium
1122 2038 1236 2080 rem
1281 2022 1474 2078 factam
1521 2033 1574 2078 et
1609 2022 1754 2078 Patri
1784 2037 1892 2077 non

284 2116 800 2173 consubstantialem
844 2116 1177 2184 affirmaret,
1231 2116 1475 2172 Romana
1518 2114 1770 2188 Synodus
1811 2115 1891 2187 (5)

283 2228 406 2268 rem
431 2212 648 2284 indigne
675 2212 828 2277 tulit;
868 2212 1145 2269 Romanus
1187 2221 1368 2268 autem
1415 2210 1714 2282 Episcopus
1753 2212 1889 2267 scri-

284 2308 390 2377 ptis
419 2307 485 2361 a'd
514 2308 892 2379 cognominem
917 2322 1071 2363 suum
1103 2307 1317 2374 litteris,
1341 2310 1581 2363 omnium
1605 2308 1694 2378 (ea
1718 2306 1786 2363 de
1805 2306 1889 2376 re)

279 2401 609 2456 sententiam
638 2411 824 2456 notam
850 2400 900 2455 ei
930 2400 1072 2455 fecit.
1108 2419 1127 2454 ι

357 2491 716 2547 Athanasiana
740 2493 889 2547 verba
917 2494 1298 2563 expenduntur.
1336 2493 1516 2550 Potior
1544 2494 1760 2550 Barom'i
1778 2512 1893 2550 sen-

290 2585 457 2642 tentia
497 2585 855 2657 distinguentis
890 2588 1135 2659 scriptum
1175 2587 1412 2661 Dionysii
1454 2590 1673 2645 Romani
1711 2600 1891 2645 contra

279 2678 580 2735 Sabellium
609 2679 675 2733 ab
701 2679 927 2748 eiusdem
961 2681 1198 2752 Epistola
1238 2681 1491 2755 Dionysio
1534 2684 1891 2740 Alexandrino

280 2772 553 2843 inscripta.
580 2801 655 2811 —
698 2771 964 2842 Scriptum
1018 2772 1151 2828 illud
1197 2774 1352 2845 cujus
1397 2773 1577 2845 priore
1619 2775 1741 2831 loco
1771 2792 1888 2833 me-

277 2865 446 2922 minit
477 2864 836 2933 Athanasius,
866 2866 934 2923 ab
971 2867 1211 2937 Epistola
1242 2868 1309 2923 ad
1350 2868 1694 2941 Dionysium,
1726 2885 1887 2942 quam

279 2962 487 3019 exinde
514 2963 602 3018 ille
628 2972 928 3028 memorat,
970 2962 1407 3035 diSIinguendum
1455 2980 1577 3021 esse
1621 2965 1889 3021 Baronius

277 3063 468 3115 censet
499 3075 515 3112 :
546 3056 640 3112 alii
667 3056 739 3113 de
763 3056 867 3113 hac
892 3072 952 3113 re
972 3055 1219 3112 dubitant
1242 3054 1345 3130 (4).
1380 3057 1486 3114 Sed
1518 3059 1697 3130 potior
1727 3058 1884 3113 nobis

276 3192 540 3264 scriptum
562 3192 681 3248 est?
705 3192 784 3246 An
816 3191 1073 3264 ignoratis
1099 3191 1238 3247 hanc
1266 3205 1387 3247 esse
1413 3190 1883 3264 consuetudinem,

276 3279 341 3317 ac
374 3262 604 3333 primum
634 3264 907 3319 scribatur
939 3263 1112 3332 nobis,
1148 3274 1203 3318 et
1236 3264 1359 3319 hinc
1391 3263 1534 3333 quod
1570 3263 1773 3333 justum
1802 3272 1888 3318 est

276 3334 670 3391 decernatur?»
708 3334 835 3389 Haec
879 3346 1058 3391 autem
1096 3335 1433 3389 consuetudo
1486 3350 1612 3388 num
1648 3334 1886 3391 Dionysii

278 3407 618 3475 temporibus
642 3405 919 3477 antiquior
941 3407 1032 3473 sit,
1055 3407 1398 3477 ignoramus;
1430 3405 1515 3461 hic
1541 3416 1688 3460 certe
1714 3405 1884 3460 Atha-

274 3480 469 3534 nasius
521 3477 859 3533 alexandrini
908 3478 1143 3548 episc0pi
1195 3477 1467 3533 delatores
1518 3492 1625 3532 non
1680 3477 1881 3548 culpat,

276 3549 429 3620 quod
454 3563 650 3620 nomen
676 3549 799 3619 ejus
824 3548 892 3603 ad
923 3547 1202 3604 romanum
1231 3548 1541 3618 pontificem
1567 3547 1882 3620 detulerint,

411 3619 556 3705 quod
578 3623 724 3705 prius
748 3635 871 3705 quae
895 3636 1021 3677 vera
1048 3628 1193 3677 esset
1221 3620 1366 3675 illius
1400 3622 1669 3676 sententia
1697 3619 1884 3675 scisci-

280 3692 388 3747 tari
420 3692 799 3749 ticalexissent.

353 3763 437 3834 (1)
463 3761 651 3820 (ἔτ-πε
668 3766 932 3840 tario-rule
960 3763 1015 3821 δὲ
1032 3767 1397 3840 ’κίαί-Διονυσιῷ
1425 3762 1651 3840 δηλῶσαι
1671 3768 1791 3840 περί
1815 3760 1883 3819 ὧν

277 3837 517 3905 εἰρήκασι
565 3836 681 3891 κατ’
736 3839 929 3901 αὐτοῦς
992 3837 1078 3890 ttbi
1130 3835 1452 3893 Pearsonius
1502 3835 1748 3898 sitiens
1787 3848 1884 3905 pro

280 3904 551 3980 «3nt,
576 3907 859 3976 legendum
902 3922 1025 3980 esse
1066 3906 1366 3978 conjectat;
1401 3908 1645 3978 adeoque
1689 3904 1885 3980 Diony-

279 3980 434 4031 sium
462 3975 755 4050 Ennianum
783 3979 1147 4034 Alexandrino
1169 3975 1503 4044 scripsisse,
1542 3975 1600 4034 tit
1638 3994 1757 4050 qua:
1784 3975 1883 4036 ad-

282 4061 492 4103 versus
528 4048 701 4117 ipsum
738 4050 877 4105 dicta
930 4050 1173 4116 fuerant,
1202 4059 1328 4105 nota
1371 4051 1422 4108 ei
1458 4048 1677 4107 faceret.
1710 4051 1778 4106 Et
1820 4066 1883 4107 ea

278 4118 507 4191 quidem
548 4120 848 4189 ctutjrctura
896 4138 1019 4177 cum
1077 4121 1354 4177 Athanasii
1402 4122 1712 4178 narratione
1753 4123 1885 4178 satis

276 4192 545 4265 cubaret,
576 4207 749 4263 eoque
780 4193 895 4248 veri
927 4194 1140 4250 videtur
1165 4194 1412 4259 similior,
1441 4194 1582 4265 quod
1604 4193 1885 4264 ignorabat

276 4262 576 4334 Dionysius
623 4262 1051 4331 Alexandrinus,
1096 4280 1217 4335 quae
1245 4262 1532 4321 adversum
1575 4262 1645 4319 se
1679 4265 1884 4335 prolata

275 4340 487 4398 essent,
518 4348 621 4391 nec
646 4335 863 4390 aliunde
895 4337 997 4390 nisi
1025 4339 1241 4404 scriptis
1265 4352 1329 4391 ex
1360 4337 1494 4391 urbe
1522 4336 1698 4391 missis
1722 4351 1885 4391 com—

381 4407 464 4461 ire
492 4415 736 4478 poterat.
776 4405 885 4461 Sed
916 4408 1044 4478 quia
1081 4423 1189 4462 non
1226 4408 1331 4462 alia
1368 4408 1437 4464 de
1477 4423 1637 4463 causa
1676 4408 1885 4462 curavit

276 4419 464 4533 mre
502 4419 736 4475 pmeral.
776 4419 885 4461 Sed
916 4422 1044 4478 quta
1081 4423 1189 4462 non
1226 4419 1331 4462 alia
1368 4419 1437 4464 (le
1477 4423 1637 4463 causa
1676 4419 1882 4462 curarit

423 4476 577 4550 ysius
609 4477 884 4550 Romanus
911 4479 1310 4541 Alexandrino,
1342 4493 1466 4550 quae
1492 4488 1683 4534 contra
1708 4479 1882 4547 ipsum

278 4546 716 4614 dicta'fuerant,
762 4549 1033 4617 indicare,
1082 4552 1273 4606 nisiut
1303 4546 1534 4607 is'suam
1580 4546 1745 4618 super
1776 4551 1884 4605 illis

280 4630 523 4675 meum
546 4635 615 4677 ac
638 4619 962 4675 sententiam
998 4622 1325 4691 explicaret,
1361 4622 1496 4676 nihil
1536 4632 1621 4677 est.
1663 4621 1886 4690 periculi

278 4693 547 4763 tum
573 4692 866 4749 lectionem
903 4694 1022 4760 quis
1052 4703 1327 4763 sequatur.
1359 4693 1559 4748 Verum
1587 4693 1731 4763 quod
1764 4694 1886 4747 Dio-

281 4760 478 4835 Iysins
515 4763 913 4835 glexandrinns
940 4760 1145 4820 exinde
1186 4766 1427 4835 priPSIilit
1448 4805 1464 4830 ,
1503 4780 1566 4820 ea
1587 4760 1754 4834 {qua}
1784 4765 1886 4820 sibi

353 4830 497 4908 igua
524 4831 739 4890 fuerant
764 4834 999 4904 diluens,
1035 4830 1304 4908 vulgatam
1331 4830 1621 4893 lectionem
1650 4830 1885 4907 quodam

280 4902 453 4959 nulla
473 4908 787 4961 eotttirat.

361 4970 449 5045 (ἢ
474 4974 759 5044 Δαμίης..
784 4976 869 5032 lib.
902 4978 967 5033 de
987 4978 1212 5052 Synod.,
1232 4997 1286 5036 n.
1310 4979 1404 5047 43,
1435 4988 1581 5039 tomo
1603 4995 1640 5048 ι,
1664 4987 1804 5051 part.
1827 4995 1887 5046 ιι,

361 5056 429 5107 ει
447 5040 573 5107 ωε.
596 5046 731 5104 edit.
762 5059 941 5107 natav.

689 5058 731 5104 ι.
762 5059 941 5105 natav.

394 5066 429 5111 εει
447 5066 573 5107 πω.
596 5066 731 5104 etut.
762 5066 941 5116 patav.

394 5114 463 5185 β)
634 5122 1019 5195 qunprobatur
1038 5122 1301 5180 hactenus
1321 5133 1578 5181 constans
1607 5139 1757 5188 usus,
1783 5139 1891 5195 quo

854 5193 926 5267 de
962 5195 1122 5267 rebus
1156 5195 1223 5250 ad
1260 5211 1319 5250 se
1360 5196 1555 5254 delatis
1596 5186 1889 5267 nihil-pro-

270 5254 687 5339 nuntietis!»
700 5266 919 5339 synodo
943 5264 1213 5322 solebant.
1244 5266 1379 5322 Eum
1412 5284 1625 5339 unoque
1658 5254 1887 5334 morem,

684 5330 900 5393 decreta
954 5339 1173 5392 nomine
1220 5354 1320 5392 suo
1368 5330 1586 5394 mittere
1645 5355 1709 5395 ac
1764 5330 1891 5395 nuta

262 5344 651 5460 £21.03!"
684 5344 900 5393 decreta
954 5344 1173 5392 nomine
1220 5354 1320 5392 suo
1368 5344 1586 5394 mittere
1645 5355 1709 5395 ac
1764 5353 1891 5395 nuta

386 5441 405 5479 _.
724 5406 1009 5479 pontiﬁces
1037 5419 1464 5471 coitsueverant.
1510 5408 1690 5465 firmat
1724 5410 1895 5465 Atha-

264 5473 514 5553 Πασίας,
561 5473 917 5553 epulitteras
958 5481 1024 5553 ad
1063 5481 1472 5536 alexandrinum
1519 5482 1835 5553 episcopum
1865 5495 1896 5537 e

756 5551 1013 5621 Dionysio
1045 5569 1195 5620 papa:
1221 5554 1502 5608 adscribit.

699 5610 1015 5686 Tillembnt,
1043 5610 1337 5707 tilémoires,
1363 5633 1491 5679 tom.
1521 5640 1746 5709 typpag.
1773 5624 1899 5708 1152,

344 5700 381 5745 ι’
508 5686 709 5749 Βοιὼ.
751 5706 928 5749 pane.
980 5692 1111 5749 édtt.
1165 5696 1431 5749 Bruxell.:
1468 5694 1706 5749 Cetllter.
1758 5695 1897 5749 Hist.

751 5692 1122 5772 βψω-ῥέπε
1165 5686 1431 5762 BruxélL;
1468 5686 1720 5765 Ceilli'er:
1758 5686 1897 5753 Hist.

524 5768 661 5821 tu.
688 5756 779 5829 'm',
804 5756 928 5837 pag.
951 5764 1079 5832 527,
1109 5765 1164 5823 in
1196 5777 1311 5825 not.
1342 5784 1395 5825 a.

95 5772 217 6099 ὅ
742 5853 1020 5923 Panos.
1059 5846 1144 5922 ν.

742 5853 1020 5923 Panos.
1059 5846 1144 5922 ν.

2000 1829 2425 1887 Alexandrinum
2473 1834 2696 1889 minime
2745 1838 3005 1892 convenit
3050 1839 3277 1896 subnexi
3328 1841 3617 1915 fragmenti

1998 1921 2305 1989 exordium,
2336 1924 2389 1979 in
2417 1940 2524 1996 quo
2558 1926 2847 1998 Dionysius
2876 1929 3152 1986 Romanus
3176 1941 3286 1989 tres
3320 1933 3560 1992 Deitates
3580 1950 3614 1990 a

1998 2013 2323 2083 quibusdam
2354 2016 2533 2073 induci
2561 2019 2841 2088 praefatus,
2865 2023 3046 2077 statim
3074 2024 3315 2096 adjungit
3343 2046 3355 2080 :
3386 2045 3406 2078 ι
3436 2027 3612 2084 Audio

1998 2106 2143 2160 enim
2174 2107 2437 2178 quosdam
2457 2152 2470 2173 ,
2502 2111 2592 2181 qui
2624 2111 2869 2167 divinum
2902 2112 3137 2169 Verbum
3169 2118 3310 2187 apud
3342 2134 3438 2174 vos
3469 2136 3611 2190 prte-

1997 2196 2208 2264 dicaut,
2241 2210 2297 2256 et
2324 2200 2555 2269 docent,
2591 2204 2753 2275 hujus
2780 2207 3052 2277 opinionis
3080 2212 3368 2281 magistros
3396 2226 3540 2269 esse.
3583 2233 3604 2268 ι

1996 2290 2111 2347 Νοη
2140 2293 2283 2349 enim
2318 2295 2364 2349 is
2390 2296 2626 2351 amicum
2658 2299 2808 2369 vagis
2837 2316 2900 2354 ac
2925 2302 3272 2370 generalibus
3300 2304 3610 2375 hujusmodi

1997 2384 2176 2439 verbis
2212 2387 2498 2457 arguebat,
2529 2389 2623 2442 sed
2661 2391 2930 2459 speciales
2965 2394 3066 2462 ipsi
3098 2395 3347 2451 mittebat
3381 2406 3606 2453 senten-

1996 2476 2099 2531 tias
2124 2491 2190 2532 ex
2215 2479 2436 2548 scriptis
2465 2479 2609 2535 illius
2639 2495 2949 2554 excerptas,
2977 2497 3034 2541 et
3064 2493 3123 2541 ut
3150 2501 3247 2544 eas
3267 2490 3608 2560 explanaret,

1993 2571 2340 2628 admonebat.

2066 2664 2318 2735 Epistolw
2334 2682 2368 2721 ιι
2387 2663 2434 2740 (l
2448 2666 2490 2740 ),
2509 2685 2595 2724 seu
2626 2672 2797 2743 aperis
2814 2671 3051 2745 Dionysii
3064 2691 3215 2745 papa:
3234 2677 3476 2735 adversus
3499 2680 3602 2737 Sa-

1993 2758 2242 2814 bellianos
2297 2757 2604 2830 Fragmenti
2648 2763 2951 2819 notitia.~—-—-
2986 2764 3200 2837 Insigne
3245 2767 3605 2840 fragmentum

1995 2850 2254 2922 Epistolac
2319 2864 2506 2909 contra
2572 2854 2897 2911 sabellianos
2952 2873 2984 2911 a
3040 2858 3297 2931 Dionysio
3359 2862 3607 2921 Romano

1991 2956 2224 3001 exaratte
2262 2946 2524 3003 debemus
2573 2949 2905 3016 Athanasio,
2940 2964 2970 3004 a
3009 2965 3117 3021 quo
3157 2952 3211 3006 in
3259 2952 3503 3023 Epistola
3533 2956 3602 3013 de

1993 3039 2238 3098 Decretis
2270 3042 2491 3097 nicmnte
2539 3043 2730 3114 synodi
2774 3059 2923 3098 num.
2951 3042 3042 3111 i6,
3076 3045 3156 3100 sic
3196 3046 3447 3101 laudatur
3478 3046 3559 3122 (2)
3589 3066 3604 3103 :

1918 3123 1965 3188 C
2003 3152 2022 3186 ι
2060 3134 2345 3206 Dionysius
2364 3149 2580 3205 quoque
2606 3135 2794 3189 Romae
2813 3136 3117 3206 Episcopus
3145 3138 3389 3194 scribens
3414 3152 3605 3196 cantra

1990 3226 2338 3291 sabellianos,
2370 3227 2635 3282 adversus
2667 3227 2810 3293 illos,
2845 3228 2936 3297 qui
2970 3227 3168 3283 talia...
3204 3228 3435 3301 (scilicet
3464 3233 3604 3290 Ver-

1991 3318 2115 3374 bum
2146 3318 2343 3375 factum
2391 3328 2447 3375 ct
2488 3329 2734 3375 creatum
2763 3318 2909 3391 esse)
2949 3320 3153 3376 audent
3193 3321 3410 3393 dicere,
3463 3325 3606 3381 indi-

1986 3421 2182 3484 gnatur
2231 3411 2314 3467 itis
2354 3413 2553 3467 verbis.
2600 3432 2619 3464 ι
2655 3411 2735 3467 Ex
2780 3427 2849 3468 eo
2899 3428 3067 3483 opere
3113 3426 3433 3486 excerptum
3482 3427 3603 3485 est,

1987 3507 2129 3577 quod
2155 3506 2296 3562 idem
2319 3506 2663 3572 Athanasius,
2691 3506 2923 3577 epistola
2947 3507 3018 3563 de
3046 3510 3313 3564 sententia
3340 3510 3603 3582 Dionysii,

1987 3614 2136 3654 num.
2168 3599 2256 3667 15,
2285 3610 2473 3654 contra
2503 3597 2872 3663 sabellianos,
2912 3609 2968 3655 et
2994 3615 3124 3665 eos,
3154 3600 3244 3670 qui
3276 3600 3395 3672 ejus
3418 3611 3604 3659 essent

1987 3692 2293 3754 sententiae,
2324 3690 2395 3746 ob
2422 3705 2583 3760 quam
2610 3690 2777 3746 Arius
2805 3690 2873 3746 ab
2901 3691 3144 3747 Ecrlesia
3177 3702 3364 3763 postea
3397 3695 3605 3765 ejectus

1987 3794 2104 3852 cst,
2156 3786 2420 3854 scriptum
2470 3783 2636 3851 dicit,
2685 3783 2937 3855 quodque
2977 3784 3045 3839 ab
3086 3785 3314 3855 epistola
3358 3788 3601 3857 ejusdem

1987 3877 2257 3948 pontificis
2284 3877 2351 3932 ad
2383 3877 2699 3948 Dionysium
2748 3877 3176 3933 Alexandrinum
3225 3876 3388 3934 simul
3433 3880 3599 3935 missa

1987 3972 2432 4043 distinguendum
2481 3986 2639 4036 esse,
2688 3970 2741 4025 in
2782 3972 3080 4041 superioris
3130 3973 3377 4042 cpistolm
3415 3973 3606 4028 notitia

1986 4065 2358 4136 probavimus.
2410 4062 2468 4118 In
2529 4061 2634 4116 hoc
2691 4076 2857 4130 opere
2908 4063 3192 4135 Dionysius
3238 4062 3597 4120 tritheitarum

1986 4158 2212 4229 dogma,
2260 4156 2345 4213 cui
2388 4153 2789 4212 Alexandrinus
2840 4154 3035 4224 pracsul
3081 4154 3265 4210 favere
3297 4156 3598 4225 videbatur,

1986 4250 2060 4306 ita
2108 4250 2340 4316 refellit,
2376 4258 2514 4305 utet
2559 4247 2981 4304 sabellianorum
3031 4248 3389 4314 sententiam,
3438 4266 3599 4321 quam

1986 4342 2333 4413 itnpngnahat
2387 4340 2529 4396 idem
2586 4339 2860 4403 Antistes,
2906 4340 3070 4396 simul
3119 4341 3382 4397 confutet.
3417 4342 3602 4414 anue

1986 4434 2179 4505 agendi
2223 4434 2431 4489 ratione
2470 4431 2853 4488 defensoribus
2892 4432 3154 4490 Ecclesia:
3196 4450 3391 4507 magno
3431 4435 3604 4491 docu-

1905 4521 1964 4583 D
1991 4536 2172 4582 mento
2218 4526 2350 4592 fuit,
2383 4540 2493 4598 quo
2537 4534 2727 4582 contra
2773 4525 3012 4581 haereses
3057 4541 3121 4581 ea
3171 4527 3453 4594 prudentia
3499 4527 3603 4585 sibi

1990 4617 2402 4682 decertandum,
2434 4630 2557 4672 esse
2586 4615 2809 4680 scirent,
2840 4624 2897 4669 ut
2919 4625 2973 4671 et
2999 4615 3278 4686 oppositas
3304 4635 3410 4672 non
3440 4617 3602 4673 modo

1990 4722 2277 4779 caverent,
2310 4726 2495 4768 verum
2526 4711 2688 4766 etiam
2716 4710 2875 4765 simul
2903 4710 3256 4766 dcbellarcnt.
3292 4712 3601 4782 Fragmenti

1993 4805 2154 4876 hujus
2201 4805 2374 4876 Stylus
2412 4804 2697 4873 epistolam
2731 4802 2901 4870 sapit,
2935 4811 3191 4857 tractatus
3228 4818 3292 4858 ac
3330 4804 3602 4873 discepta-

1994 4898 2157 4954 tionis
2199 4897 2416 4951 fusioris
2456 4910 2608 4951 more
2643 4894 3037 4962 conscriptam,
3082 4892 3269 4963 quales
3319 4895 3603 4966 Dionysius

1995 4990 2395 5048 Alexandrinus
2426 4987 2669 5043 scribens
2700 4986 2766 5041 ad
2797 4985 3047 5057 Xystum,
3100 4986 3265 5042 fuisse
3295 4986 3454 5042 (locet
3482 4987 3599 5057 epi-

1993 5085 2192 5149 stolas,
2244 5096 2378 5154 quas
2420 5079 2681 5135 adversus
2731 5086 3042 5133 nascentem
3088 5078 3319 5134 Sabellii
3350 5080 3597 5133 haeresim

1994 5180 2234 5235 miserat.
2275 5173 2367 5228 Vel
2394 5171 2459 5227 ad
2489 5187 2583 5228 eas
2606 5170 2964 5240 Pentapoleos
2994 5170 3286 5231 ecclesias.
3317 5172 3367 5227 in
3398 5170 3598 5241 quibus

1996 5280 2112 5329 orta
2142 5279 2198 5325 et
2230 5276 2522 5338 preptgata
2551 5274 2670 5319 erat
2694 5262 2912 5319 Sabellii
2944 5265 3187 5330 haeresis,
3222 5265 3301 5319 vel
3331 5264 3398 5318 ad
3429 5265 3601 5335 ipsam

1995 5359 2433 5424 alexandrinum,
2482 5356 2569 5411 cui
2619 5366 2850 5426 praeerat
2898 5356 3215 5427 Dionysius,
3263 5356 3348 5410 vel
3390 5356 3454 5412 ad
3482 5360 3603 5430 ejus

2070 5474 2149 5546 (l)
2191 5470 2571 5546 llrecepistola
2600 5468 2651 5546 in
2675 5462 3274 5546 nostraeditipnefacta
3294 5478 3387 5546 est
3410 5476 3600 5539 prima,

2000 5538 2374 5615 cuin'epistola
2396 5558 2514 5613 qua!
2540 5544 2709 5609 prima
2736 5540 2974 5615 exhibita
2994 5538 3208 5615 fuerit_a
3245 5540 3305 5593 Ι).
3325 5538 3611 5615 causa"-

2007 5620 2103 5683 tio,
2140 5610 2199 5672 in
2214 5619 2313 5670 hac
2333 5610 2445 5683 ipsa
2474 5622 2620 5667 extet
2647 5612 2855 5673 notitia,
2884 5610 3046 5679 hujus
3075 5612 3237 5683 artic:
3260 5627 3295 5665 ιι
3324 5613 3504 5683 initio.

2077 5679 2164 5817 (ξὲ
2209 5679 2498 5751 Athanas.,
2550 5692 2680 5738 tom.
2732 5697 2771 5746 ι,
2824 5691 3026 5763 parm,
3079 5681 3149 5737 de
3198 5679 3414 5739 Decret.
3471 5680 3620 5751 Nic.,

2170 5800 2185 5817 .
2213 5773 2330 5817 part.
2365 5756 2492 5817 l82.
2522 5752 2653 5810 edit.
2682 5752 2975 5809 Patavinae.

2009 5781 2063 5824 ιι.
2086 5752 2185 5829 '28,
2213 5773 2330 5831 pag.
2365 5756 2492 5826 l82,
2522 5752 2653 5810 edit.
2682 5752 2975 5809 Patavinae.
