4158 6260
580 308 688 373 107

1493 294 1586 354 DE
1623 289 1894 352 SANCTO
1931 283 2250 349 DIONYSIO
2275 282 2567 347 ROMANO
2603 276 2992 345 PONTlFlCE.
3058 278 3067 329 ζ

3784 268 3896 337 108

577 430 850 489 delatores
888 421 1240 499 probabiliter
1279 417 1445 479 missa
1473 424 1578 476 est.
1608 415 1689 475 Ad
1720 415 1927 469 initium
1959 410 2180 484 pontili—
2210 406 2449 475 A1008.
2514 404 2745 463 Easdem
2813 397 3067 459 falsitatis
3123 385 3424 455 convictas-
3460 390 3645 451 videre
3699 401 3784 449 est
3834 393 3894 448 in

581 534 734 582 catus
761 518 999 591 Dionysii
1025 533 1129 576 una
1154 529 1276 572 cum
1304 510 1585 581 superiore
1612 507 1826 564 videtur
1862 502 2147 561 referenda
2170 543 2187 567 ,

583 598 773 686 titpote
800 612 886 669 cui
911 610 1252 667 occasionem
1287 604 1438 662 dedit
1481 601 1786 667 accusatio,
1811 613 1969 670 quam
1998 596 2189 651 littera:

588 706 762 780 Xysto
800 719 952 777 papa:
992 702 1172 758 missae
1210 704 1556 770 pepererunt.
1589 693 1862 751 Hactenus
1900 689 2192 762 perdoctus

586 803 651 859 Ρ.
698 798 1018 857 Coutantins
1060 794 1359 854 monachus
1402 789 1775 849 benedictinus
1819 801 1852 841 e
1896 796 2191 853 congrega-

585 898 734 952 tione
758 893 819 953 S.
849 891 1039 955 Mauri.
1076 899 1224 947 tomo
1251 904 1272 944 ι
1304 885 1656 960 Epistolarum
1698 894 2026 938 romanorum
2065 891 2194 948 pon-

587 989 805 1062 tiﬁcum,
839 1002 962 1059 pag.
994 984 1103 1043 272
1121 992 1177 1041 et
1204 997 1358 1054 seqq.

661 1083 933 1141 Editioues
969 1081 1127 1151 hujus
1169 1080 1397 1151 epistola:
1428 1074 1762 1147 Dionysium:
1800 1067 2094 1143 fragmenti.
2124 1092 2195 1106 —

590 1177 976 1249 Fragmentum
1003 1173 1247 1243 epistolae
1269 1186 1365 1229 seu
1394 1169 1578 1241 aperis
1604 1163 1916 1238 Dionysiaui
1940 1161 2196 1217 adversus

586 1272 915 1330 sabellianos
959 1284 991 1324 a
1034 1265 1327 1324 Coutantio
1370 1263 1607 1329 editum,
1655 1254 1949 1327 reimprimi
1990 1250 2199 1309 curavit

586 1367 653 1427 P.
683 1365 887 1430 Mansi,
919 1372 1067 1420 tomo
1104 1377 1121 1417 r
1164 1358 1396 1415 Colleet.
1427 1355 1595 1425 ampl.
1627 1351 1909 1409 concilior.
1941 1363 2048 1404 una
2072 1358 2195 1402 cum

588 1459 1060 1520 observationibus
1086 1452 1435 1513 eruditissimi
1470 1450 1631 1519 hujus
1661 1444 1911 1504 monachi
1941 1439 2197 1497 benedic-

586 1556 707 1621 tini,
737 1569 767 1609 a
800 1568 919 1625 pag.
951 1547 1281 1607 10094016.
1314 1546 1464 1601 Idem
1496 1544 1855 1613 fragmentum
1897 1534 2201 1591 indefessus

589 1647 935 1709 Gallandius,
969 1654 1118 1700 tomo
1165 1657 1222 1697 ιιι
1278 1637 1618 1695 bibliothecae
1662 1648 1773 1688 sum
1823 1630 1923 1687 SS.
1954 1637 2199 1684 veterum

590 1751 803 1814 patrum
855 1738 1119 1800 inseruit,
1175 1740 1337 1803 atque
1385 1730 1439 1786 in
1488 1743 1554 1784 eo
1604 1723 1815 1782 edendo
1854 1717 2199 1777 Coutantinm

2295 497 2560 556 Bltmdclli
2609 494 3112 560 Pseudo-lsidnro,
3166 506 3285 563 pag.
3333 487 3464 557 349,
3498 502 3614 560 seq.
3656 496 3712 543 et
3756 484 3901 557 apud

2296 592 2709 658 Scltelstratum,
2743 588 3005 658 Antiqttit.
3039 586 3319 652 illustrat.,
3351 595 3480 640 tom.
3513 598 3572 639 ιι.

2300 715 2304 719 ί
2368 686 2486 740 Alia
2514 700 2671 755 Opera
2695 682 2759 740 S.
2790 681 3043 753 Dionysio
3065 679 3198 735 male
3216 677 3574 748 adscripta.-—-
3596 673 3911 732 Ludovicus

2296 780 2529 839 Iacobus
2558 795 2588 835 a
2614 787 2802 835 sancto
2824 774 3026 833 Carolo
3056 772 3162 845 (1),
3195 773 3341 828 varia
3359 771 3615 841 opuscula
3649 769 3908 841 Dionysio

2299 877 2544 932 Romano
2563 871 2820 928 adscribit
2852 889 2864 925 :
2895 869 3145 925 nimirum
3174 883 3244 924 ex
3272 864 3589 936 fragmentis
3615 860 3913 919 Commem-

2301 972 2399 1029 titii
2428 968 2742 1041 Luitprandi
2791 965 3067 1023 ticinensis
3112 963 3298 1018 librum
3344 961 3409 1017 de
3443 960 3563 1018 Situ
3591 958 3778 1024 Orbis;
3807 956 3910 1013 sed

2299 1076 2382 1124 est
2407 1081 2563 1122 error
2593 1064 2728 1121 satis
2757 1059 3097 1139 manifestus,
3126 1056 3342 1129 quando
3361 1055 3465 1126 ipsi
3490 1054 3740 1110 tribuitur
3769 1053 3914 1108 liber

2301 1162 2369 1218 de
2395 1160 2497 1215 situ
2523 1159 2692 1223 orbis,
2724 1172 2845 1213 cum
2881 1142 2994 1211 toto
3021 1152 3162 1210 coelo
3187 1161 3243 1208 et
3264 1150 3499 1221 majore,
3529 1162 3691 1218 quam
3723 1143 3917 1200 sa-culi

2302 1251 2586 1309 intervallo
2607 1249 2820 1306 differat
2844 1248 2913 1304 ab
2931 1246 3189 1317 episcopo
3219 1244 3322 1300 hoc
3348 1240 3601 1313 Dienysio
3625 1238 3919 1311 Dionysius

2303 1346 2612 1416 Pcriegetes
2652 1342 2933 1408 ethnicus,
2976 1339 3132 1409 cujus
3170 1350 3390 1393 carmen
3423 1348 3655 1406 graecum
3697 1332 3921 1400 insigne

2303 1438 2463 1509 hujus
2488 1436 2793 1508 argumenti
2823 1434 3102 1489 habemus.
3135 1420 3393 1488 Similiter
3420 1425 3551 1482 ferri
3576 1440 3680 1480 non
3707 1430 3917 1493 potest,

2304 1533 2447 1604 quod
2497 1532 2566 1588 ab
2613 1530 2807 1587 eodem
2851 1535 3071 1589 auctore
3107 1544 3126 1578 r
3161 1521 3600 1580 Commentarius
3652 1516 3924 1572 adversus

2303 1626 2516 1681 arianas
2545 1624 2779 1679 ltzereses
2803 1620 3059 1693 Dionysio
3090 1632 3244 1690 papae
3275 1613 3546 1678 tribuitur,
3579 1612 3734 1682 cujus
3767 1620 3919 1665 tern-

2308 1734 2440 1790 pore
2485 1716 2599 1774 Arii
2650 1716 2889 1773 haeretici
2940 1729 3135 1770 nomen
3186 1710 3425 1768 nondum
3482 1717 3600 1765 erat
3650 1704 3923 1772 auditum,

588 1790 1267 1899 {Cusibi—sequendum
1292 1820 1593 1879 constituit.
1633 1814 1971 1874 Christianus
2012 1808 2203 1866 Fride-
2232 1815 2280 1877 Β
2308 1812 2453 1885 quod
2495 1812 2612 1867 ﬁeri
2663 1812 2892 1883 primum
2923 1811 3082 1882 erepit
3113 1809 3181 1865 ab
3210 1822 3353 1863 anno
3381 1804 3507 1861 516.
3554 1803 3741 1875 Neque
3769 1790 3789 1856 ἆ
3822 1800 3931 1857 ari-

592 1926 738 1987 ricus
782 1923 1043 1980 Roslerus
1084 1918 1358 1975 laudatum
1403 1913 1785 1983 Fragmentum
1826 1903 2204 1976 dionysianum

589 2034 767 2091 graece
798 2023 1005 2073 tantum
1034 2011 1229 2068 additis
1270 2006 1588 2081 quibusdam
1619 2004 1672 2059 in
1698 1998 1985 2059 vernacula
2017 1995 2199 2062 lingua

590 2084 1061 2171 observationibus
1108 2120 1175 2161 ex
1232 2098 1510 2159 Athanasii
1559 2095 1787 2168 epistola
1842 2092 1911 2147 de
1966 2084 2205 2144 Decretis

592 2202 790 2278 synodi
838 2201 1057 2257 uicena:
1099 2196 1248 2267 juxta
1293 2192 1586 2249 editionem
1633 2181 2014 2243 Montfaneonii
2055 2176 2205 2233 Pari-

594 2271 829 2359 siensem
870 2295 940 2352 de
978 2307 1123 2351 anno
1170 2287 1333 2353 1698,
1372 2285 1595 2344 exhibet
1634 2283 1687 2335 in
1734 2295 1829 2337 sua
1876 2271 2207 2333 Bibliotheca

596 2401 728 2450 vett.
759 2398 995 2461 patrum,
1027 2395 1177 2456 parte
1206 2399 1267 2448 ll,
1295 2380 1512 2451 Lipsiae,
1538 2377 1703 2441 1777,
1732 2371 1896 2438 iri-8°,
1927 2383 2047 2439 pag.
2076 2366 2208 2421 581-

600 2486 729 2546 584.
779 2483 1020 2553 Denique
1062 2477 1368 2535 indefessus
1417 2473 1476 2528 P.
1529 2467 1838 2525 Dominicus
1887 2462 2205 2524 Schramm,

598 2589 748 2639 temo
780 2592 833 2632 vr
879 2552 1131 2643 Analysis
1165 2567 1264 2626 SS.
1296 2567 1553 2629 Patrum,
1584 2575 1727 2617 anno
1762 2555 1921 2618 1781,
1952 2552 2209 2643 Augustae

596 2667 1000 2726 Vindelicorum
1023 2642 1289 2734 impresso
1320 2657 1485 2712 latine
1516 2663 1723 2709 tantum
1760 2647 2043 2721 praefatum
2070 2642 2210 2699 Fra-

672 2855 913 2930 Epislola
938 2850 1178 2923 Dionysii
1208 2845 1431 2903 Romani
1456 2841 1525 2896 ad
1553 2838 1891 2896 Caesarianus
1915 2834 1971 2887 in
1995 2829 2210 2900 Cappa-

601 2924 752 3010 docia
785 2946 1073 3017 deperdita.
1105 2962 1168 2982 —
1208 2940 1440 2995 Sanctus
1483 2931 1713 2990 Basilius
1759 2927 1917 2999 paulo
1962 2924 2211 2994 superius

600 3046 862 3116 allegatus
891 3048 1140 3100 testatur,
1176 3029 1487 3102 Dionysium
1518 3039 1709 3096 papam
1739 3036 1900 3077 unam
1931 3018 1998 3073 ad
2027 3016 2208 3072 eccle-

599 3110 737 3195 siam
764 3136 1027 3192 Caesareae
1048 3129 1105 3183 in
1125 3122 1464 3196 Cappadocia
1488 3115 1874 3190 perscripsisse
1901 3110 2207 3181 epistolam,

2308 1920 2497 1962 versus
2516 1903 2743 1960 Paulum
2766 1904 3179 1960 Samosatenum
3208 1897 3422 1967 scripsit
3449 1895 3736 1968 Dionysius
3757 1908 3930 1965 papa,

2310 1997 2384 2052 uti
2435 1994 2691 2067 pra-fatus
2736 1995 2971 2066 scriptor
3018 2002 3204 2065 putat,
3239 1991 3335 2047 sed
3369 1987 3657 2061 Dionysius
3701 1986 3937 2041 alexan-

2308 2090 2494 2145 drinus
2515 2088 2837 2160 Episcopus,
2858 2089 2995 2145 sicut
3024 2105 3055 2143 a
3082 2081 3354 2157 Caveo(2)
3376 2084 3486 2155 jam
3510 2080 3648 2138 bene
3672 2085 3935 2136 notatum

2312 2182 2491 2240 video.

2897 2266 3196 2310 ARTICULUS
3234 2266 3317 2306 ιιι.

2578 2368 2808 2420 Doctrina
2829 2367 2883 2419 S.
2907 2367 3128 2431 Dionysii
3149 2364 3354 2415 Romani
3377 2362 3648 2415 Pontificis.

2631 2475 2659 2545 §
2699 2475 2738 2530 Ι.
2768 2504 2841 2516 --
2876 2472 2956 2527 De
2979 2472 3293 2527 sanctissima
3324 2468 3588 2525 Trinitate.

2388 2590 2700 2662 llefulantnr
2729 2604 2761 2668 ᾳ
2795 2588 2855 2644 S.
2895 2587 3142 2658 Dionysio
3187 2584 3448 2641 Tritlteitae
3486 2594 3532 2640 et
3578 2582 3932 2640 Mart-ianitor.

2316 2682 2442 2739 Tres
2489 2684 2679 2738 divina:
2720 2679 2966 2737 Perseum
3005 2691 3212 2752 propter
3251 2689 3450 2733 naturae
3481 2675 3743 2733 Unitatem
3784 2677 3934 2730 inae-

2317 2778 2572 2847 pnrabiles
2593 2786 2810 2832 srmt.—
2833 2775 3004 2832 Sicuti
3032 2772 3361 2829 marcionitre
3389 2770 3786 2843 quodammodo
3810 2785 3932 2826 tres

2316 2872 2458 2926 Deos
2500 2870 2938 2934 constituebant,
2969 2868 3097 2923 dum
3129 2868 3183 2923 in
3213 2877 3321 2922 tres
3361 2865 3686 2923 substantias
3734 2861 3937 2919 alieni-

2315 2981 2514 3035 genas,
2546 2973 2601 3020 et
2628 2965 2770 3020 inter
2800 2979 2860 3019 se
2884 2962 3106 3018 omnino
3133 2972 3444 3033 segregatas
3471 2968 3709 3016 sanctam
3742 2956 3938 3015 Unita-

2319 3070 2425 3113 tem
2453 3057 2945 3127 dispartiebantur;
2972 3055 3098 3111 hinc
3125 3066 3350 3110 sanctus
3377 3053 3664 3128 Dionysius
3692 3052 3937 3122 appellat

2317 3152 2615 3209 doctrinam
2648 3154 2788 3208 hanc
2818 3152 3018 3207 futilem
3043 3168 3104 3206 ac
3127 3150 3443 3207 diabolicant
3472 3169 3485 3206 :
3522 3167 3543 3201 ι
3576 3148 3710 3203 Nam
3739 3147 3931 3215 futilis,

603 3243 663 3290 ul
689 3246 809 3288 eam
838 3225 1149 3284 consoletur
1169 3220 1257 3317 -de
1300 3226 1609 3317 "icurs'fme
1653 3209 2210 3317 1.3”???”“21322
2238 3205 2283 3268 Ο
2320 3246 2492 3315 inquit
2519 3243 2625 3317 (5),
2660 3243 2943 3300 Marcionis
2973 3241 3288 3300 doctrina...
3322 3241 3583 3298 diabolica
3611 3251 3716 3297 est.
3747 3260 3769 3293 ι
3792 3205 3938 3295 Sub;

604 3331 797 3383 vexata
848 3320 1052 3382 fuerat;
1097 3312 1252 3384 cujus
1296 3309 1617 3384 αὐτογράφον
1664 3304 1719 3359 in
1767 3302 1909 3358 illius
1956 3296 2213 3354 Ecclesiae

605 3415 847 3474 archivio
870 3425 1064 3483 magna
1085 3422 1214 3465 cura
1230 3404 1574 3460 adservatum
1600 3399 1717 3469 ipse
1741 3395 1913 3451 oculis
1940 3392 2050 3451 suis
2071 3390 2215 3446 vitle-

602 3520 720 3577 rat;
752 3523 936 3566 vermn
962 3499 1305 3575 aequioribus
1320 3493 1650 3564 temporibus
1665 3492 1922 3544 amissum
1939 3485 2209 3542 dolemus.

684 3600 947 3676 Epistolas
973 3597 1095 3652 dna:
1138 3590 1334 3649 illustri
1382 3584 1623 3658 Dionysii
1669 3596 1823 3654 papae
1872 3578 2087 3635 nomine
2124 3590 2216 3632 or-

612 3670 755 3756 natae
784 3689 1260 3750 circumferuntur.
1288 3681 1445 3738 Prior
1474 3678 1540 3734 ad
1570 3676 1848 3733 Urbanum
1880 3670 2210 3743 prwf‘cctum,

610 3794 860 3849 hortatur
886 3801 1030 3853 eum,
1069 3802 1088 3835 ι
1123 3780 1395 3851 sapienter
1415 3774 1728 3844 disponere,
1759 3778 1816 3826 et
1835 3767 2077 3838 judicare
2096 3778 2217 3833 quae

611 3885 691 3940 illi
733 3881 1020 3939 commissa
1067 3883 1211 3931 sunt.
1250 3889 1270 3925 ι
1306 3872 1436 3926 Data
1478 3875 1561 3922 est
1592 3881 1647 3920 tv
1685 3877 1856 3919 nonas
1899 3856 2215 3920 Februarii,

616 3979 911 4037 Aureliano
932 3981 988 4029 et
1007 3972 1174 4027 Basso
1196 3967 1324 4022 viris
1344 3961 1657 4020 clarissimis
1677 3955 2006 4014 consulibus.
2029 3951 2220 4007 Poste-

613 4078 730 4133 rior
774 4074 981 4131 Severo
1019 4065 1275 4124 scribitur
1302 4060 1560 4131 episeOpo
1590 4074 1603 4110 :
1635 4054 1705 4109 de
1747 4049 2008 4108 Ecclesiis
2057 4060 2216 4117 paro-

617 4168 845 4231 chianis,
880 4173 940 4220 ut
964 4159 1192 4232 singulae
1217 4153 1445 4226 singulis
1472 4151 1670 4206 dentur
1700 4142 2050 4217 presbyteris,
2083 4147 2139 4194 et
2164 4146 2224 4193 ut

618 4262 799 4320 nullus
827 4230 1357 4323 alteriusvparochim
1405 4242 1699 4307 terminos,
1727 4237 1812 4293 vel
1843 4236 1932 4306 jus
1979 4230 2219 4287 invadat.

618 4357 755 4413 Data
811 4360 894 4408 est
936 4364 969 4402 ν
1005 4321 1404 4414 ἱὰίεθριριηιιιο.
1446 4333 1673 4391 Claudio
1713 4339 1770 4387 et
1813 4329 2046 4383 Paterno
2092 4321 2224 4376 viris

620 4443 936 4506 clarissimis
980 4454 1123 4495 coss.
1161 4433 1415 4491 Subditas
1460 4444 1583 4484 esse
1630 4423 1887 4496 Dionysio
1928 4418 2221 4491 epistolas,

623 4542 822 4597 docent
846 4546 900 4591 et
925 4532 1097 4606 stylus
1116 4571 1132 4594 ,
1166 4524 1424 4596 Dionysio
1455 4522 1572 4576 viro
1598 4518 1913 4573 doctissimo
1943 4512 2219 4581 indignus,

622 4641 679 4689 et
705 4602 1102 4697 inscriptiones.
1133 4620 1345 4673 Annum
1376 4628 1590 4678 conm,
1613 4623 1876 4678 aperuere
1902 4602 2226 4660 Aurelianus
2249 4604 2304 4664 1)

625 4734 680 4781 et
722 4722 952 4782 Bassus,
985 4729 1094 4786 quo
1124 4722 1370 4779 tempore
1412 4700 1797 4775 Dionysiusad
1836 4701 1938 4753 l‘ata
1968 4702 2229 4755 venerat;

628 4813 836 4872 Claudii
872 4808 1089 4881 quidem
1118 4815 1173 4859 et
1200 4798 1419 4857 Paterni
1465 4795 1747 4852 consulatu
1784 4789 2063 4861 epistolam
2095 4786 2231 4841 scri-

626 4911 757 4967 bere
780 4905 1063 4977 Diony‘ius
1092 4898 1284 4970 potuit.
1317 4893 1397 4951 Ad
1429 4893 1691 4948 Severum
1721 4896 1898 4942 tamen
1929 4899 2034 4939 non
2059 4881 2231 4951 scr-ip-

626 5002 798 5065 sisse,
838 5012 906 5053 eo
946 4998 1192 5056 constat,
1233 4986 1377 5059 quod
1406 4980 1733 5056 ignoraverit
1776 4978 2012 5032 larvatus
2043 4983 2234 5028 auctor

627 5092 906 5167 epistolae,
954 5083 1170 5142 Paterni
1215 5080 1479 5149 collegam
1522 5072 1808 5129 Claudium
1848 5069 2231 5140 irruperatorem

624 5158 830 5251 fuisse,
871 5178 1014 5252 quod
1063 5190 1248 5231 verum
1283 5168 1592 5243 Dionysium
1638 5167 1841 5230 latere,
1887 5177 1992 5216 non
2034 5158 2230 5231 pottrit.

628 5250 847 5337 initium
893 5250 1138 5344 epistolae
1199 5264 1479 5336 impostori
1541 5258 1824 5317 feeneravit
1870 5253 2066 5310 Leonis
2116 5250 2234 5319 epi-

635 5376 770 5431 stola
804 5385 929 5427 xxrv
960 5385 973 5422 :
1015 5384 1035 5419 ι
1073 5362 1213 5419 Olim
1244 5370 1299 5415 et
1329 5359 1396 5414 ab
1417 5357 1569 5411 initio
1595 5363 1796 5410 tantam
1837 5349 2178 5422 percepimus
2203 5362 2235 5401 a

626 5465 692 5523 B.
743 5464 905 5520 Petro
954 5456 1324 5531 apostolorum
1376 5448 1615 5519 principe
1669 5444 1937 5499 fiduciam.
1991 5460 2011 5493 ι
2059 5439 2233 5495 Locos

629 5559 790 5616 etiam
836 5553 1061 5610 inseruit
1106 5565 1172 5607 ex
1223 5542 1482 5614 Gregorio
1526 5539 1738 5609 Magno.
1773 5536 2135 5592 Consulantur
2182 5539 2239 5587 et

629 5650 754 5708 libri
777 5664 856 5713 tv,
878 5644 1107 5716 epistola
1130 5641 1222 5707 52,
1251 5645 1306 5694 et
1334 5634 1455 5689 libri
1483 5647 1581 5695 vn,
1609 5629 1834 5700 epi~tola
1866 5630 1988 5693 115,
2014 5627 2071 5682 S.
2095 5625 2233 5681 Cre-

630 5743 765 5817 gorii
791 5738 968 5812 Magni
997 5734 1365 5805 epistolarum.
1393 5726 1581 5782 Ambae
1601 5732 1786 5780 extant
1801 5722 1856 5776 in
1878 5722 2079 5777 noviss.
2109 5719 2235 5776 Col-

631 5813 867 5896 loctione
893 5827 1246 5891 conciliorum
1280 5820 1419 5894 apud
1450 5817 1640 5887 Mansi,
1666 5824 1813 5874 tomo
1838 5832 1875 5885 ι,
1910 5830 2031 5888 pag.
2060 5813 2230 5871 100%

2314 3339 2491 3408 jungit
2535 3340 2766 3406 deinde,
2818 3340 2954 3395 banc
2997 3353 3104 3393 non
3162 3353 3283 3394 esse
3330 3336 3631 3391 doctrinam
3679 3349 3936 3391 verorum

2319 3430 2516 3486 Christi
2566 3430 2989 3501 discipulorum,
3036 3440 3091 3486 et
3140 3428 3596 3501 acquiescantium
3633 3426 3935 3484 Salvatoris

2319 3523 2605 3595 prmceptis
2636 3541 2649 3577 :
2686 3541 2705 3575 ι
2742 3523 2805 3579 Ili
2829 3522 2996 3592 enim,
3034 3542 3053 3576 ι
3086 3521 3337 3578 videlicet
3358 3519 3674 3588 Chrisriani,
3703 3538 3723 3572 ι
3754 3516 3937 3575 Triui-

2319 3628 2483 3675 tatem
2522 3618 2739 3690 quidem
2774 3634 2880 3673 non
2907 3619 3159 3690 ignorant
3186 3617 3240 3671 in
3271 3615 3452 3671 divina
3478 3606 3753 3683 Scriptura
3787 3626 3934 3683 prte-

2321 3711 2522 3778 dicari;
2568 3723 2677 3769 tres
2718 3723 2898 3767 autem
2929 3728 3050 3769 esse
3078 3714 3249 3779 Deos,
3281 3727 3381 3767 nec
3419 3712 3472 3766 in
3504 3710 3674 3765 veteri
3696 3751 3712 3778 ,
3746 3723 3845 3764 nec
3873 3707 3932 3763 in

2323 3821 2463 3860 novo
2490 3806 2836 3863 Testamento
2862 3806 3069 3861 doceri.
3093 3806 3311 3877 Itaque,
3349 3824 3368 3859 ι
3405 3802 3684 3859 concludit
3708 3809 3933 3857 sanctus

2321 3899 2591 3965 Pontifex,
2624 3918 2645 3953 ‹
2675 3901 3005 3955 admirabilis
3044 3900 3331 3968 divinaque
3362 3896 3544 3954 Unitas
3571 3896 3625 3951 in
3658 3906 3769 3950 tres
3792 3892 3937 3948 divi-

2324 3993 2519 4047 nitatea
2565 4009 2670 4048 non
2710 4004 2791 4048 est
2822 3993 3145 4063 separanda.
3185 4012 3204 4045 ι
3240 3990 3428 4047 Tradit
3475 3988 3635 4062 paulo
3682 3987 3933 4059 superius

2323 4078 2464 4139 idem
2506 4093 2724 4141 sanctus
2766 4083 3069 4157 Dionysius,
3101 4084 3340 4140 divinnrn
3376 4081 3613 4138 Verbum
3645 4080 3757 4138 Deo
3786 4080 3936 4137 Patri

2324 4177 2533 4231 unitum
2564 4191 2719 4242 esse,
2754 4188 2809 4231 et
2834 4177 3090 4248 Spiritum
3128 4188 3375 4233 sanctum
3402 4175 3456 4232 in
3493 4175 3604 4232 Deo
3634 4188 3854 4230 manere
3877 4181 3940 4229 et

2327 4269 2590 4335 habitare,
2609 4280 2664 4324 et
2684 4269 2998 4325 Trinitatem
3024 4268 3205 4324 reduci
3225 4278 3279 4322 et
3299 4268 3475 4338 eolligi
3492 4268 3546 4322 lrt
3572 4283 3737 4323 unum
3766 4267 3939 4322 Deum

2326 4363 2791 4432 omnipotentem,
2849 4361 3129 4416 Dominum
3180 4360 3580 4415 universorum.
3634 4379 3655 4414 ι
3703 4358 3941 4415 Necesse

2327 4465 2412 4509 est
2453 4455 2630 4521 enim,
2678 4455 2914 4510 divinum
2959 4454 3196 4510 Verbum
3252 4454 3362 4511 Deo
3410 4454 3785 4509 universorum
3814 4468 3942 4510 esse

2330 4550 2559 4617 unitum,
2586 4558 2641 4605 et
2664 4548 2921 4621 Spiritum
2955 4560 3200 4605 sanctum
3230 4549 3284 4604 in
3314 4548 3425 4603 Deo
3451 4564 3675 4605 manere
3700 4564 3764 4604 ac
3789 4545 3945 4602 habi-

2331 4653 2467 4709 tare,
2492 4656 2555 4697 ac
2577 4642 2805 4711 denique
2828 4642 3061 4696 divinam
3085 4641 3403 4697 Trinitatem
3430 4641 3482 4696 in
3507 4657 3744 4696 unum...
3769 4639 3943 4697 Deum

2334 4735 2712 4790 universorum
2761 4735 3261 4804 omnipotentem...
3314 4732 3497 4789 reduci
3550 4741 3599 4788 et
3655 4731 3857 4802 colligi.
3916 4750 3939 4784 ι

2334 4828 2466 4895 Quae
2519 4830 2682 4883 verba
2730 4828 3074 4899 apertissime
3119 4825 3416 4882 ostendunt
3463 4840 3625 4880 unum
3674 4826 3843 4879 Deum
3889 4823 3947 4880 in

2335 4928 2447 4974 tres
2475 4919 2785 4974 distinctum
2822 4919 3120 4981 Personas;
3148 4918 3391 4987 adeoque
3428 4926 3537 4972 tres
3573 4915 3768 4970 divinae
3808 4914 3950 4970 Per-—

2337 5028 2484 5068 some
2515 5030 2579 5068 ex
2607 5014 2765 5068 allata
2796 5013 3039 5068 doctrina
3068 5023 3193 5067 sunt
3220 5012 3463 5084 ejusdem
3491 5012 3765 5075 essentia,
3797 5007 3949 5079 ejus-

2337 5107 2568 5178 demque
2600 5117 2825 5163 uatum.

2409 5201 2519 5257 Nec
2574 5202 2676 5256 nisi
2732 5215 3014 5272 perperam
3059 5198 3375 5270 detorqueri
3436 5204 3660 5268 possent
3713 5195 3942 5253 recitata

2412 5315 2494 5389 (ι)
2518 5313 2880 5389 L_udov._.lac.,
2902 5314 3203 5389 Bibliothec.
3226 5312 3480 5383 ponti/ia,
3503 5313 3679 5389 li_lr._u,
3701 5328 3821 5384 pag.
3846 5309 3943 5367 02,

2411 5385 2494 5457 (2)
2520 5387 2680 5448 Cave,
2720 5385 2861 5441 Hist.
2895 5387 3136 5449 litterar.,
3165 5397 3358 5457 tom._r,
3382 5400 3502 5456 pag.
3532 5386 3658 5441 155.

2414 5454 2493 5531 (5)
2523 5460 2740 5529 Dionys.
2767 5458 2951 5519 Rom.,
2978 5456 3197 5531 ap‘udis.
3222 5454 3511 5531 Albanas,
3538 5457 3714 5531 lib._r_le
3740 5454 3940 5531 θρονοί.

2339 5525 2567 5603 δῃὶιὸάο,
2610 5525 2751 5603 Διριιι.
2785 5546 2826 5595 1,
2878 5525 3131 5601 page?“
3167 5538 3223 5584 et
3258 5525 3388 5589 252,
3443 5529 3576 5603 edi}.
3623 5527 3940 5603 ηριιιῖηιιςο,

2338 5596 2535 5683 Raris,
2564 5600 2804 5683 1698,32
2828 5596 2973 5683 torni
2991 5618 3029 5663 ι,
3055 5612 3203 5683 part._
3227 5614 3416 5683 r_..pag..
3447 5599 3573 5683 182,
3598 5615 3653 5655 ιι.
3682 5596 3769 5683 εξ,
3803 5598 3937 5683 edit.

2338 5672 2630 5735 Patavium.
2667 5673 2844 5739 1777;
2889 5672 3016 5730 item
3056 5666 3207 5742 apud
3241 5666 3435 5742 Martii.
3470 5681 3601 5731 toto.
3632 5685 3672 5736 ι,
3714 5666 3938 5742 Concita

2339 5759 2463 5872 [ξιξ.
2496 5744 2628 5872 13ἐέ
2662 5738 3174 5872 (ἒὸἒθίέῗέθῖὲδρίιᾶ
3203 5741 3481 5812 Galland.,
3512 5752 3644 5801 tom.
3686 5752 3767 5810 ιιι,
3799 5738 3939 5800 Bibl.

2450 5857 2487 5885 .,
2522 5831 2644 5888 pag.
2676 5814 2783 5873 558
2810 5814 2871 5873 et
2888 5831 3047 5890 seqq.
