4230 6212
3117 326 3559 345 -“““““““

471 344 504 347 _
535 343 626 347 ἡ-
687 343 756 348 ψ
793 344 954 350 ___~
985 345 1036 350 __
1097 346 1118 350 _
3579 340 3594 342 _

1131 347 1370 358 _.___s
1407 349 1528 355 ---Α
1556 351 1646 355 __
1665 351 1986 357 ..ἠ-η
2061 354 2074 355 κ
2095 353 2580 363 ννῇη-ηψ.
2647 360 2868 368 ,._.___
3171 365 3174 367 .
3215 364 3280 370 .-Α
3301 365 3525 371 ,-,η.-,.
3553 368 3574 371 ν
3595 368 3636 374 ,-

1608 490 2492 618 MONITUM

1574 717 1641 774 IN
1691 719 2037 777 SUBJECTA
2098 722 2545 780 FRAGMENTA.

570 855 627 912 Ι.
689 855 838 927 Opus
884 868 953 910 ex
1008 860 1114 927 quo
1163 856 1431 937 descripta
1481 866 1606 916 sunt
1667 857 1965 931 fragmenta
2014 864 2287 935 subjecta,
2347 867 2676 926 Athanasius
2729 870 2824 927 lib.
2878 871 2946 928 de
2986 868 3220 945 Synod.,
3270 888 3327 931 n.
3377 874 3491 943 44,
3542 874 3711 946 epist.

384 951 454 1009 de
495 949 728 1009 decretis
777 952 1011 1009 Nictente
1057 953 1284 1026 synodi,
1347 972 1403 1011 η.
1451 953 1545 1023 25,
1589 966 1643 1013 et
1685 956 1843 1027 epist.
1878 958 1946 1015 de
1996 962 2262 1016 sententia
2313 956 2553 1037 Dionysii
2605 966 2801 1034 passim
2840 966 3045 1023 laudat.
3103 966 3359 1039 Ejusdem
3409 970 3709 1027 meminere

386 1045 617 1101 Basilius
672 1045 771 1113 lib,
838 1047 906 1103 de
960 1046 1163 1113 Spiritu
1219 1060 1444 1117 sancto,
1512 1064 1630 1120 cap.
1702 1046 1812 1117 29,
1857 1061 1910 1108 et
1962 1051 2371 1128 jiiieronymus,
2415 1057 2484 1114 de
2545 1058 2747 1129 Seript.
2812 1059 2976 1129 eccl.,
3042 1076 3093 1117 c.
3157 1058 3251 1132 79,
3321 1061 3428 1119 Sed
3490 1062 3544 1119 hi
3598 1062 3709 1121 duo

386 1142 647 1200 Doctores
710 1159 816 1199 non
888 1160 993 1199 una
1060 1145 1268 1229 ratione
1336 1142 1468 1202 illud
1535 1144 1792 1203 indicant.
1838 1144 2200 1222 Hieronymus
2272 1153 2416 1209 enim
2481 1155 2532 1210 lu
2601 1144 2770 1212 libros
2822 1165 3056 1227 quatuor
3125 1157 3444 1215 distinctum
3507 1157 3707 1215 docet:

384 1236 614 1294 Basilius
672 1254 804 1295 vero
846 1236 1087 1310 qua-dam
1140 1236 1285 1295 illius
1331 1238 1495 1296 verba
1538 1250 1811 1313 tamquam
1858 1258 1925 1299 ex
1972 1245 2208 1301 secunda
2263 1245 2330 1301 ad
2388 1247 2701 1320 Dionysium
2753 1249 3129 1321 cognominem
3177 1250 3408 1321 epistola
3472 1248 3700 1322 profert.

378 1333 464 1391 Re
524 1342 711 1389 autem
774 1349 895 1391 vera
963 1342 1019 1389 et
1090 1333 1143 1389 in
1207 1333 1372 1390 libros
1449 1332 1764 1392 distinctum
1830 1351 1983 1407 esse,
2066 1348 2121 1395 et
2187 1339 2432 1411 epistolae
2507 1356 2703 1397 nomen
2777 1340 2827 1397 ei
2893 1356 3192 1414 congruere
3266 1358 3328 1398 ex
3406 1341 3708 1399 Athanasio

381 1435 600 1487 constat
639 1447 653 1484 :
705 1428 795 1500 qui
840 1426 1054 1499 qnidem
1106 1427 1159 1483 in
1210 1427 1400 1485 eadem
1442 1428 1670 1500 epistola
1719 1429 1787 1486 de
1840 1432 2106 1488 sententia
2154 1430 2395 1505 Dionysii
2445 1439 2500 1488 et
2544 1449 2695 1489 num.
2742 1433 2831 1502 i3,
2883 1433 3015 1490 dicit
3063 1451 3079 1492 :
3139 1453 3159 1487 ι
3208 1434 3499 1508 Dionysius
3543 1448 3705 1508 quam

378 1524 623 1596 primum
680 1524 762 1580 sui
808 1523 1069 1596 purgandi
1127 1525 1299 1595 gratia
1365 1524 1529 1580 libros
1581 1525 1781 1592 edidit,
1828 1541 1964 1597 quos
2012 1526 2285 1596 inscripsit
2337 1526 2611 1583 Elenchus
2660 1534 2714 1582 et
2760 1527 3057 1599 Apologia.
3108 1546 3128 1582 ι
3173 1537 3227 1584 et
3277 1544 3425 1583 num.
3478 1528 3566 1596 M,
3635 1528 3707 1584 de

385 1621 587 1693 scripto
632 1621 827 1679 eodem
876 1622 955 1679 sic
999 1624 1236 1693 loquitur
1279 1642 1291 1677 :
1332 1641 1351 1676 ‹
1387 1619 1686 1693 Epistulam
1735 1638 1886 1678 suam
1936 1621 2159 1681 Elenchi
2208 1628 2263 1678 et
2310 1621 2586 1694 Apologia:
2647 1622 2801 1677 titulo
2852 1621 3147 1693 inscripsit.
3186 1640 3205 1674 ›
3246 1622 3486 1693 Epistola
3546 1622 3707 1693 igitur

372 1725 491 1772 erat
555 1724 789 1788 quatuor
862 1716 914 1772 in
984 1714 1150 1772 libros
1208 1715 1500 1782 distincta,
1565 1716 1809 1786 adeoque
1863 1731 1965 1770 una
2029 1731 2097 1771 ex
2148 1714 2251 1782 iis,
2319 1730 2452 1786 quas
2511 1713 2798 1787 Dionysius
2866 1730 2894 1768 a
2959 1728 3019 1771 se
3070 1712 3244 1771 fusius
3304 1722 3358 1770 et
3426 1715 3706 1770 tractantis

371 1825 531 1868 more
567 1809 818 1875 dictatas,
850 1809 1348 1891 διδασκαλικώτερον
1390 1812 1758 1887 ὑφηγούμενος,
1793 1819 1949 1866 vocat
1983 1809 2041 1883 (Ι

2035 1808 2195 1883 Epist.
2228 1808 2280 1877 l,
2319 1807 2387 1862 ad
2412 1805 2568 1878 Xyst.
2601 1807 2643 1878 ).
2689 1806 2806 1863 Non
2849 1806 2918 1862 ab
2966 1821 3034 1862 eo
3071 1806 3291 1875 statim,
3338 1812 3399 1861 ut
3436 1805 3506 1861 de
3545 1820 3705 1864 accu-

370 1906 588 1962 satione
638 1920 735 1962 sua
785 1906 1147 1962 commonitus
1188 1900 1319 1971 fuit,
1382 1905 1542 1959 missa
1589 1912 1691 1961 est.
1749 1902 1880 1958 Nam
1923 1918 1991 1959 ne
2036 1901 2374 1959 accusationi
2423 1899 2616 1955 deesse
2671 1899 2980 1966 videretur,
3028 1899 3074 1953 si
3120 1897 3426 1955 rescribere
3456 1898 3705 1954 Romano

371 2000 599 2069 praesuli
646 1998 845 2055 diutius
883 1998 1161 2066 dill'erret,
1206 1998 1329 2054 huic
1373 1998 1656 2070 epistolam
1711 1995 2006 2068 prremislt,
2054 2012 2215 2070 quam
2264 1996 2433 2063 infra,
2476 2010 2625 2049 num.
2686 1993 2755 2061 6,
2812 1994 2985 2065 ipsum
3028 1991 3346 2067 Dionysium
3399 1992 3714 2052 Romanum’

374 2093 666 2163 alloquens
692 2106 951 2149 memorat
976 2095 1061 2149 his
1082 2092 1294 2149 verbis:
1319 2097 1406 2149 καὶ
1432 2116 1516 2149 σοι
1542 2089 1608 2148 δι’
1631 2089 1779 2154 ἄλλης
1801 2093 2042 2153 imo-coli;

2033 2100 2073 2154 ῖς
2100 2088 2328 2168 ἔγραψα.
2359 2088 2622 2158 Quocirca
2654 2103 2761 2143 non
2797 2087 2958 2144 modo
2989 2085 3249 2160 Epistola,
3279 2086 3379 2145 sed
3410 2096 3468 2146 et
3488 2088 3703 2162 epistola

371 2192 601 2248 secunda
639 2192 712 2245 ad
751 2192 1058 2264 Dionysium
1103 2193 1451 2263 cognominem
1497 2206 1603 2246 non
1652 2191 1794 2245 male
1844 2208 1873 2244 a
1915 2190 2114 2246 Basilio
2156 2189 2482 2264 appellatur.
2517 2188 2692 2245 Simul
2717 2190 2877 2248 etiam
2909 2198 2994 2244 est
3024 2188 3286 2245 Elenchus
3312 2198 3367 2245 et
3410 2187 3702 2260 Apologia;

364 2285 639 2341 Elenchus
668 2285 886 2356 quidem
914 2286 1351 2341 adversariorum
1379 2293 1435 2340 et
1458 2294 1831 2339 accusatorum
1864 2283 2139 2354 Dionysii,
2183 2282 2275 2354 qui
2312 2283 2363 2337 in
2393 2281 2496 2336 hoc
2535 2297 2702 2353 opere
2733 2290 3101 2353 coarguuntur
3137 2294 3298 2353 atque
3324 2280 3693 2352 confutantur,

359 2379 624 2452 Apologia
650 2396 785 2437 vero
828 2381 995 2449 ipsius
1034 2380 1269 2450 Dionysii
1312 2378 1403 2449 qui
1433 2379 1487 2433 in
1523 2378 1717 2433 eodem
1749 2377 1816 2432 de
1845 2377 2075 2446 objectis
2103 2376 2381 2431 erroribus
2422 2390 2544 2431 sese
2585 2392 2815 2447 purgare
2865 2376 3077 2431 nititur.
3105 2374 3262 2445 Quod
3307 2392 3430 2433 cum
3466 2375 3697 2433 feliciter

358 2472 709 2541 przestiterit,
748 2470 1078 2542 impudentis
1121 2469 1402 2525 calumnia:
1444 2469 1635 2525 merito
1680 2468 1855 2539 arguit
1881 2467 2207 2524 Athanasius
2238 2468 2470 2523 Arianos
2493 2508 2509 2536 ,
2533 2465 2681 2538 quod
2710 2481 2774 2523 ea
2803 2467 2953 2524 velut
2991 2469 3229 2542 Dionysii
3270 2469 3545 2527 venditare
3585 2482 3696 2527 non

358 2563 715 2627 erubuerint.
741 2578 859 2633 quze
912 2563 1006 2619 ille
1044 2563 1219 2633 palam
1248 2573 1542 2635 aperteque
1576 2560 1842 2633 reiecerit.
1932 2557 1942 2565 ’

544 2656 615 2714 li.
661 2658 765 2713 ista
797 2656 1033 2730 Dionysii
1074 2656 1320 2729 apologia
1361 2671 1428 2712 eo
1478 2655 1698 2725 majoris
1742 2662 1825 2710 est
1864 2653 2156 2722 momenti,
2198 2655 2344 2725 quod
2373 2654 2653 2726 specimiui
2693 2654 2852 2711 nobis
2888 2653 2959 2711 sit
3002 2670 3225 2724 eorum,
3266 2671 3387 2727 qua:
3437 2655 3696 2715 fecissent

352 2752 542 2808 caeteri
594 2750 789 2811 Patres
850 2751 1069 2807 Nicaeno
1134 2749 1366 2806 concilio
1415 2748 1759 2823 superiores,
1816 2746 2015 2818 quibus
2068 2747 2331 2804 nonnulla
2396 2748 2715 2805 exciderunt
2776 2748 2978 2804 ariana:
3049 2747 3313 2820 impietati
3361 2752 3412 2808 in
3455 2748 3696 2825 speciem

353 2853 616 2914 cognata,
674 2847 718 2899 si
776 2859 873 2900 eos
932 2843 1125 2901 similis
1184 2842 1479 2899 necessitas
1541 2841 1607 2899 ad
1681 2839 2059 2913 explicandam
2120 2842 2361 2911 apertius
2408 2851 2647 2899 mentem
2711 2858 2865 2900 suam
2910 2843 3282 2915 compulisset.
3342 2844 3473 2902 Inde
3544 2846 3690 2900 enim

355 2932 521 2989 facile
550 2933 832 2990 adducitur
869 2935 1099 3006 quisque
1134 2944 1191 2990 ut
1216 2933 1438 3000 credat,
1485 2933 1756 2988 neminem
1801 2947 1868 2988 ex
1915 2933 1993 2989 eis
2049 2932 2291 2988 futurum
2322 2932 2524 3001 fuisse,
2574 2934 2666 3006 qui
2713 2951 2819 2990 non
2867 2936 3092 3007 perinde
3147 2946 3309 3008 atque
3363 2938 3686 3012 Dionysius,

357 3029 598 3087 eamdem
629 3029 912 3101 perﬁdiam
943 3029 1275 3098 damnasset,
1323 3043 1391 3083 ex
1440 3027 1542 3087 hoc
1568 3042 1732 3098 opere
1775 3042 1894 3104 quae
1924 3024 2313 3093 exscribenda,
2363 3042 2482 3096 quae
2529 3026 2985 3098 prmtermittenda
3033 3026 3271 3085 duxerit.
3320 3028 3681 3100 Athanasius,

350 3137 502 3183 num.
572 3121 665 3189 14,
715 3123 941 3193 exponit
996 3123 1051 3181 in
1100 3121 1242 3187 hunc
1298 3120 1551 3181 modum:
1585 3120 1809 3177 «Verba
1857 3120 1975 3197 ejus
2019 3135 2179 3191 quam
2223 3120 2481 3192 plurima,
2524 3120 2720 3191 quibus
2766 3137 2854 3178 res
2909 3121 2965 3176 in
3018 3121 3372 3194 quaestionem
3419 3122 3680 3183 adductas

355 3214 655 3284 expendit,
690 3222 785 3270 aut
826 3230 894 3270 ex
938 3213 1116 3275 allatis
1158 3213 1455 3275 ratiociniis
1485 3212 1725 3285 colligit,
1771 3221 1863 3269 aut
1894 3213 2254 3282 interrogatos
2296 3212 2638 3268 adversarios
2691 3213 2931 3285 coarguit
2972 3213 3058 3271 vel
3106 3215 3504 3274 obtrectatores
3553 3234 3683 3275 suos

348 3308 707 3375 criminatur,
761 3308 832 3363 ob
880 3308 1140 3371 librorum
1193 3308 1555 3379 prolixitatem
1607 3307 1889 3368 omittens.
1934 3321 1997 3361 ea
2036 3307 2209 3360 solum
2257 3321 2595 3376 proponam,
2652 3322 2773 3376 quas
2815 3307 2884 3363 ad
2933 3308 3344 3366 criminationes
3394 3311 3683 3369 diluendas

346 3404 658 3459 necessaria
706 3403 1055 3458 videbuntur.
1097 3422 1115 3456 ι
1149 3403 1204 3458 in
1252 3404 1319 3458 iis
1363 3418 1528 3469 vero,
1577 3419 1697 3474 quae
1744 3402 2027 3469 exscrihit,
2078 3401 2339 3456 librorum
2382 3400 2629 3455 ordinem
2681 3399 2901 3456 minime
2961 3411 3177 3469 servat,
3234 3398 3330 3458 sed
3380 3413 3541 3474 prout
3590 3420 3681 3463 res

347 3504 588 3552 tractata:
633 3495 1010 3566 postulabant,
1052 3510 1197 3552 nunc
1239 3510 1402 3550 unum
1445 3507 1502 3550 et
1542 3496 1766 3551 alterum
1814 3494 2171 3565 fragmentum
2213 3510 2280 3549 ex
2326 3492 2464 3548 libro
2507 3495 2682 3563 primo
2714 3492 2954 3564 profert,
2987 3503 3098 3549 tum
3130 3496 3275 3553 aliud
3301 3512 3369 3555 ex
3401 3499 3673 3570 secundo,

349 3589 579 3645 subinde
604 3601 855 3660 quartum
886 3603 1075 3645 rursus
1104 3605 1172 3645 ex
1219 3590 1424 3659 primo,
1460 3590 1545 3644 cui
1577 3589 1721 3647 aliud
1754 3606 1820 3644 ex
1852 3597 2044 3657 quarto
2076 3587 2339 3658 adjungit.
2369 3589 2440 3643 At
2467 3602 2588 3642 cum
2620 3590 2792 3643 nostri
2816 3589 3044 3644 instituti
3075 3590 3144 3645 sit
3174 3590 3356 3661 operis
3404 3590 3673 3663 ejusdem,

350 3689 537 3750 utpote
582 3682 652 3743 ad
707 3682 1010 3745 Romanum
1077 3683 1388 3754 pontiﬁcem
1455 3683 1676 3754 scripti,
1732 3682 1987 3753 reliquias
2056 3690 2308 3736 accurate
2332 3681 2621 3750 colligere,
2685 3682 2895 3752 singula
2972 3676 3280 3754 fragmenta
3352 3699 3420 3741 eo
3478 3686 3674 3745 ordine

344 3778 606 3832 exhibere
651 3779 820 3835 satius
869 3778 1044 3834 visum
1075 3788 1190 3840 est,
1227 3795 1383 3850 quem
1416 3790 1635 3834 servant
1672 3779 1812 3834 inter
1841 3793 1900 3833 se
1931 3775 2083 3843 libri,
2142 3791 2208 3830 ex
2252 3776 2447 3845 quibus
2495 3774 2768 3846 descripta
2816 3786 2963 3832 sunt.
3020 3774 3337 3845 Demum,si
3388 3789 3669 3852 gestorum

343 3884 467 3940 que
514 3872 619 3927 hoc
662 3884 799 3941 opus
844 3879 1268 3941 praecesserunt,
1301 3871 1498 3929 seriem
1539 3870 1944 3942 expendamus,
1975 3867 2041 3922 ad
2095 3876 2305 3936 tempus
2332 3867 2474 3920 circa
2504 3866 2646 3936 quod
2693 3867 3028 3923 elaboratum
3076 3876 3190 3933 est,
3224 3870 3456 3941 quodam
3509 3870 3669 3927 modo

349 3963 655 4032 pertingere
706 3962 907 4017 licebit.
961 3963 1164 4033 Nempe
1218 3964 1422 4034 aliquot
1476 3964 1712 4031 Dionysii
1745 3960 2095 4019 Alexandrini
2145 3959 2409 4014 adversus
2452 3959 2789 4017 Sabellianos
2838 3963 3112 4033 epistolae,
3186 3964 3359 4035 Xysto
3410 3966 3669 4036 pontiﬁce

347 4054 620 4125 vulgatae,
686 4055 1017 4110 accusationi
1085 4056 1231 4111 illius
1280 4057 1619 4112 occasionem
1671 4056 1956 4111 dederunt.
2004 4054 2133 4111 Inde
2184 4051 2416 4124 permoti
2462 4054 2706 4109 nonnulli
2755 4055 3052 4124 Catholici,
3102 4058 3221 4126 ipso
3291 4059 3663 4117 Alexandrino

341 4147 581 4219 prmsule
610 4147 809 4214 inscio,
842 4149 1070 4203 Romam
1121 4151 1512 4215 convolarunt,
1543 4159 1596 4205 et
1656 4163 1778 4219 qua:
1821 4146 1925 4205 sibi
2000 4145 2053 4202 in
2095 4148 2212 4219 ejus
2265 4150 2478 4220 scriptis
2523 4149 2882 4220 displicebant
2911 4150 2979 4204 ad
3010 4149 3315 4205 Romanum
3342 4153 3654 4222 pontiﬁcem

334 4239 670 4296 detulerunt.
702 4241 894 4295 Statim
922 4242 1203 4298 admonuit
1252 4234 1534 4315 Dionysius
1564 4242 1839 4297 Routauus
1873 4243 2189 4315 Dionysium
2222 4243 2670 4300 Alexandrinum.
2715 4244 2766 4298 is
2794 4258 2922 4299 vero
2946 4244 3021 4300 illi
3069 4244 3385 4303 satisfacere
3416 4248 3651 4319 primum

333 4333 627 4400 brevibus,
685 4348 916 4406 moxque
945 4336 1323 4404 prolixioribus
1375 4336 1568 4392 litteris
1593 4376 1607 4401 ,
1639 4350 1793 4407 quam
1825 4337 2045 4409 printum
2071 4379 2085 4401 ,
2120 4347 2177 4393 ut
2229 4336 2553 4393 Athanasius
2582 4344 2770 4407 notat,
2823 4338 3049 4395 studuit.
3081 4339 3345 4407 Quocirca
3396 4342 3471 4397 nil
3517 4351 3666 4399 vetat

328 4427 632 4500 quominus
676 4427 835 4491 ,ltanc
918 4430 1153 4502 Dionysii
1222 4430 1523 4501 apologiam
1612 4429 1681 4485 ad
1728 4442 1928 4486 annum
1989 4430 2104 4486 262
2179 4430 2409 4486 attinere
2482 4442 2821 4489 censeamus.
2908 4430 3047 4490 Eam
3119 4446 3335 4507 quoque
3403 4432 3655 4493 eruditus

331 4521 721 4582 Titiemoutius
764 4521 832 4579 ad
885 4524 1007 4580 anni
1057 4514 1220 4596 hujus
1269 4525 1479 4581 exitum
1533 4523 1724 4581 referri
1773 4536 1933 4595 posse
1980 4525 2294 4583 arbitratur.
2347 4524 2654 4584 Consum.

1658 4702 2203 4782 EPISTOLJE
2251 4704 2338 4780 II

1177 4896 1410 4953 DIONYS"
1450 4905 1811 4952 ALEXANDRINI
1851 4905 2083 4951 EPISCOPI
2121 4908 2190 4950 AD
2229 4906 2509 4950 DIONYBIUI
2546 4904 2837 4959 ROIANUI,

876 5056 885 5128 ξ
951 5054 1055 5112 Seu
1085 5055 1275 5128 Operis
1319 5055 1463 5128 quod
1508 5055 1776 5113 Elenchus
1825 5063 1879 5114 et
1927 5054 2186 5130 Apologia
2243 5056 2665 5124 inscribebatur,
2727 5054 3045 5126 fragmenta.

1866 5219 1941 5272 Ex
1966 5224 2123 5287 primo
2142 5218 2285 5281 libro,

412 5350 471 5411 i.
536 5338 645 5411 lion
674 5351 821 5410 enim
853 5360 969 5408 erat
1009 5359 1240 5425 tempus,
1273 5351 1487 5426 quando
1514 5352 1657 5411 Deus
1685 5367 1790 5410 non
1822 5361 1941 5411 erat

2118 5352 2169 5408 i.
2212 5353 2282 5407 Οὐ
2306 5349 2405 5431 γὰρ
2434 5345 2493 5412 ἦν
2517 5344 2599 5410 ὅτε
2626 5345 2653 5408 ὁ
2678 5349 2804 5415 Θεὸς
2832 5350 2926 5408 οὐκ
2949 5345 3007 5417 ἦν
3031 5355 3224 5431 Πατήρ.
3336 5432 3339 5433 ν
3512 5422 3616 5433 ,ην

320 5443 525 5504 Pam.
722 5506 729 5513 ,

384 5538 459 5596 Et
480 5542 541 5593 ili
554 5541 888 5607 sequentibus
902 5541 1079 5607 (inquit
1092 5541 1407 5608 Athanasius)
1423 5543 1681 5607 proﬁtetur
1694 5542 1937 5597 Christum
2104 5553 2179 5595 Καὶ
2198 5556 2309 5594 τοῦτο
2331 5548 2428 5594 eum
2451 5542 2543 5607 (ait
2561 5540 2855 5592 Athanasius
2877 5543 3040 5592 statim
3059 5537 3203 5604 post)
3223 5548 3259 5592 ιν
3276 5552 3356 5601 τας
3388 5549 3483 5602 uie,
3502 5550 3562 5592 su
3581 5551 3646 5592 τὸν

316 5634 547 5695 εοωρει·
582 5638 716 5690 esse,
741 5632 798 5678 ut
818 5636 934 5692 pote
960 5629 1166 5680 verbum
1187 5634 1239 5679 et
1256 5630 1548 5692 sapientiam
1574 5636 1625 5681 et
1647 5629 1898 5681 virtutem.

1422 5630 1548 5680 iliam
1574 5636 1625 5681 ει
1647 5629 1898 5681 virtutem.
2042 5642 2200 5696 Χριστὸν
2226 5637 2449 5694 simulo-{os
2475 5640 2581 5691 ὄντα,
2598 5640 2660 5681 και
2682 5640 2828 5693 Μίαν,
2848 5637 2913 5678 καὶ
2928 5630 3092 5690 εὐναίων.

422 5754 491 5813 2.
544 5752 737 5829 Neque
781 5768 910 5813 vero
956 5755 1096 5815 Deus
1145 5773 1264 5815 cum
1327 5757 1443 5818 lucc
1507 5774 1613 5817 non
1666 5760 1965 5834 peperisset

2144 5761 2201 5819 2.
2242 5767 2313 5822 Οὐ
2335 5764 2436 5842 ’γὰρ
2468 5760 2534 5826 δὴ
2567 5764 2762 5821 τούτων
2791 5756 2971 5837 ἄγονος
3002 5759 3070 5820 ὢν
3112 5760 3237 5824 Θεὸς
3266 5803 3286 5838 ,
3315 5753 3431 5820 εἶτα
3470 5753 3672 5816 ἐπαιδα-
