4158 6260
550 328 652 384 M9

1636 317 1926 377 DlONYSll
1965 310 2438 372 ALEXANDRI‘NI
2481 311 2784 370 EPISCOPI

3763 314 3870 370 1‘20

546 450 730 512 postea
759 439 949 496 Filium
977 439 1200 511 genuit:
1233 437 1326 492 sed
1353 435 1480 508 quia
1507 433 1671 492 Filius
1702 448 1809 490 non
1841 447 1871 486 a
1902 445 1961 487 se
1992 429 2136 501 ipso,

2259 431 2520 490 τοιήσατο,
2553 427 2656 482 ἀλλ’
2685 424 2762 484 ὅτι
2807 433 2877 499 μὴ
2921 425 3044 503 παρ’
3073 425 3264 483 ἑαυτοῦ
3302 422 3491 491 ὁΥἱὸς,
3527 424 3629 489 ἀλλ’
3674 427 3728 480 ἐκ
3770 433 3867 483 τοῦ

545 551 735 594 verum
761 550 789 589 a
817 535 980 591 Patre
1011 533 1174 589 habet
1200 546 1346 587 esse.

607 695 672 746 Et
694 701 806 760 post
825 707 979 760 pauca
994 693 1059 743 de
1079 695 1188 758 ipso
1204 691 1334 742 Filio
1356 691 1478 742 dicit
1509 705 1518 738 :

615 887 668 941 5.
721 883 852 940 Cum
897 883 969 939 sit
1010 881 1271 954 splendor
1317 879 1453 936 lucis
1497 887 1755 944 aeternae,
1808 888 2032 946 prorsus
2089 881 2144 928 et

541 976 658 1050 ipse
727 988 963 1032 :cternus
1034 984 1139 1031 est.
1195 974 1341 1028 Luce
1395 971 1540 1025 enim
1595 983 1813 1040 semper
1877 966 2146 1023 existente

540 1069 890 1127 manifestum
921 1080 1002 1126 est
1035 1077 1092 1124 et
1121 1066 1467 1137 Splendorem
1501 1077 1721 1129 semper
1751 1061 2044 1116 exsistere:
2079 1071 2146 1113 eo

541 1165 742 1236 quippe
793 1164 886 1218 lux
927 1177 1049 1218 esse
1107 1159 1458 1230 intelligitur,
1516 1153 1658 1226 quod
1706 1152 2022 1222 splendeat,
2084 1163 2149 1204 ac

540 1259 660 1314 fieri
701 1259 884 1327 nequit
933 1257 1116 1310 utqu
1184 1269 1288 1308 non
1336 1253 1531 1306 luceat.
1587 1247 1821 1302 Rursum
1879 1243 2028 1300 enim
2078 1242 2147 1296 ad

540 1351 785 1419 exempla
814 1348 1116 1404 veniamus.
1155 1345 1210 1400 Si
1233 1344 1325 1399 sul
1352 1351 1458 1408 est,
1491 1349 1578 1397 est
1607 1355 1821 1410 quoque
1853 1334 2111 1406 Splendor
2133 1378 2149 1399 ,

538 1455 618 1498 est
651 1454 706 1498 et
732 1442 879 1498 dies:
935 1441 1128 1495 horum
1159 1439 1202 1493 si
1234 1436 1368 1491 nihil
1399 1444 1504 1498 est,
1538 1432 1768 1487 multum
1797 1429 1952 1484 abest
1984 1436 2042 1482 ut
2067 1426 2152 1482 sol

541 1536 704 1592 adsit.
739 1535 891 1603 Quod
920 1536 967 1590 si
996 1535 1075 1588 Sol
1120 1545 1355 1588 aeternus
1407 1539 1574 1596 esset,
1609 1527 1727 1581 dies
1755 1538 1972 1595 quoque
2001 1537 2157 1576 num-

536 1647 697 1702 quam
728 1629 1004 1684 deﬁceret.
1040 1625 1195 1682 Nunc
1225 1636 1404 1678 autem
1435 1619 1655 1694 (neque
1688 1618 1833 1674 enim
1863 1616 1936 1670 ita
1964 1629 2024 1670 se
2065 1626 2156 1668 res

2263 523 2458 599 Πατρός
2488 520 2606 594 ἔχει
2634 524 2692 578 τὸ
2717 516 2865 577 εἶναι.

2332 691 2410 730 Καὶ
2428 693 2508 741 μετ’
2529 691 2637 743 ὀλίγα
2658 679 2848 743 (pergit
2867 679 3037 732 dicere
3055 678 3366 742 Athanasius)
3391 690 3500 730 πάλιν
3536 693 3622 744 περὶ
3650 695 3717 732 τοῦ
3751 693 3868 734 εἶιτοῦ

2271 778 2390 828 φησιν’

2319 873 2374 926 5.
2413 871 2756 946 Ἀπαύγασμα
2775 873 2830 930 δέ
2861 873 2928 930 ὢν
2949 877 3111 949 φωτός
3141 872 3326 938 ἀῑδίου,
3350 877 3558 938 πάντως
3590 880 3678 932 καὶ
3707 880 3868 940 αύτός

2249 964 2418 1028 ἀΐδιός
2463 969 2623 1022 ἐστιν.
2675 963 2820 1030 ὄντος
2843 970 2944 1045 γάρ
2989 971 3068 1023 ἀεὶ
3110 974 3204 1024 τοῦ
3245 970 3431 1041 φωτὸς,
3456 967 3603 1028 δῆλον
3633 973 3702 1032 ὡς
3729 969 3869 1028 ἔστιν

2250 1062 2418 1116 ἀεὶτὸ
2451 1062 2803 1134 ἀπαύγασμα.
2843 1063 3013 1134 τούτῳ
3055 1063 3176 1138 γὰρ,
3227 1064 3313 1116 καὶ
3343 1059 3421 1117 ὅτι
3467 1069 3570 1134 φῶς
3619 1066 3752 1126 ἐστι,
3795 1071 3872 1138 τῷ

2250 1156 2592 1226 καταυγάζειν
2621 1163 2833 1218 νοεῖται,
2865 1159 2952 1208 καὶ
2982 1164 3085 1228 φῶς
3112 1157 3170 1209 ού
3197 1154 3415 1211 δύναται
3439 1163 3507 1228 μὴ
3543 1161 3758 1231 φωτίζον
3792 1155 3868 1213 εἶ·-

2255 1269 2357 1301 ναι.
2391 1247 2541 1302 πάλιν
2574 1249 2675 1324 γὰρ
2704 1245 2927 1320 ἔλθωμεν
2953 1250 3039 1303 ἐπὶ
3077 1250 3144 1304 τά
3181 1246 3597 1322 παραδείγματα.
3639 1253 3684 1305 εἰ
3727 1249 3872 1307 ἔστιν

2257 1341 2414 1402 ἥλιος.
2447 1339 2587 1395 ἔστιν
2613 1342 2781 1413 ἡμέρα
2805 1355 2817 1370 ⁶
2855 1345 2898 1395 εἰ
2923 1345 3169 1398 τοιούτων
3201 1340 3354 1414 μηδέν
3382 1345 3511 1402 ἐστι.
3545 1345 3671 1398 πολύ
3703 1366 3757 1416 γε
3792 1344 3881 1401 δεῖ

2260 1437 2345 1489 καὶ
2370 1443 2611 1506 παρεῖναι
2649 1436 2803 1494 ἥλιον.
2837 1439 2880 1490 εἰ
2920 1439 3011 1508 μὲν
3037 1432 3123 1490 οὖν
3152 1435 3316 1499 ἀΐδιος
3346 1437 3371 1492 6
3405 1439 3561 1501 ἥλιος.
3597 1437 3874 1502 ἄπαυστος

2260 1520 2320 1579 ἂν
2348 1523 2407 1585 ἧν
2435 1530 2520 1581 καί
2555 1529 2586 1585 ἡ
2615 1529 2782 1602 ἡμέρα
2834 1533 2923 1581 νῦν
2953 1525 3007 1582 δὲ
3033 1568 3048 1593 ,
3078 1530 3136 1581 ού
3166 1530 3267 1602 γὰρ
3297 1527 3436 1584 ἔστιν
3458 1571 3471 1590 ,
3503 1532 3785 1607 ἀρξαμένου
3815 1553 3871 1588 τε

2258 1617 2472 1693 ἤρξατο,
2526 1624 2612 1675 καὶ
2636 1623 2928 1693 παυομένου
2967 1622 3214 1676 παύεται.
3246 1621 3272 1676 6
3315 1620 3368 1676 δέ
3396 1644 3452 1694 γε
3497 1625 3623 1683 Θεὸς
3675 1626 3872 1678 αἰώνιόν

535 1720 737 1787 habet)
773 1721 892 1774 dies
919 1719 1036 1773 sole
1066 1717 1356 1784 incipiente
1385 1711 1571 1779 incipit
1591 1752 1604 1772 ,
1637 1725 1699 1765 ac
1745 1709 2026 1764 desinente
2054 1705 2152 1759 de-

2261 1713 2374 1767 ἐστι
2403 1720 2530 1784 φῶς,
2561 1711 2678 1769 οὔτε
2711 1715 3010 1788 ἀρξάμενον,
3039 1710 3155 1768 οὔτε
3182 1713 3328 1776 λήξόν
3358 1733 3505 1768 ποτε.
3536 1715 3720 1766 οὐκοῦν
3747 1715 3872 1766 αἰώ-

535 1814 689 1869 sinit.
735 1812 874 1866 Deus
915 1819 1095 1864 autem
1139 1818 1343 1864 aeterna
1375 1807 1464 1860 lux
1494 1815 1600 1865 est,
1631 1819 1751 1864 qua:
1781 1815 1956 1871 neque
1982 1800 2157 1853 incte-

534 1907 640 1978 pit,
705 1919 878 1975 neque
942 1902 1160 1958 deficiet
1224 1914 1480 1972 unquam.
1559 1896 1662 1967 Ipsi
1716 1909 1847 1964 ergo
1899 1891 2160 1963 przelucet

539 2012 604 2054 ac
628 1997 914 2053 coexsistit
943 2003 1180 2050 aeternus
1207 1991 1491 2063 splendor,
1520 1991 1611 2060 qui
1640 1987 1758 2042 sine
1787 1984 1943 2039 initio
1986 1984 2157 2064 exsis-

539 2098 661 2146 tens
704 2100 759 2145 et
806 2103 1024 2157 semper
1075 2086 1307 2158 genitus,
1359 2093 1486 2138 ante
1531 2097 1654 2135 eum
1700 2079 1922 2141 emicat,
1955 2078 2160 2148 quique

539 2195 626 2242 ost
651 2201 713 2242 ea
742 2184 1004 2254 sapientia
1030 2225 1044 2251 ,
1075 2197 1197 2253 qua:
1225 2180 1395 2244 dicit,
1431 2177 1541 2250 Ego
1561 2192 1702 2230 erant
1729 2191 1830 2246 qua
1857 2172 2109 2245 gaudebat
2141 2187 2160 2225 :

542 2287 590 2334 et
630 2277 918 2333 delectabar
946 2274 1176 2348 quotidie
1218 2282 1338 2328 ante
1376 2272 1562 2342 faciem
1588 2271 1698 2340 ejus
1745 2267 1887 2323 omni
1944 2276 2170 2337 tempore

542 2367 730 2438 (Prov.
758 2387 872 2438 vm,
899 2370 1016 2439 30).

599 2504 665 2555 Et
683 2504 826 2570 paulo
847 2511 958 2569 post
979 2514 1265 2553 sermonem
1287 2501 1352 2552 de
1379 2502 1561 2551 eodem
1582 2502 1658 2550 sic
1690 2499 2011 2561 prosequitur
2042 2511 2052 2545 :

612 2639 666 2693 4.
697 2636 833 2692 Cum
867 2650 998 2708 ergo
1028 2645 1268 2691 aeternus
1291 2634 1361 2688 sit
1392 2634 1570 2697 Pater,
1605 2639 1840 2686 :cternus
1867 2639 1950 2684 est
1973 2639 2028 2685 et
2054 2629 2149 2685 Fi-

554 2729 702 2797 lius,
751 2731 933 2784 lumen
967 2727 1034 2783 de
1055 2727 1280 2782 lumine.
1327 2724 1427 2780 Ubi
1479 2722 1625 2778 enim
1677 2730 1761 2777 est
1807 2721 2038 2791 genitor,
2072 2729 2159 2775 est

553 2832 610 2880 et
656 2822 853 2892 proles.
889 2821 946 2878 Si
989 2831 1166 2876 autem
1223 2819 1408 2890 proles
1463 2833 1569 2872 non
1612 2826 1730 2882 est,
1783 2813 2056 2886 quomodo
2106 2821 2163 2870 et

549 2915 709 2986 cujus
753 2923 933 2985 potest
973 2928 1098 2968 esse
1148 2911 1405 2984 genitor?
1451 2911 1612 2979 Atqui
1667 2908 1827 2962 ambo
1885 2916 2053 2974 sunt,
2108 2916 2165 2962 et

553 3023 774 3078 semper
800 3016 947 3063 sunt.
984 3007 1116 3062 Cum
1151 3005 1315 3076 igitur
1345 3005 1485 3060 Deus
1525 3002 1595 3058 sit
1640 3003 1728 3057 lux
1753 3043 1767 3067 ,
1802 3001 2051 3056 Christus
2078 3007 2164 3055 est

547 3105 829 3170 Splendor.
874 3103 1010 3159 Cum
1062 3111 1242 3158 autem
1290 3101 1525 3171 Spiritus
1565 3099 1674 3165 sit,
1705 3097 1934 3168 Spiritus
1977 3095 2160 3163 enim,

546 3200 762 3270 inquit,
814 3207 888 3253 est
918 3197 1054 3252 Deus
1098 3195 1277 3268 (loan.
1309 3211 1363 3249 ιν
1389 3235 1403 3258 ,
1453 3192 1584 3262 2t);
1626 3199 1995 3260 congruenter
2045 3202 2164 3243 rur-

543 3305 664 3347 sum
701 3289 954 3344 Christus
980 3302 1150 3359 vapor
1185 3285 1385 3341 dicitur
1414 3303 1426 3338 :
1467 3283 1560 3338 Est
1593 3283 1724 3338 enim
1748 3324 1764 3350 ,
1814 3281 2020 3352 inquit,
2068 3295 2162 3334 va-

534 3399 630 3454 por
657 3381 855 3436 virtutis
880 3380 979 3435 Dei
1013 3379 1207 3450 (Sap.,
1239 3393 1340 3444 vn,
1371 3376 1442 3434 ‘25
1466 3377 1506 3446 ).

599 3540 913 3600 Rursumque
935 3537 1055 3588 dicit
1078 3551 1090 3587 :

626 3670 682 3727 5.
715 3667 876 3723 Solus
908 3674 1088 3720 autem
1122 3663 1289 3718 Filius
1335 3677 1555 3734 semper
1599 3659 1936 3716 coexsistens
1972 3659 2156 3723 Patri,

551 3770 607 3818 et
633 3761 828 3832 plenus
859 3773 925 3814 eo
969 3758 1060 3829 qui
1116 3766 1239 3822 est,
1283 3756 1399 3826 ipse
1448 3755 1609 3809 etiam
1653 3762 1771 3820 est,
1803 3767 1925 3809 cum
1978 3751 2050 3806 sit
2093 3765 2159 3805 ex

552 3855 712 3915 Patre
743 3853 845 3925 (ex
875 3853 1063 3909 Athan.
1090 3893 1104 3920 ,
1135 3850 1260 3907 ibid.
1283 3892 1297 3918 ,
1345 3867 1398 3904 ιι.
1434 3849 1549 3921 17).

2262 1828 2363 1861 νιον
2393 1807 2686 1880 πρόκειται,
2714 1811 2800 1861 καί
2830 1808 3068 1862 σύνεστιν
3105 1808 3246 1879 αύτῷ
3275 1807 3334 1860 τό
3357 1807 3686 1876 ἀπαύγασμα
3716 1802 3872 1877 ἄναρ-

2264 1921 2365 1973 χον
2396 1905 2483 1956 καί
2529 1905 2771 1977 ἀειγενές,
2817 1901 3216 1974 προφαινόμενον
3256 1901 3438 1960 αὐτοῦ,
3483 1895 3611 1970 ὅπερ
3656 1900 3794 1952 ἐστὶν
3841 1901 3874 1956 ἡ

2261 1995 2484 2069 λέγουσα
2509 1999 2684 2070 σοφία,
2716 1995 2842 2068 Ἐγώ
2885 1995 3019 2068 ἢμην
3113 1996 3437 2073 προσέχαιρε
3459 2011 3473 2023 ⁸
3522 1992 3633 2048 καθ’
3681 1995 3874 2068 ἡμέραν

2264 2084 2318 2142 δέ
2350 2088 2687 2164 εὐφραινόμην
2717 2090 2768 2142 ἐν
2798 2091 3067 2164 προσώπῳ
3094 2089 3255 2145 αύτοῦ
3280 2089 3330 2142 ἐν
3358 2090 3510 2145 παντὶ
3544 2095 3728 2162 καιρῷ.

2340 2509 2412 2548 Καὶ
2423 2501 2527 2549 αὖθις
2545 2505 2669 2554 ἰπόγιι
2691 2504 2769 2551 μετ’
2790 2502 2894 2553 ὀλίγα.
2913 2489 3093 2552 (ίιὶίιυίὶ
3104 2487 3522 2551 Αιὶιειιιιεὶιιε),ςιρι
3537 2502 3603 2536 τοῦ
3623 2500 3737 2538 αξιτοῦ
3752 2501 3881 2551 λίην-,⁵

2271 2629 2282 2662 γ
2344 2627 2376 2682 4
2439 2624 2460 2645 ν
2696 2617 2720 2639 τ
2844 2622 2854 2637 t
2899 2622 2944 2658 ,ο
3118 2625 3142 2654 τ
3345 2622 3356 2636 ι
3513 2620 3551 2636 ιι
3707 2620 3720 2637 ι
3807 2621 3841 2639 n

2383 2667 2396 2681 .
2463 2638 2620 2686 Οντος
2668 2644 2756 2676 ουν
2803 2641 3008 2675 αιωδιου
3054 2640 3146 2674 τον
3194 2630 3425 2694 Πατρός,
3471 2641 3671 2682 αιωνιος
3699 2643 3725 2676 ο
3762 2632 3878 2684 Υιος

2265 2726 2399 2786 ἔστι,
2431 2729 2533 2794 φῶς
2562 2722 2617 2774 ἐκ
2647 2718 2809 2790 φωτὸς
2840 2715 2906 2769 ὥν
2932 2731 2945 2746 ⁸
2971 2709 3114 2776 ὄντος
3140 2717 3241 2787 γὰρ
3269 2715 3476 2787 γονέως,
3507 2711 3621 2768 ἔστι
3649 2716 3734 2768 καὶ
3759 2717 3876 2770 τέκ-

2265 2833 2366 2870 νον·
2403 2816 2446 2867 εἱ
2473 2811 2525 2867 δὲ
2555 2817 2626 2883 μὴ
2655 2812 2823 2866 τέκνον
2849 2805 2946 2869 εἴη,
2977 2815 3088 2870 πῶς
3118 2811 3206 2861 καὶ
3226 2809 3360 2867 τίνος
3389 2801 3516 2860 εἶναι
3542 2803 3754 2862 δύναται
3782 2829 3877 2878 γο-

2266 2911 2418 2971 νεύς;
2447 2906 2553 2961 ἀλλ’
2582 2907 2710 2959 εἰσὶν
2739 2900 2910 2976 ἄμφω,
2935 2906 3022 2956 καὶ
3048 2904 3173 2956 εἰσὶν
3203 2903 3300 2956 ἀεὶ.

2330 3007 2422 3052 Εἶτα
2443 3011 2551 3050 πάλιν
2574 3010 2794 3060 προστίθησι
2817 3012 2935 3045 ταῦτα
2959 2993 3280 3057 (Athanasius
3303 2993 3392 3060 ait)
3424 3010 3436 3043 Σ

2335 3086 2504 3146 Φωτὸς
2532 3084 2622 3155 μὲν
2652 3073 2744 3134 οὖν
2772 3075 2916 3141 ὄντος
2941 3084 3035 3134 τοῦ
3057 3085 3208 3134 Θεοῦ.
3242 3077 3268 3132 ό
3291 3080 3515 3152 Χριστός
3545 3081 3684 3134 ἐστιν
3706 3078 3880 3134 ἀπαύ-

2265 3199 2463 3254 γασμα.
2484 3175 2779 3245 πνεύματος
2807 3169 2861 3226 δὲ
2892 3167 3055 3232 ὅντος’
3085 3176 3310 3244 Πνεῦμα,
3336 3173 3459 3246 γάρ,
3488 3174 3659 3246 φησὶν,
3683 3171 3874 3234 όΘςός·

2267 3271 2526 3341 ἀναλόγως
2553 3265 2703 3322 πάλιν
2745 3262 2771 3318 6
2809 3265 3034 3336 Χριστὸς
3075 3263 3235 3333 ἀτμὸς
3272 3264 3492 3335 λέγεται³
3519 3263 3719 3334 ’Λτμός,
3750 3265 3871 3336 γάρ,

2270 3370 2440 3442 φησὶν,
2471 3364 2586 3418 ἐστι
2613 3369 2708 3422 τῆς
2737 3363 2830 3414 τοῦ
2859 3359 2996 3413 Θεοῦ
3021 3354 3309 3428 δυνάμεως.

2334 3537 2410 3578 Καὶ
2433 3537 2471 3574 ιιι
2490 3537 2556 3572 τοῦ
2579 3529 2746 3582 δευτέρου
2771 3516 2949 3580 (inquit
2971 3513 3288 3577 Athanasius)
3307 3526 3415 3566 πάλιν
3436 3531 3520 3578 φησι

2337 3653 2391 3708 5.
2432 3653 2591 3712 Μόνος
2619 3647 2672 3704 δὲ
2705 3647 2730 3702 6
2759 3647 2873 3707 Υἱὸς
2899 3647 2980 3700 ἀεὶ
3009 3647 3175 3699 συνὼν
3196 3651 3270 3716 τῷ
3291 3645 3472 3717 Πατρί,
3505 3645 3706 3700 καὶτοῦ
3728 3643 3873 3707 ὄντος

2264 3746 2637 3820 πληρούμενος,
2683 3741 2770 3794 καὶ
2797 3738 2950 3797 αὐτὸς
2981 3735 3152 3801 ἔστιν,
3185 3733 3250 3790 ὢν
3295 3737 3349 3790 ἐκ
3380 3741 3472 3792 τοῦ
3500 3737 3720 3808 Πατρός.
3753 3736 3877 3791 11ωο

2265 3839 2498 3893 excitata
2529 3838 2654 3886 sunt
2694 3828 2836 3882 serie
2862 3831 3118 3880 continua
3159 3839 3188 3878 a
3228 3824 3291 3881 S.
3325 3825 3606 3879 Athanasio
3651 3827 3705 3879 in
3747 3825 3879 3895 Ερὶ..

2266 3927 2400 3982 stola
2432 3925 2496 3978 de
2523 3921 2789 3980 Sententia
2814 3917 3076 3988 Dionysii,
3112 3933 3260 3973 num.
3293 3917 3378 3985 15,
3407 3932 3457 3988 p.
3489 3917 3616 3987 255,
3652 3917 3736 3972 ed.
3767 3915 3875 3972 Be-

2270 4021 2520 4076 nedictin.

1860 4156 1935 4208 Ex
1954 4157 2130 4208 eodem
2161 4156 2288 4208 libro
2313 4157 2470 4220 primo
2492 4152 2584 4218 (1).

548 4268 556 4286 ⁷
627 4271 680 4325 6.
739 4267 1009 4324 leerum
1057 4268 1146 4324 ubi
1192 4280 1281 4322 res
1329 4265 1498 4321 factas
1543 4273 1599 4321 et
1643 4263 1858 4334 opilicia
1908 4262 2155 4334 quaedam

2335 4261 2385 4316 6.
2433 4262 2556 4320 Πλὴν
2604 4263 2702 4332 ἐγὼ
2750 4258 2936 4332 γενητά
2980 4279 3095 4313 τινα
3143 4262 3308 4332 φήσας
3352 4262 3591 4328 νοεῖσθαι,
3634 4270 3734 4317 τῶν
3778 4265 3868 4333 μὲν

559 4359 955 4419 consideranda
1006 4360 1158 4426 dixi,
1212 4356 1524 4425 hujusmodi
1573 4371 1754 4410 rerum
1788 4355 1934 4410 velut
1986 4359 2163 4410 minus

559 4453 886 4510 idonearum
924 4452 1124 4507 cursim
1173 4449 1372 4520 protuli
1422 4447 1706 4516 exempla,
1737 4446 1950 4515 quando
1994 4447 2110 4502 dixi
2147 4465 2161 4502 :

559 4546 747 4615 Neque
781 4546 958 4614 planta
988 4544 1040 4599 id
1071 4552 1156 4599 cst
1182 4542 1322 4613 quod
1357 4541 1590 4612 agriCola
1610 4581 1626 4605 ,
1662 4555 1835 4610 neque
1860 4539 2060 4606 SC:lpha
2109 4538 2164 4594 id

553 4638 699 4713 quod
730 4639 942 4692 navium
971 4637 1124 4692 faber
1154 4639 1243 4705 (ex
1287 4634 1479 4688 Athan.
1507 4675 1522 4700 ,
1558 4632 1686 4686 ibid.
1714 4672 1728 4698 ,
1778 4649 1831 4686 τι.
1877 4631 2003 4697 18).
2057 4631 2162 4687 De-

550 4733 681 4791 inde
735 4732 993 4802 congruis
1053 4739 1102 4785 et
1159 4739 1364 4782 natura:
1419 4727 1497 4782 rei
1573 4725 2162 4780 accommodatioribus

555 4828 731 4898 magis
781 4841 900 4882 sum
948 4825 1298 4889 immoratus,
1354 4836 1417 4876 ac
1471 4820 1717 4892 pluribus
1768 4819 2002 4889 explicui
2043 4835 2162 4890 quae

551 4923 764 4979 veriora
820 4928 1016 4987 erant,
1052 4917 1216 4973 variis
1260 4913 1582 4986 excogitatis
1617 4913 1989 4985 argumentis,
2041 4928 2162 4984 quae

2266 4356 2509 4409 τοιούτων
2537 4355 2604 4412 ὡς
2643 4352 2992 4428 ἀχρειοτέρων
3020 4350 3070 4414 ἐξ
3099 4349 3378 4427 ἐπιδρομῆς
3420 4348 3562 4408 εἷπον
3590 4351 3866 4431 παραδείγ-

2267 4469 2408 4518 ματα
2431 4462 2444 4476 ⁹
2473 4448 2584 4500 ἐπεὶ
2613 4451 2738 4516 μήτε
2761 4447 2820 4500 τό
2842 4449 2996 4516 φυτὸν
3024 4445 3140 4520 ἔφην
3167 4443 3448 4518 (adderent
3475 4451 3533 4503 τό
3561 4451 3690 4505 αύτό
3719 4445 3870 4520 εἶναι)

2265 4546 2340 4612 τῷ
2367 4546 2597 4612 γεωργῷ,
2630 4542 2757 4610 μήτε
2808 4545 2882 4610 τῷ
2924 4548 3171 4613 ναυπηγῷ
3218 4542 3276 4594 τὸ
3329 4543 3543 4614 σκάφος.
3592 4537 3714 4597 Εἶτα
3765 4551 3875 4604 τοῖς

2267 4633 2547 4705 ἱκνουμένοι
2603 4636 2689 4687 καὶ
2742 4637 3182 4709 προσφυεστὲροις
3236 4631 3565 4709 ἐνδιέτριψα·
3600 4640 3686 4690 καὶ
3725 4637 3872 4691 πλέον

2269 4725 2513 4793 διεξῆλθον
2541 4731 2660 4800 περὶ
2689 4735 2788 4783 τῶν
2819 4729 3184 4804 ἀληθεστέρων,
3221 4729 3425 4784 ποικίλα
3449 4733 3870 4805 προσεπεξευρών

2260 4825 2531 4893 τεκμήρια,
2563 4819 2696 4898 ἅπερ
2727 4825 2814 4875 καὶ
2857 4844 2941 4876 σοι
2971 4820 3034 4877 δι’
3067 4819 3216 4884 ἄλλης
3247 4821 3516 4883 ἐπιστολῆς
3544 4821 3748 4898 ἔγραψα
3774 4840 3787 4852 ⁶
3817 4828 3868 4878 ἐν

2259 4909 2334 4975 οἷς
2362 4913 2566 4988 ἡλεγξα,
2601 4910 2735 4968 καὶὸ
2765 4915 3110 4991 προφέρουσιν
3141 4911 3370 4988 ἔγκλημα
3391 4912 3504 4968 κατ’
3529 4914 3654 4985 ἐμοῦ
3675 4911 3867 4985 ψεῦδος

1967 5047 2460 5107 COMMENTARII.

626 5196 707 5262 (l)
744 5192 1010 5262 Quorsum
1039 5193 1326 5264 Dionysius
1365 5193 1644 5260 sequentia
1692 5192 1745 5247 in
1789 5191 2024 5248 medium
2067 5200 2150 5246 at-

562 5265 763 5333 tulerit,
793 5264 1115 5318 Athanasius
1143 5268 1212 5316 ita
1243 5265 1483 5333 declarat
1510 5281 1523 5318 :
1549 5265 1881 5319 Accusatores
1902 5281 2043 5329 suos,
2061 5265 2151 5331 qui

557 5354 673 5392 eum
720 5335 1090 5391 mentiebantur
1137 5334 1365 5398 dixisse,
1402 5332 1597 5387 Filium
1638 5352 1793 5388 unum
1835 5351 2010 5388 eorum
2043 5349 2152 5389 esse

552 5424 669 5479 qua:
696 5411 833 5478 facta
875 5416 1024 5469 sunt,
1063 5414 1110 5460 et
1146 5419 1469 5479 nequaquam
1499 5422 1610 5458 esse
1641 5404 1788 5479 Patri
1811 5406 2149 5479 consubstan-

553 5475 756 5540 tialem,
808 5481 989 5534 iterum
1028 5479 1081 5532 in
1147 5475 1276 5530 libro
1329 5475 1492 5544 primo
1555 5478 1785 5545 coarguit
1841 5477 1921 5530 Itis
1967 5478 2150 5532 verbis.

555 5550 712 5609 Unde
760 5549 924 5618 liquet
967 5566 1029 5604 ea
1074 5551 1125 5604 in
1168 5550 1450 5618 superiore
1493 5545 1728 5615 Dionysii
1785 5551 1992 5602 rmnani
2035 5549 2150 5614 epi-

559 5625 698 5678 stola
728 5616 1000 5675 confutata
1032 5636 1190 5686 esse,
1223 5633 1344 5688 qua:
1384 5616 1750 5672 Alexandrino
1794 5619 2002 5685 objecta
2035 5619 2148 5673 l‘ue-

556 5707 701 5748 rant.
734 5691 772 5747 li
805 5694 948 5746 enim
971 5733 986 5756 ,
1019 5694 1102 5759 qui
1137 5689 1414 5746 Dominum
1451 5692 1641 5757 factum
1668 5705 1796 5753 esse,
1833 5691 1964 5744 sicut
1991 5707 2147 5743 unum

551 5781 736 5819 eorum
788 5779 903 5832 qua:
957 5772 1094 5833 facta
1132 5774 1282 5826 sunt,
1337 5760 1664 5833 existimant,
1715 5763 1766 5816 in
1818 5762 1944 5830 illa,
1988 5778 2041 5833 ιι.
2073 5760 2143 5831 2,

547 5833 904 5895 refelluntur.
934 5831 1070 5891 Illud
1116 5847 1333 5905 quoque
1385 5831 1716 5903 notandum,
1766 5847 1886 5892 eam
1941 5832 2144 5903 ﬁdem,

2251 5206 2356 5262 qua
2407 5190 2620 5246 Patrem
2670 5199 2724 5246 et
2768 5191 2961 5247 Filium
3007 5193 3164 5246 unius
3214 5192 3562 5261 substantite,
3603 5211 3699 5252 seu
3741 5214 3866 5254 con-

2253 5263 2615 5345 substantiates
2650 5263 2920 5345 credimus
2938 5307 2966 5345 ,_
3005 5264 3244 5319 ﬁdelium
3277 5267 3472 5321 animis
3519 5268 3591 5322 ita
3635 5284 3860 5345 semper

2256 5333 2422 5416 fuisse
2448 5335 2686 5416 insitam,
2715 5344 2772 5388 ut
2799 5349 2920 5416 cum
2954 5335 3056 5390 hoc
3086 5351 3285 5416 negare
3305 5347 3592 5416 putaretur
3618 5333 3858 5397 Alexan-

2255 5405 2449 5460 drinus
2475 5407 2732 5469 antistes,
2760 5408 2941 5460 Slalittt
2985 5423 3012 5461 a
3064 5405 3347 5464 cntliolicis
3394 5411 3524 5464 viris
3568 5412 3636 5464 ad
3683 5429 3862 5469 roma-

2256 5491 2383 5530 num
2434 5477 2743 5546 pontiﬁcem
2803 5477 2962 5534 fuerit
3007 5478 3250 5543 delatus,
3301 5495 3401 5535 nec
3449 5481 3540 5536 ille
3591 5483 3866 5542 distulerit

2256 5561 2378 5601 sese
2421 5549 2490 5602 ab
2535 5548 2840 5615 hujusmodi
2891 5551 3152 5616 Opinione
3199 5551 3596 5608 alienissimum
3637 5555 3868 5610 demou-

2255 5629 2450 5674 Strare.
2480 5619 2589 5674 Nec
2617 5620 2748 5674 illud
2778 5624 2972 5676 minori
3003 5624 3388 5680 observatione
3419 5625 3636 5694 dignum
3657 5665 3673 5690 ,
3719 5629 3864 5694 quod

2256 5706 2362 5773 {ton
2392 5700 2596 5744 lttnlttm
2627 5707 2741 5773 rem
2773 5697 2935 5773 verbo
2963 5695 3237 5773 ὁμοούσιον
3263 5697 3615 5773 signiﬁcatam
3637 5736 3652 5757 ,
3687 5697 3779 5750 sed
3807 5708 3865 5754 et

2256 5763 2547 5843 ipsummet
2571 5763 2795 5843 verbum
2827 5763 3009 5843 aliquo
3040 5769 3200 5843 modo
3232 5763 3382 5837 rejici
3419 5767 3606 5843 lideles
3635 5775 3865 5843 tutante

2252 5836 2521 5893 nicaenum
2566 5836 2850 5894 concilium
2881 5839 3037 5894 annis
3091 5836 3305 5909 indigne
3355 5837 3598 5897 tulerint.
3653 5836 3858 5898 Cousr.
