4158 6260
626 269 731 329 125

624 490 907 555 postquam
947 487 1094 551 illam
1143 496 1434 565 praemisit,
1479 512 1756 573 remanet,
1815 516 2004 577 estque
2059 514 2222 583 quale

625 584 784 636 antea
814 591 964 639 erat:
988 582 1076 640 illa
1116 596 1250 643 vero
1281 589 1556 665 praemissa
1585 597 1762 653 avolat
1788 609 1845 655 et
1882 582 2218 677 circumqua-

627 685 733 742 que
777 672 979 744 lertur';
1021 687 1076 733 et
1116 680 1197 735 sic
1255 690 1540 758 utrumque
1588 690 1641 746 in
1709 701 1935 766 utroque
1978 672 2220 767 estita-

627 767 785 823 metsi
835 767 978 837 aliud
1032 771 1102 826 ab
1144 774 1353 845 altero,
1415 790 1469 836 et
1513 799 1675 839 unum
1725 799 1884 858 sunt,
1934 788 2061 848 licet
2112 794 2220 850 duo

626 859 734 914 sint
760 878 774 917 ι
803 859 882 923 sic
920 879 1151 938 namque
1183 870 1342 929 Pater
1385 882 1439 930 et
1482 875 1650 934 Filius
1695 896 1858 938 unum
1907 896 2029 942 esse
2068 894 2121 943 et
2167 888 2219 944 in

625 963 685 1011 se
714 951 944 1027 invicem
975 972 1099 1023 esse
1148 959 1280 1019 dicti
1329 975 1474 1022 sunt.

1701 288 1996 352 DIONYSII
2035 291 2510 360 ALEXANDRINI
2544 304 2850 368 EPISCOPI

623 389 726 445 alia
771 399 856 467 est
901 392 933 451 ὰ
975 394 1143 457 verbo
1193 399 1335 470 quod
1374 404 1428 463 in
1457 404 1623 464 corde
1661 410 1862 469 existit.
1911 412 2024 471 Hoc
2071 418 2216 473 enim
2244 423 2376 486 Αλό

3831 333 3930 393 124

2378 446 2494 529 γου,
2525 422 2663 529 δ’διά
2687 432 2927 529 γλώσσης
2960 444 3080 529 νοῦς
3120 441 3421 519 προπηδῶν.
3448 445 3475 502 ὁ
3501 449 3595 520 μίν
3622 455 3723 529 γὰρ
3769 453 3929 529 ἔμεινε

2325 519 2663 595 προπέμψας,
2693 529 2779 579 καὶ
2809 524 2949 585 ἔστιν
2977 527 3078 596 οἷος
3104 530 3180 594 ἦν.
3216 534 3242 591 ὁ
3270 534 3323 591 δὲ
3351 539 3536 604 ἐξέπτη
3563 519 3931 622 προπιμᾳιθεὶς,

2326 611 2413 663 καί
2465 613 2669 688 φέρεται
2717 630 3020 694 πανταχοῦ.
3059 628 3145 683 καὶ
3185 627 3348 692 οὕτως
3399 634 3537 692 ἐστίν
3589 636 3837 715 ἇκὰτερος
3884 647 3935 700 ἐν

2327 701 2552 777 ἑκατέρῳ
2598 708 2777 783 ἕτερος
2819 713 2884 769 ὧν
2935 719 3183 799 θατέρου·
3216 726 3301 779 καὶ
3349 726 3401 780 ἕν
3444 729 3591 789 εἰσιν.
3624 726 3772 797 ὅντες
3823 734 3933 795 δύο.

2329 796 2463 854 οὕτω
2492 803 2591 875 γάρ
2620 808 2704 859 καὶ
2745 805 2770 861 ὁ
2809 816 2979 889 Πατήρ
3023 817 3109 869 καὶ
3145 813 3170 871 ὁ
3209 818 3322 883 Υἱὸς
3367 817 3439 886 ἓν,
3482 826 3569 879 καί
3610 827 3665 881 ἐν
3709 829 3936 896 ἀλλήλοις

2329 891 2611 995 ὶξὲζθησαν
2637 895 2783 995 εἶναι,
2822 903 3023 976 (.tllata
3054 907 3172 966 hinc
3212 926 3242 967 a
3272 912 3334 968 S.
3366 915 3646 975 Athanasio
3679 921 3735 978 in
3764 891 3936 995 Epist:

2333 983 2394 1037 de
2423 984 2690 1046 Sententia
2718 991 2980 1069 Dionysii,
3013 1016 3068 1056 η.
3099 1019 3251 1075 xxttt,
3284 1021 3338 1078 p.
3370 1008 3529 1082 259.)

2093 1120 2169 1175 Ex
2193 1126 2413 1179 secundo
2433 1129 2580 1183 libro.

697 1224 751 1282 8.
807 1226 1027 1301 Singula
1072 1233 1287 1295 nomina
1317 1251 1349 1293 a
1392 1252 1477 1294 me
1508 1240 1714 1309 prolata
1761 1258 1821 1300 se
1859 1246 2086 1306 invicem
2123 1264 2249 1309 nec

625 1321 865 1392 separari
920 1336 1151 1394 queunt,
1209 1344 1309 1389 nec
1365 1331 1528 1388 dividi
1597 1334 1694 1408 (ex
1750 1336 2000 1398 Albanas.
2065 1344 2224 1412 ibid”

626 1429 679 1468 ιι.
712 1414 777 1483 l7
799 1416 837 1486 ).
883 1417 1097 1475 Patrem
1129 1422 1268 1488 dixi,
1295 1435 1350 1480 et
1379 1430 1526 1496 prius
1555 1446 1714 1499 quium
1745 1433 1864 1489 Filii
1896 1441 2223 1497 mentionem

624 1504 899 1575 facerem,
934 1510 1044 1581 jam
1084 1528 1206 1572 eum
1253 1517 1304 1572 in
1339 1517 1498 1576 Patre
1540 1522 1855 1594 signiﬁcavi.
1905 1530 2098 1588 Filium
2133 1535 2229 1590 ad-

620 1597 807 1669 jnnxi,
854 1617 918 1658 ac
965 1605 1160 1673 Pater,
1211 1610 1420 1667 etiamsi
1452 1630 1574 1681 eum
1621 1632 1727 1673 non
1762 1622 1907 1689 prius
1947 1627 2225 1684 nominas-

625 1707 775 1783 sem,
824 1695 936 1764 jam
989 1701 1211 1757 omnino
1263 1704 1315 1757 in
1372 1705 1509 1762 Filio
1552 1713 1981 1782 comprehensus
2028 1719 2223 1780 fuerat.

627 1787 885 1861 Spiritum
932 1805 1180 1866 sanctum
1223 1800 1448 1859 addidi:
1481 1806 1575 1861 sed
1631 1811 1789 1867 siuml
1843 1814 1986 1871 umle
2032 1829 2085 1873 et
2125 1835 2221 1889 per

626 1895 786 1953 quem
841 1891 1169 1956 processerit
1215 1893 1487 1953 subtexui.
1554 1900 1634 1956 Illi
1694 1912 1872 1961 autem
1941 1909 2222 1980 ignorant,

625 1989 803 2047 neque
856 1979 1107 2049 Patrem,
1163 2001 1267 2056 qua
1328 2000 1475 2058 pater
1524 2003 1637 2059 est,
1696 2010 1726 2051 a
1797 1999 1937 2057 Filio
1969 1979 2226 2064 alienari

628 2086 814 2144 posse:
900 2093 1023 2139 nam
1098 2080 1232 2136 illud
1324 2098 1521 2149 nomen
1597 2104 1757 2148 causa
1842 2102 1929 2151 est
2003 2100 2225 2158 evidens

627 2166 974 2229 cohaerentia:
1019 2180 1075 2227 et
1102 2173 1499 2244 coniunctionis
1528 2197 1544 2235 :
1579 2196 1754 2254 neque
1782 2185 1975 2243 Filium
2004 2206 2031 2242 ιι
2066 2191 2227 2249 Patre

629 2263 901 2329 separari;
958 2264 1061 2323 hoc
1110 2282 1340 2341 namque
1374 2274 1692 2333 vocabulum
1740 2290 1887 2348 pater
1923 2286 2228 2340 communi-

629 2357 900 2419 cntionem
945 2361 1167 2419 indicat.
1212 2365 1308 2421 Est
1357 2372 1412 2423 et
1454 2368 1506 2424 in
1554 2364 1804 2429 manibus
1839 2375 2051 2433 illorum
2100 2379 2225 2449 Spi-

628 2450 796 2519 ritus,
816 2454 906 2524 qui
935 2470 1110 2528 neque
1137 2474 1166 2512 a
1212 2461 1461 2518 mittente
1482 2505 1497 2533 ,
1528 2480 1703 2537 neque
1730 2483 1759 2523 a
1793 2469 2000 2527 ferente
2038 2472 2225 2533 divelli

630 2554 827 2616 pateat.
851 2547 1134 2617 Quomodo
1161 2553 1323 2623 igitur
1348 2571 1472 2627 ego,
1504 2560 1595 2630 qui
1621 2560 1814 2617 talibus
1842 2572 1964 2619 utor
1991 2567 2226 2624 nomini-

628 2635 763 2706 bus,
807 2638 896 2696 illa
949 2658 979 2697 ο
1021 2659 1083 2700 se
1130 2645 1362 2704 invicem
1410 2663 1660 2722 separata
1697 2662 1752 2711 et
1798 2658 2021 2715 omnino
2054 2659 2226 2721 divisa

631 2732 934 2791 existimem
954 2736 979 2790 ?

691 2844 867 2899 Paucis
888 2850 1171 2914 iuterjeetis
1194 2852 1329 2907 addit
1355 2870 1367 2907 :

701 2977 756 3034 9.
800 2979 874 3035 Ita
928 2981 1145 3051 quidem
1185 2985 1445 3042 unitatem
1478 2988 1861 3048 indivisihilem
1892 2995 1942 3050 in
1986 2996 2221 3055 Trinita-

629 3076 737 3126 tem
784 3071 1111 3144 dilatamus,
1159 3086 1212 3131 et
1266 3094 1478 3135 rursum
1524 3082 1843 3143 Trinitatem
1871 3105 2011 3161 quae
2051 3092 2222 3149 minui

629 3165 844 3240 nequit,
874 3167 926 3224 in
959 3171 1215 3230 unitatem
1264 3176 1652 3239 contrahimus.
1892 3168 1896 3172 λ
2082 3200 2089 3201 ί

2404 1260 2455 1315 8.
2498 1271 2606 1319 Τῶν
2638 1265 2729 1323 ὑπ’
2756 1270 2881 1343 ἐμοῦ
2904 1273 3186 1347 λεχθέντων
3228 1280 3487 1355 ὀνομάτων
3524 1286 3749 1346 ἕκαστον
3797 1295 3951 1365 ἀχώ-

2331 1357 2507 1430 ριστόν
2548 1361 2659 1417 ἐστι
2698 1366 2784 1418 καί
2813 1364 3099 1443 ἀδιαίρετον
3126 1378 3218 1428 τοῦ
3257 1375 3490 1435 πλησίον·
3524 1385 3732 1455 Πατέρα
3775 1381 3947 1453 εἶπον,

2333 1450 2419 1503 καὶ
2444 1454 2564 1526 πρὶν
2590 1454 2834 1530 ἐπαγάγω
2866 1462 2949 1514 τὸν
2976 1465 3086 1517 Υἱὸν
3109 1504 3123 1528 ,
3154 1466 3385 1541 ἐσήμανα
3426 1475 3511 1527 καί
3552 1481 3740 1533 τοῦτον
3782 1481 3836 1533 ἓν
3879 1488 3948 1555 τῷ

2334 1547 2493 1621 Πατρί
2544 1546 2653 1601 Υίὸν
2676 1550 2954 1625 ἐπήγαγον·
2979 1557 3023 1609 εἰ
3049 1560 3136 1611 καὶ
3161 1563 3230 1631 μὴ
3259 1568 3577 1641 προειρήκειν
3600 1570 3688 1625 τὸν
3716 1574 3944 1648 Πατέρα,

2333 1637 2537 1700 πάντως
2567 1634 2625 1694 ἂν
2668 1644 2718 1697 ἐν
2752 1650 2824 1720 τῷ
2853 1648 2951 1722 Υἱῷ
2991 1653 3323 1729 προείληπτο.
3357 1655 3497 1731 ἅγιον
3524 1671 3733 1739 Πνεῦμα
3762 1670 3949 1744 προσέ-

2331 1730 2475 1787 θηκα·
2510 1732 2616 1787 ἀλλ’
2643 1733 2754 1809 ἅμα
2781 1742 2865 1793 καί
2890 1742 3039 1797 πόθεν
3067 1750 3153 1801 καὶ
3180 1745 3264 1804 διὰ
3309 1752 3443 1814 τίνος
3490 1750 3606 1814 ἧκεν
3647 1759 3944 1832 ἐφήρμοσα.

2332 1821 2378 1874 οἱ
2418 1819 2472 1876 δὲ
2513 1826 2605 1879 οὐκ
2632 1822 2810 1884 ἴσασιν
2843 1827 2921 1888 ὅτι
2951 1840 3077 1906 μήτε
3100 1839 3508 1919 ἀπηλλοτρίωται
3535 1854 3712 1922 Πατὴρ
3744 1852 3889 1918 Υίοῦ,
3918 1851 3947 1914 ἦ

2330 1920 2525 1989 πατὴρ,
2554 1926 2995 1995 προκαταρκτικὸν
3019 1931 3118 2007 γάρ
3134 1932 3348 1994 ἓστιτῆς
3375 1942 3656 2012 συναφείας
3675 1944 3737 1999 τὸ
3762 1939 3944 2016 ὄνομα.

2332 2001 2448 2061 οὔτε
2475 2005 2501 2060 ὁ
2528 2007 2640 2070 Υἱὸς
2675 2013 2969 2086 ἀπῴκισται
2995 2026 3088 2075 τοῦ
3116 2025 3335 2103 Πατρός³
3356 2029 3501 2106 ἡγὰρ
3518 2001 3726 2088 ’ΠΛΤΗΡ
3752 2001 3950 2109 προση-

2329 2101 2486 2171 γορία
2515 2097 2659 2160 δηλοῖ
2686 2111 2780 2164 τήν
2818 2115 3078 2166 κοινωνίαν
3104 2112 3155 2168 ἕν
3184 2137 3239 2171 τε
3267 2126 3383 2181 ταῖς
3411 2126 3601 2198 χερσὶν
3629 2128 3807 2183 αὐτῶν
3836 2130 3948 2186 ἔστι

2328 2286 2537 2358 νάμενον
2565 2291 2863 2368 στέρεσθαι”
2913 2304 3025 2359 πῶς
3068 2292 3160 2352 οὖν
3206 2300 3232 2354 ὁ
3280 2306 3482 2367 τούτοις
3511 2312 3794 2388 χρώμενος
3840 2321 3951 2377 τοῖς

2330 2375 2568 2479 assumi,
2598 2388 2902 2457 μεμερίσθαι
2928 2399 3101 2453 ταῦτα
3129 2400 3216 2455 καί
3241 2401 3528 2479 ἀφωρίσθαι
3554 2402 3832 2467 παντελῶς
3860 2406 3946 2463 ἅλ’

2326 2466 2483 2528 hilo)»
2510 2470 2680 2553 οἴομαι
2711 2493 2726 2545 ;

2419 2890 2492 2931 και
2515 2894 2594 2947 .m'
2616 2895 2720 2947 ὀλίγα
2741 2884 2921 2952 (inquit
2942 2888 3278 2960 Athanasius),
3325 2907 3446 2961 tum
3465 2909 3589 2962 λιτυν·

2405 3008 2459 3063 9.
2501 3012 2649 3069 Οὕτω
2694 3018 2786 3088 μὶν
2814 3019 2960 3093 ἡμεῖς
3002 3017 3074 3084 εἷς
3121 3043 3176 3079 τε
3227 3027 3316 3083 τήν
3360 3031 3571 3082 ΤΡΙΔΔΑ
3617 3031 3715 3088 τὴν
3746 3026 3942 3104 μονάδα

2336 3102 2656 3181 πλατύνομεν
2684 3107 2989 3187 ἀδιαίρετον,
3019 3117 3105 3169 καὶ
3143 3121 3233 3177 τήν
3267 3127 3477 3179 ΤΡΙΔΔΛ
3503 3123 3655 3177 πάλιν
3691 3102 3941 3196 ἀμείωτον

2335 3198 2408 3260 εἰς
2428 3202 2520 3261 τήν
2546 3198 2744 3272 μονάδα
2766 3205 3291 3282 συγκεφαλαιούμεθα.
3319 3208 3702 3283 (ΑιΙιΙιιοιιιιωῐ-
3733 3212 3847 3271 hinc
3874 3213 3941 3271 ab

2328 3294 2645 3365 Athanasio,
2680 3296 2767 3352 ubi
2798 3310 2984 3368 supra,
3014 3317 3070 3356 n.
3101 3316 3236 3372 xvn,
3262 3320 3316 3374 p.
3343 3300 3512 3379 234.)

1935 3411 2009 3462 Ex
2029 3414 2203 3464 eodem
2225 3413 2350 3467 libro
2364 3417 2597 3467 secundo.

702 3517 791 3575 10.
826 3518 882 3575 Si
931 3519 1054 3587 quis
1096 3526 1275 3576 autem
1307 3517 1701 3587 calumniator,
1750 3535 1815 3577 eo
1865 3522 2007 3593 quod
2058 3524 2226 3583 Deum

629 3612 871 3667 omnium
909 3611 1166 3668 factorem
1195 3623 1249 3667 et
1287 3621 1587 3671 creatorem
1609 3613 1751 3681 dixi,
1779 3625 1928 3684 putet
1954 3632 2041 3671 me
2062 3617 2225 3673 etiam

630 3703 829 3761 Christi
857 3715 1156 3762 creatorem
1185 3702 1418 3773 dixisse,
1447 3705 1693 3762 advertat
1719 3723 1805 3764 me
1835 3708 1981 3781 prius
2008 3707 2227 3767 Patrem

630 3795 805 3869 ipsum
846 3800 1181 3869 appellasse;
1234 3817 1342 3871 quo
1384 3801 1436 3855 in
1482 3801 1743 3857 vocabulo
1784 3801 1942 3859 simul
1992 3806 2230 3860 enuntia-

630 3897 717 3944 tus
785 3898 868 3945 est
920 3898 973 3946 et
1036 3886 1201 3947 Filius
1238 3891 1357 3966 ‘(ex
1414 3891 1699 3957 Attianos”
1759 3895 1912 3960 ibid.,
1986 3913 2038 3950 ιι.
2093 3896 2229 3967 ΞΟ).

629 3980 921 4049 Postquam
966 3982 1109 4040 enim
1174 3980 1389 4039 Patrem
1444 3985 1552 4039 dixi
1613 3983 1905 4051 factorem,
1962 3987 2172 4043 subdidi
2217 4006 2230 4043 :

629 4070 812 4145 Neque
842 4085 995 4146 pater
1041 4090 1227 4131 eorum
1254 4087 1331 4130 est
1356 4118 1369 4143 ,
1404 4091 1632 4147 quorum
1680 4088 1760 4132 est
1802 4076 1991 4147 factor,
2028 4081 2069 4134 si
2102 4094 2231 4150 pro-

631 4168 747 4239 prie
800 4168 844 4223 is
896 4178 1045 4238 paler
1099 4186 1220 4226 esse
1268 4172 1600 4243 intelligatur
1647 4173 1736 4242 qui
1783 4175 1969 4245 genuit
2011 4172 2228 4246 (latitu-

629 4261 809 4318 dinem
853 4263 995 4318 cnim
1037 4266 1281 4321 vocabuli
1328 4266 1486 4336 hujus
1517 4308 1530 4334 ,
1568 4278 1734 4337 pater,
1785 4268 1837 4323 in

629 4354 1040 4427 expendemus)
1072 4370 1085 4412 :
1117 4372 1290 4427 neque
1334 4357 1504 4413 factor
1542 4368 1716 4431 pater.
1762 4359 1807 4414 si
1860 4360 2009 4416 solus
2049 4361 2227 4432 opifex

632 4447 804 4505 factor
862 4450 1091 4508 dicatur.
1150 4451 1304 4521 Apud
1351 4451 1569 4508 Graecos
1619 4453 1763 4508 enim
1818 4455 1908 4524 qui
1954 4455 2229 4526 sapientes

628 4551 795 4608 sunt,
836 4557 1059 4598 suorum
1095 4543 1356 4599 librorum
1390 4544 1626 4601 factores
1657 4558 1943 4603 vocantur.
1989 4551 2230 4617 Aposto-

627 4633 711 4690 lus
737 4650 951 4707 quoquc
970 4637 1046 4692 ait
1073 4657 1087 4695 :
1121 4636 1311 4692 Factor
1332 4637 1459 4710 tegis
1488 4638 1669 4709 (Rom.
1692 4683 1707 4707 ,
1739 4656 1811 4709 ll,
1838 4641 1945 4707 l5;
1968 4640 2122 4710 Jac.,
2156 4657 2228 4711 tv,

631 4723 754 4800 l2).
793 4726 996 4786 Rerum
1041 4729 1204 4787 etiam
1254 4730 1704 4802 intrinsecarum,
1752 4732 2059 4804 cuiusmodi
2105 4743 2235 4792 sunt

2408 3527 2497 3582 10.
2542 3526 2650 3583 Ἐάν
2678 3527 2732 3584 δέ
2756 3551 2835 3592 τις
2863 3537 2964 3586 τῶν
2989 3538 3335 3607 συκοφαντῶν,
3364 3531 3541 3592 ἐπειδὴ
3571 3541 3671 3591 τῶν
3701 3535 3940 3593 ἁπάντων

2333 3628 2547 3682 ποιητὴν
2574 3624 2657 3679 τὸν
2687 3626 2807 3679 θεὸν
2853 3629 2940 3682 καὶ
2979 3624 3284 3703 δημιουργὸν
3328 3622 3492 3691 εἷπον,
3532 3626 3702 3688 οἴηταί
3747 3652 3810 3703 με
3855 3633 3939 3686 καί

2334 3721 2427 3771 τοῦ
2470 3722 2700 3789 Χριστοῦ
2747 3719 2938 3792 λέγειν,
2980 3721 3254 3776 ἀκουσάτω
3299 3744 3397 3795 μου
3438 3723 3688 3800 πρότερον
3740 3726 3941 3800 Πατέρα

2337 3812 2592 3881 φήσαντος
2618 3810 2791 3869 αὐτὸν.
2820 3813 2869 3866 ἐν
2902 3808 2941 3886 ᾧ
2970 3816 3055 3867 καί
3097 3813 3122 3867 ὁ
3160 3814 3268 3877 υίὸς
3306 3816 3739 3893 προσγέγραπται
3764 3833 3777 3847 ·
3808 3820 3942 3893 μετὰ

2334 3904 2434 3978 γάρ
2458 3904 2515 3960 τὸ
2532 3904 2685 3959 εἰπεῖν
2711 3908 2911 3980 Πατέρα
2931 3913 3147 3967 ποιητήν
3176 3911 3474 3983 ἑπαγήοχα⁹
3500 3913 3591 3963 Καὶ
3616 3908 3735 3968 οὔτε
3762 3916 3938 3989 πατήρ

2333 4003 2471 4057 ἐστιν
2493 3997 2559 4056 ὧν
2584 4010 2816 4066 ποιητὴς.
2839 4009 2880 4060 εἰ
2911 4007 3143 4083 κυρίωςὸ
3168 4012 3415 4082 γεννήσας
3443 4016 3633 4064 ΠΔΤΗΡ
3658 4011 3901 4066 amomo
3921 4025 3932 4037 '

2333 4100 2422 4155 τήν
2446 4099 2547 4171 γὰρ
2574 4097 2876 4158 πλατύτητα
2891 4108 2983 4162 τῆς
3009 4104 3101 4155 τοῦ
3127 4108 3350 4156 ΠΑΤΡΟΣ
3376 4105 3730 4178 προσηγορίας·
3752 4106 3802 4157 ἐν
3832 4110 3937 4164 τοῖς

2336 4192 2448 4258 ἑξῆς
2471 4194 2934 4269 ἐπεξεργασὸμεθα.
2967 4192 3084 4251 οὔτε
3118 4202 3335 4258 ποιητὴς
3371 4196 3397 4251 ὁ
3436 4204 3631 4275 πατὴρ.
3663 4200 3707 4252 εἰ
3734 4199 3883 4270 μόνος
3910 4193 3935 4250 ὁ

1881 4269 2225 4339 sequentibus

2335 4288 2686 4363 χειροτέχνης
2712 4293 2925 4349 ποιητὴς·
2950 4287 3165 4361 λέγοιτο.
3198 4288 3323 4365 παρ’
3347 4286 3551 4349 Ἕλλησι
3592 4292 3694 4366 γὰρ
3732 4291 3938 4346 ποιηταὶ

2333 4382 2531 4434 καὶτῶν
2557 4376 2694 4434 ἰδίων
2718 4379 3156 4455 καλοῶταιλόγων
3183 4382 3228 4436 oi
3245 4381 3410 4457 σόφοι.
3438 4386 3526 4439 καί
3547 4399 3565 4433 t
3595 4395 3833 4447 ποιητής»
3859 4397 3876 4431 ³
3909 4376 3934 4436 ὃ

2334 4473 2636 4537 ’Δπόστολος
2648 4469 2780 4543 εἶπε,
2803 4493 2821 4527 ι
2843 4476 3022 4549 νόμου.
3043 4495 3061 4529 ι
3083 4480 3171 4532 καί
3184 4484 3283 4533 τῶν
3305 4476 3586 4552 ἐγκαρδίων
3605 4482 3727 4552 γὰρ.
3751 4481 3937 4555 ἀρετῆς

2335 4566 2367 4628 ἦ
2393 4570 2575 4633 κακίας
2598 4572 2807 4630 ποιηταὶ
2828 4572 3182 4639 καθίστανται,
3210 4573 3279 4640 ὡς
3303 4565 3462 4643 εἶπεν,
3490 4571 3518 4630 ὁ
3552 4580 3699 4639 Θεος·
3730 4569 3936 4649 Ἔμεινα

2030 4845 2531 4907 COMMENTAHII.

627 4963 889 5020 recessit‘a
916 4962 1079 5036 Patre
1105 4979 1219 5019 suo.
1258 4961 1484 5036 Yerbum
1510 4979 1681 5036 meum
1719 4972 1828 5020 erat
1872 4967 2012 5036 apud
2033 4983 2111 5022 me
2130 5008 2146 5031 ,
2175 4976 2222 5021 et

628 5037 869 5106 processit
908 5034 960 5110 in
994 5051 1172 5110 uocem
1203 5051 1222 5091 :
1257 5034 1479 5091 Verbum
1518 5032 1618 5092 Dei
1656 5047 1766 5092 erat
1811 5032 1952 5110 apud
1991 5036 2217 5105 Patrem,

629 5117 675 5162 et
714 5108 954 5179 processit
983 5109 1038 5161 in
1076 5124 1301 5162 carnem.
1835 5108 2143 5165 Consum.

725 5178 951 5252 Singula
1015 5181 1225 5252 nomina
1241 5221 1258 5252 ,
1317 5188 1423 5252 etc.
1465 5180 1800 5252 Prtemonet,
1838 5180 1927 5236 hic
1981 5181 2219 5236 Athana-

629 5252 772 5317 sius,
807 5251 1117 5323 Dionysium
1166 5251 1428 5323 adjecisse
1470 5253 1614 5321 quod
1654 5251 1920 5322 sequitur,
1956 5252 2021 5308 ad
2072 5268 2224 5308 amo—

630 5322 857 5394 vendam
886 5322 1111 5394 alteram
1138 5322 1521 5394 quorumdam_
1536 5325 1898 5391 suSpieiouem
1921 5366 1936 5384 .
1991 5324 2079 5394 qui
2106 5327 2220 5379 aie-

632 5393 763 5448 bant
811 5412 823 5446 :
876 5393 1004 5451 Cum
1056 5392 1262 5448 Patrem
1317 5394 1439 5447 dicit
1485 5391 1766 5464 Dionysius
1803 5436 1818 5461 ,
1867 5391 2063 5450 Filium
2123 5412 2225 5450 non

632 5466 902 5532 nominat;
948 5476 995 5520 et
1044 5467 1149 5520 uice
1190 5481 1334 5519 versa
1377 5482 1492 5519 cum
1546 5463 1743 5519 Filium
1805 5467 1958 5531 dicit,
2013 5466 2229 5521 Putrem

634 5552 736 5591 non
773 5547 1016 5593 ntemorat
1051 5556 1064 5593 :
1095 5537 1185 5593 sed
1210 5536 1422 5604 dividit,
1457 5545 1677 5591 removet
1698 5554 1758 5591 ac
1785 5548 1989 5607 separat
2031 5537 2079 5592 F
2083 5540 2229 5592 ilium

633 5626 664 5664 ιι
705 5607 882 5663 Putre.
1810 5611 2117 5665 (lousnar.

734 5679 959 5735 Nomen.
1030 5680 1144 5737 Hoc
1211 5689 1296 5737 est
1342 5678 1484 5752 quod
1567 5679 1797 5736 subinde
1853 5695 2061 5752 patres
2124 5696 2232 5747 uno

630 5753 792 5808 verba
851 5752 1037 5806 dixere
1100 5751 1408 5821 relativum,
1465 5752 1609 5824 quod
1663 5753 1783 5807 scil.
1821 5751 1919 5837 .ita
1977 5766 2099 5807 cum
2153 5752 2233 5837 a‘l-

627 5832 747 5883 tero
791 5839 1098 5885 connexum
1151 5834 1262 5894 οει,
1318 5833 1377 5883 ιιι
1438 5840 1606 5884 unum
1649 5832 1919 5884 enuntiari
1965 5833 2231 5895 nequeat,

2363 4964 2452 5019 uin
2513 4961 2743 5018 alterum
2809 4958 2967 5016 simul
3023 4958 3190 5016 menti
3243 4957 3589 5015 obversetur.
3657 4956 3924 5026 Quocirca

2378 5035 2559 5091 ilarius
2595 5034 2688 5090 lib.
2746 5048 2813 5087 vn
2843 5031 2907 5086 de
2947 5030 3137 5086 Trinit.
3162 5073 3179 5099 ,
3210 5047 3266 5086 η.
3306 5030 3371 5087 51
3397 5073 3412 5096 ,
3461 5029 3532 5086 de
3583 5028 3687 5084 ﬁde
3732 5028 3921 5085 catho-

2326 5108 2428 5163 lica
2476 5107 2550 5161 ait
2597 5124 2612 5162 ε
2654 5101 2956 5183 conﬁtendo
3004 5100 3247 5183 Patrem,
3288 5105 3521 5183 confessa
3566 5099 3916 5183 Filimmeatg

2326 5179 2537 5234 credens
2584 5178 2638 5231 in
2663 5174 2884 5255 _Filium
2906 5173 3276 5255 ,_credid‘i.t._et
3313 5171 3395 5227 in'
3418 5171 3624 5228 Patrem
3669 5192 3682 5227 :
3711 5171 3833 5255 quia
3861 5179 3917 5253 ,ες

2326 5268 2509 5307 nomen
2539 5248 2699 5319 patris
2738 5246 2887 5302 habet
2933 5247 2987 5299 in
3032 5263 3086 5301 se
3118 5245 3227 5319 ﬁlii
3253 5260 3623 5319 nomenpnon
3655 5247 3789 5298 enim
3819 5245 3914 5297 nisi

2328 5340 2417 5392 per
2463 5315 2626 5390 ﬁlium
2674 5326 3051 5392 patcr‘esttet
3095 5315 3541 5392 signiﬁcatiojlii
3590 5316 3916 5392 demonstra-

2335 5386 2403 5448 tio
2433 5386 2591 5464 patris
2617 5398 2691 5464 est
2712 5430 2727 5454 ,
2753 5389 2873 5464 quia
2900 5390 3000 5464 nisi
3027 5405 3089 5464 ego
3123 5386 3357 5464 patresit
3375 5387 3549 5464 ﬁlius.
3646 5386 3843 5464 (ἔθυεν-ἶ

2406 5456 3095 5543 ConmmnicationenuScit.
3123 5456 3450 5544 relationis,
3495 5475 3600 5531 qua
3618 5471 3777 5544 pater
3803 5456 3915 5544 sine

2332 5535 2443 5591 ﬁlio
2468 5549 2689 5590 necesse
2719 5547 2816 5587 nec
2844 5532 3314 5609 ettgitariupotest.‘
3448 5602 3507 5609 __
3614 5532 3915 5609 (Iousrtur.

2408 5607 2469 5662 Si
2514 5606 2625 5676 quis
2673 5613 2872 5669 autem,
2909 5614 3003 5679 etc.
3047 5603 3254 5679 _Quo_i_n
3301 5601 3421 5658 loco
3448 5602 3915 5679 Dionysius_tlix_e-

2334 5679 2405 5734 rit
2447 5670 2566 5748 quae
2598 5684 2928 5753 sequantur,
2975 5673 3300 5753 Athanasius
3339 5670 3796 5753 ttonlnd-icat.“1_n
3843 5670 3921 5723 Itis

2337 5742 2485 5807 certe
2527 5742 2750 5804 habetur
2776 5746 3091 5818 explicatior
3119 5744 3366 5820 quaedam
3394 5746 3638 5820 superius
3663 5742 3922 5798 dictorum

2340 5820 2611 5894 repetitio.
2847 5816 2862 5818 “
3137 5816 3153 5820 ⁷
3462 5816 3475 5819 “
3547 5816 3856 5874 Consum.
