4158 6260
242 362 357 423 125
1187 364 1283 423 AD
1320 364 1698 426 DIONYSIUM
1737 364 2076 429 ROMANUM
2115 370 2573 437 FRAGMENTA.
3462 391 3569 449 126

244 477 417 533 virtus
469 487 528 535 et
571 478 793 546 vitium,
866 478 1103 536 factores
1143 490 1541 553 nuncupantur,
1590 483 1851 555 quemad-

1956 496 2048 546 τοῦ
2074 503 2288 554 ποιῆσαι
2312 501 2499 573 κρίσιν,
2524 501 2733 562 ἐποίησε
2759 500 2814 561 δὲ
2839 507 3073 580 ἀνομίαν.
3098 505 3368 581 (Adducta
3388 504 3506 565 haec
3533 522 3568 567 a

248 571 469 673 modum
498 568 665 673 dixit-
688 568 868 673 Deus:
905 572 1198 673 Eapectavi
1232 580 1514 673 ntufncerct
1548 577 1808 649 judicium
1833 622 1849 649 ,
1959 583 2021 640 S.
2054 568 2359 659 Athanasio,
2394 591 2485 649 ubi
2509 610 2693 667 supra,
2725 614 2779 654 η.
2810 616 2907 670 xx,
2930 568 2995 673 .p.
3020 568 3179 673 25:1.)

247 668 373 741 fecit
399 678 565 723 autem
590 668 913 737 iniquitatem
944 662 1097 741 (Im.
1121 712 1137 736 ,
1167 669 1223 737 5,
1268 669 1347 743 7).

249 760 408 813 Addit
427 762 735 825 Athanasius,
762 777 812 813 ιι.
838 762 919 825 21,
940 763 1248 829 Dionysium,
1281 764 1421 828 Quod
1446 765 1813 900 DeumbChristi
1828 768 2309 902 factorangirisset,
2333 775 2841 845 reprehendentibus,
2858 781 3059 832 diversa
3080 795 3321 850 responsa
3342 784 3564 848 dedisse,

1500 853 1588 902 oui
1629 864 1686 901 us
1702 864 1759 901 se
1786 858 2042 902 nurtraret.
2103 855 2262 902 icens.

1500 853 1686 914 quibus
1702 864 1759 901 se
1786 858 2042 915 purgaret,
2069 853 2262 905 dicens.

322 960 405 1016 ii.
450 959 638 1031 Neque
671 961 751 1016 sic
793 958 1302 1031 reprehendendum
1334 976 1455 1017 esse
1486 961 1589 1017 hoc
1611 962 1848 1028 dictum;

247 1067 310 1109 se
359 1053 501 1107 enim
548 1051 771 1107 factoris
824 1052 1043 1109 nomine
1082 1068 1238 1107 usum
1288 1068 1411 1110 esse
1451 1054 1582 1109 dicit
1630 1065 1851 1125 propter

247 1160 468 1200 carnem
505 1160 666 1215 quam
728 1145 956 1201 verbum
1034 1157 1439 1216 assumpserat,
1496 1162 1617 1217 qua:
1670 1146 1851 1217 utique

244 1237 389 1295 facta
415 1248 520 1294 est.
553 1238 713 1307 Quod
753 1240 801 1295 si
828 1240 952 1310 quis
983 1238 1113 1294 illud
1148 1241 1217 1295 do
1239 1233 1418 1296 Verbo
1449 1241 1651 1297 dictum
1687 1241 1852 1298 fuisse

242 1335 575 1404 suspicetur,
632 1344 687 1390 et
748 1334 802 1390 id
850 1350 1067 1407 quoque
1108 1346 1317 1392 remota
1368 1339 1713 1393 contentione
1756 1352 1850 1393 au-

250 1425 505 1482 diendum
555 1434 693 1482 erat.
757 1426 909 1483 Sicut
977 1429 1124 1484 enim
1172 1427 1408 1485 Verbum
1475 1446 1588 1486 rem
1651 1429 1848 1485 factam

246 1534 368 1576 esse
412 1535 530 1574 non
563 1521 763 1585 sentio;
818 1521 891 1576 ita
920 1536 1022 1577 nec
1059 1522 1226 1579 Deum
1270 1521 1568 1591 factorem,
1616 1523 1711 1580 sed
1758 1540 1851 1594 pa-

246 1621 383 1668 trem
407 1613 536 1682 ejus
568 1612 709 1668 dico.
767 1614 874 1670 Sed
928 1624 983 1669 et
1023 1616 1068 1670 si
1112 1616 1331 1687 quando
1374 1616 1443 1674 de
1489 1619 1626 1673 Filio
1670 1619 1848 1675 disse-

244 1721 407 1769 rens,
456 1706 631 1762 obiter
682 1707 849 1762 Deum
902 1706 1163 1764 factorem
1205 1709 1412 1777 dixero,
1469 1725 1643 1780 neque
1672 1709 1851 1765 defen-

2026 965 2113 1019 11.
2153 964 2279 1027 Μηδ⁸
2306 965 2468 1031 οὕτως
2499 972 2800 1045 ἐπιλήψιμον
2828 968 2953 1029 εἶναι
2976 975 3061 1031 τὸν
3087 974 3233 1046 λόγον
3263 992 3277 1007 ·
3312 979 3565 1054 εἰρηκέναι

1951 1059 2052 1138 γὰρ
2090 1065 2301 1120 ποιητήν
2349 1084 2468 1133 φησι
2523 1061 2607 1118 διὰ
2644 1070 2733 1124 τήν
2761 1067 2955 1143 σάρκα,
2992 1068 3049 1126 ἣν
3083 1068 3317 1133 ἀνέλαϐε,
3352 1075 3561 1143 γενητήν

1953 1146 2117 1208 οὖσαν
2145 1158 2323 1219 αὐτήν,
2356 1155 2381 1211 6
2405 1158 2586 1231 Λόγος.
2621 1162 2676 1212 Ei
2702 1158 2756 1214 δὲ
2780 1165 3006 1239 καὶπερὶ
3030 1169 3120 1218 τοῦ
3152 1164 3302 1239 λόγου
3336 1186 3415 1226 τις
3439 1164 3563 1220 ὐπο-

1951 1253 2128 1308 νοήσοι
2164 1257 2319 1307 τοῦτο
2356 1250 2613 1324 λελέχθαι,
2644 1256 2733 1308 καὶ
2771 1253 2935 1317 οῦτως
2970 1252 3189 1333 ἔπρεπεν
3235 1258 3426 1319 αὐτοῦς
3453 1261 3562 1334 ἀφι-

1951 1341 2183 1406 λονείκως
2220 1345 2462 1401 ἀκοῦσαι.
2493 1350 2561 1409 ὡς
2595 1348 2695 1422 γάρ
2724 1348 2781 1401 οῦ
2827 1350 3023 1420 ποίημα
3064 1356 3226 1423 φρονῶ
3261 1350 3346 1405 τόν
3374 1350 3556 1425 Λόγον,

1954 1440 2041 1491 καὶ
2077 1440 2137 1492 οὐ
2163 1446 2396 1506 ποιητὴν,
2428 1441 2552 1495 ἀλλὰ
2581 1442 2786 1517 πατέρα
2827 1443 2910 1496 τόν
2955 1444 3075 1498 Θεὸν
3107 1446 3265 1500 αὐτοῦ
3295 1444 3442 1517 λέγω.
3473 1449 3561 1500 καί

1954 1526 2046 1603 κᾷν
2082 1534 2134 1597 ἐξ
2172 1532 2452 1608 ἐπιδρομῆς
2492 1532 2619 1587 εἴπω
2668 1540 2881 1593 ποιητὴν
2929 1537 3017 1589 τὸν
3061 1536 3183 1591 Θεὸν
3229 1534 3560 1609 διηγούμενος

1954 1629 2073 1701 περὶ
2098 1629 2190 1679 τοῦ
2220 1626 2338 1679 Υίοῦ
2356 1666 2370 1687 ,
2402 1626 2527 1679 ἀλλὰ
2560 1630 2648 1680 καί
2675 1625 2839 1687 οὕτως
2866 1627 3282 1699 ἀπολογήσασθαι
3320 1626 3555 1684 δυνατόν.

1954 1721 2171 1780 ποιητὰς
2194 1721 2296 1795 γάρ
2321 1726 2420 1774 τῶν
2447 1717 2586 1773 ἰδίων
2604 1721 2763 1792 λόγων
2790 1719 3028 1779 Ἐλλήνων
3167 1721 3213 1775 οί
3240 1725 3385 1793 σοφοί
3411 1744 3557 1795 φασι,

239 1799 395 1855 sione
433 1809 617 1855 careat
659 1799 779 1856 haec
808 1800 1025 1857 locutio.
1072 1800 1205 1857 Nam
1236 1804 1510 1874 sapientes
1535 1804 1675 1874 apud
1700 1804 1846 1860 Grin-

1956 1815 2123 1868 καίτοι
2166 1815 2396 1889 πατέρας
2437 1812 2656 1875 ἕαυτοῦς
2695 1809 2846 1876 ὄντας
2882 1818 2983 1869 τῶν
3022 1811 3160 1868 ίδίων
3203 1808 3383 1887 λόγων.
3423 1815 3454 1871 ἡ
3504 1813 3559 1869 δὲ

242 1906 340 1948 cos
366 1892 627 1948 librorum
656 1909 878 1950 suorum
903 1895 1136 1951 factores
1157 1911 1217 1953 se
1255 1908 1603 1966 nuncupant,
1636 1899 1848 1954 tametsi

1956 1908 2057 1961 θεία
2096 1912 2268 1984 Γραφὴ
2313 1911 2399 1962 καὶ
2447 1916 2544 1962 τῶν
2593 1908 2694 1963 ἀπὸ
2746 1906 2961 1980 καρδίας
3011 1909 3296 1979 κινημάτων
3341 1912 3560 1970 ποιητὰς

244 1981 410 2039 iidem
476 1985 741 2042 librorum
790 2002 1014 2043 suorum
1073 1998 1255 2059 patres
1319 1997 1467 2045 sunt.
1519 1989 1709 2045 Divina
1760 2006 1851 2046 au-

245 2085 358 2132 tem
385 2077 656 2149 Scriptura
694 2090 936 2136 motuum
968 2080 1059 2152 qui
1099 2097 1166 2138 ex
1196 2081 1362 2139 corde
1410 2082 1678 2153 prodeunt
1700 2124 1715 2147 ,
1747 2099 1849 2140 nos

246 2167 488 2226 factores
535 2180 715 2240 vocat,
770 2188 896 2229 cum
950 2188 1050 2230 uos
1103 2173 1342 2232 factores
1386 2176 1520 2249 legis
1559 2190 1614 2234 et
1656 2176 1849 2249 judicii

246 2271 309 2318 et
344 2263 566 2334 iustitia:
608 2264 756 2322 dicit.

1953 1998 2088 2070 ἡμᾶς
2113 1996 2419 2075 διαγορεύει,
2452 2002 2671 2063 ποιητὰς
2699 1998 2857 2074 νόμον
2886 2002 2973 2056 καὶ
3005 2003 3225 2077 κρίσεως
3245 2004 3333 2057 καὶ
3364 1994 3558 2057 δικαιο-

1953 2093 2112 2155 σύνης
2134 2090 2375 2167 λέγουσα.

1498 2392 1575 2444 Ex
1600 2394 1779 2444 eodem
1805 2392 1933 2443 libro
1954 2391 2191 2443 secundo.

319 2495 410 2551 Β.
450 2496 516 2551 fit
557 2486 814 2569 principio
859 2504 971 2553 erat
1028 2498 1249 2555 Verbum
1284 2499 1362 2574 (6)
1393 2516 1407 2557 :
1436 2499 1532 2557 sed
1576 2517 1682 2557 non
1729 2509 1849 2556 erat

243 2588 492 2645 Verbum
517 2591 660 2662 quod
684 2592 917 2649 Verbum
948 2593 1262 2665 produxerit
1294 2594 1383 2669 (ea:
1423 2596 1616 2651 Athan.
1636 2638 1652 2665 ,
1688 2594 1846 2662 ibid.,

247 2700 315 2739 ﬂ.
362 2676 472 2755 ΞΒ)
520 2701 535 2737 :
570 2682 783 2741 Verbum
818 2689 965 2744 enim
993 2698 1102 2743 erat
1133 2686 1274 2761 apud
1316 2688 1483 2744 Deum
1526 2686 1707 2762 (Joan.
1730 2731 1744 2755 ,
1775 2686 1850 2759 ι).

246 2773 519 2830 Dominus
566 2777 819 2849 sapientia
876 2784 959 2835 est
1001 2797 1015 2835 :
1062 2792 1169 2836 non
1218 2784 1337 2836 erat
1389 2781 1547 2852 igitur
1591 2778 1853 2851 sapientia

244 2866 344 2939 qui
390 2868 711 2935 sapientiam
765 2872 1053 2942 produxit;
1101 2870 1216 2946 Ego
1267 2874 1413 2930 enim
1439 2890 1609 2940 erant,
1644 2872 1851 2945 inquit,

250 2976 362 3032 quo
388 2960 726 3019 delectabatur
768 2964 951 3039 (Prov.
981 2983 1107 3033 vui,
1148 3008 1165 3034 ,
1196 2965 1322 3039 ‘50).
1356 2965 1569 3024 Veritas
1590 2976 1672 3024 est
1695 2965 1853 3023 Chri-

254 3061 377 3111 stus
407 3071 425 3111 :
451 3048 758 3113 Benedictus
788 3069 990 3129 autent,
1026 3058 1102 3116 ait
1136 3056 1280 3116 Deus
1310 3058 1572 3117 veritatis.

2022 2497 2110 2554 12.
2150 2496 2227 2552 Ἐν
2255 2496 2402 2573 ἀρχῇ
2431 2493 2489 2555 ἦν
2516 2492 2721 2566 ὃΛόγος
2745 2508 2761 2526 ⁸
2795 2492 2900 2548 ἀλλ’
2928 2493 3019 2545 οῦκ
3045 2487 3104 2550 ἦν
3128 2488 3275 2563 λόγος
3300 2486 3328 2545 6
3352 2488 3439 2545 τὸν
3461 2488 3563 2545 Δό-

1950 2614 2038 2669 γον
2063 2591 2340 2668 προέμενος
2358 2607 2372 2620 ⁶
2394 2585 2504 2653 Ἦν,
2529 2588 2652 2663 γὰρ,
2688 2583 2898 2660 όΛόγος
2937 2584 3068 2660 πρὸς
3094 2583 3181 2638 τόν
3210 2580 3333 2638 Θεόν
3364 2597 3378 2612 ⁸
3411 2585 3565 2657 σοφία

1953 2688 2218 2762 γεγένηται
2245 2684 2270 2739 6
2297 2684 2500 2761 κύριος’
2532 2684 2624 2737 οῦκ
2650 2678 2709 2741 ἦν
2734 2675 2820 2735 οὖν
2847 2680 3000 2752 σοφία
3028 2677 3055 2733 6
3082 2683 3175 2737 τήν
3198 2677 3377 2749 σοφίαν
3405 2678 3561 2737 ἀνείς*

1954 2781 2098 2855 Ἐγὼ,
2129 2780 2251 2856 γὰρ,
2292 2777 2443 2851 ἤμην,
2478 2778 2645 2850 φησὶν.
2682 2771 3112 2850 ᾖπροσίχαιρεν.
3146 2769 3346 2831 ἀλήθειά
3370 2772 3511 2825 ἐστιν
3536 2769 3564 2824 6

1956 2872 2220 2951 Χριστός·
2271 2870 2550 2943 Εῦλόγητος
2592 2865 2667 2931 6i,
2719 2864 2948 2941 φησίν,ὁ
2994 2863 3117 2924 Θεὸς
3166 2868 3260 2923 τῆς
3313 2860 3561 2923 ἀληθείας.

1961 2965 2204 3036 (Profert
2238 2963 2355 3019 haec
2382 2962 2445 3019 S.
2487 2958 2829 3027 Athanasius,
2874 2957 2965 3015 ubl
2996 2970 3159 3028 supra
3181 2996 3196 3023 ,
3225 2970 3280 3011 n.
3330 2968 3459 3024 xxi,
3507 2969 3561 3026 p.

1959 3058 2115 3131 260.)
2722 3076 2731 3083 ο

1635 3196 1712 3249 Ex
1732 3199 1890 3248 tertio
1914 3196 2061 3249 libro.

316 3323 407 3383 {5.
457 3324 583 3382 Vita
626 3332 700 3381 ex
754 3325 865 3380 vita
911 3325 1093 3396 genita
1140 3333 1264 3392 est,
1315 3324 1771 3395 quemadmodum
1809 3341 1841 3381 e

2022 3325 2110 3382 ιδ.
2154 3329 2265 3385 lani
2300 3326 2357 3381 in
2398 3330 2531 3392 ζωῆς
2811 3336 2824 3354 ⁶
2851 3327 2940 3380 καί
2986 3324 3167 3400 ὥσπερ
3194 3323 3432 3396 ποταμὸς
3461 3322 3565 3376 ἀπὸ

248 3415 399 3475 fonte
447 3418 653 3475 nautea
696 3419 1001 3486 emanavit,
1056 3427 1111 3476 et
1169 3433 1237 3477 ex
1294 3418 1594 3477 inextincto
1650 3420 1857 3478 lumine

258 3511 604 3583 splendidum
645 3511 831 3570 lumen
861 3526 1152 3570 accensum
1182 3516 1267 3571 est
1292 3511 1391 3586 (ea:
1415 3513 1610 3570 Athan.
1635 3552 1653 3582 ,
1682 3513 1809 3571 ibid.
1842 3555 1858 3582 ,

256 3621 315 3662 tt.
366 3605 488 3678 t8).

1966 3427 2133 3493 πηγῆς
2158 3416 2373 3496 ἴρριυσε
2395 3433 2410 3448 ⁶
2442 3422 2529 3474 καί
2557 3420 2659 3477 ἀπὸ
2684 3418 2949 3475 ἀσϐέστου
2976 3418 3208 3493 λαμπρὸν
3232 3423 3335 3490 φῶς
3358 3417 3562 3488 ἀνήφθη.

2044 3512 2423 3586 (Adducuntur
2460 3511 2577 3571 hanc
2602 3528 2632 3569 a
2662 3511 2726 3571 8.
2756 3514 3039 3571 Athanasio
3062 3509 3166 3581 Ep.
3210 3510 3274 3569 de
3300 3509 3566 3569 Sententia

1975 3605 2236 3679 Dionysii,
2268 3623 2322 3664 η.
2355 3623 2511 3665 xvut.
2539 3624 2591 3681 p.
2626 3607 2780 3680 956.)

1628 3770 1704 3823 Ex
1721 3769 1846 3822 libro
1867 3773 2059 3835 quarto.

323 3879 416 3938 li.
450 3879 599 3938 Sicut
646 3892 804 3936 mens
849 3887 1034 3937 nostra
1071 3887 1280 3937 eructat
1319 3895 1350 3937 ο
1399 3880 1577 3949 seipse
1626 3878 1854 3937 verbum

254 3976 570 4048 (Atbmsu
602 3975 729 4031 ibid.
750 4016 767 4043 ,
811 3993 868 4029 ιι.
896 3974 999 4047 25)
1024 4016 1038 4042 ,
1086 3987 1144 4030 ut
1174 3977 1247 4030 ait
1276 3974 1545 4045 Propheta
1582 3992 1595 4027 :
1628 3972 1853 4029 Ernctao

253 4069 335 4124 ait
389 4083 477 4123 eor
528 4084 686 4123 meum
733 4071 949 4123 uerbum
986 4070 1171 4124 bonum
1224 4067 1380 4141 (Prol
1418 4083 1578 4134 κων,
1607 4064 1675 4139 Ξ)
1701 4105 1717 4134 ,
1747 4074 1853 4122 est-

252 4176 368 4233 que
394 4170 673 4230 utrumque
697 4162 935 4217 alterum
983 4160 1051 4215 ab
1094 4160 1307 4228 altero,
1367 4160 1644 4231 proprium
1684 4166 1739 4215 et
1785 4157 1855 4217 ab

248 4254 429 4312 altero
464 4256 808 4313 disctinctum
858 4254 1110 4311 obtinens
1142 4255 1317 4311 locum
1341 4294 1357 4319 ,
1386 4268 1510 4311 cum
1555 4253 1687 4309 illud
1736 4254 1855 4325 qui-

246 4346 372 4407 dem
413 4349 469 4405 in
516 4350 717 4413 corde,
773 4349 915 4405 istud
965 4364 1093 4404 vero
1136 4351 1189 4403 in
1243 4349 1420 4419 lingua
1466 4359 1521 4404 et
1570 4362 1665 4405 ore
1700 4362 1851 4402 com-

246 4452 497 4521 moretur
541 4454 598 4499 et
642 4453 925 4499 moveatur
974 4460 989 4497 :
1032 4458 1208 4512 neque
1254 4451 1431 4496 tamen
1477 4441 1618 4503 inter
1663 4456 1722 4497 se
1766 4436 1852 4495 di-

247 4548 430 4608 stant,
481 4548 659 4595 autse
686 4538 924 4594 invicem
967 4537 1284 4609 privamur;
1338 4551 1512 4608 neque
1554 4551 1708 4592 mens
1734 4535 1852 4592 sine

247 4632 415 4693 verba
460 4642 585 4697 est,
633 4646 809 4703 neque
853 4630 1078 4686 verbum
1128 4630 1247 4685 sine
1289 4639 1471 4685 mente
1505 4645 1518 4683 :
1551 4629 1645 4685 sed
1698 4643 1853 4686 mens

249 4728 471 4783 verbum
525 4725 660 4782 facit
698 4732 754 4781 et
802 4725 857 4780 in
884 4725 1003 4795 ipso
1050 4730 1311 4795 apparet,
1343 4737 1405 4777 ac
1436 4721 1658 4778 verbum
1700 4721 1853 4777 exhi-

244 4818 345 4879 ιει
384 4824 630 4877 montem
675 4818 731 4874 in
778 4831 883 4889 qua
936 4817 1133 4872 factum
1176 4826 1279 4873 ρει.
1328 4812 1394 4872 Et
1446 4832 1601 4871 mens
1625 4814 1846 4888 quidem

248 4922 333 4972 ιιι
385 4913 542 4985 quasi
590 4911 819 4969 verbum
874 4912 1214 4978 imtnanens,
1255 4910 1478 4967 verbum
1529 4920 1660 4966 vero
1698 4925 1853 4968 mens

250 5004 564 5078 mus.
621 5002 775 5061 lens
830 5004 882 5059 in
933 5003 1159 5060 verbum
1206 5004 1442 5058 transit:
1479 5002 1703 5059 verbum
1755 5016 1851 5057 au-

258 5088 368 5163 ἰβ
404 5107 646 5155 lentem
692 5098 749 5153 in
784 5097 1203 5153 circumstantes
1250 5096 1527 5152 auditores
1576 5094 1854 5151 transmit-

264 5186 581 5263 ‘t:m
642 5206 799 5248 mens
842 5205 939 5261 per
996 5190 1221 5246 verbum
1278 5190 1332 5245 in
1384 5189 1687 5245 auditorum
1734 5188 1852 5244 ani-

258 5278 632 5353 ιιδᾚύοι,
677 5284 843 5340 simul
883 5285 1127 5354 ingressa
1179 5298 1302 5339 cum
1347 5283 1536 5339 verbo.
1584 5283 1662 5338 Ac
1699 5298 1854 5340 mens

251 5364 485 5449 quilla
521 5385 602 5437 at
630 5377 788 5452 quasi
818 5384 970 5449 pater
1020 5375 1173 5433 verbi
1248 5376 1303 5432 in
1351 5377 1531 5450 scipsa
1581 5376 1852 5445 existens;

1879 4500 1931 4562 D

2029 3880 2117 3936 M.
2150 3878 2237 3943 Ὠς
2263 3881 2364 3956 γὰρ
2396 3879 2422 3936 6
2447 3882 2690 3957 ἡμέτερος
2716 3885 2834 3942 νοῦς
2860 3881 3124 3957 ἕρσύγεται
3151 3882 3243 3953 μὲν
3273 3881 3355 3954 ἀφ’
3380 3882 3564 3940 ἑαυτοῦ

1958 3975 2042 4028 τὸν
2061 3972 2228 4045 λόγον.
2260 3975 2328 4034 ὡς
2374 3968 2511 4029 εἶπεν
2555 3973 2582 4029 6
2620 3977 2900 4051 προφήτης.
2928 3972 3256 4050 Ῥιξηρεύξατο
3301 3977 3331 4033 ἡ
3379 3974 3567 4052 καρδία

1960 4089 2058 4141 μου
2088 4068 2233 4141 λόγον
2258 4068 2459 4141 ἀγαθόν’
2484 4073 2570 4122 καί
2596 4066 2710 4124 ἔστι
2736 4072 2826 4139 μὲν
2854 4069 3095 4145 ἑκάτερος
3121 4070 3293 4143 ἕτερος
3323 4072 3563 4145 θατέρου,

1957 4160 2083 4217 ἴδιον
2112 4166 2197 4216 καί
2222 4168 2312 4217 τοῦ
2342 4162 2516 4217 λοιποῦ
2543 4165 2929 4238 κεχωρισμένον
2960 4162 3183 4232 εἰληχὼς
3208 4162 3386 4225 τόπον,
3418 4162 3443 4217 6
3473 4165 3566 4235 μὲν

1958 4258 2008 4310 ἐν
2128 4253 2334 4331 καρδίᾳ,
2368 4253 2393 4309 6
2424 4253 2479 4309 δὲ
2520 4257 2605 4308 ἐπὶ
2649 4262 2739 4315 τῆς
2781 4256 3011 4327 γλώττης
3042 4257 3128 4307 καὶ
3170 4259 3259 4308 τοῦ
3307 4256 3566 4328 στόματος

1959 4348 2105 4401 οἰκῶν
2132 4368 2185 4401 τε
2214 4350 2301 4401 καί
2329 4349 2638 4418 κινούμενος·
2673 4348 2731 4401 οὐ
2780 4351 2877 4418 μὴν
2923 4344 3254 4405 διεστήκασιν
3272 4389 3285 4407 ,
3310 4346 3426 4402 οὐδὲ
3472 4371 3567 4405 κα-

1956 4440 2124 4505 θάπαξ
2152 4439 2370 4497 ἀλλήλων
2399 4442 2688 4515 στέρονται,
2722 4436 2837 4493 οῦδέ
2886 4441 3027 4494 ἐστιν
3068 4436 3184 4493 οὔτε
3228 4438 3254 4492 6
3297 4446 3414 4500 νοῦς
3448 4437 3567 4494 ἅλο-

1956 4556 2046 4605 γος
2099 4530 2215 4589 οὔτε
2247 4530 2399 4596 ἄνους
2424 4533 2450 4589 6
2478 4534 2644 4609 λόγος·
2680 4532 2784 4589 ἀλλ’
2811 4532 2894 4610 ὅγε
2933 4541 3050 4596 νοῦς
3074 4543 3209 4591 ποιεῖ
3234 4537 3317 4590 τὸν
3344 4536 3488 4611 λόγον
3516 4538 3567 4592 ἐν

1958 4629 2100 4703 αὐτῷ
2134 4631 2321 4700 φανεὶς,
2341 4631 2421 4683 καὶ
2440 4627 2467 4683 ὁ
2487 4627 2629 4700 λόγος
2647 4625 2870 4684 δείκνυσι
2884 4629 2969 4683 τὸν
2989 4634 3125 4690 νοῦν.
3144 4630 3192 4683 ἓν
3207 4630 3348 4703 αὐτῷ
3360 4629 3567 4703 γενόμε-

1955 4741 2059 4782 νος.
2090 4725 2178 4776 καὶ
2205 4719 2231 4776 6
2261 4723 2351 4794 μὲν
2374 4727 2490 4782 νοῦς
2515 4722 2654 4776 ἐστιν
2692 4716 2793 4775 οἷον
2820 4720 2966 4796 λόγος
2997 4723 3300 4797 ἐγκείμενος·
3335 4720 3361 4776 6
3391 4719 3445 4775 δὲ
3482 4721 3566 4777 λό-

1956 4837 2045 4889 γος
2073 4821 2191 4876 νοῦς
2220 4814 2496 4892 προπηδῶν
2521 4832 2535 4847 ⁸
2567 4816 2655 4871 καί
2704 4818 3010 4887 μεθίσταται
3037 4819 3127 4889 μέν
3173 4815 3200 4871 6
3236 4822 3353 4876 νοῦς
3383 4816 3454 4876 εἰς
3480 4815 3567 4870 τὸν

1957 4910 2171 4984 λόγον.ὀ
2212 4908 2265 4965 δὲ
2312 4911 2456 4983 λόγος
2484 4911 2569 4966 τὸν
2594 4916 2709 4965 νοῦν
2738 4912 2809 4970 εἰς
2847 4914 2967 4972 τοὺς
3005 4912 3264 4985 ἀκροατὰς
3306 4910 3561 4982 ἕγκυκλεῑ,

1957 5005 2044 5057 καὶ
2072 5002 2236 5062 οὕτως
2261 5000 2287 5055 6
2314 5008 2432 5063 νοῦς
2457 4999 2541 5056 διὰ
2568 5008 2658 5055 τοῦ
2684 5001 2836 5075 λόγου
2866 5008 2981 5061 ταῖς
3006 5007 3105 5056 τῶν
3134 5002 3422 5057 ἀκουόντων
3462 5001 3564 5072 ψυ-

1958 5101 2085 5167 χαῖς
2129 5091 2430 5170 ἐνιδρῦεται.
2485 5096 2757 5150 συνιισιών
2804 5100 2876 5167 τῷ
2922 5091 3085 5169 λόγῳ·
3114 5094 3200 5148 καί
3245 5090 3385 5149 ἔστιν
3417 5091 3443 5147 6
3473 5094 3563 5165 μὲν

1958 5183 2058 5244 οἷον
2084 5193 2255 5265 πατὴρ
2282 5186 2308 5244 6
2333 5193 2449 5249 νοῦς
2468 5194 2558 5244 τοῦ
2589 5188 2763 5263 λόγου,
2794 5184 2860 5242 ὢν
2888 5188 2959 5260 ἐφ’
2990 5188 3174 5244 ἑαυτοῦ
3201 5203 3214 5217 ·
3246 5187 3271 5244 6
3307 5186 3360 5244 δὲ
3410 5188 3561 5243 καθά·

1959 5304 2057 5361 περ
2097 5276 2205 5344 υίὸς
2244 5282 2271 5338 6
2313 5283 2459 5357 λόγος
2508 5289 2599 5337 τοῦ
2627 5290 2747 5347 νοῦ,
2776 5285 2881 5360 πρὸ
2926 5284 3113 5338 ἐκείνου
3160 5285 3250 5355 μὲν
3288 5279 3560 5347 ἀδύνατον,

1959 5377 2063 5433 ἀλλ’
2088 5375 2203 5433 οῦδᾶ
2236 5372 2413 5444 ἔξωθέν
2436 5378 2607 5448 ποθεν,
2633 5379 2728 5433 σὺν
2755 5378 2925 5451 ἐκείνῳ
2949 5375 3229 5453 γενόμενος,
3255 5372 3563 5449 βλαστήσας

1659 5488 2161 5550 COMMENTARII.

312 5608 403 5689 (ι)
434 5612 731 5689 Διιίιιτιυνιιιιι
781 5621 1220 5689 enaruntpatres
1261 5621 1401 5667 sunt.
1454 5611 1533 5668 En
1583 5620 1766 5689 mente
1818 5627 1848 5667 a

434 5686 536 5743 Ne
589 5684 886 5743 Alelaudt‘.
953 5685 1105 5739 initio
1162 5685 1497 5739 Strntttatum
1568 5684 1695 5738 tlirti
1726 5692 1851 5739 sunt

448 5754 569 5831 η
775 5756 958 5831 ψ’·ἔχῆς
976 5754 1169 5831 ῧηονοι
1200 5756 1245 5831 οἱ
1265 5755 1679 5831 λόγοιηδιιὶιίιιᾶυ
1698 5771 1848 5824 vero,

241 5840 305 5889 Ι.
356 5824 481 5899 μ,
508 5824 806 5899 ρίρηιεὶυὲ
831 5824 1060 5898 ἱῶρειιὶιί
1093 5829 1299 5898 planius
1322 5824 1578 5899 explicat.

338 5888 711 5973 In'irinc'ipio
730 5941 747 5973 ,
778 5888 923 5977 ‘etcf
939 5888 1291 5980 ‘Atbaoasius
1307 5944 1324 5972 ,
1371 5888 1671 5977 postquam
1696 5897 1861 5960 verba

1957 5611 2241 5684 sequentia
2306 5615 2529 5684 retulit,
2578 5614 2644 5671 iis
2704 5613 3001 5673 Sabellinm
3059 5609 3218 5667 simul
3269 5619 3324 5667 et
3369 5611 3560 5668 Arium

1959 5687 2231 5756 proﬂigari
2284 5688 2571 5752 observat,
2624 5688 2844 5758 ipSeqne
2876 5685 3068 5741 iisdem
3109 5684 3325 5752 subjicit
3370 5685 3562 5758 exlila-

1960 5754 2237 5817 iiationem
2260 5801 2276 5831 ,
2308 5775 2468 5832 quam
2498 5754 2837 5818 consuluisse
2880 5771 3062 5829 opera:
3102 5758 3331 5886 prasinum
3375 5754 3555 5812 tuerit.

3189 5840 3449 5886 ausum.
