4158 6260
608 298 712 355 127

1426 300 1723 362 DIONYSII
1761 303 2241 362 ALEXANDRINI
2281 304 2591 364 EPISCOPI
2634 306 3080 367 FRAGMENTA.

3798 314 3913 374 128

602 413 826 471 verbum
854 422 1034 471 autem
1073 415 1220 473 velut
1272 416 1411 473 (ilius
1456 420 1690 488 mentis,
1743 435 1811 477 ne
1856 428 1983 476 ante
2028 420 2199 493 ipsam

2307 421 2360 478 δὲ
2404 422 2494 479 ἀπ’
2526 426 2705 480 αὐτοῦ.
2737 426 2901 489 οὕτως
2930 426 2956 483 ὁ
2986 435 3155 507 Πατήρ
3202 429 3228 486 ὁ
3276 432 3520 505 μέγιστος
3561 437 3646 488 καί
3692 437 3911 492 καθόλου

606 525 784 582 neque
837 522 994 567 extra
1041 512 1211 582 ipsam
1261 511 1459 568 factum
1503 529 1625 570 esse
1672 523 1883 585 pOlest,
1940 514 2034 570 sed
2080 531 2203 570 cum

605 602 721 673 ipsa
775 603 990 671 existit,
1046 620 1075 658 a
1116 619 1220 676 qua
1267 621 1490 675 germen
1542 617 1596 663 et
1639 609 1901 677 originem
1948 610 2199 679 sumpsit.

610 694 803 751 eodem
852 711 1065 767 quoque
1112 696 1275 752 modo
1300 699 1463 754 Pater
1514 700 1783 756 maximus
1809 712 1862 756 et
1893 717 2047 757 mens
2090 703 2208 756 uni-

606 786 833 842 versalis
871 796 995 843 ante
1046 791 1225 843 omnia
1277 789 1472 846 Filium
1518 791 1679 848 habet
1733 793 1967 852 Verbum
1999 810 2064 852 ac
2092 810 2208 852 ser-

605 894 824 940 moaem
876 882 961 939 sui
1014 882 1184 954 ipsius
1238 883 1590 960 interpretem
1639 896 1696 944 et
1742 889 2014 963 angelum.

2305 522 2422 576 νοῦς
2447 524 2650 593 πρῶτον
2685 518 2769 572 τὸν
2796 520 2906 575 Ϊίὸν
2934 519 3094 594 Λόγον
3121 522 3339 598 ἑρμηνέα
3366 527 3453 579 καί
3481 521 3687 597 ἄγγελον
3713 527 3912 583 ἑαυτοῦ

2308 610 2444 683 ἔχει.
2483 610 2862 682 (Adducuntur
2901 612 3017 670 haec
3054 631 3083 671 a
3131 615 3193 673 S.
3224 616 3533 689 Athanasio,
3581 618 3673 676 ubi
3721 634 3913 693 supra,

2311 720 2366 761 n.
2400 705 2493 773 25,
2527 720 2584 776 p.
2612 703 2769 778 259.)

1877 1050 2017 1104 Circa
2039 1054 2257 1108 medium
2279 1063 2448 1123 operis
2471 1064 2508 1112 ‘.

680 1171 769 1228 15.
797 1171 852 1227 Si
882 1187 949 1229 eo
967 1166 1119 1246 quod
1146 1186 1255 1233 tres
1281 1179 1390 1234 sint
1412 1179 1974 1251 bypostases,divisas
1995 1184 2198 1254 dicant,

606 1273 718 1322 tres
748 1278 907 1336 sunt,
936 1271 1148 1327 etiamsi
1206 1274 1406 1342 nolint;
1457 1285 1549 1331 aut
1595 1277 1831 1332 divinam
1882 1278 2200 1337 Trinitatem

605 1374 830 1429 prorsus
860 1378 891 1416 e
917 1364 1099 1420 medio
1140 1365 1353 1423 tollant.
1409 1370 1427 1440 (
1454 1367 1536 1424 Ea;
1563 1367 1791 1441 Basilio,
1822 1370 1912 1428 lib.
1958 1371 2022 1429 de
2054 1372 2199 1446 Spir.

601 1463 809 1524 sancto,
856 1472 903 1511 ο.
949 1457 1079 1534 29).

2383 1193 2472 1248 15.
2512 1196 2568 1248 Εἰ
2595 1202 2668 1270 τῷ
2692 1203 2829 1271 τρεῖς
2868 1192 2995 1251 εἶναι
3029 1198 3123 1257 τὰς
3158 1196 3501 1259 ὑποστάσεις.
3528 1199 3920 1274 μεμερισμένας

2309 1280 2435 1342 εἶναι
2466 1286 2691 1360 λέγουσι.
2718 1295 2857 1363 τρεῖς
2901 1290 3002 1344 εἰσι
3027 1330 3041 1349 .
3072 1284 3167 1361 κᾷν
3208 1296 3278 1362 μὴ
3316 1290 3542 1357 θέλωσιν,
3571 1289 3602 1349 ἦ
3641 1294 3728 1350 τήν
3770 1292 3922 1346 θείαν

2305 1380 2514 1440 ΤΡΙᾸΔΔ
2536 1384 2794 1446 παντελῶς
2819 1384 3151 1441 ἀπλέτωσαν.

2108 1612 2182 1664 Ac
2205 1626 2424 1665 rursum:

670 1754 748 1793 Καὶ
773 1754 881 1793 πάλιν
906 1743 1089 1808 (inquit
1109 1747 1167 1797 S.
1198 1746 1417 1802 Basilius
1442 1753 1538 1816 Μ.)
1566 1766 1578 1802 :

598 1919 605 1926 ’
683 1920 927 1978 Θειοτάτη
937 1921 1062 2002 γάρ,
1078 1918 1165 1979 διά
1173 1929 1347 1995 τοῦτο,
1367 1928 1500 1999 μετὰ
1513 1931 1602 1989 τὴν
1611 1927 1836 2003 Μονάδα,
1858 1933 2202 1995 καὶἮΤΡιΔΣ.

2379 1763 2580 1820 Extant
2614 1762 2731 1820 haec
2750 1762 2892 1834 apud
2934 1761 2999 1818 S.
3035 1760 3291 1817 Basiliam
3316 1760 3570 1833 Magnum
3606 1761 3673 1817 de
3711 1760 3921 1834 Spiritu

2234 1830 2284 1891 B
2312 1854 2530 1924 Sancto,
2558 1871 2677 1927 cap.
2713 1830 2917 1928 penult.
2942 1870 2997 1927 p.
3030 1855 3120 1911 61.

2383 1950 2611 2020 Propter
2654 1948 2756 2005 hoc
2796 1949 2981 2016 enim,
3033 1956 3158 2021 post
3212 1947 3512 2017 unitatem,
3550 1955 3634 2004 est
3672 1954 3729 2004 et
3772 1944 3921 2003 divi-

2307 2043 2533 2101 nissima
2582 2041 2836 2099 Trinitas.

1936 2206 2161 2259 Clausula
2184 2210 2332 2261 totius
2346 2210 2531 2273 operis.

682 2335 772 2393 16.
805 2333 900 2391 liis
922 2336 1172 2393 omnibus
1199 2348 1557 2409 congruenter
1576 2348 1631 2397 et
1653 2355 1755 2396 nos
1774 2381 1793 2409 ,
1845 2342 2007 2398 etiam
2037 2340 2208 2400 forma

606 2427 898 2499 regulaque
919 2444 947 2482 a
970 2430 1277 2486 senioribus
1297 2433 1387 2502 qui
1409 2445 1539 2488 ante
1562 2449 1662 2489 nos
1681 2437 1934 2490 vixerunt
1952 2448 2201 2509 accepta,

604 2519 859 2576 concordi
902 2535 1027 2577 cum
1074 2522 1184 2578 illis
1227 2538 1364 2581 voce
1405 2534 1459 2580 et
1503 2536 1799 2597 gratiarum
1842 2532 2112 2586 actionem
2153 2543 2209 2587 et

605 2630 750 2671 nunc
797 2617 960 2672 etiam
1008 2618 1294 2687 epistolam
1342 2634 1505 2691 quam
1557 2622 1846 2677 scribimus
1898 2624 2051 2680 vobis
2104 2624 2205 2679 ab-

603 2708 881 2765 solvamus
911 2728 925 2765 :
953 2709 1062 2764 Deo
1089 2718 1266 2766 autem
1300 2711 1444 2766 Patri
1489 2723 1543 2768 et
1582 2711 1721 2768 Filio
1754 2714 1980 2770 Domino
2021 2726 2206 2769 nostro

604 2802 732 2859 Jesn
780 2800 998 2860 Christo
1051 2818 1172 2860 cum
1221 2813 1408 2860 sancto
1454 2804 1657 2875 Spiritu
1705 2807 1879 2879 gloria
1930 2818 1985 2865 et
2026 2806 2202 2880 impe—

605 2894 744 2957 rium
771 2895 826 2957 in
851 2899 1047 2956 saecula
1074 2898 1423 2957 saeculorum.
1455 2900 1648 2959 Amen.

2344 2344 2351 2352 ’
2384 2343 2472 2399 16.
2513 2344 2724 2402 Τούτοις
2752 2347 2915 2398 πᾶσιν
2943 2344 3223 2404 ἀκολούθως
3248 2345 3337 2397 καὶ
3360 2344 3525 2414 ἡμεῖς,
3552 2345 3642 2398 καὶ
3679 2341 3741 2403 δή
3773 2345 3924 2421 παρά

2312 2445 2409 2493 τῶν
2452 2439 2554 2514 πρὸ
2586 2439 2721 2509 ἡμῶν
2746 2436 3117 2512 πρεσϐυτέρων
3141 2437 3304 2491 τύπον
3340 2439 3426 2490 καί
3467 2436 3654 2491 κανόνα
3675 2439 3922 2513 παρειλη-

2311 2528 2477 2600 φότες,
2511 2529 2780 2602 ὁμοφώνως
2808 2549 2864 2582 τε
2894 2529 3073 2588 αὐτοῖς
3101 2533 3705 2604 προσευχαριστοῡντες,
3737 2533 3823 2583 καὶ
3853 2528 3917 2589 δή

2308 2625 2397 2675 καί
2437 2627 2524 2674 νῦν
2571 2621 2689 2694 ύμῖν
2720 2620 3120 2681 ἐπιστέλλοντες,
3151 2622 3575 2691 καταπαύσομεν·
3620 2628 3691 2693 τῷ
3721 2619 3773 2676 δὲ
3803 2630 3918 2697 Θεῷ

2310 2720 2471 2791 Πατρί
2499 2756 2510 2772 .
2535 2719 2623 2769 καὶ
2646 2716 2747 2785 Υἱῷ
2771 2722 2844 2787 τῷ
2874 2717 3041 2789 Κυρίῳ
3071 2715 3210 2785 ἡμῶν
3253 2711 3415 2771 Ἰησοῦ
3446 2721 3653 2789 Χριστῷ
3673 2758 3683 2768 .
3715 2716 3812 2768 σύν
3839 2724 3918 2789 τῷ

2305 2807 2433 2879 ἀσκίῳ
2483 2807 2755 2878 Πνεύματι,
2802 2804 2925 2870 δόξα
2970 2808 3058 2860 καί
3096 2806 3283 2880 κράτος
3330 2807 3399 2866 είς
3439 2811 3559 2866 τοῦς
3599 2808 3781 2866 αἰῶνας
3806 2815 3915 2862 τῶν

2304 2899 2515 2955 αἰώνων.
2540 2896 2711 2970 ’Λμήν.
2743 2894 3006 2969 (\ddusit
3029 2895 3145 2950 huic
3173 2894 3235 2950 S.
3269 2893 3496 2950 Basilius
3522 2895 3595 2950 Μ.
3626 2896 3678 2950 iit
3704 2894 3818 2949 Lib.
3850 2897 3919 2953 de

2311 2988 2512 3062 Spiritu
2542 2988 2755 3058 Sancto,
2780 3003 2898 3060 cap.
2930 2988 3136 3060 penult.
3166 3002 3221 3060 p.
3253 2988 3342 3056 60,
3379 2987 3467 3046 cd.
3499 2987 3861 3063 Betiedirtin.)

1678 3155 1757 3208 De
1779 3168 1939 3221 opere
1963 3158 2076 3220 ipso
2100 3154 2209 3206 haec
2238 3151 2412 3204 retulit
2434 3152 2488 3203 S.
2512 3150 2825 3204 Athanasius.

663 3292 752 3347 17.
786 3290 1040 3360 Queritur
1063 3289 1258 3346 deinde
1295 3287 1650 3365 (Dionysius),
1682 3287 1825 3359 quod
1853 3298 2201 3345 accusatores
2228 3290 2273 3352 C

598 3384 893 3441 sententias
913 3398 1039 3438 suas
1063 3398 1168 3438 non
1197 3384 1433 3455 integras
1459 3382 1719 3447 referant,
1752 3383 1846 3437 sed
1887 3391 2163 3437 truncatas
2180 3427 2195 3453 ,

596 3487 652 3533 et
674 3476 817 3545 quod
846 3492 951 3533 non
984 3479 1121 3533 bona
1149 3477 1505 3543 conscientia,
1553 3476 1650 3533 sed
1675 3478 1812 3531 mala
1847 3493 1943 3546 pro
1975 3477 2197 3534 libidine

598 3570 919 3645 loquantur;
943 3586 1081 3643 quos
1105 3571 1308 3626 similes
1330 3572 1404 3626 ait
1429 3570 1569 3626 beati
1591 3570 1818 3638 aposmli
1843 3570 2195 3641 epistolarum

595 3664 1093 3722 calumniatoribus.
1147 3663 1308 3720 Certe
1347 3664 1572 3736 singulis
1602 3673 1979 3719 accusatorum
2017 3664 2196 3720 verbis

594 3773 885 3814 occurrens
914 3799 929 3824 ,
973 3757 1222 3812 omnibus
1268 3771 1455 3813 ent-um
1504 3756 1835 3827 argumentis
1866 3757 2193 3812 Solutionem

594 3849 843 3916 adhibet;
895 3864 1126 3918 cumque
1178 3849 1473 3906 Sabellium
1515 3848 1782 3918 prioribus
1820 3848 1929 3903 illis
1975 3848 2193 3918 scriptis

593 3942 905 4014 planissime
931 3942 1253 4008 confutarit,
1303 3943 1385 3999 his
1418 3942 1810 4015 posterioribus
1842 3941 2001 3999 Iidem
2036 3957 2189 3999 suam

593 4035 815 4091 omnino
842 4034 982 4106 piam
1013 4034 1272 4091 declarat.

2380 3285 2472 3340 17.
2512 3287 2743 3341 Αἰτιὸπαι
2761 3282 3097 3355 (Dionysius)
3122 3287 3244 3345 τοὺς
3266 3286 3606 3346 κατειπόντας
3634 3285 3812 3351 αὑτοῦ,
3837 3287 3913 3348 ὡς

2304 3384 2373 3452 μή
2404 3378 2704 3455 ὁλοκλήρους
2741 3378 3000 3451 λέγοντας.
3044 3377 3169 3433 ἀλλά
3195 3378 3602 3454 περικόπτοντας
3628 3380 3786 3433 αὐτοῦ
3810 3381 3913 3439 τὰς

2300 3474 2475 3539 λέξεις,
2508 3478 2596 3528 καί
2623 3477 2691 3534 ὡς
2722 3478 2792 3547 μή
2818 3473 2944 3548 καλῇ
2973 3469 3282 3533 συνειδήσει.
3309 3472 3435 3527 ἀλλά
3453 3479 3673 3549 πονηρᾷ.
3697 3472 3911 3528 λαλοῦν-

2302 3588 2396 3628 τας
2432 3570 2500 3627 ὡς
2529 3566 2749 3621 θέλουσι.
2783 3566 3002 3625 τούτους
3039 3585 3093 3619 τε
3129 3566 3331 3625 τούτοις
3360 3566 3622 3629 ἀπεικάζει
3666 3573 3772 3626 τοῖς
3813 3569 3911 3626 τὰς

2300 3667 2391 3715 τοῦ
2440 3661 2696 3735 μακαρίου
2725 3657 3031 3713 ’Λποστόλου
3079 3654 3435 3712 διαϐάλλουσιν
3463 3656 3906 3717 Ἐπιστολάς......

2302 3753 2473 3826 ἀμέλει
2514 3756 2602 3806 καί
2640 3751 2769 3826 πρὸς
2797 3750 3015 3804 ἕκαστον
3060 3756 3158 3804 τῶν
3193 3749 3294 3803 ύπὸ
3319 3757 3418 3803 τῶν
3444 3749 3741 3825 κατηγόρων
3773 3751 3908 3824 εἰρηο

2297 3847 2457 3917 μένων
2493 3844 2729 3899 ἀπαντῶν
2751 3883 2765 3906 ,
2792 3844 2963 3898 πάντα
2988 3844 3055 3897 τά
3081 3842 3206 3919 παρ’
3236 3844 3403 3897 αὐτῶν
3430 3842 3786 3917 προφερόμενα
3828 3844 3911 3896 οε-

2298 3940 2543 4016 ραπεύει·
2586 3940 2672 3991 καί
2720 3936 2977 3995 Σαϐἑλλιον
3025 3938 3115 4007 μὲν
3159 3938 3209 3990 ἐν
3250 3937 3451 3995 ἐκείνοις
3476 3932 3635 4003 (scil.
3670 3934 3723 3987 iit
3757 3934 3910 4001 prius

2299 4030 2541 4103 Scriptis)
2571 4034 2870 4107 ἀνατρέπει,
2903 4032 2953 4085 ἐν
3000 4032 3203 4089 τούτοις
3245 4026 3299 4082 δὲ
3347 4025 3601 4083 δείκνυσιν
3640 4026 3906 4103 ὁλόκληρον

2297 4125 2487 4181 ἑαυτοῦ
2537 4130 2626 4184 τήν
2656 4124 2848 4183 εὐσεϐῆ
2898 4127 3095 4178 πίστιν.
3147 4120 3250 4194 (De
3291 4120 3563 4177 Sententia
3610 4116 3899 4191 Dionysii,

2288 4232 2441 4273 num.
2466 4232 2575 4284 xw,
2609 4232 2662 4287 p.
2688 4212 2843 4285 255.)

1998 4370 2492 4432 COMMENTARII.

666 4523 685 4540 ’
717 4517 948 4591 Basilius
1038 4519 1140 4573 tria
1212 4518 1511 4590 fragmenta
1588 4520 1973 4591 subsequentia
2029 4519 2422 4579 nobisDtiam
2447 4533 2542 4574 seu
2584 4521 2877 4576 essentiam
2933 4528 2988 4574 et
3035 4521 3208 4575 usiam
3263 4519 3770 4591 intelligitgeaqne
3823 4533 3905 4572 ra-

590 4590 923 4662 asservavit,
953 4604 1016 4644 ac
1060 4598 1390 4659 postremum
1421 4591 1638 4662 quidem
1690 4590 1864 4660 primo
1904 4592 2025 4646 loco
2067 4607 2190 4659 pro-

588 4658 777 4732 (cretis
800 4701 815 4715 .
856 4658 1156 4730 praguiouet
1202 4662 1315 4730 ipsa
1357 4678 1385 4715 a
1418 4658 1477 4717 se
1503 4658 1748 4725 exhiberi
1782 4662 1961 4722 verba,
1992 4664 2189 4732 quibus

591 4730 875 4802 Dionysius
922 4732 1299 4786 Alexandrinus
1324 4733 1376 4786 in
1433 4735 1655 4788 sectmdtt
1716 4733 1785 4787 ad
1836 4730 2187 4799 coquoiuinem

590 4804 805 4873 epistola
844 4820 1148 4892 seru-tonent,
1178 4809 1300 4892 περὶ
1338 4805 1666 4892 ἔλεγχονικαί
1689 4806 1980 4887 ἀπολογίας,
2016 4806 2184 4892 finiit,

587 4889 684 4930 seu
720 4889 879 4948 AOptls
930 4876 998 4929 de
1024 4893 1131 4941 quo
1178 4876 1390 4948 agitiitts
1434 4876 1670 4932 alistilvit
1698 4888 1752 4931 ct
1780 4876 1994 4931 cliusit.
2045 4876 2182 4936 Tum

588 4946 732 5016 quod
780 4961 883 5019 nos
927 4950 1154 5013 primum
1210 4946 1490 5016 ponimus,
1522 4950 1643 5004 huic
1684 4948 2007 5019 subjiciens.
2052 4949 2185 5009 illud

588 5018 721 5090 citat
765 5021 815 5072 in
871 5017 1014 5072 hunc
1043 5021 1259 5075 modum
1291 5037 1310 5074 :
1342 5019 1491 5074 Idem
1516 5033 1562 5075 et
1583 5023 1721 5075 circa
1756 5017 1977 5074 inediam
2004 5023 2184 5090 scripti

590 5089 812 5163 loquitur
837 5089 1079 5163 adversus
1116 5091 1460 5149 Sabelliunos.
1507 5092 1661 5148 Unile
1701 5093 1874 5160 palatii
1918 5103 2002 5146 cst
2046 5089 2182 5163 opus

588 5158 754 5223 illud,
806 5162 948 5234 quod
996 5161 1327 5218 Athanasius
1375 5165 1425 5217 iii
1472 5158 1711 5234 quatuor
1744 5164 1911 5217 libras
1940 5158 2179 5234 όιγίἐιιιη

589 5241 737 5304 tiolat
759 5272 774 5296 ,
802 5248 831 5285 a
879 5231 1083 5287 Basilio
1114 5236 1166 5287 in
1193 5246 1423 5304 quatuor
1469 5231 1723 5303 c'piSIolns
1751 5233 1969 5289 niininie
2012 5232 2181 5291 fuisse

588 5302 936 5374 distinctum;
981 5302 1222 5374 alioquin
1268 5308 1313 5360 is
1356 5302 1548 5359 doctor
1593 5305 1758 5360 totius
1817 5308 1998 5373 operis
2033 5305 2180 5360 t-lau-

588 5372 758 5446 sulani
789 5392 850 5428 ea:
877 5372 1224 5446 quartagnou
1255 5393 1318 5431 ea;
1356 5376 1581 5431 secunda
1620 5378 1834 5446 epistola
1877 5376 2177 5435 laudasset.

587 5441 723 5520 lpsc_
755 5441 1266 5520 etiamsubjectum
1329 5448 1566 5520 Dionysii
1622 5441 2178 5505 tésdiuoniinncirca

585 5514 811 5588 medium
849 5519 1024 5586 scripti
1075 5518 1260 5575 haberi
1307 5514 1582 5586 indicans,
1639 5531 1806 5573 totum
1868 5520 1997 5574 illud
2043 5536 2178 5588 opus

585 5586 732 5639 velut
780 5602 942 5640 unum
988 5591 1282 5661 scriptum,
1318 5605 1546 5644 minuive
1587 5592 1909 5659 epismlain,
1960 5586 2178 5647 nundi-

585 5671 772 5711 versas
825 5671 1046 5714 censere
1074 5676 1134 5718 se
1164 5664 1467 5717 continuat.
1516 5661 1694 5716 Pluris
1739 5664 1960 5715 inici-ost
1987 5663 2175 5718 oliser.

585 5743 715 5784 vare
743 5727 1066 5797 discrimen,
1096 5748 1203 5801 quo
1232 5734 1468 5801 Dionysii
1499 5733 1608 5789 duo
1651 5733 1792 5789 idem
1830 5735 2177 5797 ἀποστάσεως

586 5800 907 5859 vocabulum
935 5800 1354 5873 usurpant.Natn
1369 5800 1649 5866 Romanus
1666 5806 1767 5864 hac
1779 5819 1915 5864 voco
1933 5808 2177 5864 substan-

2296 4594 2444 4646 tione
2508 4602 2610 4645 tres
2685 4593 2987 4662 hypostases
3065 4594 3115 4646 in
3176 4592 3287 4647 Deo
3341 4590 3631 4647 admittere
3686 4590 3901 4662 refugit.

2296 4663 2664 4734 Alexandrino
2713 4660 2840 4717 vero
2877 4664 3009 4718 nihil
3061 4665 3204 4718 aliud
3261 4664 3585 4734 ligpostasis,
3628 4664 3728 4717 nisi
3756 4660 3903 4733 quod

2294 4733 2499 4789 Latinis
2528 4750 2759 4805 persona!
2784 4749 2981 4791 noliten
3003 4777 3018 4799 ,
3052 4745 3225 4789 sonat.
3260 4733 3526 4803 Quocirca
3567 4743 3617 4789 et
3659 4745 3757 4788 (res
3810 4736 3904 4804 Ity-

2294 4817 2522 4874 postases
2589 4810 2856 4861 catholico
2915 4809 3189 4875 prictlicat.
3250 4806 3377 4860 lituo
3434 4807 3579 4859 cnim
3646 4805 3904 4875 Dioiiysio

2292 4878 2645 4945 aliistliie'qui
2689 4877 2987 4932 Saliclliuin
3029 4877 3413 4948 itnpugnahint
3439 4917 3454 4943 ,
3491 4894 3596 4928 non
3642 4875 3906 4948 stillicere

2293 4949 2576 5003 videbatur
2621 4950 2782 5002 triutn
2848 4946 3203 5016 personarqu
3261 4948 3615 5017 praedicatio,
3667 4946 3791 5014 quia
3845 4957 3905 5001 et

2291 5020 2560 5075 Sthenius
2616 5029 2728 5075 tres
2789 5021 2840 5073 in
2901 5020 3009 5076 Dco
3067 5035 3365 5088 personas,
3419 5018 3607 5088 quales
3659 5032 3805 5088 unus
3845 5027 3904 5071 et

2288 5091 2430 5145 idem
2483 5095 2646 5146 homo
2698 5092 2749 5144 in
2809 5091 3020 5146 lhcatro
3071 5086 3449 5162 rvpi-osculare
3489 5096 3699 5162 potest.
3757 5086 3901 5162 ultro

2287 5163 2666 5216 conﬁtebatur.
2694 5163 3030 5231 Quamquam
3059 5159 3285 5216 Basilius
3306 5159 3660 5213 tltesariensis
3685 5174 3772 5226 cp.
3803 5160 3895 5226 M,

2287 5234 2358 5287 ad
2398 5233 2683 5289 Maximum
2730 5234 3125 5302 pltilosapltmn.
3173 5232 3485 5303 Diuiysintn
3520 5231 3812 5303 aliquando
3843 5232 3895 5285 in

2289 5304 2399 5381 [leo
2446 5321 2551 5359 non
2582 5308 2755 5381 solum
2784 5305 3058 5381 ξτερότητα
3086 5301 3574 5381 ἀποστάσεωςηεοιί
3619 5314 3674 5356 ιιι
3719 5306 3897 5362 οὐσίας

2286 5374 2527 5454 διαφοράν
2553 5374 2920 5454 constituisse,
2940 5381 3088 5454 .iltltll
3124 5374 3367 5447 ὁμούσιον
3399 5374 3572 5454 primo
3601 5388 3889 5454 respuissc,

2287 5464 2352 5501 ac
2374 5443 2722 5518 postmodum
2754 5449 2809 5518 in
2832 5448 3075 5516 apologia
3109 5443 3174 5498 ait
3202 5452 3582 5517 cognominem
3613 5448 3776 5500 inissa
3798 5443 3897 5518 atl—

2289 5516 2505 5575 miSi-se
2531 5519 2741 5574 scribit.
2781 5517 2894 5584 Quo
2926 5522 3120 5587 factum
3145 5527 3250 5580 cst,
3280 5516 3469 5578 inquit
3490 5560 3504 5584 ,
3548 5528 3603 5571 ut
3634 5519 3805 5571 varius
3832 5516 3899 5569 sit

2284 5590 2627 5660 deprehensus
2641 5600 2686 5643 et
2706 5591 2998 5643 inconstans
3016 5590 3068 5641 in
3086 5589 3547 5657 conscriptionibus
3558 5589 3663 5642 suis
3673 5587 3896 5660 .Verum

2282 5657 2438 5716 aliter
2464 5675 2587 5716 eum
2608 5701 2623 5728 ,
2656 5662 2699 5714 si
2730 5661 3007 5714 Athanasii
3042 5662 3334 5729 epistolam
3358 5662 3425 5717 dc
3462 5659 3726 5715 scuti-otia
3770 5657 3893 5711 Dio-

2282 5734 2422 5805 nysii
2455 5743 2588 5789 tunc
2612 5733 2872 5804 legisset,
2902 5730 3212 5790 locuturum
3238 5731 3407 5793 fuisse
3430 5731 3692 5861 Baronius
3713 5738 3884 5797 putat.

3507 5816 3769 5859 ousunr.

3507 5816 3769 5859 OUSTANT.
