4158 6260
193 303 311 363 {‘29

774 448 1110 506 EPISTULA
1154 449 1243 504 IV.

272 584 361 641 Ab
389 583 627 638 Eusebio
657 584 750 639 lib.
780 601 854 639 vn
886 585 1019 640 "ist.
1045 629 1058 649 ,
1083 604 1201 658 cap.
1235 588 1268 644 9
1291 600 1624 646 memoratur
1656 593 1811 662 Epis-

196 678 308 732 tota
341 677 582 749 Dionysii
609 678 966 733 Alexandrini
996 681 1062 734 ad
1088 682 1402 754 Dionysium
1425 685 1725 739 Ronianum
1750 686 1819 742 de

199 770 454 825 aniauo
480 791 492 823 :
523 787 626 826 nec
655 773 725 827 de
754 772 983 842 epistola
1019 777 1121 829 ista
1151 777 1440 847 quidquam
1473 779 1693 834 aliunde
1718 795 1815 834 no-

194 868 404 921 vimus.
432 865 602 921 Porro
625 865 902 920 Lucianus
933 868 1043 932 iile,
1073 869 1142 922 de
1189 886 1324 938 min,
1352 887 1446 925 seu
1472 872 1625 942 cujus
1646 873 1817 942 gratia

195 963 406 1027 scripta
467 969 618 1025 erat,
679 957 922 1013 creditur
972 960 1226 1030 Cypriani
1284 977 1607 1026 successor,
1662 964 1818 1032 cujus

194 1054 436 1125 Optatos
505 1054 598 1106 lib.
649 1069 667 1106 ι
725 1054 974 1108 meminit
1020 1053 1104 1108 his
1151 1056 1369 1110 verbis:
1408 1075 1426 1107 ι
1465 1056 1597 1110 Erat
1646 1057 1817 1113 altare

191 1146 330 1200 loco
371 1161 499 1208 suo.
547 1145 600 1198 in
643 1161 754 1215 quo
803 1146 1012 1216 paciﬁci
1063 1147 1304 1216 episcopi
1358 1158 1506 1203 retro
1557 1151 1816 1218 temporis

197 1240 522 1294 obtulerunt
543 1281 558 1304 ,
626 1239 933 1310 Cyprianus
955 1281 970 1305 ,
998 1239 1270 1297 Lucianns
1291 1253 1345 1298 et
1366 1244 1566 1298 cmteri.
1601 1263 1618 1296 ι
1666 1244 1815 1299 Ideo-

197 1345 313 1402 que
342 1333 603 1400 scriptam
629 1347 735 1386 non
765 1333 1043 1387 immerito
1073 1335 1348 1388 existimat
1369 1339 1449 1390 vir
1471 1337 1733 1400 eruditus,
1760 1346 1817 1390 ut

199 1426 348 1481 inter
377 1425 646 1494 Stephani
697 1426 1060 1497 Cyprianique
1089 1443 1438 1483 successores
1483 1446 1582 1498 pax
1614 1431 1813 1484 illibata

200 1531 543 1575 servaretur.
593 1520 1054 1587 Quemadmodum
1104 1521 1246 1576 enim
1293 1532 1448 1575 antea
1497 1522 1655 1576 simul
1696 1537 1815 1575 sus-

197 1614 390 1670 citavit
446 1614 586 1670 Deus
626 1624 683 1668 et
719 1613 1032 1679 Victorem,
1077 1622 1134 1668 ut
1189 1616 1333 1669 circa
1391 1617 1534 1670 diem
1593 1615 1814 1670 Pascha:

198 1709 560 1779 apOstolicam
619 1716 864 1763 tueretur
906 1708 1289 1771 traditionem,
1332 1719 1387 1763 et
1419 1708 1681 1764 lreutenm
1710 1752 1724 1776 ,
1757 1719 1815 1764 ut

196 1817 391 1873 pacem
423 1803 566 1856 inter
611 1801 1249 1857 dissidentes-ecclesias
1294 1815 1684 1870 componeret;
1736 1803 1809 1856 ita

673 303 1043 367 οοΝοιιιυιι
1076 273 1423 366 RObiANUM
1466 303 1533 361 IN
1572 302 1801 362 CAUSA
1841 303 2132 364 DIONYSII
2175 304 2651 365 ALEXANDRINI
2690 303 3028 367 HABITUM.

3415 311 3522 370 1‘50

1922 424 2334 478 Cmsariemium
2369 425 2736 494 captivitatem
2777 427 3069 496 contigisse
3097 423 3405 496 conjectura
3438 438 3522 485 est

1841 527 1893 588 Α
1923 528 2039 586 post
2093 534 2288 571 annum
2334 516 2475 583 9.60,
2521 534 2625 586 quo
2673 519 2986 573 Valerianus
3029 536 3056 572 a
3101 519 3277 575 Persis
3314 520 3522 576 deletus

1921 626 2217 681 captusque
2245 623 2344 664 est.
2402 612 2609 666 Exinde
2653 613 2796 667 enim
2850 613 3199 668 harbarormn
3250 615 3518 670 incursio-

1921 707 2080 761 nibus
2131 708 2320 760 vicinte
2362 706 2726 762 Romanorum
2781 708 3071 776 provincia:
3113 718 3293 778 patere
3341 724 3522 778 coepe-

1920 808 2062 852 runt.
2122 797 2448 851 Nominatim
2493 813 2621 851 vero
2677 797 2942 869 Scythas,
2986 799 3089 853 hoc
3135 809 3218 853 est
3255 798 3516 866 Gotthos,

1920 890 2060 946 circa
2119 906 2318 944 annutn
2375 890 2519 955 264,
2569 891 2619 944 in
2651 890 3004 961 Cappadocia:
3031 893 3279 948 civitates
3325 907 3516 947 excur-

1919 985 2089 1044 risse.
2150 984 2380 1050 indeque
2433 984 2615 1052 plures
2681 985 2922 1053 captivos
2991 1000 3175 1040 secum
3230 986 3520 1042 abduxisse

1919 1075 2312 1145 Philostorgius
2360 1075 2455 1129 lib.
2488 1091 2566 1143 ιι,
2615 1090 2737 1145 cap.
2770 1079 2803 1132 5
2829 1120 2842 1142 ,
2901 1076 3083 1132 tradit.

2678 1169 2765 1225 V'l.

1992 1265 2144 1335 Apud
2178 1265 2467 1320 Eusebium
2499 1265 2593 1320 lib.
2624 1281 2728 1332 vn,
2774 1281 2893 1335 cap.
2941 1268 3040 1334 50,
3085 1268 3295 1322 concilii
3330 1268 3518 1324 Antio-

1917 1359 2072 1412 cheni
2107 1359 2302 1428 legitur
2351 1359 2579 1428 epistola
2620 1376 2637 1407 ι
2679 1359 2938 1430 Dionysio
2968 1359 3248 1432 (romano)
3282 1360 3517 1414 Maximo

1918 1451 2037 1520 (qui
2081 1452 2336 1522 D:ouysio
2377 1450 2742 1505 Alexandrino
2783 1453 3155 1521 successerat)
3183 1462 3236 1506 et
3265 1452 3517 1506 omnibus

1919 1544 2239 1612 ubicumque
2289 1544 2338 1596 in
2405 1543 2538 1598 orbe
2603 1553 2868 1597 terrarum
2933 1544 3156 1614 eollegis
3200 1545 3514 1614 episcopis,

1916 1636 2290 1706 presbyteris,
2344 1635 2622 1702 diacouis,
2683 1649 2740 1690 et
2801 1637 3069 1692 universae.
3113 1637 3374 1692 Ecclesia:
3423 1653 3515 1693 ca-

1917 1727 2134 1781 tholica:
2183 1746 2201 1778 ι
2261 1729 2552 1796 inscripta,
2613 1744 2715 1798 qua
2760 1729 2961 1784 Paulus
3006 1729 3408 1784 Samosatensis
3450 1731 3519 1787 ab

1917 1820 2231 1889 epiSCOpatu
2259 1820 2551 1888 depulsus,
2579 1831 2633 1874 et
2683 1821 2733 1874 in
2765 1823 2884 1890 ejus
2930 1823 3104 1876 locmn
3144 1821 3384 1876 Domnus
3405 1820 3518 1876 suf-

198 1907 254 1951 et
295 1911 404 1951 non
465 1896 585 1950 sine
629 1896 721 1950 Dei
787 1906 919 1950 nutu
966 1894 1158 1949 eodem
1203 1904 1444 1964 tempore
1502 1894 1802 1964 Stephanus

1917 1912 2087 1967 fectus
2110 1916 2469 1967 renuntiatur.
2511 1913 2656 1968 Pene
2682 1915 2898 1984 quidem
2944 1925 3052 1968 tota
3086 1914 3417 1969 describitur
3445 1913 3515 1967 ab

197 2003 440 2044 romana:
491 1987 749 2042 Ecclesia:
795 1998 849 2042 et
908 1986 1196 2058 Dionysius
1249 1988 1616 2042 alexandrina:
1668 2003 1807 2057 prte-

197 2083 459 2145 fuerunt;
505 2080 599 2136 sed
646 2090 704 2134 ut
732 2080 824 2134 ille
855 2079 1051 2134 divina:
1097 2082 1238 2135 circa
1270 2080 1594 2150 baptismum
1643 2083 1809 2138 tradi-

200 2176 376 2230 tionis
403 2174 626 2241 viodex,
657 2174 748 2230 hic
780 2177 928 2245 pacis
961 2176 1345 2231 ecclesiastica:
1388 2189 1670 2247 sequester
1715 2194 1808 2234 es-

198 2279 310 2325 set.
366 2269 494 2336 Qua:
539 2279 718 2323 autem
767 2269 835 2324 de
885 2269 985 2324 hac
1035 2272 1262 2340 epistola
1306 2271 1701 2340 conjiciuntur,
1751 2283 1810 2329 ut

201 2362 272 2417 ad
333 2363 486 2416 initia
533 2363 880 2434 pontificatus
927 2364 1444 2436 Dionysii'Romani
1501 2369 1804 2438 referatur,

193 2459 495 2529 posmlant.

966 2556 1032 2611 ν.

277 2647 526 2718 Dionysii
551 2648 770 2704 Romani
799 2651 1051 2720 episcopi
1073 2650 1138 2704 ad
1169 2651 1557 2708 Caesariensem
1596 2652 1647 2708 in
1672 2653 1807 2724 Cap-

195 2742 438 2813 padocia
463 2743 751 2798 Ecclesiam
779 2745 1124 2799 desideratur
1150 2747 1379 2815 epistola
1404 2789 1419 2812 ,
1462 2763 1621 2818 quam
1655 2747 1804 2802 Basi-

195 2838 298 2892 lius
326 2837 574 2907 ejusdem
607 2839 836 2893 civitatis
858 2841 1146 2909 episcopus
1176 2839 1440 2896 Caesarea:
1467 2851 1800 2897 asservatam

193 2942 362 3001 atque
389 2933 506 3000 ipsa
551 2933 812 3002 majorum
865 2934 1124 3012 memoria
1162 2935 1433 2990 celebrem
1466 2950 1590 2990 csse
1635 2946 1800 2990 testa-

196 3034 293 3081 tur
323 3023 508 3091 (Bast'l.
535 3069 550 3092 ,
579 3043 662 3096 ep.
696 3026 840 3091 220,
883 3037 928 3080 et
961 3025 1211 3093 Damam,
1253 3045 1334 3098 ep.
1363 3029 1399 3082 2
1422 3072 1436 3094 ,
1472 3047 1523 3083 η.
1561 3031 1640 3098 5).
1673 3031 1799 3086 1)ἰο-

194 3132 386 3188 nysius
430 3133 552 3173 cum
605 3118 707 3173 hac
758 3120 1009 3188 epistola,
1067 3138 1167 3190 qua
1211 3119 1574 3177 C:esarienses
1599 3137 1798 3177 conso-

194 3209 406 3263 labatur
433 3210 702 3276 afﬂictos,
740 3211 947 3282 legatos
975 3213 1222 3268 mittebat
1256 3214 1348 3285 qui
1381 3215 1573 3269 fratres
1603 3231 1796 3270 eorum

1915 2004 2185 2069 Eusebio;
2232 2005 2326 2060 sed
2367 2019 2489 2059 cum
2542 2016 2740 2075 praeter
2783 2007 3192 2078 inscriptionem
3238 2007 3371 2062 nihil
3413 2006 3515 2062 ha-

1913 2099 2040 2155 beat
2075 2101 2310 2170 speciale
2332 2142 2346 2166 ,
2380 2099 2524 2171 quod
2555 2112 2647 2154 aut
2683 2101 2749 2155 ad
2785 2102 3136 2174 Dionysium,
3168 2109 3261 2156 aut
3301 2101 3366 2156 ad
3394 2101 3511 2171 ejus

1915 2192 2099 2248 sedem
2149 2196 2406 2255 attineat,
2441 2208 2560 2247 eam
2602 2193 2838 2248 indicare
2872 2196 3004 2248 satis
3041 2192 3322 2248 habemus.
3366 2190 3514 2248 Cott-

1913 2285 2096 2339 cilium
2141 2294 2324 2338 autem
2350 2284 2746 2340 Antiochenum
2770 2329 2784 2351 ,
2837 2284 2979 2341 unde
3010 2287 3207 2355 scripta
3251 2295 3370 2353 est,
3406 2286 3515 2340 Eu-

1915 2378 2130 2442 sebius,
2163 2378 2259 2432 lib.
2312 2394 2382 2444 ιι,
2441 2393 2492 2432 c.
2548 2377 2652 2443 “.39,
2705 2378 3037 2433 celebratum
3089 2378 3263 2432 dicitt
3309 2389 3515 2446 tempo-

1914 2471 2063 2524 ribus
2085 2471 2362 2525 Aureliani
2388 2471 2734 2540 imperatoris
2765 2490 2784 2522 ι
2817 2489 2829 2524 :
2853 2471 2942 2540 qui
2971 2470 3188 2540 quidem
3217 2485 3360 2524 anno
3381 2469 3510 2538 270,

1913 2565 2055 2619 circa
2108 2579 2348 2620 mensem
2395 2565 2618 2634 aprilem
2673 2564 2898 2620 Claudio
2946 2563 2987 2618 ll
3035 2565 3314 2620 successit.
3361 2563 3514 2621 Unde

1911 2673 2018 2713 non
2069 2658 2228 2726 longe
2281 2667 2408 2712 ante
2479 2657 2720 2728 Dionysii
2795 2658 2964 2712 n0stri
3015 2657 3252 2723 obitum,
3296 2667 3390 2712 aut
3444 2671 3511 2712 eo

1911 2753 2074 2808 etiam
2132 2761 2376 2817 mortuo,
2423 2751 2518 2808 sed
2568 2768 2689 2807 cum
2739 2752 2929 2806 mortis
2971 2750 3088 2820 ejus
3119 2751 3360 2805 nuntitttn
3402 2751 3514 2805 Att-

1914 2844 2165 2898 tioebiam
2220 2844 2458 2899 nondum
2501 2844 2869 2914 pervenisset,
2903 2843 3211 2912 conscripta
3248 2841 3506 2897 creditur.

2656 2937 2765 2992 VII.

1984 3032 2240 3105 Dionysio
2277 3047 2428 3103 papa:
2467 3031 2705 3088 Isidorus
2752 3031 3018 3088 Mercator
3062 3031 3198 3088 duas
3227 3031 3509 3102 supposuit

1909 3127 2194 3196 epistolas,
2242 3142 2402 3181 unam
2442 3127 2509 3180 ad
2555 3124 2829 3182 Urbanum
2876 3125 3194 3198 prmfeetum
3222 3168 3236 3191 ,
3277 3125 3508 3182 alteram

1906 3221 1972 3274 ad
2003 3219 2260 3275 Severum
2289 3221 2600 3290 episcopum
2621 3263 2634 3289 ,
2668 3236 2768 3276 suo
2809 3221 2931 3276 loco
2955 3237 3076 3276 cum
3111 3220 3336 3292 reliquis
3363 3222 3506 3291 ejus-

193 3315 223 3355 a
271 3301 588 3372 captivitate
645 3304 960 3374 redemptos
1025 3305 1341 3362 liberarent.
1402 3307 1554 3363 llanc
1615 3320 1796 3365 autem
1825 3328 1869 3390 ρ
1905 3314 2027 3369 dem
2069 3313 2278 3384 Opifieis
2325 3313 2584 3370 edendas.

339 3493 1282 3508 _________
2457 3506 2606 3516 -..-

195 3492 3500 3572 HylSi-Mm

717 3656 1848 3810 CONCILIUM
1933 3663 2968 3819 ROMANUM

673 3957 736 4016 ΙΝ
775 3960 1002 4018 CAUSA
1035 3961 1324 4021 DIONYSII
1366 3963 1860 4034 ALEXANDRINI,
1906 3967 1992 4023 DE
2035 3967 2585 4030 SABELLIANISMO
2625 3973 2983 4033 ACCUSATI.

1063 4164 1294 4206 ltABITUM
1323 4165 1460 4206 anno
1483 4165 1674 4206 ccum
1693 4192 1706 4215 ,
1737 4166 1980 4208 'rastponr.
2024 4168 2250 4211 otoxrsn
2287 4167 2432 4212 mea:
2459 4158 2556 4228 (Ι).

1549 4311 2188 4364 «ιηἸδ-θιώιςῠβι-ΒρθεΈ-ο-

253 4456 543 4516 Concilium
575 4467 862 4510 romanum.
889 4452 1002 4508 Hoc
1028 4453 1314 4507 concilium
1348 4461 1569 4508 auctore
1600 4452 1796 4525 Diony-
1824 4453 1875 4512 D
1903 4469 2029 4509 num
2056 4455 2120 4509 ad
2145 4453 2431 4510 concilium
2455 4456 2586 4511 citat
2613 4455 2811 4527 etquid
2852 4456 2920 4514 de
2953 4465 3138 4514 natura
3169 4473 3232 4516 ac
3265 4458 3500 4518 inell'abil

185 4555 262 4610 sio
285 4568 422 4624 papa
473 4550 807 4605 celebratum
855 4558 936 4602 est
983 4547 1187 4612 liomte,
1237 4563 1377 4600 anno
1428 4548 1633 4601 Domini
1685 4549 1795 4605 265

187 4646 318 4701 hanc
342 4647 416 4700 ob
471 4659 692 4700 causam
728 4662 740 4696 :
772 4657 893 4698 cum
938 4641 1266 4706 Sabelliana,
1307 4634 1794 4707 li:ercsis,'auctore

184 4743 416 4802 Sabellis»
443 4744 645 4798 oborta
674 4756 738 4796 ac
777 4750 1060 4809 propagata
1087 4781 1101 4803 ,
1133 4739 1536 4809 gloriosissima:
1577 4749 1629 4793 et
1660 4738 1791 4793 ado-

187 4838 363 4891 randa:
407 4833 662 4890 Trinitati
711 4847 1065 4903 personarum
1107 4830 1505 4885 distinctionem
1535 4831 1789 4897 auferret,

189 4926 468 5000 Dianysius
490 4925 890 4982 Alexandrinus
913 4925 991 4977 sui
1020 4923 1179 4978 officii
1199 4939 1318 4977 esse
1342 4934 1487 4976 ratus
1520 4923 1790 4979 hominem

187 5016 442 5094 Libycum
474 5018 580 5072 sibi
614 5017 885 5071 subditum
916 5017 1186 5078 refellere,
1220 5016 1270 5068 in
1302 5032 1422 5069 cum
1469 5017 1791 5070 lucubratio-

183 5129 290 5170 nes
313 5113 571 5184 quadam
626 5113 884 5178 scripsit,
918 5111 1107 5180 quibus
1138 5108 1576 5179 sinistrojudicio
1601 5110 1794 5164 Penta-

183 5207 580 5279 politanorum,
633 5223 738 5262 non
783 5223 1130 5277 personarum
1185 5216 1426 5284 tantum,
1479 5207 1572 5259 sed
1628 5208 1789 5261 etiam

180 5307 403 5356 natura:
423 5301 606 5355 divina:
635 5301 1035 5355 distinctionem
1057 5316 1117 5354 ac
1140 5299 1504 5353 diversitatem
1525 5308 1784 5354 tueretur.

179 5391 574 5460 Pentapolitaui
603 5395 766 5464 igitur
804 5392 1054 5447 eumdem
1099 5391 1409 5462 Dionysium
1467 5391 1788 5444 Alexandri-

179 5501 330 5548 num.
373 5487 522 5556 quasi
569 5488 638 5542 de
689 5486 794 5541 fide
820 5497 875 5540 et
925 5485 1310 5539 'f'rinitatenon
1345 5496 1490 5538 recte
1540 5490 1784 5548 sentiret,

179 5581 318 5652 apud
363 5581 677 5652 Dionysium
731 5581 1036 5649 pontificem
1080 5589 1354 5634 accusant.
1401 5579 1642 5633 Pontifex
1690 5580 1790 5634 hoc

181 5675 558 5746 epilcoporom
583 5683 856 5730 conventu
887 5673 1107 5742 indicto,
1131 5672 1441 5743 Dionysium
1467 5671 1788 5732 Alexandri.

179 5835 190 5860 ,
245 5787 328 5864 (1)
358 5787 574 5864 Dubius
601 5796 688 5846 est
711 5802 904 5845 annus.

1899 4547 2306 4617 gloriosissima:
2357 4549 2637 4604 Trinitatis
2693 4551 2990 4606 substantia
3050 4561 3283 4615 sentiat.
3338 4571 3499 4611 unam

1901 4642 2234 4706 eamdcmve,
2263 4659 2332 4698 an
2357 4660 2485 4698 vero
2516 4644 2785 4699 diversam
2821 4646 2874 4700 in
2907 4648 3078 4702 tribus
3103 4649 3346 4718 personis
3373 4648 3501 4704 sub-

1899 4738 2175 4792 sistentem
2203 4736 2438 4792 divinam
2471 4748 2715 4793 naturam
2748 4755 2870 4794 e~sc
2895 4741 3102 4806 credat,
3145 4748 3346 4809 scripto
3379 4757 3500 4811 pro-

1899 4829 2038 4884 fiteri
2087 4830 2323 4883 mandat.
2379 4830 2678 4898 EpiSCopns
2729 4831 3124 4885 Alexandrinus
3167 4833 3499 4887 calumniose

1897 4931 2178 4976 aecum-Is
2199 4963 2214 4986 ,
2245 4924 2512 4990 pontificis
2536 4922 2757 4975 decreto
2787 4931 2957 4990 paret,
2987 4923 3266 4990 epistolam
3301 4922 3497 4976 tuentis

1897 5031 2007 5069 sure
2061 5014 2315 5076 indicem,
2350 5022 2405 5066 et
2435 5013 2677 5067 criminis
2721 5013 2915 5081 objecti
2970 5013 3346 5082 purgatricem,
3375 5028 3496 5082 qua:

1896 5116 2042 5162 extat
2062 5108 2198 5176 apud
2221 5106 2507 5160 Baronium
2531 5107 2629 5159 hoc
2656 5119 2819 5170 anno,
2846 5121 2996 5158 num.
3021 5106 3112 5171 54,
3132 5117 3496 5175 cumquatuor

1896 5200 2244 5272 apulogeticis
2275 5199 2422 5252 libris
2447 5215 2545 5269 pro
2566 5199 2646 5254 sui
2679 5199 2995 5254 defensione
3021 5199 3341 5267 conscriptis
3369 5213 3495 5267 pro-

1899 5293 2105 5362 pedit-in
2139 5292 2449 5353 afferendis,
2485 5293 2666 5346 mittit.
2707 5291 2911 5358 Quibus
2940 5291 3166 5358 habitis,
3201 5307 3320 5346 cum
3355 5290 3495 5346 Pen~

1898 5388 2312 5457 tapolitanorum
2352 5389 2740 5451 accusantium,
2770 5396 2822 5442 et
2856 5385 3091 5457 Dionysii
3121 5400 3238 5440 sese
3263 5399 3496 5454 purgau-

1898 5482 1964 5533 tis
2019 5497 2177 5535 causa
2225 5481 2313 5533 ditt
2359 5481 2694 5550 multumque
2746 5481 2986 5536 discussa
3029 5479 3238 5544 fuisset,
3291 5478 3494 5547 praevio

1896 5583 2109 5627 tnaturo
2136 5572 2364 5625 eonsilio
2384 5614 2400 5639 ,
2433 5574 2720 5641 Diciiysius
2746 5571 3139 5628 Alexandrinus
3167 5570 3452 5639 epise0pus
3473 5611 3489 5636 ,

1894 5667 2135 5722 omnium
2181 5669 2580 5737 episcoporum,
2638 5667 2727 5737 qui
2784 5666 2906 5720 huic
2953 5662 3182 5718 concilio
3235 5662 3492 5718 interfue-

1896 5770 2042 5827 runt,
2077 5765 2342 5818 sententia
2372 5775 2436 5816 ac
2471 5759 2678 5829 judicio
2706 5759 2774 5815 ab
2805 5763 3187 5818 accusatorum
3215 5754 3487 5814 calumnia
