4230 6212
282 238 381 305 153

284 458 398 513 Non
422 464 701 517 reverearis
727 466 1017 533 proximum
1040 474 1244 528 tuumin
1266 492 1388 531 casu
1414 489 1522 547 tuo,
1546 497 1637 534 nec
1662 484 1879 540 retineas

281 552 478 607 verbum
526 555 581 609 in
624 565 851 626 tempore
878 561 1083 617 salutis.
1117 563 1238 620 Non
1266 570 1548 627 abscondas
1574 576 1880 647 sapientiam

282 655 419 701 tuam
450 648 502 703 in
536 648 713 705 decore
750 655 884 725 ejus.
932 653 1003 710 In
1055 656 1231 729 lingua
1282 664 1418 719 enim
1463 670 1757 737 agnoscitur
1803 688 1881 727 sa-

283 740 489 810 pientia,
519 754 568 797 et
594 762 790 814 sensus,
822 757 869 803 et
898 751 1109 807 scientia
1127 795 1143 820 ,
1173 763 1220 808 et
1260 757 1497 814 doctrina
1532 762 1587 816 in
1617 763 1779 820 verbis
1798 782 1883 822 ve-

282 832 440 890 ritatis
467 844 515 903 ⁸,
545 846 592 890 et
619 839 911 907 firmentum
956 844 1011 898 in
1037 846 1269 917 aperibus
1294 851 1529 913 iustitiae.
1584 854 1708 912 Non
1753 875 1880 915 con-

284 926 497 983 tradicas
523 932 722 986 veritati
752 936 857 990 ulla
879 938 1048 1008 modo,
1067 949 1113 994 et
1137 940 1203 998 de
1232 946 1497 1002 mendacio
1523 950 1878 1009 ineruditionis

285 1030 377 1074 tua:
404 1024 740 1091 confundere.
769 1026 893 1084 Non
911 1012 1246 1107 confundaris
1275 1040 1509 1109 conﬁteri
1536 1054 1743 1112 peccata
1773 1056 1882 1114 tua,

286 1124 408 1170 etne
432 1116 679 1193 subjicias
724 1131 772 1177 te
814 1123 1011 1178 homini
1063 1144 1157 1195 pro
1203 1142 1431 1202 peccato.
1484 1133 1611 1190 Noli
1656 1139 1887 1194 resistere

288 1219 452 1263 contra
479 1216 670 1281 faciem
696 1220 943 1285 potentis,
987 1237 1079 1276 nec
1103 1226 1299 1281 coneris
1326 1238 1505 1283 contra
1540 1230 1695 1286 ictum
1720 1234 1885 1302 ﬂuvii.

289 1299 386 1357 Pro
398 1306 612 1375 justitia
641 1311 911 1381 agonizare
936 1330 1029 1384 pro
1050 1317 1327 1374 anintatua
1352 1334 1399 1375 et
1420 1326 1658 1395 usquead
1678 1335 1889 1382 mortem

290 1408 410 1450 certa
440 1415 536 1469 pro
568 1402 805 1470 justitia,
833 1414 882 1459 et
911 1404 1051 1461 Deus
1093 1412 1401 1483 expugnabit
1446 1432 1539 1485 pro
1576 1427 1622 1472 te
1660 1418 1892 1475 inimicos

291 1497 407 1555 tuos,
437 1501 486 1543 et
514 1508 600 1546 eos
620 1504 802 1549 evertet
848 1498 1079 1556 viriliter.
1115 1500 1245 1559 Noli
1271 1506 1457 1565 citatus
1500 1510 1683 1566 essein
1712 1512 1891 1583 lingua

294 1590 389 1650 tua,
413 1594 459 1639 et
489 1584 707 1655 inutilis,
739 1599 785 1644 et
815 1593 1055 1650 remissus
1095 1595 1150 1651 in
1180 1600 1420 1668 operibus
1466 1603 1588 1659 tuis.
1631 1603 1760 1658 Noli
1784 1622 1891 1661 esse

937 246 1306 317 CONCILIUM
1347 260 1687 323 ROMANUM
1724 256 1794 324 ΙΝ
1830 268 2055 333 CAUSA
2101 238 2407 335 DIDNYSll
2443 276 2933 347 ALEXANDRINI.

281 365 453 435 facient
493 372 660 433 luant,
702 385 793 425 nec
841 372 1084 431 adversus
1111 381 1338 436 animam
1364 394 1502 440 luant
1530 389 1872 447 mendacium.
1902 393 1952 457 Α
1980 395 2111 449 sicut
2139 398 2217 452 leo
2248 399 2301 453 in
2329 401 2480 457 domo
2507 413 2558 457 tu

3482 297 3588 362 134

2563 421 2613 473 a,
2644 418 2867 465 evertens
2886 410 3184 471 domesticos
3203 422 3315 473 tuos
3339 426 3385 472 et
3407 435 3587 491 opprt-

1984 507 2122 546 mens
2168 494 2416 565 subjectos
2460 498 2572 555 tibi.
2618 501 2740 557 Non
2783 505 2849 559 sit
2897 521 3129 575 porrecta
3173 528 3353 567 ntantts
3394 525 3481 567 tua
3521 515 3589 569 (ιιι

1983 587 2355 657 accipiendum,
2384 600 2428 644 et
2448 594 2518 647 ad
2535 594 2762 650 dandum
2784 599 3016 653 collecta.
3043 600 3133 657 llis
3161 602 3327 660 fultus
3352 606 3593 677 Scriptu-

1984 693 2165 733 rarum
2192 684 2625 752 auctoritatibus,
2653 704 2867 760 semper
2894 691 2965 747 ita
2985 703 3185 762 rectus,
3208 706 3263 752 et
3284 713 3312 751 a
3340 698 3422 754 via
3446 699 3592 755 veri-

1987 776 2109 828 tatis
2138 790 2204 829 ne
2233 779 2518 846 avertaris,
2544 791 2600 836 ut
2625 785 2849 852 gratiam
2881 786 2971 841 Dei
2994 802 3207 859 semper
3238 792 3508 862 acquiras,
3538 801 3595 849 et

1987 864 2249 925 bonorum
2276 870 2552 928 hominum
2581 876 2811 932 amicitia
2844 895 3057 950 semper
3082 879 3307 937 fruaris:
3336 893 3593 958 tantoque

1991 966 2076 1014 tua
2105 961 2311 1018 ficilius
2338 964 2404 1018 ab
2431 981 2614 1023 amore
2640 969 2797 1040 hujus
2826 973 3007 1027 smculi
3037 989 3191 1029 mens
3220 986 3397 1041 exeat,
3422 994 3592 1047 quan-

1990 1058 2045 1107 to
2074 1054 2451 1125 etitnpellitur,
2484 1059 2610 1115 dum
2640 1073 2883 1120 vocatur.
2916 1065 3048 1120 Nam
3080 1083 3177 1124 vos
3214 1079 3269 1125 et
3303 1085 3594 1139 prtesemes

1992 1144 2173 1200 videre
2201 1148 2466 1218 cupimus,
2500 1162 2555 1207 et
2602 1154 2917 1213 absentibus
2968 1160 3220 1231 colloqui,
3270 1165 3459 1220 saltem
3504 1181 3596 1236 per

1993 1236 2292 1305 epistolam,
2316 1240 2705 1300 desideramus.
2735 1246 2888 1304 Unde
2914 1260 3184 1320 optamus,
3210 1263 3267 1308 ut
3291 1269 3384 1308 vos
3410 1255 3597 1312 beatus

1994 1330 2185 1387 Petrus
2222 1336 2587 1404 ap0stolorum
2622 1341 2876 1412 princeps
2907 1345 2971 1397 ad
3014 1361 3108 1399 sua
3159 1346 3341 1402 limina
3372 1346 3600 1407 felltitet'

1997 1425 2271 1493 perducat,
2307 1439 2572 1497 quatenus
2620 1433 2673 1486 in
2723 1437 3110 1506 omnipotentis
3138 1439 3347 1508 gratia,
3398 1442 3599 1512 perfrui

1999 1528 2175 1573 vesua
2207 1521 2487 1587 prazsentia
2518 1538 2844 1580 mereamur.
2883 1527 3011 1583 Data
3039 1545 3091 1584 tv
3123 1545 3292 1587 nonas
3323 1532 3596 1604 februarii,

1994 1609 2285 1668 Aureliano
2316 1622 2370 1669 et
2400 1614 2565 1670 Basso
2597 1617 2724 1673 viris
2751 1619 3065 1677 clarissimis
3085 1623 3397 1681 consulibus
3423 1624 3525 1699 (1).

972 1732 1308 1794 EI'ISTOLA
1347 1737 1391 1795 ll
1433 1734 1727 1799 DIONYSII
1766 1744 1970 1803 ΡΑΡιΕ
2011 1747 2103 1804 AD
2142 1749 2468 1809 SEVERUM
2510 1753 2913 1815 EPISCOPUM.

294 1836 366 1896 De
406 1839 645 1899 Ecclesiis
689 1846 1050 1918 parocltianis,
1096 1861 1153 1906 ut
1192 1854 1397 1926 singula
1442 1856 1660 1928 singulis
1699 1859 1886 1915 dentur
1913 1865 1962 1925 B
1989 1863 2164 1930 cium,
2222 1879 2344 1922 cum
2393 1866 2558 1925 fuerit
2609 1884 2748 1927 unus
2781 1870 2850 1927 ad
2874 1887 3034 1943 quem
3063 1875 3234 1945 possit
3269 1877 3600 1938 recurrereb

364 1937 692 2008 presbyteris,
722 1950 768 1995 et
797 1951 851 1996 ut
874 1943 1060 2003 nullus
1100 1943 1316 2003 alterius
1348 1950 1609 2021 perac/tiae
1653 1954 1894 2011 terminos

368 2029 444 2083 vel
469 2031 546 2096 jus
570 2032 796 2087 invadat.

437 2143 708 2219 Dionysius
734 2151 1001 2223 episcopus
1032 2153 1201 2211 Sevon
1227 2158 1479 2230 episcopo
1507 2160 1745 2217 salutem.

367 2256 498 2313 Olim
527 2268 583 2314 et
606 2262 675 2316 ab
700 2263 859 2318 initio
900 2263 987 2338 (S.
1018 2265 1158 2334 Leo,
1195 2286 1278 2339 ep.
1309 2270 1404 2342 24)
1448 2281 1650 2329 tantam
1701 2289 1890 2345 perce-

300 2348 468 2419 pimus
491 2367 517 2405 a
542 2351 707 2409 beato
738 2354 898 2413 Petro
932 2361 1303 2428 apostolorum
1334 2363 1578 2436 principe
1605 2366 1887 2437 fiduciam,

301 2451 353 2497 ut
382 2441 669 2502 habeamus
694 2450 1070 2509 anetoritatem
1103 2455 1395 2512 universali
1421 2458 1710 2527 Ecclesiae,
1740 2462 1894 2517 auxi-

300 2536 459 2593 liante
484 2541 739 2612 Domino,
781 2547 1068 2605 subvenire
1098 2567 1111 2604 :
1142 2560 1196 2606 et
1221 2551 1483 2623 quidquid
1526 2556 1777 2610 nocivum
1809 2565 1894 2612 est

310 2633 621 2690 auctoritate
647 2639 935 2707 apostolica
966 2644 1238 2713 corrigere
1268 2655 1321 2699 et
1347 2645 1659 2701 emendare.
1686 2647 1766 2702 Ad
1792 2648 1895 2705 hoc

311 2723 446 2778 enim
487 2724 675 2783 divinae
698 2730 776 2798 (2)
821 2732 1240 2803 dispensationis
1293 2738 1538 2808 provisio
1580 2737 1781 2809 gradus
1836 2750 1895 2798 et

303 2816 533 2876 diversos
579 2825 857 2881 constituit
900 2828 1119 2883 ordines
1162 2845 1283 2885 esse
1323 2831 1636 2901 distinctos,
1679 2844 1736 2889 ut
1765 2834 1891 2889 dum

306 2921 647 2977 reverentiam
685 2920 926 2975 minores
971 2921 1273 2991 potioribus
1312 2923 1660 2989 exhiberem,
1696 2935 1750 2980 et
1794 2940 1893 2995 po-

308 3013 467 3069 tiores
494 3015 788 3070 minoribus
819 3014 1162 3070 dilectionem
1191 3015 1596 3086 impenderent,
1627 3033 1729 3072 una
1760 3034 1894 3073 con-

308 3105 489 3161 cordia:
520 3105 677 3164 ﬁeret
715 3122 783 3162 ex
829 3106 1140 3163 diversitate
1188 3108 1484 3172 contextio.
1517 3117 1573 3165 et
1601 3119 1750 3166 recte
1774 3109 1897 3167 olli-

305 3197 495 3254 ciorum
523 3209 878 3268 generaretur
907 3199 1299 3255 administratio
1322 3199 1678 3270 singulorum.
1712 3200 1895 3272 Neque

1994 1956 2336 2028 pra-positus.

2067 2068 2142 2125 De
2189 2068 2449 2127 Ecclesiis
2493 2088 2623 2146 ergo
2667 2078 3012 2147 parochianis
3064 2092 3111 2150 ο,
3148 2083 3290 2143 unde
3339 2086 3599 2158 apostoli-

1993 2174 2112 2217 cam
2144 2161 2327 2218 sedem
2375 2166 2661 2223 consulere
2705 2169 2940 2239 voluisti,
2979 2173 3209 2244 qualiter
3256 2179 3367 2234 sint
3412 2189 3598 2235 custo-

1995 2253 2204 2309 diendae
2221 2271 2317 2327 per
2328 2254 2406 2331 (5)
2423 2258 2827 2318 Cordubensem
2847 2266 3120 2335 provincia
3133 2284 3205 2335 tn,
3217 2285 3281 2325 ac
3294 2269 3601 2329 dividenda:

1996 2345 2394 2415 sacerdotibus,
2417 2350 2550 2404 nihil
2582 2360 2686 2407 tua:
2712 2353 2960 2411 charilali
2991 2358 3184 2413 melius
3211 2361 3365 2417 nobis
3387 2362 3602 2418 videtur

2003 2439 2293 2511 intimare,
2335 2459 2496 2514 quam
2541 2455 2596 2500 ut
2640 2448 2920 2518 sequaris,
2953 2452 3096 2521 quod
3135 2467 3234 2509 nos
3276 2454 3331 2509 in
3374 2470 3598 2515 romana

2000 2530 2249 2588 Ecclesia
2294 2549 2466 2604 nuper
2507 2539 2680 2609 egisse
2730 2541 3095 2611 cognoscitur.
3150 2543 3423 2605 Ecclesias
3470 2563 3601 2604 vero

1997 2625 2231 2696 singulas
2248 2626 2471 2698 singulis
2488 2632 2816 2704 presbyteris
2831 2634 3094 2700 dedimus,
3117 2640 3399 2708 parochias
3415 2651 3466 2696 et
3485 2657 3598 2700 cte-

2001 2723 2223 2779 metcria
2264 2726 2343 2780 eis
2379 2724 2661 2782 divisimus
2691 2730 2789 2798 (4),
2818 2741 2871 2784 et
2900 2732 3290 2804 unicuiquejus
3322 2739 3600 2808 proprium

2005 2812 2207 2869 habere
2228 2818 2532 2885 statuimus,
2566 2820 2636 2872 ita
2667 2820 2937 2891 videlicet,
2959 2833 3018 2878 ut
3045 2825 3230 2880 nullus
3256 2829 3479 2884 alterius
3501 2844 3600 2900 pa-

1998 2909 2199 2965 rochire
2233 2923 2436 2979 terras,
2470 2916 2761 2984 terminos,
2793 2930 2885 2973 aut
2923 2920 3012 2990 jus
3046 2922 3290 2990 invadat,
3323 2925 3419 2983 sed
3460 2943 3600 2985 unus

2000 3007 2224 3078 quisque
2249 3010 2362 3065 suis
2386 3013 2629 3067 terminis
2651 3013 2740 3085 (S.
2766 3014 2868 3070 Leo
2891 3033 2928 3083 t,
2953 3034 3038 3089 ep.
3063 3018 3158 3091 89)
3181 3022 3253 3076 sit
3287 3033 3596 3095 contentus,

1999 3108 2054 3155 et
2085 3101 2265 3157 taliter
2300 3105 2588 3161 ecclesiam
2619 3118 2673 3162 ct
2703 3108 2915 3178 plebem
2956 3110 3050 3166 tibi
3090 3113 3439 3171 commissam
3471 3133 3598 3174 cus-

2003 3191 2171 3247 todiat
2196 3236 2210 3258 ,
2241 3205 2300 3249 ut
2325 3206 2449 3253 ante
2491 3198 2731 3253 tribunal
2774 3203 3216 3274 mtcrnijudicis,
3249 3223 3314 3263 ex
3348 3211 3599 3268 omnibus

307 3290 436 3344 enim
469 3266 792 3349 universitas
820 3291 920 3349 alia
966 3301 1176 3362 poterat
1202 3266 1757 3359 ratione'subsistere,
1790 3266 1893 3350 nisi
1918 3266 1965 3333 (ἶ
1996 3283 2098 3340 Sibi
2124 3289 2430 3347 (“immissis
2453 3292 2715 3349 τειίίοηθῐη
2740 3294 2951 3363 reddi".
2975 3305 3033 3352 ει
3058 3313 3162 3353 ηοη
3187 3299 3473 3375 iudicum.
3501 3303 3598 3360 39d

306 3381 599 3454 hujosmodi
644 3398 868 3455 magnus
918 3399 1036 3440 eam
1078 3384 1399 3440 diﬂercntiae
1447 3384 1583 3440 ordo
1627 3395 1891 3442 servaret.

307 3475 430 3544 Quia
466 3494 592 3534 vero
620 3489 869 3534 creatura
905 3459 959 3533 in
990 3494 1090 3534 una
1119 3478 1416 3550 eademque
1455 3479 1765 3549 aequalitate
1793 3497 1892 3553 guo

311 3566 514 3627 bernari
543 3572 635 3628 vel
656 3574 837 3629 vivere
860 3588 964 3628 non
995 3584 1203 3644 potest,
1232 3575 1533 3629 caelestium
1581 3575 1893 3630 ntilitiarum

315 3668 575 3735 exemplar
620 3682 721 3721 nos
769 3667 1030 3723 instruit:
1063 3670 1189 3737 quia
1216 3668 1343 3723 dum
1386 3669 1496 3723 sint
1535 3668 1742 3739 angeli,
1787 3668 1898 3723 sint

312 3758 643 3829 archangeli,
676 3762 844 3830 liquet
871 3762 993 3833 quia
1026 3777 1132 3817 non
1161 3762 1395 3834 :equales
1422 3771 1567 3832 sunt,
1587 3763 1682 3820 sed
1716 3763 1767 3818 in
1797 3778 1895 3833 po-

312 3858 489 3907 testate
515 3852 799 3919 etordine,
827 3855 964 3908 sicut
989 3855 1148 3922 nosti,
1174 3854 1354 3909 dillert
1376 3855 1511 3910 alter
1532 3855 1599 3910 ab
1620 3854 1812 3910 altero.
1839 3855 1897 3912 Si

315 3957 436 4014 ergo
452 3944 583 4001 inter
613 3962 730 4010 eos,
754 3947 843 4017 qui
866 3947 983 4002 sine
1001 3957 1220 4016 peccato
1246 3956 1391 4014 sunt,
1414 3946 1514 4001 ista
1536 3956 1749 4002 constat
1776 3962 1897 4003 esse

315 4035 609 4103 distinctio,
666 4040 787 4109 quis
831 4037 1111 4095 hominum
1152 4039 1350 4094 abnuat
1395 4038 1520 4093 huic
1565 4052 1626 4093 se
1668 4038 1898 4095 libenter

313 4126 641 4200 dispositioni
665 4131 1022 4187 sulnuittcrc?
1050 4130 1185 4186 Hinc
1210 4132 1411 4186 etenim
1438 4146 1541 4202 pax
1572 4138 1628 4185 et
1656 4128 1896 4186 Charitas

305 4233 475 4278 mutua
504 4240 562 4280 se
590 4222 719 4281 vice
762 4224 1215 4296 complectuntur,
1249 4236 1299 4281 ct
1345 4233 1527 4281 manet
1570 4226 1724 4280 tirma
1765 4238 1898 4278 (Oll-

303 4318 488 4374 cordite
518 4320 570 4373 in
592 4320 805 4375 alterna
828 4327 886 4374 et
908 4318 1017 4374 Deo
1040 4320 1235 4389 placita
1257 4317 1544 4373 dilectione
1572 4316 1857 4373 sinceritas
1881 4333 1896 4373 :

299 4412 411 4482 quia
451 4412 884 4485 unumquodque
928 4421 1054 4467 tunc
1097 4411 1384 4469 salubriter
1428 4412 1732 4483 completur
1776 4409 1899 4466 om.

358 4546 1257 4622 (I)Antt.‘271.AtsiscribasFusco
1270 4548 1503 4622 etBasso
1514 4548 1617 4603 erit
1632 4546 1892 4622 anu.258.

362 4548 405 4622 (Ι
443 4547 1892 4605 Anu.‘271.AtsiscribasFuscoetBassoeritann.258.

362 4547 437 4693 (si
468 4626 529 4677 S.
559 4621 876 4699 Grrg.,_ep.
908 4620 999 4686 52,
1031 4621 1173 4687 Lrtv,
1197 4621 1513 4692 quibusdam
1537 4620 1732 4675 leviter
1762 4622 1900 4699 dun-

297 4691 829 4776 “‘.?.ic"'“'.“'.""‘.i.s.'
915 4762 948 4776 ..
1050 4764 1098 4776 ..
1172 4773 1181 4776 _
1656 4762 1713 4776 λ.
1816 4694 1870 4774 ’.

363 4764 439 4835 (3)
460 4767 722 4820 Corduba
752 4762 1621 4848 Hispalj‘s‘tlbjcctttfuittempore
1656 4760 1894 4848 Dionysii

361 4834 437 4906 pa:
462 4853 610 4892 anno
632 4851 769 4893 vero
795 4834 897 4890 cic.
921 4836 1046 4905 780,
1081 4837 1181 4892 sub
1205 4835 1402 4890 Mauris
1424 4846 1583 4905 caput
1610 4846 1724 4890 erat
1749 4836 1897 4908 regni

332 4922 602 4989 "11?“19'2
669 4980 683 4989 .
945 4979 958 4989 .
1074 4979 1087 4989 .
1203 4980 1215 4989 .
1329 4978 1360 4989 ..
1535 4978 1692 4989 .7.

363 4924 745 5060 ῗῧηὲἓίζρρὶαδ
770 4994 885 5032 vero
912 4979 1145 5060 singulas
1170 4978 1385 5060 singulis
1412 4978 1717 5060 presbyteris
1748 4976 1896 5060 dedi-

304 5050 705 5125 ltI's,parochias
723 5060 769 5104 et
784 5050 1063 5105 coemeteria
1078 5054 1146 5133 eis
1162 5052 1215 5105 di
1220 5052 1445 5133 visimus.
1456 5051 1549 5103 llat
1556 5066 1603 5133 to
1619 5050 1898 5133 parochia-

306 5120 849 5202 Ltltlt'd'tstittmimtent
888 5140 995 5178 non
1032 5126 1319 5202 prim-aura
1352 5121 1637 5193 Dionysio,
1684 5121 1786 5202 sed
1830 5120 1898 5174 ab

305 5190 541 5250 Evaristo
585 5195 792 5251 factam
830 5209 972 5275 esse,
990 5190 1139 5275 patet
1166 5211 1231 5275 ξιξ
1256 5193 1321 5275 iis
1340 5190 1898 5275 quae.sttpradisiti‘tus

303 5262 359 5318 in
376 5267 509 5321 uotis
526 5267 591 5323 ad
612 5269 783 5321 vitam
807 5262 1047 5345 ejusdem
1069 5264 1316 5345 Evaristi,
1334 5262 1517 5345 verbis
1538 5280 1552 5345 ξ
1575 5262 1683 5345 ic
1702 5264 1894 5345 titulos.

300 5333 496 5392 Verum
520 5354 643 5395 cum
681 5339 736 5392 in
767 5333 1143 5417 persecutione
1164 5336 1438 5417 Valeriani
1465 5334 1676 5406 publico
1696 5334 1896 5417 edicto2

298 5406 366 5465 de
390 5424 496 5482 quo
513 5423 683 5482 supra
704 5409 756 5465 in
770 5405 918 5466 notis
937 5410 1001 5465 ad
1023 5409 1184 5466 vitam
1199 5407 1332 5466 Sixti
1351 5409 1581 5481 egimus,
1601 5405 1898 5477 presbyteri

1996 3376 2220 3446 gloriam
2251 3380 2490 3449 pro'suis
2518 3383 2727 3439 actibus
2756 3385 3006 3457 accipiat.
3039 3387 3195 3444 Hanc
3224 3408 3439 3464 quoque
3467 3411 3597 3451 nor-

2001 3487 2177 3541 mam,
2218 3476 2498 3532 carissime
2519 3520 2534 3544 ,
2570 3488 2620 3533 te
2659 3489 2714 3534 et
2754 3497 2944 3537 omnes
2971 3484 3255 3555 episcopos
3287 3490 3438 3558 sequi
3468 3504 3600 3545 con-

2002 3566 2182 3619 venit:
2218 3569 2440 3638 etquod
2475 3570 2569 3624 tibi
2602 3571 2876 3637 scribitur,
2898 3576 3151 3631 omnibus
3171 3578 3601 3652 quibuscumque

2000 3659 2272 3727 potueris,
2305 3673 2489 3717 notum
2531 3662 2695 3718 facias
2716 3707 2731 3732 ,
2768 3674 2825 3719 ut
2851 3684 2957 3721 non
2995 3670 3279 3740 specialis,
3310 3674 3404 3729 sed
3434 3688 3602 3744 gene-

2000 3752 2128 3808 ralis
2158 3751 2249 3807 liat
2273 3753 2372 3808 ista
2406 3757 2717 3826 praeceptio.
2737 3757 2973 3815 Crimina
3001 3777 3152 3832 vero,
3182 3781 3303 3834 quae
3322 3769 3594 3841 episcopis

2001 3846 2299 3919 impingere
2323 3847 2477 3914 dicis,
2512 3866 2610 3920 per
2632 3851 2769 3908 alios
2799 3869 2907 3909 non
2937 3855 3089 3913 sinas
3116 3859 3225 3912 ullo
3253 3875 3343 3919 mo
3364 3865 3413 3919 to
3443 3862 3560 3919 ﬂeri
3582 3904 3599 3930 ,

2001 3939 2103 3993 nisi
2135 3955 2231 4010 per
2258 3940 2401 4009 ipsas
2432 3940 2521 4010 qui
2561 3943 2787 4001 crimina
2826 3946 3114 4004 intendunt
3145 3969 3159 4005 :
3190 3951 3237 4007 si
3280 3960 3459 4009 tamen
3495 3955 3600 4025 ipsi

2003 4031 2145 4102 digni
2190 4040 2245 4087 et
2276 4032 2786 4103 irreprebensibiles
2812 4040 3192 4109 apparuerint,
3237 4053 3292 4098 et
3331 4043 3465 4101 actis
3506 4045 3603 4100 do-

2002 4124 2210 4179 cuerint
2232 4123 2456 4196 publicis
2484 4126 2724 4197 omni(5)
2739 4142 2797 4185 se
2816 4143 3000 4187 carere
3026 4132 3330 4203 suspicione
3348 4145 3401 4190 et
3424 4135 3604 4193 inimi-

2000 4219 2146 4287 citia,
2180 4230 2233 4276 et
2263 4221 2787 4293 irreprchensibilem
2833 4223 2990 4280 iidem
3031 4231 3603 4304 conversationemque

2001 4310 2219 4368 ducere.
2267 4311 2480 4368 Nemini
2526 4313 2669 4369 enim
2701 4315 2769 4371 de
2810 4332 2869 4372 se
2916 4318 3199 4389 confesso,
3234 4322 3380 4380 credi
3425 4336 3607 4397 potest

2001 4423 2164 4480 super
2200 4407 2403 4464 crimen
2435 4408 2692 4479 alietntm,
2728 4413 2984 4483 quoniam
3026 4415 3146 4486 ejus
3193 4418 3476 4491 omnisque
3522 4421 3603 4479 rei

2000 4545 2068 4601 ab
2086 4545 2344 4601 Ecclesiis
2367 4547 2738 4618 reelgarentur
2756 4592 2771 4616 ,
2797 4560 2853 4606 et
2879 4550 3295 4612 christianorum
3322 4557 3375 4614 in
3399 4575 3603 4618 creme-

2002 4621 2150 4673 tcriis
2175 4629 2473 4673 conventus
2516 4629 2845 4693 vetarentur,
2887 4627 3297 4693 parodtiarum,
3331 4632 3606 4688 Ecclesia-

2000 4705 2142 4773 LIII",
2197 4700 2256 4773 et
2310 4692 2744 4773 eteuteteriorum
2782 4694 3039 4773 _conlusio
3091 4701 3231 4773 sine;
3262 4692 3426 4759 dubio
3475 4720 3607 4773 pace

2003 4760 2259 4816 Ecclesim
2283 4806 2296 4824 ,
2330 4777 2585 4817 cont-essu
2619 4765 2852 4820 vicissim
2897 4769 3061 4821 libera
3096 4771 3348 4826 facultate
3373 4760 3605 4831 adeundi

2000 4833 2345 4913 crerneteria,
2397 4834 2680 4914 Dianysius
2732 4851 2985 4914 romanus
3037 4841 3274 4908 pontifex
3321 4846 3606 4914 parochias

2002 4905 2334 4986 presbyteris
2382 4920 2479 4984 per
2533 4905 2751 4984 exilium
2801 4908 2883 4962 vel
2940 4905 3603 4986 martyriumrs'poliatas,

2001 4976 2134 5030 altas
2162 4976 2287 5049 aliis
2310 4976 2623 5049 assignavit.
2655 4986 2900 5046 tempore
2927 4976 3319 5049 persecutionis
3340 4976 3602 5044 confusas

2002 5047 2196 5123 iterum
2239 5044 2454 5123 divisit,
2497 5062 2559 5101 ac
2586 5063 2682 5115 pro
2712 5044 3256 5123 t'a'tione’distribuit,
3289 5060 3606 5115 cteuteteria

2003 5116 2262 5188 singulis,
2310 5118 2467 5199 quod.
2492 5128 2619 5172 ante
2648 5134 2772 5199 eum
2825 5116 3325 5199 ieceranuqnidam
3373 5140 3606 5199 anteque

2003 5204 2270 5273 messores,
2294 5188 2525 5273 vinctasitn
2546 5193 2882 5273 etinsignavit
2904 5194 3051 5266 (vide
3068 5188 3449 5270 Barou.,.auno
3474 5188 3607 5273 270,

2004 5277 2153 5317 num.
2184 5262 2297 5330 17).
2327 5259 2525 5316 Seven.
2558 5259 2763 5321 Βιιιιιεέ.

2002 5412 2023 5459 ι
2077 5331 2365 5457 (Euagouc.
2398 5334 2565 5403 Arch,
2596 5342 2647 5402 1,
2677 5351 2730 5393 ο.
2773 5337 2864 5409 15,
2898 5338 2987 5409 15,
3024 5356 3078 5414 q.
3113 5342 3167 5400 5.
3203 5340 3419 5401 Nemini
3463 5361 3607 5422 pra:-

2025 5419 2156 5459 erou
2255 5440 2268 5453 .

2025 5419 2268 5474 erquam.

1523 5538 1911 5603 LECTIONES
1970 5540 2384 5602 VARIANTES.

346 5689 815 5806 :Verbosensua‘t'l,
841 5686 983 5743 Labb.

1922 5682 1982 5747 D

2073 5685 2098 5718 ο
2136 5682 2507 5739 Parochialibus
2526 5685 2643 5743 Lab.
