4158 6260
548 333 654 391 155

1578 327 1668 384 DE
1709 329 1768 386 S.
1809 328 2054 386 FELICE
2090 325 2380 386 ROMANO
2422 326 2804 388 PONTIFICE.

3740 329 3848 388 156

545 447 813 506 confessio
868 445 1180 519 (professio,
1221 444 1292 502 ita
1337 446 1390 502 in
1432 446 1563 520 ms.)
1613 450 1907 517 periculosa
1953 459 2038 506 est
2082 460 2135 503 et
2162 456 2214 512 Λ
2242 451 2478 520 mitiget,
2531 451 2710 520 pigros
2751 455 3010 515 exacuat,
3067 448 3283 505 desides
3322 447 3589 504 hortando
3650 461 3673 488 ο
3721 466 3847 506 suc-

545 544 743 618 (lladr.
775 545 898 597 coll.
931 546 1024 609 tu,
1049 555 1094 596 et
1115 559 1201 596 an.
1237 554 1551 612 interpretat.
1580 546 1838 598 constitut.
1873 545 1957 608 12,
1990 546 2067 598 tit.
2099 561 2136 611 ι,

545 638 634 692 lib.
686 653 763 702 ιι,
813 637 928 689 cad.
973 633 1230 690 Theodos.
1277 636 1334 697 3,
1363 653 1414 706 q.
1448 636 1504 703 ὦ,
1536 635 1728 707 Alieni)
1778 639 1984 691 admitti
2033 654 2137 694 non

545 729 730 786 debet.
761 728 1019 785 Similiter
1044 729 1204 782 alieni
1235 735 1439 784 erroris
1479 734 1683 785 Socittm
1706 773 1721 797 ,
1756 732 1842 785 vel
1871 747 1899 785 a
1936 731 2016 785 sui
2047 748 2140 786 vo-

546 823 782 878 luntarie
813 821 1074 892 propositi
1101 823 1314 877 tramite
1341 824 1702 888 recedentem,
1735 833 1826 878 aut
1853 827 2019 880 sacris
2048 841 2142 897 pa-

543 923 686 969 trum
727 912 926 984 regulis
957 923 1014 968 et
1037 914 1510 970 constitutionibus
1542 915 1948 986 impedientem.
1973 921 2143 972 susci-

547 1022 676 1078 pere
724 1023 828 1062 non
879 1023 1200 1078 possumus,
1248 1023 1348 1063 nec
1395 1009 1687 1077 debemus,
1741 1027 1842 1066 nec
1885 1014 2147 1082 impetere

548 1112 694 1156 recte
723 1100 1013 1157 crndentes
1033 1145 1048 1167 ,
1077 1103 1164 1157 vel
1198 1113 1507 1159 sanctorum
1540 1115 1749 1174 patrum
1781 1109 2148 1164 sanctionibus

548 1197 987 1265 obtemperantes
1037 1197 1400 1267 permittimus
1444 1217 1457 1253 :
1506 1203 1629 1267 quia
1688 1201 1914 1256 infames
1962 1217 2150 1258 omnes

547 1304 668 1346 csse
710 1305 1028 1356 censemus,
1061 1292 1151 1360 qui
1193 1305 1343 1346 suam
1382 1303 1471 1346 aut
1499 1291 1862 1348 Christianam
1897 1297 2152 1365 ραι-νειιὶ-

548 1392 737 1440 cantur
771 1383 967 1454 legem,
987 1393 1082 1438 aut
1110 1386 1460 1452 apostolicam
1488 1386 1575 1439 vel
1598 1388 1898 1457 regularem
1924 1388 2153 1443 libenter

549 1483 882 1547 pustpouunt
935 1478 1330 1530 attetoritatetn.
1384 1476 1509 1531 Haec
1560 1475 1640 1549 (l)
1710 1480 1890 1549 itaque
1921 1521 1936 1542 ,
1989 1480 2153 1535 frater

550 1568 889 1629 charissitue,
924 1584 1042 1638 qum
1075 1584 1170 1638 pro
1197 1567 1390 1623 affectu
1441 1571 1793 1625 sacerdotalis
1823 1573 2057 1627 nominis
2099 1583 2154 1628 et

550 1659 773 1715 honoris
800 1656 1160 1725 impendimus
1178 1700 1193 1724 ,
1227 1657 1320 1712 tibi
1360 1659 1571 1726 tuisque
1608 1661 1837 1715 subditis
1859 1705 1872 1727 ,
1899 1672 1952 1717 et
1979 1665 2154 1718 enmi-

551 1752 651 1808 bus
680 1751 906 1806 tenenda
928 1791 942 1815 ,
992 1762 1045 1807 et
1087 1753 1208 1806 aliis
1252 1752 1544 1806 nuntianda
1567 1795 1582 1819 ,
1621 1763 1782 1824 atque
1814 1757 2149 1826 prmdicanda

553 1844 869 1900 mandamus
890 1885 904 1907 ,
939 1843 1134 1912 quibus
1165 1853 1217 1897 et
1249 1845 1424 1913 pietas
1452 1843 1518 1898 ad
1551 1845 1835 1901 utilitatem
1861 1889 1874 1911 ,
1905 1858 1959 1902 et
1988 1848 2057 1901 sit
2085 1848 2152 1902 ad

552 1937 782 1993 fructum
824 1937 1060 1993 dilectio.
1095 1935 1248 1992 Unde
1277 1937 1638 2007 altjurgando,
1679 1939 1942 1994 hortando
1966 1983 1980 2006 ,
2026 1955 2152 1995 sua-

556 2027 752 2094 dendo,
802 2027 1147 2094 blandiendo,
1196 2029 1526 2085 consolando
1554 2039 1602 2094 ο,
1641 2030 1917 2100 prodesse,
1966 2033 2156 2102 quibus

555 2135 860 2192 possumus,
887 2121 1219 2177 festinemus.
1242 2121 1444 2192 Lingua
1476 2129 1658 2176 nostra
1684 2123 1837 2178 bonis
1862 2125 2155 2179 fomentum

553 2213 672 2280 sit,
738 2213 916 2282 pravis
983 2213 1226 2268 aculeus.
1276 2212 1517 2268 Timidos
1566 2211 1594 2251 ι’
1653 2215 1934 2284 retundat,
1993 2216 2160 2272 iratos

626 2353 708 2423 (l)
741 2353 797 2410 S.
827 2352 1014 2424 Greg..
1057 2353 1215 2421 epist.
1266 2353 1389 2414 115.
1424 2353 1517 2408 lib.
1547 2367 1641 2420 vn,
1685 2352 1840 2424 cujus
1881 2353 2042 2408 verba
2088 2368 2152 2408 ac

552 2425 763 2511 styllft‘nn‘
783 2440 1075 2511 netupnnon
1101 2424 1280 2480 statim
1312 2434 1590 2496 agnoscet.

738 2495 1218 2641 ᾒῇεἰιῗδῧῖοηγείιιε
1247 2583 1394 2641 papa
1441 2577 1574 2624 teSte
1615 2578 1805 2624 sancto
1854 2569 2150 2624 Athanasio

551 2638 643 2697 lib.
677 2638 744 2694 de
773 2638 1006 2695 decretis
1032 2638 1222 2710 synodi
1243 2639 1474 2695 Nicacuae
1517 2641 1776 2696 adversus
1810 2641 2152 2696 Sabellianos

2245 543 2469 605 cendat,
2520 543 2907 614 refugientibus
2959 544 3214 610 suadeat,
3260 545 3469 614 asperis
3517 543 3845 610 blandiatur,

2245 635 2562 705 desperatos
2590 635 2926 700 consolatur,
2973 645 3031 688 ut
3081 636 3204 706 quia
3246 634 3500 690 doctores
3528 634 3557 671 ά
3590 634 3848 703 dicimur,

2246 733 2384 786 viam
2415 731 2602 786 salutis
2628 729 3000 801 gradientibus
3025 729 3389 784 05teodamus.
3427 728 3611 783 Simus
3641 729 3692 782 in
3726 743 3855 784 cus-

2249 826 2391 880 todia
2411 824 2715 895 vigilantes,
2741 823 2941 877 aditum
2973 830 3158 877 contra
3189 820 3364 876 hostio
3390 821 3612 878 insidias
3635 819 3853 876 soiliciti

2252 919 2577 972 muniamus.
2608 916 2676 970 Et
2729 917 2773 970 si
2829 914 3044 985 quando
3078 913 3337 984 perditam
3362 924 3385 950 ο
3414 930 3572 970 ovem
3603 914 3672 969 de
3699 929 3854 969 com-

2252 1012 2432 1066 missis
2460 1010 2709 1081 gregibus
2733 1024 2887 1064 error
2917 1007 3220 1072 abduxerit,
3252 1015 3365 1062 toto
3395 1008 3539 1062 illam
3572 1009 3762 1064 annisu
3785 1007 3857 1063 ad

2254 1106 2433 1161 caulas
2456 1105 2755 1160 dominicas
2785 1120 3045 1160 revocare
3073 1102 3465 1159 contendamus
3486 1144 3502 1168 ,
3538 1112 3594 1158 ut
3621 1104 3691 1159 de
3727 1116 3858 1173 pas-

2257 1199 2389 1254 toris
2430 1198 2646 1253 nomine
2685 1197 2827 1268 quod
2881 1197 3174 1260 habemus,
3220 1211 3324 1251 ιιοιι
3357 1195 3709 1266 supplicium,
3758 1192 3861 1250 sed

2259 1292 2537 1361 praemium
2584 1305 2999 1360 consequamur.
3035 1290 3168 1358 Quia
3205 1305 3334 1361 ergo
3384 1290 3435 1344 in
3478 1290 3560 1344 his
3603 1289 3860 1344 omnibus

2257 1385 2454 1439 divinae
2503 1385 2690 1453 gratia:
2741 1385 3071 1452 adjutoriutn
3126 1397 3262 1452 opus
3311 1391 3425 1442 est,
3473 1380 3864 1452 omnipotentis

2261 1475 2353 1530 Dei
2375 1514 2388 1535 ,
2418 1475 2647 1528 assiduis
2695 1475 2946 1544 precibus
2974 1474 3316 1529 clementiam
3366 1488 3655 1528 exoremus
3675 1515 3689 1539 ,
3722 1487 3864 1544 qua-

2260 1576 2418 1621 tenus
2457 1565 2521 1619 ad
2557 1566 2671 1619 haec
2703 1567 2858 1622 nobis
2900 1567 3206 1637 operanda,
3254 1575 3309 1620 et
3351 1565 3487 1621 velle
3526 1564 3755 1630 tribuat,
3801 1571 3867 1620 et.

2257 1676 2416 1731 posse
2446 1661 2741 1725 concedat,
2769 1671 2928 1729 atque
2956 1661 3008 1714 in
3047 1676 3111 1715 ea
3153 1675 3252 1714 uos
3281 1660 3398 1724 via,
3444 1674 3566 1714 cum
3599 1657 3868 1713 fructibus

2260 1755 2384 1809 boui
2424 1754 2602 1823 operis
2624 1795 2638 1816 ,
2671 1769 2828 1824 quam
2859 1769 2921 1809 se
2952 1764 3134 1824 pastor
3165 1761 3439 1824 pastorum
3477 1767 3600 1807 esse
3631 1759 3866 1806 testatus

2258 1857 2371 1912 est,
2418 1848 2630 1917 dirigat,
2687 1856 2745 1901 ut
2783 1847 2902 1903 sine
2943 1862 3049 1917 quo
3099 1848 3232 1902 nihil
3275 1861 3434 1917 agere
3472 1859 3757 1916 possumus
3810 1840 3865 1909 ί,

2261 1955 2356 2010 per
2405 1939 2579 2009 ipSum
2629 1939 2857 2010 implere
2904 1939 3084 1994 omnia
3135 1939 3433 1994 valeamus.
3479 1938 3610 1991 Data
3665 1952 3695 1988 v
3737 1933 3868 1990 ldus

2262 2033 2688 2105 septembris(2)
2735 2032 2959 2090 Claudio
2998 2044 3054 2089 et
3099 2032 3333 2089 Paterno
3373 2033 3505 2089 viris
3546 2029 3868 2088 clarissimis

2262 2124 2574 2182 consulibus
2604 2123 2705 2196 (5).

2258 2354 2518 2424 in~ignem
2569 2353 2785 2422 scripsit
2813 2351 3096 2422 epistolam
3123 2350 3177 2408 in
3219 2367 3324 2424 qua
3376 2351 3622 2406 unitatem
3665 2348 3764 2406 Dei
3811 2350 3871 2405 in

2255 2423 2507 2480 Trinitate
2532 2435 2578 2480 et
2603 2425 2908 2479 Trinitatem
2940 2428 2991 2478 in
3021 2427 3216 2478 unitate
3235 2423 3452 2494 egregie
3481 2423 3868 2478 Coltforutavit.

2255 2497 2469 2552 Ullltalll
2509 2514 2572 2553 ea
2615 2513 2756 2552 nunc
2795 2500 3012 2552 adesset
3051 2499 3118 2550 ad
3158 2495 3487 2552 refellendos
3518 2511 3690 2552 novos
3720 2503 3873 2549 vete-

2257 2585 2456 2640 resque
2485 2569 2720 2624 Arianos
2737 2581 2793 2624 et
2813 2568 3172 2625 Sabellianos.
3879 2608 3882 2609 ν

1750 2777 2131 2835 LECTIONES
2173 2775 2594 2834 VAPJANTES.

551 2901 568 2961 Γ
614 2900 645 2961 _°
679 2895 1158 2961 Consulendo’Labb.

614 2958 643 2998 ι)
668 2962 706 3010 Τ
711 2962 917 3019 uati-los,
946 2960 1092 3008 Labb.

616 3027 639 3055 ο
666 3023 915 3082 Hortatur,
942 3020 1085 3070 Labb.

590 3220 1030 3232 __==—,,,,,
1057 3220 1078 3221 γέ
1121 3220 1136 3222 τ
1175 3220 1572 3222 γνᾲῂκ
1599 3220 1610 3221 κ

2323 2893 2349 2932 d
2383 2893 2620 2944 Doctores
2644 2893 2760 2942 Lab.

2326 2960 2349 2986 ε
2375 2958 2474 3005 Per
2492 2959 2656 3015 deria,
2685 2953 2797 3005 Lab.

2327 3015 2347 3055 ἲ
2388 3019 2578 3070 Facere
2604 3017 2724 3068 nihil
2747 3019 3068 3082 assurgimus,
3099 3016 3213 3068 Lab.

633 3354 872 3466 DE
926 3352 1078 3470 ε.
1165 3354 1804 3472 FELICE
1892 3353 2156 3469 ιῖθῖ

2262 3346 2690 3464 [ANO
2749 3340 3796 3488 novumac,

1882 3547 2162 3605 NOTITIA
2202 3543 2587 3603 HISTORICA.

1885 3700 2541 3733 .._.———:===--——-

629 3857 782 3915 Felix
805 3855 883 3926 'ﬁt
931 3851 1206 3923 Pontifex,
1241 3848 1503 3904 Romanus
1550 3862 1686 3902 anno
1729 3843 1858 3908 269,
1883 3842 1965 3896 die
1989 3841 2060 3896 ‘28
2087 3839 2162 3894 vel
2188 3837 2235 3904 C
2266 3843 2483 3900 straret,
2532 3833 2823 3891 Sabellium
2853 3834 3176 3892 confutaret.
3229 3835 3419 3894 Eidem
3450 3837 3610 3892 ritum
3641 3833 3873 3892 faciendi

550 3954 614 4011 5i
653 3948 956 4006 decembris.
1009 3974 1080 3987 -—
1119 3943 1273 3998 Felix
1324 3943 1492 4012 patria
1537 3940 1815 3994 Rotnanus
1864 3934 2166 3990 Constantii

552 4047 696 4103 ﬁlius
725 4045 814 4099 die
837 4041 908 4096 ‘28
945 4039 1029 4094 vel
1062 4049 1338 4109 postremo
1362 4035 1486 4089 anni
1514 4034 1644 4096 269,
1695 4034 1746 4085 in
1796 4029 2033 4100 Dionysii
2080 4028 2157 4082 lo-

553 4154 674 4196 cum
720 4135 1045 4191 substitutus
1087 4141 1171 4188 est
1208 4129 1311 4203 (l).
1353 4129 1448 4184 llic
1480 4128 1734 4182 insistens
1752 4122 2166 4194 praedi-cessuris

553 4234 640 4288 sui
683 4229 926 4299 vestigiis
972 4226 1104 4281 nihil
1154 4223 1427 4294 antiquius
1467 4221 1675 4285 habuit,
1725 4233 1883 4290 quam
1931 4217 2167 4271 haereses

553 4328 894 4396 insurgentes
941 4322 994 4375 in
1047 4319 1344 4374 Ecclesiam
1417 4313 1724 4386 proﬂigare.
1801 4309 2163 4379 Quamobrem

555 4434 678 4475 cum
726 4429 917 4470 recens
942 4415 945 4420 ’
974 4421 1121 4467 esset
1165 4410 1360 4464 vulnus
1390 4423 1416 4462 a
1449 4407 1616 4462 Paulo
1646 4406 1998 4460 Samosateuo
2029 4399 2166 4454 inlli-

559 4524 704 4567 ctttm
729 4507 1011 4564 catholica;
1038 4504 1278 4566 veritati,
1331 4501 1558 4557 necdum
1592 4499 1818 4552 obducta
1848 4497 2066 4552 cicatrix
2098 4494 2166 4549 de

555 4619 742 4661 errore
773 4602 1014 4666 Sabellii,
1046 4600 1162 4670 ipse
1208 4597 1277 4652 de
1306 4596 1426 4652 Filii
1461 4595 1555 4650 Dei
1599 4594 1900 4656 divinitate,
1927 4606 1988 4645 ac
2021 4590 2164 4658 pari-

555 4709 641 4755 ter
669 4697 1024 4760 humanitate,
1071 4691 1387 4761 naturisqne
1434 4688 1641 4744 duabus
1690 4686 1742 4740 in
1795 4699 1898 4739 una
1931 4684 2165 4738 Persona

555 4789 825 4847 diSlint‘llS
880 4785 946 4840 ad
1005 4784 1297 4840 Maximum
1367 4781 1677 4849 episcopum
1755 4775 2166 4831 alexandrinum

561 4882 809 4954 Dionysii
861 4891 1236 4936 successorem
1267 4873 1483 4941 scripsit
1511 4870 1819 4942 epistolam,
1869 4885 1970 4937 qna
2003 4866 2165 4922 veluti

554 4975 776 5038 ancipiti
795 4961 976 5040 gladio
993 4983 1277 5039 utramque
1297 4967 1545 5021 haeresim
1569 4978 1675 5016 uno
1694 4963 1798 5016 ictu
1815 4958 2118 5015 conluderet
2147 4974 2161 5023 ;

557 5079 617 5125 ιιι
639 5069 766 5125 dum
797 5072 848 5121 in
873 5067 1091 5121 Christo
1125 5073 1370 5118 naturam
1402 5067 1728 5115 monstraret
1755 5057 1988 5110 divinam
2025 5053 2164 5107 indi-

559 5163 673 5218 vise
703 5158 1023 5217 humanitati
1055 5157 1420 5226 coniunctam,
1457 5152 1604 5208 Pauli
1635 5149 1882 5205 h-rresim
1911 5148 2168 5204 cendem-

557 5265 717 5312 naret
770 5272 783 5308 :
826 5251 954 5311 dum
989 5264 1119 5304 vero
1149 5249 1439 5303 bttmanam
1470 5247 1520 5300 in
1554 5246 1746 5300 eodem
1775 5243 2093 5313 praedicaret
2138 5256 2168 5294 a

559 5347 744 5402 dit-ina
776 5360 900 5401 esse
929 5353 1136 5398 natura":
1166 5341 1491 5410 proprietate
1519 5338 1848 5401 distinctam,
1895 5345 1948 5389 et
1975 5333 2168 5387 divina:

558 5437 874 5494 substantia:
906 5437 958 5491 in
990 5435 1163 5490 tribus
1208 5431 1457 5502 personis
1503 5428 1905 5484 subsistentiam
1938 5426 2164 5480 demon-

635 5572 714 5644 (l)
743 5570 940 5626 Euseb.
969 5570 1104 5625 Hist.
1135 5567 1312 5644 είς-ιω.
1335 5607 1348 5628 ,
1381 5564 1628 5644 Δ1ῑι).“ξνιι.
1677 5577 1810 5644 cap,
1961 5572 2014 5644 et
2058 5560 2162 5644 δῷς

558 5633 774 5715 Pagius,
806 5645 872 5715 ad
901 5654 1097 5715 annum
1131 5641 1342 5715 274,‘n.
1485 5635 1635 5689 l’Art.
1659 5633 1727 5715 tie
1753 5634 1954 5700 vériﬁer
1978 5633 2049 5686 les
2079 5634 2166 5685 da-

561 5703 804 5853 iggpag.
833 5714 974 5780 245;
1018 5703 1330 5780 Saccare'lli,
1379 5707 1517 5764 Hist.
1548 5703 1712 5779 tecet”
1749 5715 1881 5758 tom.
1928 5719 2003 5769 ιν,
2039 5719 2159 5774 pag.

2265 3929 2528 3986 sacrificia
2555 3945 2712 4000 supra
2741 3930 3017 4000 sepulchra
3047 3939 3135 3984 aut
3162 3932 3430 3986 memorias
3479 3940 3760 4000 martyrum
3781 3929 3873 4002 ’(2)

2341 4069 2420 4144 (2)
2448 4070 2635 4144 Bona,
2674 4068 2770 4124 lib.
2803 4068 3009 4144 t._Rer._
3028 4069 3506 4144 _litur,q.,__cap.‘l9.
3532 4067 3559 4140 §
3581 4066 3634 4144 5Γ
3667 4067 3745 4122 De
3767 4066 3874 4144 lie-

2267 4137 2372 4198 lice
2403 4137 2577 4209 primo
2607 4141 2830 4195 Summo
2857 4139 3120 4196 Pontifice
3152 4137 3344 4194 scribit
3385 4137 3699 4194 Anastasius
3731 4155 3743 4190 :
3780 4137 3877 4193 Hic

2269 4213 2546 4269 constituit
2597 4228 2755 4280 supra
2801 4213 3086 4281 sepulchra
3133 4222 3225 4265 aut
3255 4211 3547 4265 memorias
3578 4219 3874 4281 martyrum

2271 4285 2466 4340 missas
2495 4283 2779 4349 celebrari,
2807 4280 2928 4350 quia
2965 4283 3210 4335 fortassis
3253 4283 3321 4337 de
3351 4283 3450 4336 hoc
3477 4282 3648 4352 legem
3681 4280 3873 4346 edidit,

2271 4372 2338 4411 ne
2364 4356 2518 4408 aliter
2551 4355 2663 4408 fieri
2698 4363 2898 4422 posset.
2932 4353 3069 4408 Hinc
3097 4354 3520 4409 existimaverim
3555 4363 3732 4407 ortum
3763 4367 3878 4406 mo-

2270 4443 2384 4480 rem
2437 4424 2790 4480 consecraudi
2843 4425 3030 4479 altaria
3081 4440 3203 4477 cum
3257 4425 3500 4493 reliquiis
3553 4434 3869 4494 martyrum.

2271 4497 2556 4561 Baronius,
2583 4498 2648 4549 ad
2675 4512 2873 4549 annum
2900 4495 3144 4564 275.§‘2,
3165 4497 3356 4550 scribit
3388 4514 3400 4549 :
3441 4515 3459 4548 ι
3497 4495 3770 4559 Eiusmodi
3797 4497 3878 4548 in-

2271 4569 2604 4623 stitutionem
2636 4569 2791 4628 longe
2813 4577 2938 4622 ante
2964 4567 3162 4624 Felicis
3186 4583 3336 4637 papae
3369 4577 3607 4635 tempora
3633 4565 3878 4620 Ecclesia

2269 4640 2368 4692 sibi
2402 4639 2703 4693 vindicat...
2734 4639 2930 4694 Felicis
2959 4655 3089 4707 ergo
3131 4639 3410 4693 decretum
3442 4637 3766 4692 stabilivisse
3794 4638 3877 4690 vi-

2271 4711 2446 4777 detur,
2491 4711 2632 4780 quod
2665 4711 2869 4780 absque
2910 4713 3112 4777 scripto
3141 4725 3383 4773 cortone,
3418 4709 3706 4764 tradittOne
3756 4720 3878 4762 Ian-

2275 4793 2385 4836 tum
2441 4781 2758 4846 simpliciter
2803 4792 3129 4836 servaretur.
3184 4801 3203 4834 ›
3262 4782 3316 4835 In
3371 4782 3471 4834 hac
3501 4781 3764 4834 sententia
3793 4788 3880 4833 est

2191 4871 2245 4931 D
2273 4858 2435 4931 etiam
2471 4851 2867 4931 Tilletttottt.ius.
2918 4853 3184 4907 (Sa-terum
3239 4857 3288 4906 in
3315 4851 3467 4931 hunc
3497 4852 3669 4931 ipsum
3713 4851 3878 4904 ritum

2270 4926 2431 4978 Verba
2493 4923 2891 4992 .-\poc;tlypsens
2920 4938 3040 4991 cap.
3081 4939 3130 4978 Vl
3179 4945 3192 4976 :
3228 4943 3244 4976 ι
3286 4929 3462 4989 Quare
3494 4922 3600 4974 \‘idi
3630 4937 3785 4990 suntp
3815 4936 3877 4975 IIS

2271 4996 2456 5050 Altare
2479 4994 2570 5048 Dei
2591 4995 2796 5048 animas
2815 4994 3214 5065 interfectorum
3236 5003 3454 5065 propter
3466 4992 3836 5065 νμιοΙιιιιιιιιιοί,
3851 5009 3870 5043 ι

2273 5077 2492 5120 uolatile
2527 5065 2706 5119 Bertio
2735 5069 2784 5118 ιιι
2816 5064 2951 5120 Hist.
2981 5067 3182 5133 (cdes,
3209 5061 3340 5120 tom.
3373 5081 3432 5129 ιι,
3469 5080 3500 5130 ιι
3550 5065 3678 5123 35.5.
3707 5061 3734 5134 §
3765 5078 3874 5127 xtx,

2276 5138 2496 5191 Dissert.
2543 5139 2609 5188 tle
2657 5136 2815 5188 Rom.
2851 5135 3130 5201 Episcop..
3182 5153 3308 5191 smc.
3360 5153 3440 5201 ιιι,
3487 5135 3758 5205 colligitur
3803 5149 3875 5188 ex

2272 5208 2579 5268 Ambrosio,
2615 5206 2715 5272 Ep.
2757 5205 2847 5272 Ἡ,
2899 5208 3031 5261 alias
3058 5208 3147 5270 54,
3177 5222 3228 5261 ιιι
3253 5210 3325 5260 ait
3354 5225 3366 5259 :
3404 5226 3421 5257 t
3456 5207 3762 5260 Suecedant
3794 5205 3876 5259 γί-

2274 5280 2452 5332 ctitnu:
2498 5277 2869 5344 triomphalrs,
2902 5281 2988 5331 ubi
3031 5277 3276 5334 Christus
3307 5279 3477 5331 hostia
3508 5287 3625 5334 est:
3659 5277 3755 5332 sed
3788 5277 3878 5332 ille

2268 5364 2437 5420 super
2464 5352 2657 5420 altare,
2691 5351 2779 5416 qui
2828 5365 2922 5418 pro
2967 5349 3272 5404 hominibus
3302 5363 3490 5419 passus
3519 5359 3624 5412 est,
3660 5350 3745 5403 isti
3775 5347 3876 5402 sub

2271 5419 2448 5484 altari,
2483 5420 2573 5490 qui
2623 5419 2767 5473 illius
2801 5419 3058 5488 redempti
3111 5434 3232 5475 sunt
3281 5424 3553 5490 passione.
3585 5439 3606 5472 ι
3641 5421 3770 5474 \‘ide
3821 5427 3877 5472 ct

2273 5491 2591 5547 Sermonem
2626 5492 2764 5546 inter
2806 5495 3151 5558 augustianos
3179 5492 3247 5546 tle
3275 5494 3396 5558 $5.,
3443 5508 3591 5545 ιιιιιιι.
3627 5507 3698 5551 χι,
3736 5505 3876 5544 nunc

2273 5563 2326 5616 in
2359 5561 2714 5630 appendicem
2749 5564 3027 5632 rejecmut.
3060 5563 3355 5619 Confirmat
3403 5563 3571 5632 ipsius
3602 5563 3735 5617 ritus
3785 5575 3876 5632 vc-

2273 5643 2522 5688 tustatem
2571 5635 3135 5705 priscarontauorum
3185 5631 3495 5705 pontificum
3541 5631 3875 5705 consuetudo

2271 5719 2480 5776 Sacrum
2512 5704 2796 5774 peragendi
2831 5720 2992 5775 supra
3022 5702 3304 5763 beatorum
3337 5705 3700 5776 apostolorum
3728 5702 3874 5776 ρεπιιιὶ

2270 5785 2327 5833 et
2353 5774 2501 5830 Pauli
2552 5773 2933 5845 sepulchrum:
2975 5779 3118 5835 unde
3165 5773 3526 5842 Hieronymus
3570 5775 3693 5829 adv.
3728 5773 3873 5849 Vigi-
