4158 6260
597 338 704 399 139

1632 334 1723 395 DE
1761 335 1820 396 S.
1860 330 2110 394 FELICE
2141 327 2432 390 ROMANO
2467 321 2853 390 PONTIFICE.
2902 334 2931 356 ⁴

3790 336 3898 396 MO

590 457 840 528 Papirius
868 456 940 514 ita
967 456 1206 515 Felicem
1255 453 1547 529 alloquitur
1572 470 1585 508 :
1641 473 1660 504 ι
1693 453 1791 508 Vir
1846 452 1990 507 fuisti
2049 449 2154 504 fide
2178 491 2192 515 ,
2224 448 2272 508 Λ
2301 443 2482 510 fuerit,
2518 455 2575 501 ut
2611 446 2865 515 qua-libet
2894 460 2980 502 res
3001 489 3016 514 ,
3045 462 3163 519 qum
3207 447 3275 504 de
3301 446 3530 504 diversis
3558 447 3804 506 ecclesiis
3830 451 3902 505 ad

594 551 729 618 vita,
753 550 981 605 scientia
1011 550 1187 605 clarus
1209 590 1223 612 ,
1254 558 1310 602 et
1347 548 1603 618 martyrio
1632 544 1910 600 subeundo
1937 543 2160 597 idoneus
2181 582 2194 604 ,

594 652 654 699 ut
676 652 905 699 eventus
931 641 1135 697 docuit.
1167 639 1223 695 ld
1260 642 1403 694 enim
1446 639 1547 695 sub
1576 638 1868 693 Aureliano
1888 678 1903 704 ,
1931 635 2074 707 quod
2102 651 2198 689 ne.

594 735 705 800 gari
733 749 838 788 non
872 739 1068 802 potest.
1100 744 1312 796 severo,
1338 730 1659 793 truculento,
1705 737 1869 802 utque
1896 725 2193 783 FlaviiVo-

593 828 728 897 pisci
758 826 926 881 verbo
953 836 1092 889 utar,
1124 825 1473 895 sanguinario
1517 823 1761 895 principe
1780 866 1793 887 ,
1827 834 1882 877 et
1912 820 2197 877 christiani

595 919 831 974 nominis
851 918 1204 973 acerbissimo
1226 917 1381 973 hoste
1411 934 1505 987 pro
1527 908 1744 972 Christo
1762 914 2198 971 conStantissime

593 1012 831 1077 subiisti,
858 1020 918 1065 ut
945 1010 1175 1066 decebat
1205 1010 1504 1065 Constantii
1533 1009 1728 1074 ﬁlium.
1758 1008 1861 1064 hoc
1888 1009 2028 1063 enim
2062 1005 2198 1076 patri

586 1117 680 1161 tuo
699 1121 893 1162 nomen
916 1116 1054 1161 erat.
1079 1104 1265 1176 Itaque
1288 1121 1394 1159 non
1412 1104 1685 1159 immerito
1699 1101 1936 1176 Cyrillus
1961 1102 2196 1157 Alexan-

591 1198 802 1265 drinus,
832 1206 887 1252 et
908 1197 1227 1253 Vincentius
1254 1197 1557 1253 Lirinensis
1578 1238 1592 1261 ,
1634 1196 1725 1267 qui
1767 1196 1868 1250 sub
1905 1193 2197 1251 Caelestino

600 1295 776 1365 primo
804 1294 1013 1358 vixere,
1062 1304 1114 1349 te
1158 1302 1400 1348 sanctum
1449 1300 1741 1363 martyrem
1784 1290 2079 1361 appellant.
2128 1288 2199 1343 Et

600 1388 740 1443 alius
770 1388 862 1443 ille
909 1388 1196 1458 episcopus
1223 1398 1275 1442 te
1318 1386 1648 1458 producehat
1677 1394 1888 1451 testem,
1921 1384 2198 1438 Romana:-

594 1496 698 1551 que
730 1480 986 1535 Ecclesiae
1021 1478 1299 1534 doctorem
1342 1477 1651 1549 appellabat
1676 1477 1894 1532 dicens:
1927 1474 2199 1531 Sententia

601 1571 793 1628 Felicis
822 1572 1132 1627 sanctissimi
1161 1572 1390 1643 episcopi
1420 1581 1465 1624 et
1512 1571 1751 1641 martyris
1780 1569 1980 1624 romani
2005 1570 2069 1621 de
2100 1566 2197 1620 In-

602 1667 899 1720 carnatione
949 1665 1097 1719 Verbi
1124 1673 1169 1717 et
1205 1663 1356 1717 Fide.
1399 1681 1418 1715 ι
1464 1662 1644 1717 lnnuit
1690 1663 1773 1717 Itis
1810 1661 1989 1716 verbis
2022 1660 2196 1731 Papy-

600 1763 715 1816 rius
758 1758 813 1815 S.
863 1758 1061 1813 Felicis
1107 1758 1390 1828 epistolam
1433 1756 1499 1812 ad
1549 1757 1835 1811 Maximum
1885 1758 2196 1824 episcopum

2300 537 2446 606 ipSos
2478 540 2882 613 referebantur,
2913 554 3033 593 cum
3066 539 3288 611 synodis
3315 542 3781 597 et'uumunicarent
3802 584 3817 607 ,
3847 552 3905 597 et

2300 631 2497 686 exinde
2535 647 2794 703 reSponsa
2846 633 2951 687 illis
2992 633 3201 700 darent,
3242 649 3473 708 cumque
3504 652 3709 691 morem
3743 653 3905 692 eum-

2302 723 2424 777 dem
2456 724 2773 781 decessorcs
2825 727 2966 780 illius
3014 743 3110 798 per
3141 727 3286 799 plura
3328 730 3522 783 Stccula
3563 729 3763 783 imitari
3795 744 3906 785 non

2300 815 2639 885 destiterint;
2674 820 2794 888 quis
2840 819 3015 887 ipsum
3064 835 3177 876 rem
3221 819 3525 890 neglexisse
3565 820 3862 877 crediderit
3887 864 3905 890 ,

2300 925 2456 978 quam
2487 910 2828 979 imperatoris
2854 912 3053 965 ethnici
3079 912 3338 981 judicium
3372 914 3467 966 toti
3498 913 3757 969 Ecclesia:
3786 924 3901 970 tam

2300 1002 2431 1055 utile
2453 1043 2469 1068 ,
2501 1002 2928 1074 nominatimque
2959 1020 3196 1080 romana:
3225 1015 3330 1058 tam
3358 1005 3652 1081 gloriosum
3686 1006 3915 1071 deside-

2300 1094 2491 1153 rabat?
2516 1092 2667 1153 Tunc
2698 1107 2997 1164 opportuna
3027 1095 3194 1157 Felici
3226 1095 3348 1152 data
3378 1107 3462 1153 est
3489 1101 3706 1155 occasio
3732 1141 3749 1166 ,
3799 1115 3913 1171 qua

2300 1186 2498 1241 Christi
2545 1198 2913 1257 propugnaret
2956 1190 3217 1244 Deitatem
3246 1206 3309 1245 ac
3349 1190 3603 1247 refutaret
3636 1193 3870 1248 Paulum
3893 1233 3911 1258 ,

2301 1282 2391 1351 qui
2423 1283 2658 1341 Ατιιιῐιιω
2685 1296 2949 1338 revocans
2978 1282 3312 1354 impietatem
3349 1284 3471 1351 Deo,
3508 1298 3562 1340 ut
3589 1286 3918 1342 antiocheni

2300 1385 2483 1442 patres
2532 1373 2860 1451 loquuntur,
2911 1376 3101 1430 bellant
3146 1377 3422 1444 indicebat,
3478 1379 3920 1454 ἀντιτασσόμενον

2303 1471 2458 1524 αὐτὸν
2479 1478 2553 1543 τῷ
2569 1478 2679 1545 Θεῷ
2701 1487 2715 1534 ;
2739 1471 2862 1540 quia
2878 1471 3115 1527 divinam
3139 1470 3359 1528 Christo
3387 1484 3632 1528 naturam
3655 1475 3918 1545 negabat.

2302 1560 2571 1631 Quidquid
2599 1578 2661 1617 ea
2686 1564 2975 1623 occasione
2997 1565 3184 1625 aliisve
3213 1567 3425 1637 scripsit
3454 1566 3625 1630 Felix,
3648 1569 3716 1645 ita
3742 1568 3923 1624 inter-

2301 1656 2394 1722 iit,
2438 1668 2494 1717 ιιι,
2539 1658 2627 1712 vix
2668 1659 2938 1715 modicum
2974 1659 3331 1731 fragmentum
3363 1663 3582 1718 noniine
3624 1663 3793 1730 ipsius
3824 1665 3921 1718 in-

2303 1753 2561 1821 scriptum
2585 1753 2653 1808 ad
2678 1768 2777 1808 nos
2801 1756 3128 1823 pervenerit.
3160 1755 3311 1811 llunc
3332 1766 3511 1812 tamen
3534 1758 3750 1825 scriptis
3768 1758 3924 1813 cele-

603 1851 1035 1909 Alexandrinum
1081 1862 1268 1906 contra
1300 1851 1549 1905 h:rrcsitn
1591 1848 1815 1905 Sabellii
1843 1858 1893 1903 et
1923 1846 2072 1902 Pauli
2099 1846 2196 1903 Sa-
2228 1847 2275 1907 Β
2305 1843 2452 1897 her
2501 1845 2807 1909 exstitisse.
2854 1846 2954 1902 hoc
2992 1862 3097 1901 non
3139 1848 3240 1901 levi
3283 1859 3601 1920 argumento
3630 1859 3735 1914 est,
3766 1850 3923 1921 quod

598 1947 887 2002 mosateni.

675 2039 842 2095 Felici
871 2040 1073 2095 reddita
1098 2040 1333 2109 Epistola
1364 2039 1621 2111 eucyclica
1661 2040 1770 2111 ejus
1792 2036 2041 2091 decessori
2077 2034 2199 2089 Dio-

602 2136 747 2206 nysio
775 2133 837 2188 ab
864 2135 1170 2189 antiochcna
1211 2133 1407 2205 synodo
1460 2134 1729 2202 inscripta.
1753 2163 1823 2172 ——
1849 2130 2197 2198 Compertum

603 2237 689 2281 est
719 2242 785 2282 ex
821 2228 1052 2283 Eusebio
1080 2225 1183 2300 (l),
1217 2226 1530 2281 nominatim
1563 2226 1819 2297 Dionysio
1845 2241 2079 2279 romana-
2105 2240 2200 2277 ure

606 2321 689 2375 bis
717 2320 975 2389 episcopo
1015 2320 1329 2388 inscriptam
1366 2335 1487 2374 esse
1513 2319 1840 2392 encyclicam
1893 2316 2201 2385 antiocheni

602 2412 815 2466 concilii
840 2410 1144 2483 epistolam,
1169 2428 1269 2485 qua
1297 2411 1365 2466 de.
1396 2412 1563 2466 Paulo
1586 2411 1953 2467 Samosatensi
1982 2411 2051 2465 ob
2080 2426 2201 2481 per-

602 2517 815 2558 versam
847 2503 1147 2558 doctrinam
1175 2519 1238 2558 ac
1261 2518 1453 2573 pravos
1478 2518 1655 2558 mores
1671 2519 1699 2556 a
1722 2504 1853 2556 sode
1875 2503 2201 2558 antiochena

607 2596 845 2665 dejecto,
901 2606 957 2650 et
989 2596 1217 2650 Domino
1248 2596 1299 2650 in
1334 2598 1455 2666 ejus
1482 2596 1653 2652 locmn
1687 2596 1911 2651 suffrcto
1939 2597 2200 2651 admone-

603 2699 772 2743 retur.
811 2706 828 2738 t
862 2686 1015 2756 Quod
1055 2687 1293 2758 quidem,
1330 2708 1347 2740 ›
1378 2689 1550 2758 inquit
1588 2688 1837 2759 Synodus
1868 2687 1968 2761 (‘2),
2002 2688 2201 2743 idcirco

604 2780 760 2834 vobis
786 2779 1187 2849 significamus,
1224 2790 1282 2845 ut
1322 2781 1389 2835 ad
1431 2797 1553 2835 eum
1580 2780 1894 2853 (Domuum)
1926 2782 2198 2849 sei-ibatis,

603 2884 658 2931 et
683 2874 751 2930 ab
777 2889 843 2929 eo
866 2874 1377 2930 communicatorias
1401 2875 1608 2929 litteras
1627 2875 1924 2944 accipiatis.
1952 2875 2049 2930 llic
2074 2891 2204 2930 vero

603 2967 851 3039 (Paulus)
885 2965 950 3021 ad
988 2968 1262 3021 Artcmam
1308 2966 1543 3028 scribat,
1586 2975 1641 3020 et
1681 2965 1755 3030 ii,
1802 2966 1890 3036 qui
1925 2967 2202 3021 Artemam

604 3069 902 3123 sectantur,
946 3075 1067 3113 cum
1113 3060 1207 3115 illo
1234 3068 1656 3114 communicent.
1713 3058 1838 3113 [lare
1863 3069 2044 3114 autem
2073 3059 2190 3129 cpi-

604 3152 749 3207 stola‘
771 3167 893 3207 cum
924 3151 1209 3225 Dionysio,
1243 3161 1417 3207 morte
1449 3150 1847 3207 interveniente
1869 3193 1885 3218 ,
1920 3150 2057 3211 tradi
2097 3168 2202 3204 non

2304 1951 2426 1995 cum
2456 1937 2883 2009 Apollinaristm,
2919 1952 2976 1994 ut
3005 1952 3309 2017 commenta
3331 1957 3423 1996 sua
3452 1943 3768 1998 auctoritate
3796 1941 3926 1997 ido-

2303 2044 2407 2085 nea
2443 2031 2578 2091 lucri
2610 2030 2926 2087 viderentur
2948 2075 2962 2098 ,
3011 2035 3155 2089 varia
3187 2050 3349 2103 opera
3384 2050 3488 2090 non
3521 2036 3769 2091 obscuris
3794 2035 3928 2106 qui-

2304 2121 2552 2185 busdam,
2580 2123 2677 2179 sed
2702 2124 3089 2192 insignioribus
3115 2127 3369 2181 Ecclesim
3402 2128 3755 2197 scriptoribus
3780 2144 3921 2198 sup-

2305 2228 2506 2281 ponere
2522 2214 2832 2283 studerent;
2863 2218 3019 2287 hujus
3041 2222 3201 2273 etiam
3230 2218 3389 2289 Papa?
3415 2224 3632 2279 nomine
3655 2221 3922 2277 nonnulla

2304 2304 2405 2359 sibi
2433 2307 2789 2381 conlingcnda
2816 2308 3107 2367 duxerunt.
3147 2311 3336 2382 Neque
3364 2314 3526 2379 etiam
3552 2315 3925 2383 neglexerunt

2304 2398 2547 2467 cphesini
2572 2410 2751 2468 patres
2773 2403 3017 2472 ejusdem
3047 2406 3364 2459 auctoritate
3387 2406 3547 2461 fidem
3574 2410 3736 2465 tueri.
3770 2409 3925 2465 Sane

2306 2492 2447 2545 inter
2476 2492 2694 2547 Patrum
2728 2497 3036 2550 testimonia
3069 2498 3427 2570 fragmentum
3454 2501 3677 2555 laudant
3710 2500 3788 2575 (l)
3818 2502 3928 2556 Fe-

2307 2586 2417 2641 licis
2444 2588 2752 2653 sanctissimi
2788 2587 3033 2661 Episcopi
3061 2589 3262 2657 Bonae,
3296 2604 3343 2647 et
3367 2592 3615 2667 Martyris
3644 2595 3713 2649 ad
3737 2595 3925 2651 Μαπὶο

2306 2694 2453 2739 mum
2498 2678 2819 2749 Episwpum
2865 2692 2912 2735 et
2944 2682 3148 2738 Clarum
3193 2685 3623 2751 Alexandrinum,
3671 2688 3813 2756 quod
3864 2698 3931 2744 et

2305 2768 2546 2840 Cyrillus
2600 2773 2950 2843 Apologetico
2978 2775 3245 2832 adversus
3276 2777 3580 2837 Orientales
3615 2780 3678 2833 ad
3704 2779 3921 2835 Anatlt.

2308 2861 2395 2914 Vt.
2426 2865 2689 2937 inseruit,
2743 2874 2797 2920 ct
2842 2866 3038 2925 Marius
3084 2868 3349 2925 Mercator
3392 2869 3469 2947 (2)
3512 2872 3774 2929 latinitate
3814 2870 3931 2927 do-

2308 2969 2474 3012 IlaVll.

2381 3048 2631 3121 Ejusdem
2677 3055 2950 3124 {ragmcnti
2991 3056 3257 3110 sinceritas
3304 3058 3609 3113 adstruitur.
3650 3058 3767 3113 Non
3823 3058 3931 3115 de-

2307 3154 2432 3196 sunt
2465 3154 2641 3199 tamen
2674 3147 2763 3215 qui
2789 3149 3142 3217 fragmentum
3177 3153 3277 3204 hoc
3305 3150 3468 3205 Felici
3497 3161 3683 3206 nostro
3708 3151 3928 3222 abjudi-

604 3247 904 3317 potuisset,
959 3246 1149 3301 saltem
1210 3245 1511 3300 Successori
1559 3244 1696 3315 ejus,
1737 3243 2202 3315 quemadmodum
2233 3241 2278 3304 C
2312 3246 2520 3303 cantes,
2563 3238 2693 3292 illud
2740 3240 2926 3303 Felici.
2958 3245 3105 3312 quia
3138 3244 3457 3302 Constantio
3485 3247 3817 3316 imperatore
3863 3245 3928 3302 in

603 3338 855 3402 subinde,
870 3339 1084 3409 quoties
1107 3337 1337 3408 idipsum
1366 3337 1613 3408 contigit,
1630 3352 1845 3407 semper
1867 3337 2063 3391 factum
2082 3351 2205 3392 esse

606 3439 839 3495 constat,
871 3430 1080 3485 reddita
1114 3440 1216 3485 est.

679 3523 944 3578 Aureliani
976 3521 1313 3594 Imperatoris
1330 3522 1588 3593 judicium
1614 3521 1860 3576 Romana:
1884 3522 1991 3575 sedi
2015 3523 2208 3590 glorio-

605 3638 815 3675 sum.—-
843 3619 1063 3674 interim
1090 3618 1304 3678 Paulus.
1333 3620 1544 3672 tametsi
1572 3616 1771 3672 celebri
1801 3616 1939 3670 adeo
1961 3615 2170 3688 synodo
2191 3658 2206 3681 ,

610 3729 771 3783 quam
822 3713 1093 3784 oetioginta
1149 3712 1420 3781 episcopis
1468 3711 1776 3767 constitisse
1817 3710 2053 3764 Hilarius
2102 3720 2211 3764 tra-

611 3807 688 3862 dit
718 3806 819 3880 (5),
863 3805 1287 3869 condemnatus,
1322 3820 1351 3858 e
1377 3804 1539 3858 domo
1570 3803 1934 3858 antiochensis
1964 3802 2211 3856 ccclesizc

613 3900 892 3967 recedere,
927 3916 1154 3970 eamque
1186 3899 1391 3953 Domno
1421 3896 1719 3952 concedere
1750 3896 1837 3950 diu
1866 3896 2208 3950 dt'J‘CClﬂVll.

613 3977 900 4063 Quocirca,
938 4013 954 4045 ι
985 3993 1358 4063 interpellatus
1387 3992 1681 4060 imperator
1725 3990 2081 4056 Aurelianus,
2110 3989 2216 4044 Eu-

612 4090 747 4145 sebii
778 4087 1048 4144 sententia
1085 4085 1165 4159 (5)
1197 4087 1298 4140 hoc
1329 4086 1600 4154 negotium
1623 4085 1925 4139 rectissime
1956 4082 2216 4152 dijudica-

616 4184 715 4247 vit,
740 4181 808 4236 iis
834 4181 1055 4235 domum
1088 4177 1223 4233 tradi
1255 4176 1577 4249 prsccipiens
1606 4176 1803 4248 quibus
1848 4174 2008 4228 italici
2039 4174 2216 4227 chris-

621 4277 777 4331 tiantc
805 4275 1083 4347 religionis
1102 4272 1376 4327 antiStites
1403 4282 1457 4327 et
1486 4286 1742 4325 romanus
1771 4271 2055 4340 episcopus
2080 4268 2216 4322 scri-

619 4373 830 4428 berent.
861 4369 972 4425 liae
1014 4374 1193 4423 autem
1237 4368 1289 4422 in
1320 4383 1480 4422 causa
1516 4365 1851 4437 interpellari
1897 4363 2079 4434 nequit
2111 4364 2221 4416 Au-

623 4465 861 4519 relianus
883 4505 897 4527 ,
927 4460 1031 4516 nisi
1073 4470 1353 4531 postquam
1379 4460 1445 4525 is,
1480 4458 1715 4513 Zeuobia
1742 4456 1978 4512 Orientis
2004 4455 2220 4510 domina

625 4568 681 4612 et
721 4555 868 4612 Pauli
898 4564 1120 4623 patrona
1149 4554 1380 4617 devicta,
1418 4552 1760 4607 Antiochiam
1792 4552 1995 4621 recepit
2027 4570 2039 4605 :
2080 4548 2221 4621 quod

2311 3329 2509 3384 Liberii
2539 3331 2716 3386 locum
2745 3334 3067 3406 subrogatus
3086 3350 3188 3402 εει,
3213 3338 3557 3394 tribuendum
3586 3348 3790 3409 putent.
3819 3338 3929 3395 Ve-

2309 3438 2426 3476 rum
2451 3425 2583 3477 levis
2604 3435 2686 3483 est
2703 3427 2922 3495 omnino
2944 3431 3102 3503 ratio,
3130 3446 3247 3505 qum
3269 3446 3363 3489 eos
3387 3432 3439 3487 in
3465 3431 3774 3502 hujusmodi
3800 3431 3926 3502 opi-

2312 3519 2529 3574 nionem
2553 3520 2797 3575 adduxit.
2816 3522 2928 3577 lloc
2951 3525 3149 3594 quippe
3165 3541 3273 3579 uno
3301 3525 3548 3581 nituntur
3569 3535 3921 3597 argumento,

2312 3616 2454 3684 quod
2488 3615 2845 3687 fragmentum
2888 3619 3031 3674 istud
3074 3620 3124 3673 in
3156 3619 3421 3689 ephesino
3460 3620 3723 3686 concilio,
3772 3628 3829 3674 ut
3865 3628 3931 3675 et

2313 3710 2455 3780 apud
2484 3710 2741 3782 Cyrillum
2770 3712 2894 3767 Julii
2926 3729 3079 3785 papa:
3111 3716 3424 3773 testimonio
3450 3724 3829 3788 postponatur.
3865 3716 3929 3772 Si

2315 3815 2492 3865 autem
2525 3802 2729 3865 valeret
2750 3805 2852 3863 ista
2885 3807 3043 3869 ratio,
3073 3806 3217 3863 Julio
3247 3824 3309 3863 ac
3336 3808 3519 3867 Felice
3543 3808 3809 3869 dicendus
3834 3823 3932 3864 es-

2318 3907 2399 3950 set
2426 3898 2694 3966 posterior
2743 3898 3082 3970 Cyprianus;
3133 3902 3399 3969 siquidem
3452 3902 3497 3955 is
3541 3910 3663 3970 post
3693 3899 3817 3955 illos
3866 3901 3929 3957 in

2321 3988 2578 4056 praidicto
2619 3992 2851 4045 concilio
2894 3993 3122 4060 citatur;
3153 4005 3205 4048 et
3234 4011 3447 4051 rursum
3476 3992 3660 4049 Felice
3689 4008 3752 4049 ac
3779 3992 3931 4049 Julio

2320 4081 2592 4153 antiquior
2645 4083 2954 4159 censendus
3003 4088 3142 4140 foret
3171 4087 3380 4143 Atticus
3424 4087 3727 4157 Episcopus
3765 4086 3826 4142 C.
3860 4086 3930 4142 P.

2320 4174 2521 4243 quippe
2547 4175 2634 4240 qui
2664 4176 2869 4231 eisdem
2899 4178 2950 4231 in
2976 4178 3193 4232 laudato
3214 4178 3401 4250 Cyrilli
3432 4180 3791 4250 praiponilur.
3819 4179 3932 4235 Sed

2323 4264 2643 4320 Vincentius
2688 4267 2990 4321 Lirinensis
3020 4269 3125 4340 (IS),
3172 4279 3225 4323 et
3261 4269 3522 4342 Hypatius
3564 4270 3931 4340 Ephesiorum

2325 4359 2610 4429 episcopus
2661 4361 2712 4417 in
2755 4361 3045 4419 collatione
3101 4378 3224 4423 cum
3276 4364 3583 4433 acephalis,
3617 4365 3705 4423 ubi
3736 4369 3934 4423 eadem

2327 4456 2632 4511 testimonia
2670 4468 3098 4513 commemorant
3118 4501 3132 4522 ,
3163 4459 3398 4515 Felicem
3427 4461 3607 4526 .lulio,
3641 4473 3793 4533 prout
3816 4465 3938 4519 exi-

2327 4548 2404 4617 git
2435 4558 2735 4618 temporum
2764 4551 2918 4615 ordo,
2956 4563 3295 4626 przrpontmt.
3336 4555 3600 4610 Prrrterca
3634 4571 3796 4610 nemo
3823 4572 3937 4613 non

628 4648 845 4720 quidem
877 4647 976 4703 sub
1001 4646 1203 4703 exitum
1252 4647 1375 4700 anni
1420 4644 1527 4699 2'72
1565 4643 1854 4715 contigisse
1894 4643 2089 4698 eruditi
2122 4660 2215 4698 no-
2249 4645 2302 4705 D
2331 4642 2473 4698 videt
2522 4645 2799 4715 indignum
2841 4664 3060 4719 prorsus
3108 4651 3274 4711 fuisse
3310 4661 3456 4717 tanta
3489 4652 3741 4724 Synodo,
3778 4663 3838 4707 ut
3863 4654 3937 4715 ad

634 4754 771 4800 tant.

708 4837 1084 4896 Tam-celebre
1120 4835 1381 4905 judicium
1419 4833 1745 4907 postulabat,
1775 4840 1833 4887 ut
1872 4831 2023 4888 Felix
2071 4846 2228 4903 quam

641 4934 870 5007 primunt
902 4948 1023 4988 cum
1054 4930 1266 4985 creteris
1284 4928 1449 4983 Italia:
1476 4926 1747 4998 episc0pis
1766 4927 2077 4982 conveniret
2103 4944 2118 4992 ;
2146 4927 2229 4980 in-

640 5029 812 5097 deque
834 5043 954 5082 cum
985 5026 1050 5079 iis
1078 5025 1144 5079 ad
1176 5025 1437 5078 Domuum
1468 5022 1760 5084 scriberet,
1791 5034 1911 5074 sese
1938 5029 2107 5085 ratam
2140 5020 2234 5075 ha—

641 5122 771 5178 bere
795 5122 936 5175 illius
966 5118 1359 5173 ordinationem
1388 5158 1404 5182 ,
1437 5125 1492 5170 et
1532 5114 1683 5169 Pauli
1726 5114 2232 5175 condemnationem

642 5218 983 5273 coalirmare.
1033 5212 1142 5268 Nec
1171 5211 1313 5265 ullus
1344 5209 1553 5271 videtur
1591 5208 1864 5263 dubitandi
1900 5209 2070 5274 locus,
2103 5210 2231 5280 quin

643 5307 798 5368 Felix
828 5310 901 5372 id,
930 5306 1073 5378 quod
1105 5304 1343 5359 muneris
1370 5303 1451 5356 sui
1481 5311 1629 5366 erat,
1676 5316 1742 5356 eo
1775 5302 1824 5355 in
1857 5300 2071 5372 negotio
2096 5317 2233 5370 pra:-

647 5402 1017 5461 stiterit.Cum
1039 5400 1182 5456 enim
1210 5395 1585 5452 decessoribus
1606 5394 1723 5463 ejus
1751 5394 1801 5450 id
1826 5395 1990 5450 moris
2020 5411 2235 5467 seraper

725 5542 802 5613 (i)
843 5540 1067 5613 Euseb,
1102 5536 1238 5613 llist.
1268 5534 1461 5613 _eccles_.
1493 5528 1584 5587 lib.
1617 5548 1686 5586 vn
1707 5575 1719 5595 ,
1743 5546 1863 5613 cap:

722 5603 981 5690 (‘2)_Apu_t_l
1010 5610 1189 5666 Euseb
1220 5648 1234 5671 ,
1268 5607 1387 5659 loco
1408 5606 1595 5690 citat.
1628 5614 1675 5656 ct
1716 5605 1858 5671 apud
1894 5603 2081 5671 Mansi,
2114 5605 2236 5661 Col-

638 5674 764 5747 leci.
786 5674 1018 5745 [Cain-il”
1049 5695 1178 5737 uno.
1215 5699 1252 5743 ι,
1283 5694 1401 5747 pag.
1432 5674 1592 5732 1100.

714 5760 791 5827 (5)
820 5754 1075 5827 Hilarius,
1098 5754 1213 5806 libr.
1241 5758 1307 5827 de
1337 5748 1582 5820 Synodis,
1613 5763 1665 5801 η.
1695 5747 1784 5803 86.

718 5824 795 5903 (ιι)
821 5827 1040 5889 Euseb,
1067 5824 1182 5879 loco
1206 5824 1392 5877 citato.

2334 4736 2708 4797 stabiliendam
2742 4740 2903 4799 fidem
2925 4784 2940 4806 ,
2978 4744 3211 4801 hominis
3252 4745 3319 4799 ab
3349 4746 3669 4801 Arianorum
3698 4746 3940 4804 factione

2336 4828 2388 4881 in
2431 4830 2678 4907 catholici
2719 4835 2973 4889 antistitis
3000 4836 3176 4891 locum
3217 4838 3405 4892 intrusi
3456 4840 3776 4893 auctoritate
3814 4852 3940 4895 ute-

2337 4930 2504 4975 retur.
2530 4921 2712 4994 Neque
2734 4941 2863 4980 vero
2893 4930 3200 4983 sanctissimi
3226 4932 3453 5002 episcopi
3494 4930 3675 4986 Romw
3706 4944 3752 4987 et
3781 4931 3939 4987 Mar-

2338 5015 2464 5085 tyris
2488 5016 2693 5084 titulu~‘,
2746 5035 2853 5089 quo
2881 5019 3109 5077 Felicem
3137 5022 3372 5094 Cyrillus
3397 5034 3452 5078 et
3476 5024 3724 5093 ephesini
3754 5038 3941 5098 patres

2339 5123 2624 5178 exornant,
2658 5116 2707 5168 in
2734 5115 3004 5170 hominem
3034 5116 3340 5185 hujusmodi
3369 5124 3644 5178 convenit.
3682 5123 3801 5192 Ipsa
3841 5124 3941 5205 de;

2340 5205 2500 5275 niquc
2523 5207 2822 5276 inscriptio,
2848 5224 2965 5278 qua:
2988 5208 3199 5264 Maximi
3223 5213 3568 5266 Alexandrini
3597 5230 3795 5271 nomen
3826 5232 3941 5285 przc

2340 5310 2399 5357 se
2425 5297 2544 5359 fert,
2577 5297 2823 5354 dubitare
2850 5316 2951 5355 nos
2996 5318 3103 5356 non
3132 5304 3278 5370 sinit,
3312 5306 3439 5373 quin
3466 5306 3773 5367 subnexum
3800 5306 3942 5379 frag-

2341 5401 2578 5446 mentum
2607 5394 2836 5464 Cyrillus
2879 5408 2932 5450 et
2959 5396 3215 5467 ephesina
3260 5401 3499 5472 synodus
3524 5405 3669 5459 velut
3694 5404 3891 5459 Felicis
3916 5403 3943 5461 l

2340 5488 2701 5542 testimonium
2734 5490 3018 5557 laudariot.
3053 5495 3263 5567 Quippe
3308 5500 3580 5572 encyclica
3614 5502 3802 5575 synodi
3835 5517 3940 5556 an-

2339 5577 2603 5635 tiochcna:
2625 5584 2870 5652 epistola,
2900 5586 3152 5658 Dionysio
3181 5589 3426 5651 Ποιητιηο
3449 5594 3608 5648 simul
3631 5603 3685 5651 et
3708 5592 3944 5661 “aximo

2412 5691 2491 5779 ill
2517 5693 2976 5779 (ἔφηεί-,Εριιθεον
3004 5712 3109 5757 act.
3127 5721 3178 5779 λι,
3196 5721 3325 5779 ρης.
3358 5707 3484 5779 512.

2528 5765 2654 5848 Mar.
2689 5764 2934 5854 Marcet.”
2966 5764 3088 5844 pag.
3249 5764 3452 5845 61940,
3487 5778 3616 5848 edit.
3653 5781 3837 5839 Baluz.

2413 5838 2467 5906 (ο
2517 5836 2763 5895 Vmeent.
2794 5840 2987 5909 ιιι-ιη..
3014 5843 3348 5909 Commonit..
3372 5865 3490 5909 cap.
3521 5850 3607 5906 49.

2409 5836 2487 5909 (5)
2517 5836 2763 5895 Vincent.
2794 5836 2987 5913 Lirim,
3014 5836 3348 5917 Cbnmtonit.,
3372 5836 3490 5929 cap.
3521 5836 3607 5906 49,
