4158 6260
271 332 377 394 Hi

1315 341 1403 399 DE
1443 342 1501 402 S.
1540 341 1787 402 FELICE
1815 338 2104 401 ROMANO
2127 342 2512 406 PONTIFICE.

3462 356 3569 416 ΗΞ

265 448 646 505 Alexandrino
709 450 969 519 inscripta
995 495 1011 519 ,
1072 453 1215 511 hunc
1282 457 1566 512 Maximum
1633 455 1868 528 Dionysii
1898 457 1945 515 Α
1975 473 2092 513 rum
2138 459 2506 529 Alexandriae,
2537 462 2663 520 Julii
2689 463 2929 538 episcopi
2969 466 3177 535 κοωω,
3208 470 3481 528 Ambrosii
3518 484 3574 528 et

265 544 628 599 Alexandrini
696 559 1069 601 successorem
1127 546 1290 603 Felici
1355 563 1541 606 nostro
1606 552 1866 622 mqualem

258 637 455 703 fuisse,
487 653 639 693 certo
668 655 769 693 nos
796 639 977 694 docet.

335 733 567 787 Adversa
595 732 865 805 Lequienii
894 736 1067 806 opinio
1096 737 1405 792 diluitur.—
1422 738 1621 794 Verum
1653 740 1756 795 alia
1780 754 1869 795 ra-

258 827 409 881 tione
437 826 665 883 Michael
692 827 932 900 Lequien
964 829 1137 886 doctis
1163 832 1213 886 in
1244 831 1631 888 Damascenum
1659 835 1865 890 disrer-

264 920 563 974 tationibus
589 921 722 975 nihil
750 922 861 990 jam
888 936 1175 988 superesse
1198 935 1405 992 censet,
1435 941 1531 980 cur
1556 926 1696 981 idem
1728 927 1864 998 frag-

255 1022 508 1067 mentum
556 1028 664 1065 non
712 1021 919 1068 tantum
948 1012 1113 1070 Felici
1151 1027 1339 1069 noSIro
1375 1017 1661 1087 abrogare,
1695 1019 1788 1073 sed
1813 1027 1866 1073 et

255 1106 538 1161 heretieis
576 1107 893 1162 adscribere
933 1106 1262 1163 dubitemus.
1320 1108 1421 1166 Ubi
1476 1111 1619 1166 enim
1682 1113 1863 1180 plures

254 1201 523 1270 epistolas
562 1200 687 1256 Julii
730 1202 890 1270 Papa:
946 1204 1167 1259 nomine
1197 1204 1264 1258 ab
1301 1205 1686 1269 apollinaristis
1728 1222 1860 1261 con-

256 1291 411 1347 ﬁctas
439 1308 565 1348 esse
586 1294 854 1362 probavit,
884 1294 1100 1349 tandem
1128 1296 1307 1350 subdit
1332 1295 1436 1368 (l),
1460 1299 1711 1369 epistola,
1742 1315 1862 1369 quae

253 1384 359 1438 sub
389 1383 599 1440 Felicis
628 1385 850 1440 Romani
883 1388 1101 1442 nomine
1124 1387 1417 1455 ferebatur,
1441 1407 1596 1445 unum
1623 1402 1862 1446 naturam

253 1488 513 1531 assertum
542 1476 706 1532 fuisse
731 1486 998 1533 testantur
1026 1480 1286 1552 Hypatius
1305 1464 1308 1467 Δ
1328 1492 1383 1537 et
1412 1481 1726 1549 Liberatus;
1762 1500 1863 1541 nec

253 1571 499 1641 proinde
525 1570 798 1627 dubitandi
832 1573 984 1629 locus
1009 1584 1272 1644 superest,
1303 1578 1428 1648 quin
1462 1594 1526 1633 ex
1559 1579 1772 1645 endem,
1799 1596 1861 1636 ac

252 1676 513 1731 cetera,
561 1682 694 1737 quas
740 1668 1056 1728 memoravi.
1103 1668 1249 1725 l‘onte
1277 1671 1556 1740 prodierit.
1593 1673 1649 1726 Si
1682 1684 1859 1729 tamen

247 1759 336 1813 vir
364 1758 614 1813 eruditus
651 1759 885 1817 laudatis
924 1777 953 1814 a
984 1777 1044 1816 sc
1076 1761 1287 1834 ilypatii
1325 1779 1386 1819 ac
1419 1764 1654 1821 Liberali
1681 1768 1860 1823 verbis

1970 550 2188 617 Basilii,
2227 554 2503 625 Gregorii,
2549 568 2602 612 et
2647 560 2867 614 alterius
2921 561 3165 633 Gregorii
3207 564 3570 635 Amphilochii

1974 643 2153 710 lconii,
2189 657 2241 702 et
2280 648 2442 703 Attici
2471 650 3063 722 Constantinopolitani,
3095 657 3297 711 nullum
3327 659 3567 714 testimo-

1969 739 2115 793 nium
2163 757 2350 795 corum
2400 743 2468 797 de
2518 761 2620 799 una
2680 758 2869 801 natura
2917 752 3155 819 protulit.
3197 771 3215 802 ι
3267 753 3542 824 Suhjieiun

1968 836 2244 905 acephali:
2282 856 2301 888 ε
2335 836 2469 905 Quid
2501 855 2602 908 ego
2644 842 3022 911 suspicamini.
3054 846 3175 911 quia
3216 862 3315 901 nos
3340 863 3435 901 eas
3467 849 3568 902 ial-

1968 929 2231 985 savimus?
2268 950 2287 982 ι
2324 932 2592 999 Epistolas
2608 936 2830 1001 scilicet,
2856 954 2987 1008 quas
3009 939 3201 994 Felicis
3227 942 3565 1013 aliorumque

1969 1025 2185 1077 nomine
2233 1026 2593 1095 proferebant.
2635 1029 2837 1095 Quibus
2880 1032 3137 1103 Hypatius
3183 1033 3442 1088 satisfaeit
3483 1035 3566 1090 his

1966 1116 2178 1171 verbis:
2217 1136 2235 1168 ‹
2272 1116 2380 1173 Vos
2411 1135 2516 1173 non
2543 1122 2879 1189 suspicamur
2899 1168 2914 1187 ,
2946 1126 3038 1179 sed
3068 1128 3316 1196 antiquos
3342 1127 3564 1183 haereti-

1967 1221 2061 1261 cos
2089 1208 2499 1276 apollinaristas.
2530 1230 2548 1263 ›
2572 1211 2706 1266 Tum
2728 1213 2917 1269 iisdem
2944 1214 3212 1273 limrelicis
3242 1219 3569 1275 instantibus

1967 1313 2030 1352 ac
2057 1298 2391 1363 dicentibus,
2430 1320 2450 1353 ι
2485 1302 2777 1359 Possumus
2803 1309 3114 1376 ostendere,
3146 1312 3268 1380 quia
3300 1314 3360 1368 Β.
3390 1313 3568 1384 Cyril-

1966 1390 2051 1446 lus
2080 1408 2207 1447 usus
2232 1403 2315 1448 cst
2338 1395 2454 1449 istis
2484 1397 2801 1452 testiutoiiiis
2826 1399 2878 1454 in
2904 1401 3050 1457 libris
3077 1405 3339 1462 adversus
3375 1407 3569 1462 Diodo-

1967 1498 2083 1536 rum
2134 1493 2189 1539 et
2240 1485 2621 1557 Theodorum;
2666 1509 2687 1543 ›
2742 1494 3040 1561 respondet
3090 1496 3232 1551 idem
3265 1499 3563 1571 Hypatius:

1972 1592 1991 1624 ι
2027 1572 2182 1630 Modo
2214 1578 2444 1633 maxime
2471 1592 2522 1635 et
2550 1582 2670 1636 illus
2691 1585 2950 1640 adversus
2984 1588 3273 1645 Diodorum
3305 1602 3361 1646 et
3389 1592 3569 1648 Theo-

1964 1669 2154 1723 dorqu
2187 1671 2349 1726 libros
2370 1675 2649 1745 ambiguos
2677 1676 2869 1743 facilis,
2898 1689 3168 1751 tamquam
3196 1685 3350 1740 [ictos
3374 1686 3566 1743 adver-

1965 1777 2058 1817 sus
2087 1776 2329 1818 mortuos
2370 1768 2611 1835 prolatos
2639 1769 2907 1838 dicentes,
2942 1772 3033 1842 qui
3065 1791 3170 1829 non
3201 1788 3451 1843 poterant
3483 1796 3571 1836 re-

250 1866 403 1908 SIare
437 1854 704 1919 voluerit,
734 1854 834 1923 ipsi
866 1855 1253 1923 testimonium,
1288 1857 1356 1911 ab
1386 1860 1651 1927 ephesino
1677 1860 1859 1915 conci-
1889 1860 1936 1920 Β
1967 1855 2154 1912 tollere
2203 1858 2512 1915 falsitatem.
2549 1862 2606 1917 Si
2637 1863 2778 1919 enim
2810 1865 3073 1921 adversus
3104 1882 3346 1927 mortuus
3378 1874 3574 1942 prolati

251 1945 329 2001 lio
360 1963 430 2002 ac
451 1946 660 2016 Cyrillo
687 1947 980 2013 prolatum,
1006 1964 1104 2018 pro
1128 1949 1364 2019 genuino
1389 1950 1583 2006 Felicis
1613 1952 1741 2008 fietu
1767 1954 1862 2008 ad-

254 2040 579 2095 mittendum
633 2041 762 2095 erit.
804 2040 873 2096 Et
900 2040 969 2096 ad
1004 2041 1288 2114 llypatium
1318 2042 1534 2113 quidem
1564 2046 1707 2115 quod
1734 2048 1861 2100 atti-

260 2140 377 2195 net,
430 2131 614 2202 duplex
666 2131 954 2203 distinguit
1002 2131 1194 2187 Felicis
1248 2136 1651 2199 testimonium,
1696 2155 1861 2194 unum

260 2223 522 2294 prolatum
550 2240 577 2277 a
602 2223 814 2296 Cyrillo
854 2226 906 2278 in
934 2224 1194 2295 ephesiua
1225 2226 1433 2297 synodo
1463 2238 1517 2282 et
1539 2228 1691 2291 alibi,
1724 2230 1861 2285 alte-

256 2333 378 2372 rum
407 2333 536 2373 vero
577 2319 647 2371 ab
678 2318 954 2390 acephalis
986 2321 1280 2390 inscriptis
1307 2320 1597 2389 lmrelicis,
1630 2336 1720 2377 aut
1753 2326 1863 2379 hae—

253 2411 547 2469 reticorum
594 2426 762 2479 opera
809 2413 1080 2482 corruptis
1107 2412 1380 2469 laudatum
1411 2432 1424 2467 :
1460 2425 1569 2469 tum
1606 2416 1708 2471 huc
1740 2432 1863 2487 pos-

252 2511 490 2557 tremum
511 2503 743 2569 rejicere
771 2516 1060 2560 contentus
1081 2515 1139 2563 ut
1162 2507 1427 2578 spuriutn,
1462 2509 1693 2576 primum
1720 2512 1863 2565 ultro

252 2616 321 2655 ac
352 2601 589 2657 libenter
636 2612 695 2656 ut
747 2604 1038 2673 genuinum
1077 2604 1344 2675 agnoscit.
1386 2603 1559 2660 Verba
1602 2606 1746 2662 illius
1768 2623 1864 2663 ex-

258 2693 595 2766 pendamus.

334 2786 560 2859 Bypalii
608 2786 953 2858 Ephesiomm
999 2790 1243 2862 Episcopi
1273 2800 1321 2846 et
1363 2790 1589 2847 Liberali
1643 2793 1864 2848 Diaconi

261 2879 435 2937 Verba
466 2884 529 2936 de
563 2882 743 2936 eodem
768 2886 1059 2954 fragmento
1101 2900 1343 2954 expensa.
1375 2915 1448 2926 —
1473 2887 1731 2955 Acepltali
1768 2902 1864 2942 seu

257 2974 540 3031 Severiani
572 2975 626 3030 in
670 2976 997 3043 collatione,
1028 2993 1146 3048 qua:
1186 2978 1475 3033 Justiniani
1525 2980 1866 3049 imperatoris

255 3069 417 3141 jussu
469 3072 717 3142 in‘regia
765 3072 897 3128 urbe
940 3088 1083 3128 anno
1136 3074 1244 3131 533
1288 3076 1466 3130 habita
1501 3086 1613 3143 est,
1646 3085 1865 3132 sanctos

255 3164 711 3219 chalcedonensis
745 3166 958 3221 concilii
988 3176 1171 3237 patres
1205 3169 1648 3238 transgressionis
1676 3180 1863 3237 postu-

1964 1959 2131 2013 sunt,
2167 1951 2338 2005 multo
2384 1954 2552 2022 magis
2599 1956 2859 2012 adversus
2907 1958 3208 2016 Nestorium
3242 1974 3298 2019 et
3345 1980 3439 2020 eos
3482 1966 3575 2037 qui

1965 2050 2152 2095 contra
2181 2044 2415 2111 capitula
2458 2046 2574 2115 ejus
2605 2048 2961 2121 scripserunt,
2996 2054 3239 2123 proferre
3269 2057 3454 2114 habuit
3481 2076 3577 2115 ea-

1965 2134 2086 2189 dem
2144 2137 2471 2193 tcstimOuia.
2522 2140 2632 2197 Sed
2687 2160 2829 2200 nunc
2898 2148 3110 2204 videtur
3168 2151 3290 2221 quia
3333 2151 3575 2209 bzereliei

1966 2227 2223 2284 falsantes
2253 2231 2578 2288 addiderunt
2608 2251 2693 2292 ea.
2728 2255 2748 2289 ι

2038 2320 2322 2376 Liberatus
2354 2340 2481 2379 vero
2525 2327 2757 2394 primum
2794 2329 2933 2388 hanc
2961 2348 3081 2389 eum
3109 2336 3385 2408 accphalis
3411 2341 3577 2398 colla-

1968 2413 2168 2468 tionem
2196 2430 2318 2484 cap.
2349 2418 2402 2470 9.
2438 2432 2723 2487 memorat,
2752 2439 2815 2477 ac
2842 2425 3036 2482 deinde
3066 2442 3185 2498 cap.
3218 2430 3286 2485 to
3317 2434 3576 2501 perstrin-

1964 2520 2119 2575 gens,
2170 2522 2290 2574 qua:
2340 2510 2585 2578 proxime
2635 2528 2703 2566 ex
2756 2515 2846 2568 illa
2903 2516 3322 2589 descripsimus,
3356 2524 3576 2580 subdit:

1972 2616 1990 2647 ε
2030 2599 2265 2669 Cyrillus
2289 2612 2522 2670 quatuor
2551 2604 2713 2660 libros
2742 2607 2979 2677 scripsit,
3015 2620 3125 2666 tres
3166 2613 3423 2671 adversus
3452 2617 3580 2672 Dio-

1966 2690 2156 2744 dorum
2184 2700 2240 2745 et
2278 2691 2625 2749 Theodorum
2651 2740 2664 2762 ,
2695 2699 2848 2768 quasi
2876 2713 3062 2757 essent
3111 2704 3415 2762 NeStnriani
3451 2709 3578 2781 dog-

1967 2781 2125 2835 matis
2165 2793 2415 2839 auctores
2440 2827 2453 2849 ,
2496 2797 2550 2841 et
2575 2788 2737 2843 alium
2770 2790 2836 2845 de
2866 2793 3241 2854 lucarnatinne
3272 2799 3490 2866 librum,
3520 2803 3576 2860 in

1967 2874 2160 2943 quibus
2208 2878 2556 2934 continentur
2602 2882 2949 2954 antiquorum
3004 2901 3215 2958 patrum
3260 2908 3513 2966 corrupta
3550 2919 3572 2951 ι

1970 2964 2064 3037 (ita
2095 2975 2249 3022 vetus
2278 2970 2451 3026 codex
2478 2974 2833 3038 corheiensis,
2867 2978 2954 3034 ubi
2984 2980 3037 3034 in
3067 2983 3291 3052 vulgatis
3315 2964 3580 3047 mendoso

1967 3057 2303 3135 incorrupta)
2340 3081 2359 3114 ‹
2396 3064 2720 3132 testimonia,
2754 3068 2805 3123 id
2836 3082 2919 3125 est
2945 3071 3140 3128 FCiilis
3168 3075 3349 3147 Papa;
3387 3081 3577 3155 Diony-

1968 3153 2035 3208 sii
2087 3155 2426 3225 Areopagin
2466 3158 2869 3215 Corinthiorum
2916 3165 3187 3236 episeopi.
3242 3181 3298 3225 et
3326 3153 3574 3245 Gregorii

257 3254 393 3321 lant,
446 3275 469 3307 ι
505 3258 634 3327 quia
691 3256 773 3331 (2)
823 3259 980 3314 beato
1020 3260 1221 3331 Cyrillo
1263 3269 1318 3316 et
1368 3261 1526 3316 beato
1569 3262 1865 3317 Athanasio

1972 3247 2230 3304 mirabilis
2258 3253 2656 3327 θαυματούργου
2687 3258 3071 3327 cngttntniuali.
3097 3262 3298 3319 COutra
3331 3284 3467 3336 quos
3488 3286 3577 3325 ca-

254 3348 654 3405 Alexandrinze
682 3350 925 3406 civitatis
968 3352 1271 3424 Episcnpis,
1303 3353 1482 3410 Felice
1510 3355 1670 3410 etiam
1699 3365 1751 3411 et
1774 3356 1866 3411 Ju-

253 3440 327 3495 lio
355 3440 623 3497 Romana:
652 3442 937 3509 Ecclesiaz,
984 3445 1249 3518 Gregorio
1288 3448 1418 3518 quin
1447 3450 1608 3503 etiam
1640 3450 1864 3504 mirabi-

252 3530 442 3587 bilium
492 3535 730 3599 factore;
763 3545 818 3591 et
851 3536 1104 3608 Dionysio
1147 3532 1467 3609 Areopagita
1514 3557 1672 3596 unam
1706 3522 1864 3596 natu‘1

255 3641 377 3681 ratu
424 3626 522 3682 Dei
555 3627 727 3684 Verbi
759 3628 1179 3686 decernentibus
1229 3643 1349 3701 post
1389 3633 1681 3690 unitionem
1707 3676 1723 3700 ,
1766 3635 1868 3690 hos

260 3735 455 3776 omnes
473 3723 801 3792 transgressi
829 3723 926 3791 illi,
948 3733 1075 3796 post
1094 3720 1387 3781 unitionem
1407 3736 1868 3797 prmsumpserunt

259 3812 398 3868 duas
417 3826 636 3870 naturas
654 3814 969 3884 praedicare.
1004 3836 1024 3869 ι
1044 3814 1247 3884 Quibus
1265 3818 1555 3889 respondet
1569 3820 1830 3891 Hypatius
1849 3837 1863 3874 :

266 3926 285 3960 ε
318 3906 379 3961 ιη
408 3917 614 3962 tantum
654 3908 807 3963 falsa:
846 3919 976 3965 sunt
1015 3910 1269 3980 Epistolm
1309 3914 1423 3968 sive
1462 3914 1867 3970 testiﬁcationes

262 4001 397 4066 illae,
425 4016 553 4071 quas
576 4002 782 4070 dicitis,
818 4014 877 4059 ut
916 4020 1090 4074 neque
1121 4021 1280 4065 uitam
1312 4023 1377 4061 ex
1406 4006 1514 4061 illis
1540 4007 1732 4073 beatus
1761 4008 1868 4080 Gy-

267 4096 426 4150 rillus
452 4096 677 4152 voluerit
722 4097 1034 4163 recordari,
1078 4114 1178 4154 nec
1205 4098 1260 4153 in
1292 4098 1581 4167 Epistolis,
1628 4115 1761 4169 quas
1800 4100 1869 4155 ad

262 4186 566 4243 Nestorium
590 4189 824 4259 scripsit,
847 4190 1007 4244 autin
1032 4191 1114 4245 his
1136 4192 1218 4264 (5)
1246 4207 1378 4261 quas
1401 4200 1588 4253 contra
1612 4192 1866 4265 blasphe-

261 4282 531 4351 miasejus
548 4283 769 4352 pretulit
790 4284 1198 4339 testificationes
1212 4285 1264 4339 in
1284 4294 1467 4340 sancta
1484 4285 1689 4356 synodo
1702 4287 1869 4356 ephe-

258 4377 396 4451 siua,
429 4377 648 4445 quando
679 4378 911 4434 nissime
938 4378 1122 4433 debuit
1149 4377 1394 4446 proferre
1413 4394 1527 4444 eas,
1554 4378 1650 4433 sed
1685 4394 1782 4433 nec
1812 4380 1867 4435 in

258 4468 601 4538 expositione
637 4469 922 4525 duodecim
953 4470 1309 4540 capitulorum
1331 4470 1592 4537 adversus
1617 4470 1869 4525 Theodo-

257 4571 437 4616 retum
466 4570 523 4614 ct
565 4561 906 4616 Andream...
940 4563 1035 4617 sed
1078 4578 1179 4617 nec
1207 4566 1469 4617 adversus
1496 4563 1754 4629 orientale
1784 4561 1865 4636 (4)

1972 3343 2156 3398 tholici
2190 3344 2426 3400 veritatis
2471 3346 2786 3404 defensores
2831 3350 2907 3405 sic
2955 3355 3230 3424 acephalis
3271 3364 3572 3431 responde-

1969 3445 2127 3500 runt,
2159 3437 2278 3490 illos
2306 3437 2475 3491 libros
2506 3456 2613 3494 non
2646 3455 2768 3496 esse
2796 3442 3012 3515 Cyt‘illi,
3045 3451 3298 3517 quoniam
3333 3453 3579 3511 testimoa

1946 3527 2093 3616 .niis,
2122 3545 2241 3598 quae
2261 3530 2313 3584 in
2336 3531 2415 3586 eis
2435 3543 2625 3588 contra
2671 3546 2918 3592 mortuos
2937 3542 3181 3609 posuisse
3205 3544 3419 3613 dicitur,
3444 3562 3577 3604 con-

1973 3629 2051 3674 tra
2105 3621 2371 3678 viventem
2428 3624 2734 3682 Nestorium
2788 3645 2894 3684 non
2944 3642 3029 3687 est
3088 3651 3236 3702 usus,
3296 3654 3473 3707 neque
3516 3642 3574 3699 in

1971 3719 2238 3788 aliquibus
2266 3721 2539 3789 Epistolis.
2576 3723 2729 3781 Unde
2758 3725 3080 3785 dicuutillos
3106 3732 3270 3789 libros
3315 3751 3416 3794 nec
3458 3738 3577 3794 dic-

1972 3819 2115 3867 tasse
2143 3812 2425 3884 Cyrillum,
2467 3832 2566 3871 nec
2592 3817 2882 3875 edidisse.)
2921 3822 3052 3876 Cum
3078 3824 3239 3895 igitur
3263 3827 3575 3887 Liberatum

1972 3918 2034 3958 ex
2068 3902 2280 3975 llypatii
2311 3907 2579 3961 sententia
2604 3910 2750 3979 inqui
2775 3911 3117 3969 manifestum
3146 3917 3236 3985 sit,
3269 3934 3433 3975 unum
3448 3938 3577 3977 cen-

1972 3996 2078 4051 seri
2108 3997 2269 4053 debet
2294 3998 2571 4068 utriustpte
2605 4001 2991 4060 testimonium.
3024 4006 3104 4061 Ex
3135 4024 3242 4077 quo
3267 4010 3579 4080 coniicitur,

1972 4088 2134 4143 unius
2172 4088 2520 4160 ejusdemque
2558 4091 2755 4145 Felicis
2798 4097 3015 4152 nomine
3056 4114 3180 4152 cum
3221 4103 3461 4168 geminas
3507 4120 3573 4161 ac

1973 4184 2244 4249 sinceras,
2282 4196 2391 4241 tum
2425 4186 2587 4243 falsas
2614 4198 2706 4241 aut
2744 4189 3074 4247 adulteratas
3103 4195 3402 4267 divulgatas
3429 4200 3573 4258 litte-

1972 4293 2095 4332 ras;
2129 4290 2179 4332 et
2210 4278 2468 4347 genuinas
2498 4278 2712 4349 quidem
2753 4282 2805 4336 in
2838 4284 3098 4352 ephesino
3126 4289 3374 4355 concilio,
3409 4292 3570 4350 falsas

1973 4382 2152 4426 autem
2195 4387 2288 4425 seu
2316 4383 2599 4442 corruptas
2629 4374 2695 4428 ab
2727 4377 2996 4446 acephalis
3028 4379 3190 4438 fuisse
3218 4384 3479 4441 laudatas.

2049 4465 2174 4520 Utut
2200 4467 2254 4519 in
2282 4467 2494 4521 dubium
2540 4472 2763 4525 revocari
2807 4475 2964 4540 possit
3014 4477 3125 4539 eius
3151 4478 3437 4550 integritas.
3472 4481 3573 4540 Ca-

1973 4558 2161 4613 tholica
2188 4571 2353 4614 tamen
2374 4572 2447 4615 est
2478 4564 2746 4619 sententia.
2782 4566 2960 4622 Omnis
2985 4585 3100 4625 vero
3115 4572 3364 4631 dubitatio
3392 4593 3457 4632 ea:
3476 4596 3565 4634 νεα

258 4654 575 4723 quoniam.
620 4674 640 4719 ῃ
674 4654 812 4721 Tum
865 4655 1296 4723 teatimouiorutu
1324 4672 1354 4717 a
1385 4656 1584 4727 Cyrillo
1612 4657 1867 4726 ephesina
1898 4663 1947 4723 1)
1976 4662 2133 4707 terum
2181 4657 2487 4710 auctoritate
2530 4659 2752 4713 sublata.
2780 4691 2853 4702 ——
2881 4663 3009 4718 Inde
3041 4676 3218 4722 tamen
3250 4673 3453 4727 moveri
3480 4690 3568 4730 me

256 4748 319 4813 in
349 4750 559 4821 synodo
591 4751 943 4819 tit-uiatorem.
977 4750 1401 4821 nominatimque
1430 4749 1620 4817 Fvlicis
1646 4751 1869 4819 sinceri-

261 4853 427 4909 tatem
472 4852 695 4911 metm,
742 4856 901 4916 atque
942 4845 1026 4911 his
1054 4846 1280 4915 opponit
1318 4845 1372 4912 in
1412 4844 1556 4916 hunc
1606 4846 1865 4909 modum:

268 4936 410 5003 «Sed
439 4948 493 5001 et
520 4935 630 5003 but;
655 4935 905 5003 dicimus.
929 4937 1054 5006 quia
1085 4935 1368 5003 duodecim
1384 4935 1742 5006 gloriosorum
1773 4952 1870 5007 pa-

266 5037 409 5096 Ima
456 5028 764 5095 teSlimunia
812 5029 1075 5095 adversus
1127 5028 1358 5093 Nestmii
1407 5029 1767 5099 blasphetuias
1818 5031 1870 5086 in

270 5120 485 5189 Epheso
510 5123 573 5181 Β.
601 5120 834 5194 Cyrillus
861 5122 1143 5190 proferens
1160 5165 1174 5185 .
1201 5122 1256 5185 id
1284 5132 1369 5178 est
1393 5124 1563 5179 sancti
1584 5123 1726 5179 Petri
1754 5123 1873 5194 epi-

274 5214 422 5282 soopi
448 5216 785 5289 alexandrini
812 5226 869 5279 et
887 5216 1140 5288 martyris
1164 5259 1179 5282 ,
1211 5217 1385 5283 sancti
1412 5216 1605 5273 Felicis
1633 5218 1872 5289 cpimopi

274 5309 481 5362 romani
517 5320 569 5365 et
597 5309 873 5382 martyris,
901 5309 1158 5382 Cypriani
1187 5300 1425 5381 episcopi
1444 5311 1872 5381 carthaginettsis

269 5408 336 5457 et
375 5402 615 5474 martyris
636 5446 657 5469 ,
690 5403 752 5458 Β.
785 5400 1065 5458 Athanasii
1094 5413 1148 5457 et
1177 5403 1236 5458 Β.
1270 5403 1554 5472 Theophili
1594 5405 1873 5474 episcopo-

345 5519 423 5590 (i)
456 5520 526 5577 Le
550 5522 747 5591 Quicn.
784 5521 1063 5578 Dissertat.
1096 5522 1405 5587 Damasenq
1440 5539 1498 5582 tt.
1536 5522 1563 5591 ᾗ
1596 5539 1688 5578 \‘ll.

344 5594 643 5669 (illabi...
689 5595 917 5669 (ἱοᾼησὶιί,
965 5603 1095 5648 tom.
1144 5610 1229 5652 tv.
1281 5610 1397 5664 pag.
1442 5595 1608 5669 l7_66,
1643 5606 1698 5651 et
1728 5597 1869 5669 apud

265 5662 455 5735 Hand,
486 5666 701 5721 Collect.
735 5663 962 5731 Concil.,
996 5675 1127 5720 tom.
1157 5662 1425 5735 νιιιζρᾱε.
1456 5667 1581 5723 820.

312 5734 826 5819 "(3)1taintellige,
872 5737 1027 5810 quasi
1074 5754 1199 5793 mox
1239 5739 1507 5809 legeretur
1559 5741 1871 5809 testiﬁcatio-

266 5808 436 5957 πιῑὶιῧ.
455 5880 568 5938 Hoc
597 5891 681 5938 es‘
706 5881 760 5938 in
783 5881 1112 5954 Αροιορειὶοο
1135 5881 1395 5940 adversus
1421 5881 1740 5941 Orientales.

1974 4746 2165 4813 fateor,
2199 4765 2266 4804 ne
2294 4750 2492 4805 Felicis
2518 4755 2800 4823 epistolam
2830 4759 2991 4814 etiam
3022 4760 3072 4816 in
3101 4766 3361 4833 ephesino
3384 4772 3568 4826 conci~

1973 4840 2069 4908 lio,
2097 4845 2692 4915 etaCyrlllolaudatam
2715 4852 3113 4917 proiudubitata
3143 4842 3392 4921 habeam.
3420 4862 3567 4934 quod

1972 4932 2205 5005 Cyrillus
2228 4937 2279 4991 in
2310 4941 2533 5008 epistola
2568 4942 2631 4994 ad
2664 4942 2984 5001 Successum
3025 4957 3081 5002 et
3101 4950 3226 5006 alibi
3254 4969 3409 5011 unam
3431 4932 3568 5014 uerbi

1975 5041 2211 5085 naturam
2242 5032 2563 5087 iucumulam
2601 5038 2934 5102 prolitcatur.
2967 5039 3150 5108 Neque
3177 5046 3319 5100 enim
3349 5049 3567 5108 aliunde

1977 5122 2043 5175 ad
2086 5122 2390 5193 hujusmodi
2436 5125 2822 5194 professionem
2876 5130 3140 5191 adductus
3178 5137 3409 5203 videtur,
3463 5143 3569 5202 nisi

1974 5216 2114 5283 quod
2142 5217 2362 5285 scripta.
2379 5232 2498 5287 qum
2519 5219 2905 5287 apolliuaristze
2919 5226 3187 5289 clarorum
3208 5233 3444 5290 virorum
3464 5253 3568 5294 non

1976 5308 2207 5360 minibus
2238 5308 2607 5364 confluxerant
2639 5354 2652 5373 ,
2683 5328 2868 5369 eorum
2902 5318 3231 5377 exiStimavit
3259 5339 3378 5381 esse
3422 5344 3564 5399 quos

1974 5413 2093 5451 rum
2148 5400 2362 5453 nomina
2411 5414 2522 5469 pra:
2543 5417 2600 5456 se
2644 5403 2862 5463 ferrent.
2901 5409 3033 5466 lliuc
3082 5422 3136 5467 et
3184 5413 3473 5476 Flavianus
3507 5423 3569 5481 in

1975 5490 2339 5559 confessione,
2368 5510 2528 5565 quam
2560 5496 2627 5551 ad
2658 5498 3020 5558 Theodosium
3048 5507 3425 5576 imperatorem
3456 5518 3564 5573 mi-

1971 5586 2041 5639 sit
2073 5604 2085 5639 :
2126 5606 2143 5637 (
2178 5587 2351 5642 Unum
2392 5590 2630 5660 quidem.
2662 5594 2831 5663 inquit
2865 5596 2962 5669 (l),
2987 5600 3135 5657 verbi
3169 5605 3258 5660 Dei
3292 5622 3561 5681 naturam,

1970 5675 2302 5733 incantatam
2336 5690 2512 5737 tamen
2550 5696 2604 5739 ct
2635 5685 3035 5744 inltutnanatam
3059 5735 3073 5759 ,
3120 5695 3298 5755 dicere
3330 5719 3434 5757 ttntt
3463 5675 3561 5762 ne;

1969 5787 2178 5841 gamus,
2212 5792 2277 5830 eo
2304 5776 2445 5845 quod
2474 5794 2545 5834 ex
2570 5780 2827 5835 ambabus
2857 5799 2995 5840 unus
3013 5796 3175 5861 atque
3196 5792 3337 5849 idem
3364 5798 3433 5852 sit
3459 5800 3564 5857 Do.

2043 5884 2121 5959 (l)
2146 5885 2364 5944 Calced.
2388 5889 2620 5959 Concil.,
2650 5903 2788 5963 part.
2821 5910 2939 5970 cap.
2970 5916 3022 5969 ν,
3049 5910 3103 5959 et
3130 5904 3339 5963 liberat.
3361 5914 3562 5989 cap“.
