4158 6260
578 321 686 382 1-55

1913 319 1969 375 8.
2017 313 2282 374 FELICIS
2322 313 2523 370 ΡΑΡᾸΞ

3768 308 3883 367 ut

576 444 755 496 minus
787 447 972 497 noster
991 437 1149 496 Iesus
1179 435 1441 492 Christus.
1482 452 1501 486 ι
1539 434 1672 491 Utut
1696 428 1887 500 est,'si
1931 434 2167 489 lizeretici
2197 433 2248 491 Α
2277 433 2448 486 menis
2464 430 2576 484 suis
2598 442 2720 498 cap.
2747 427 2845 493 14,
2879 432 3009 482 tom.
3028 439 3108 482 tu.
3138 422 3491 482 Bibliotheca:
3511 432 3750 482 veterum
3775 426 3880 483 Pa-

576 544 661 591 est
689 533 1042 605 fragmentum
1077 531 1205 586 illitd
1237 529 1289 584 Fe
1310 528 1428 583 licis
1454 531 1670 584 nomine
1697 528 2030 598 inscriptum,
2052 529 2169 597 ejus

577 640 680 694 est,
713 629 942 698 quicum
972 625 1268 683 eatholicus
1289 623 1456 678 videri
1490 623 1722 688 all‘ectet,
1751 639 1876 677 suas
1897 623 1965 677 ab
1987 621 2170 676 ortho-

573 723 714 778 doxa
747 722 851 777 ﬁde
879 735 1038 776 voces
1065 727 1360 773 mutuatur.
1393 716 1526 771 Illuil
1558 727 1706 772 certe
1754 732 1874 769 cum
1935 714 2170 787 (lyi-illus

575 828 630 872 et
679 813 934 884 epliesina
980 811 1218 884 synodus
1275 809 1615 865 sanctissimo
1670 824 1803 879 papa
1852 817 1905 862 et
1933 819 2170 877 mariyre

573 907 752 962 Felice
802 922 908 961 non
948 903 1528 976 indignumjudicarint
1556 945 1570 965 ,
1613 914 1774 970 atque
1822 910 1878 954 ut
1923 900 2164 969 ejusdem

571 1001 769 1056 deinde
795 999 992 1056 Marius
1020 999 1318 1064 Mercator,
1355 997 1668 1051 Vincentius
1701 995 2000 1050 Lirinensis
2024 1036 2038 1056 ,
2071 994 2164 1048 lli-

569 1097 747 1166 patius
793 1095 1147 1165 Ephesiorum
1195 1096 1502 1162 episcopus,
1553 1090 1754 1157 aliique
1792 1087 2044 1144 catholici
2071 1087 2169 1142 ad-

569 1188 849 1250 miserint,
887 1186 1139 1258 quamdiu
1167 1185 1313 1240 aliud
1344 1201 1448 1238 non
1476 1181 1766 1244 constabit,
1795 1180 2042 1249 religiooi
2070 1195 2164 1234 no-

569 1281 652 1336 bis
690 1291 773 1338 est
818 1281 943 1336 hinc
987 1280 1115 1334 illud
1155 1279 1493 1333 submovere.
1530 1275 1675 1330 Sane
1707 1283 1764 1328 iit
1801 1275 2162 1328 orthodoxam

567 1377 796 1446 quisque
843 1373 1085 1444 proferre
1118 1380 1231 1426 tuto
1261 1371 1458 1434 valeat,
1491 1367 1634 1439 quod
1667 1377 1811 1422 tanta
1843 1368 2166 1422 auctoritate

567 1471 804 1526 fulcitur.

659 1563 796 1629 Quin
825 1573 870 1616 et
896 1577 959 1616 ea:
981 1561 1155 1614 eodem
1187 1562 1474 1629 fragttiento
1489 1555 1804 1626 Apollinaris
1828 1553 2032 1608 Iucresis
2053 1569 2170 1623 pro-

563 1657 790 1726 ﬂigatttr.
824 1683 894 1694 —-
911 1652 1238 1720 Apollinaris
1270 1650 1492 1704 haeresis
1514 1691 1529 1714 ,
1562 1665 1680 1718 quze
1706 1664 1904 1717 corpus
1928 1647 2164 1700 hominis

2275 537 2414 580 trum
2446 525 2690 578 inseruit.

2345 620 2482 675 Tres
2512 619 2686 674 adhuc
2714 618 2876 674 Felici
2904 618 2922 673 l
2947 619 3285 689 assignantur
3312 619 3555 690 epistola:
3581 635 3610 673 a
3646 620 3880 690 pseudo-

2273 713 2499 769 Isidoro.
2552 713 2730 768 Prima
2786 714 2852 767 ad
2881 713 3171 769 Paternum
3205 713 3516 785 episcopum
3568 729 3666 771 sex
3701 717 3877 786 capita

2273 806 2554 861 continet:
2594 807 2653 861 ιο
2684 807 2836 875 Qttod
2884 805 3124 861 fautores
3155 807 3492 862 inimicorum
3534 811 3604 863 ab
3646 823 3876 864 accusa-

2278 900 2422 954 tione
2448 899 2746 970 episcopali
2779 900 3222 955 submoveantur.
3255 901 3318 955 2°
3349 900 3427 956 Ne
3456 903 3690 971 majores
3711 919 3740 958 a
3771 904 3877 958 mi-

2271 1007 2460 1046 norum
2485 993 2918 1049 accusationibus
2948 994 3294 1063 iinpetantur.
3327 995 3390 1050 ὅθ
3437 994 3514 1050 Ne
3547 999 3598 1050 in
3631 1012 3687 1050 re
3713 997 3877 1052 dubia

2272 1101 2376 1140 non
2391 1085 2812 1154 judiceturrerta
2827 1087 3116 1142 sententia.
3135 1086 3272 1144 4°Ut
3289 1087 3470 1143 clerici
3491 1104 3617 1143 suas
3634 1091 3878 1145 actiones

2269 1190 2582 1235 exerceant.
2647 1181 2710 1236 5°
2773 1181 3057 1248 Quomodo
3123 1181 3378 1250 primates
3435 1182 3487 1234 in
3561 1196 3874 1238 accusatum

2270 1274 2584 1346 episc0pum
2612 1290 2670 1329 se
2691 1290 2881 1345 gerere
2907 1275 3162 1330 debeant.
3185 1273 3246 1328 6°
3269 1273 3488 1329 Judices
3517 1275 3773 1330 EcclesizB
3805 1291 3877 1331 ne

2269 1367 2495 1423 absente
2524 1383 2612 1435 eo,
2640 1372 2796 1437 cujus
2847 1383 3008 1422 causa
3039 1369 3348 1430 ventilatur,
3395 1371 3711 1422 sententiam
3745 1384 3875 1440 pro-

2271 1460 2463 1513 ferant.
2499 1459 2626 1513 Data
2670 1469 2754 1514 est
2783 1459 2941 1513 tionis
2966 1458 3102 1528 junii
3140 1456 3368 1512 Claudio
3395 1467 3451 1512 et
3474 1460 3762 1514 Aureliano
3793 1460 3877 1513 vi-

2270 1553 2344 1607 ris
2377 1554 2586 1608 clariss.
2625 1567 2768 1606 coss.
2795 1583 2868 1593 —
2891 1552 3137 1609 Secunda
3167 1553 3418 1622 epistola,
3451 1552 3520 1608 de
3551 1553 3873 1610 auctoritate

2267 1648 2413 1703 sedis
2439 1649 2775 1718 apostolica,
2809 1659 2863 1704 et
2901 1649 2969 1704 de
2995 1653 3156 1720 episc.
3181 1649 3264 1720 pis
3293 1652 3576 1710 accu5atis.
3603 1651 3873 1706 iioivi-rsis

560 1750 740 1802 anima
787 1747 870 1800 vel
913 1753 1094 1799 mente
1133 1743 1447 1797 de~titutum
1474 1741 1718 1808 adeoque
1758 1739 2030 1792 hominem
2062 1738 2160 1791 i'n-
2191 1784 2236 1844 Β
2270 1759 2364 1812 per
2393 1743 2594 1798 Gallias
2619 1743 2890 1813 episcopis
2911 1743 3221 1798 constitutis
3253 1744 3412 1797 misSa
3439 1753 3542 1798 est.
3574 1744 3698 1798 Data
3730 1755 3808 1799 est
3833 1758 3867 1796 ν

561 1840 858 1910 perfectum
886 1856 914 1891 a
947 1837 1164 1891 ChriSto
1194 1847 1528 1904 assumptum
1573 1836 1818 1897 volebat,
1873 1834 2159 1902 postremis

529 1927 532 1931 ’
560 1931 720 2001 hujus
743 1933 920 1984 verbis
953 1930 1284 1998 profligator.
1315 1928 1581 1994 Quocirca
1614 1927 1694 1980 vel
1719 1926 1841 1980 hinc
1872 1926 2109 1994 suspicio
2139 1967 2154 1988 ,

559 2039 630 2078 ne
661 2025 799 2077 forte
828 2023 954 2075 illiti]
981 2019 1366 2090 apollinarista:
1397 2017 1910 2088 alicujusupiliciuiii
1938 2019 2158 2084 sit,otn-

556 2116 689 2170 nitio
739 2125 1144 2177 removeretur,
1189 2115 1233 2168 si
1281 2115 1659 2168 liwreticoruin
1693 2115 2075 2167 illorumartes
2093 2129 2158 2168 ac

553 2209 774 2264 fraudes
804 2209 1053 2262 laterent.
1085 2207 1188 2262 Sed
1219 2218 1276 2260 iit
1302 2207 1535 2274 prudens
1569 2207 1880 2261 observavit
1907 2207 2155 2260 laudatus

555 2302 781 2358 Michael
812 2300 1156 2372 Lequienius,
1182 2309 1236 2354 et
1262 2299 1596 2371 Epiphanius
1627 2299 1704 2371 (Ι)
1728 2301 2002 2354 memoria:
2033 2315 2155 2369 pro-

551 2394 729 2458 didit,
779 2394 1075 2460 przedicare
1121 2408 1229 2447 non
1279 2392 1544 2446 dubitavit
1599 2391 1788 2445 Vitalis
1838 2391 2154 2460 Apollinatii

549 2487 870 2556 discipulus,
897 2487 1102 2539 omnino
1126 2487 1381 2556 perfectus
1413 2487 1564 2537 homo
1590 2484 1828 2537 Christus
1857 2486 2056 2550 extitit,
2091 2499 2154 2537 ac

550 2585 904 2638 nihilominus
954 2592 1190 2636 mentem
1218 2596 1246 2633 a
1284 2581 1500 2633 Christo
1528 2589 1832 2648 susceptam
1861 2594 1980 2632 esse
2011 2577 2153 2633 haud

552 2688 867 2733 cunetanter
894 2680 1120 2747 negavit.
1148 2675 1301 2743 Quod
1332 2691 1440 2745 quo
1483 2685 1640 2744 pacto
1679 2685 2030 2744 Compoueret
2060 2692 2150 2730 ro-

554 2784 730 2844 gatus,
790 2772 1072 2848 restiondit
1119 2791 1132 2825 :
1178 2789 1197 2822 i
1229 2769 1471 2825 Eatenus
1527 2769 1822 2840 perlectum
1877 2770 2151 2824 hominem

553 2869 722 2924 fuisse
747 2866 996 2929 dicimus,
1023 2867 1066 2920 si
1093 2865 1435 2920 divinitatem
1466 2865 1540 2919 illi
1575 2866 1694 2920 loco
1722 2867 1918 2920 mentis
1943 2867 2148 2920 adseri-

550 2966 744 3020 bainns
797 2973 851 3016 et
873 2977 1093 3018 carnem
1117 2972 1279 3030 atque
1300 2965 1534 3016 animam
1566 2963 1922 3032 adjungamus
1962 2968 2057 3029 sic,
2097 2978 2156 3020 ut

551 3057 826 3128 perfectus
849 3055 1012 3110 liomo
1031 3071 1095 3110 ex
1119 3070 1304 3121 carne,
1330 3056 1507 3109 anima
1537 3072 1589 3110 et
1617 3055 1918 3118 divinitate.
1945 3074 2066 3128 qiite
2085 3061 2154 3112 sit

2267 1836 2386 1890 idus
2433 1835 2659 1907 Augusti
2703 1835 2927 1890 Claudio
2974 1845 3027 1890 ct
3066 1835 3299 1890 Paterno
3329 1837 3459 1891 Vll'iS
3482 1837 3692 1893 clariss.
3719 1852 3863 1893 coss.

2263 1928 2446 1983 Tertia
2479 1930 2712 1998 denique
2749 1929 2973 1998 epismla
2992 1928 3057 1982 ad
3089 1928 3384 1998 Beniguiiin
3416 1930 3727 1999 episcopum
3755 1931 3866 1984 duo

2262 2024 2658 2094 complectitur.
2697 2025 2923 2078 Damnat
2963 2035 3018 2077 et
3058 2038 3190 2088 eos,
3236 2025 3325 2092 qtti
3360 2025 3526 2078 filium
3551 2039 3654 2078 non
3684 2023 3866 2080 videre

2262 2115 2475 2170 Patrem
2498 2118 2855 2184 contendunt,
2882 2126 2938 2171 et
2964 2118 3084 2171 illus
3106 2118 3194 2187 qui
3225 2116 3496 2172 aflirmant
3528 2117 3719 2173 Filium
3740 2133 3864 2174 esse

2261 2210 2420 2265 Patre
2447 2213 2707 2266 minorem
2735 2229 2748 2264 :
2785 2212 2915 2265 Data
2948 2212 3104 2265 nonis
3129 2211 3407 2268 Februarii
3434 2213 3660 2268 Claudio
3680 2223 3736 2270 et
3762 2213 3864 2268 Pa-

2261 2313 2416 2358 terno
2445 2305 2576 2358 viris
2619 2303 2832 2361 clariss.
2883 2319 3027 2359 coss.
3078 2308 3147 2359 At
3181 2305 3375 2360 frustra
3406 2307 3691 2360 subdolum
3742 2315 3857 2363 rete

2259 2413 2413 2452 suum
2442 2397 2682 2454 larvatus
2712 2399 2801 2454 ille
2828 2397 2982 2454 Felix
3012 2399 3185 2455 tendit
3227 2399 3471 2456 eruditis.
3503 2401 3701 2456 Primae
3728 2401 3859 2472 Epi-

2257 2493 2412 2545 stolze
2436 2491 2717 2546 falsissima
2741 2502 2824 2546 est
2850 2494 3195 2563 subscriptio.
3227 2495 3460 2550 Sedeute
3487 2495 3660 2551 Felice
3680 2497 3859 2551 nullus

2257 2581 2462 2638 Claudii
2504 2594 2556 2638 et
2599 2585 2872 2639 Aureliani
2906 2587 3238 2640 consulatus.
3286 2586 3494 2640 Initium
3522 2585 3624 2642 hoc
3650 2589 3855 2658 episto-

2259 2675 2346 2736 lae,
2394 2675 2627 2745 gaudere
2682 2693 2768 2731 me
2816 2677 3104 2746 plurimum
3130 2689 3184 2731 et
3208 2677 3451 2734 exultare
3499 2679 3550 2732 in
3581 2678 3806 2733 Domino
3837 2720 3854 2747 ,

2261 2769 2531 2840 verbaque
2561 2773 2838 2841 sequentia
2864 2771 3000 2826 bene
3031 2771 3194 2826 multa
3222 2781 3406 2827 extant
3438 2771 3631 2828 Leonis
3657 2775 3706 2827 in
3734 2774 3852 2843 epi-

2258 2866 2394 2920 stola
2420 2882 2566 2920 χιιι.
2603 2865 2851 2922 Secunda
2895 2867 3220 2936 subscriptio
3251 2878 3602 2922 veteratorem
3653 2868 3853 2938 prodit.

2261 2957 2378 3012 Vita
2405 2960 2455 3012 iii
2483 2959 2738 3031 Dionysio
2767 2959 3078 3014 morabatur
3109 2960 3288 3015 idibus
3317 2962 3522 3029 augusti
3551 2959 3775 3016 Claudio
3800 2970 3857 3017 et

2259 3051 2491 3108 Paterno
2517 3067 2656 3107 coss.
2687 3052 2789 3122 Qui
2817 3053 2971 3108 Felix
2999 3069 3132 3125 ergo
3160 3071 3227 3110 eo
3259 3065 3526 3127 tempore,
3559 3055 3854 3112 Galliarum

555 3151 754 3205 mentis
807 3150 976 3203 instar
999 3192 1014 3214 ,
1051 3150 1270 3203 existat.
1315 3169 1334 3202 ι
1366 3149 1566 3204 Verum
1595 3151 1853 3206 mentitur
1899 3152 2151 3223 iniquitas
2179 3131 2224 3194 Ο
2257 3146 2526 3216 episcopis
2549 3187 2564 3210 ,
2609 3147 2936 3202 decretalein
2973 3150 3189 3204 mittere
3225 3165 3375 3204 suam
3408 3149 3854 3220 potuit?lnitiutn

549 3245 678 3298 sibi.
700 3243 870 3311 Quem
908 3244 1051 3298 enim
1082 3244 1278 3314 potiori
1308 3243 1542 3299 hominis
1579 3260 1732 3315 parte
1757 3247 2000 3302 caruisse
2025 3264 2153 3303 ceu-

550 3347 634 3392 set
655 3377 671 3402 ,
721 3337 992 3390 hominem
1021 3337 1316 3406 perfectum
1341 3352 1446 3391 non
1477 3338 1577 3392 nisi
1607 3355 1700 3407 per
1733 3338 2150 3395 ludiﬁcationem

551 3428 809 3498 appellat.
846 3427 1119 3484 Ilaclenus
1145 3427 1486 3484 Cuutantiiis.

623 3522 708 3580 Uti
727 3524 777 3578 iu
805 3522 1016 3578 caneris
1045 3533 1284 3578 veterum
1314 3539 1659 3578 romanorum
1691 3525 2004 3594 pontiﬁcum
2040 3528 2154 3592 epi-

545 3620 702 3675 stolis
721 3618 944 3673 edemlis
973 3618 1318 3670 L'outantiitm
1347 3627 1564 3672 secutus
1591 3629 1674 3673 est
1704 3619 2046 3685 Gallaudius;
2082 3623 2150 3676 ita

549 3712 708 3784 linjus
735 3711 934 3781 pariter
965 3709 1248 3780 fragmetiti
1283 3709 1540 3765 Feliciani
1583 3712 1880 3767 editionem
1920 3716 2150 3768 adorna-

549 3805 630 3858 vit
675 3803 740 3859 ad
783 3803 1062 3873 exemplar
1106 3802 1524 3858 Coutant'ianum
1553 3821 1568 3868 ;
1602 3805 1845 3874 ejusdem
1879 3807 2149 3862 (louiantii

543 3895 808 3968 judicium
841 3897 907 3951 de
933 3896 1038 3951 hoc
1070 3895 1392 3967 fragmento,
1426 3906 1589 3968 atque
1620 3899 1880 3955 vindicias
1903 3901 2152 3972 prolego-

625 3991 706 4062 (ι)
733 3991 1024 4061 Epipliatt.,
1060 3989 1266 4046 llatres.
1301 4007 1510 4052 Lxxvii.
1537 3991 1672 4060 §25.

2253 3257 2468 3312 quoque
2488 3241 2746 3297 decretali
2776 3241 3064 3297 temeravit
3088 3242 3198 3298 Leo
3216 3243 3441 3312 epistola
3479 3259 3643 3299 xxxii.
3678 3244 3856 3299 Bono-

2256 3351 2374 3388 rum
2413 3350 2638 3398 otterum
2670 3347 2723 3390 et
2755 3336 3141 3406 spiritualium,
3173 3346 3279 3392 etc.
3313 3335 3425 3392 Nec
3454 3353 3560 3392 uno
3585 3340 3688 3392 hoc
3713 3335 3859 3392 l'urto

2255 3442 2542 3486 contentus
2573 3429 2821 3485 subditus
2853 3431 2941 3486 ille
2969 3431 3118 3487 Felix
3144 3473 3159 3497 ,
3212 3448 3278 3488 ex
3308 3431 3452 3486 Petri
3479 3432 3718 3501 episcopi
3755 3430 3857 3486 Ra-

2257 3526 2504 3580 vennatis
2563 3524 2627 3578 ad
2657 3524 2954 3596 Eutychem
2988 3525 3360 3596 presbyterum
3389 3524 3629 3594 Epistula
3689 3523 3856 3580 verba

2255 3620 2574 3689 desumpsit.
2628 3618 2952 3688 Inspiciatur
3004 3617 3318 3672 Bibliodteca
3364 3634 3550 3690 magna
3595 3616 3807 3672 Patrum
3836 3657 3852 3681 ,

2257 3723 2364 3767 toni
2389 3728 2483 3777 vti,
2525 3728 2576 3779 p.
2611 3711 2738 3777 979,
2785 3722 2838 3766 et
2870 3709 3062 3774 Mansi,
3091 3710 3263 3782 Ampi.
3298 3711 3495 3765 collect.
3544 3710 3854 3776 concilium,

2253 3815 2387 3862 tom.
2411 3822 2449 3870 ι⁹
2484 3821 2602 3875 pag.
2635 3804 2845 3860 1105-
2864 3804 3021 3860 HM.
3069 3803 3177 3859 Has
3196 3803 3391 3860 Felicis
3417 3803 3436 3857 Ι
3479 3803 3734 3874 epistolas
3757 3803 3857 3858 fal-

2251 3904 2428 3956 sitatis
2454 3900 2732 3955 couvictas
2756 3898 2978 3954 exhibet
3000 3898 3164 3953 etiam
3199 3896 3506 3953 Blondellus
3539 3897 3589 3951 in
3613 3894 3855 3953 Pseudo-

2253 3997 2479 4057 Isidoro.
2501 4011 2623 4067 pag.
2649 3995 2757 4051 555
2786 4006 2841 4050 et
2867 4009 2984 4065 seq.

1547 4180 2869 4296 FRAGMENTUM

552 4365 588 4424 ε’
631 4361 819 4419 Felicis
847 4361 1170 4416 sanctissittii
1194 4359 1430 4430 episcopi
1473 4358 1658 4413 Roma:
1701 4369 1752 4412 et
1782 4359 2034 4429 martyris
2086 4376 2152 4412 ex

553 4457 777 4528 oplSIOla
808 4455 875 4510 ad
905 4454 1194 4509 Maximum
1226 4455 1534 4522 episcopmu
1565 4461 1619 4506 et
1647 4451 1851 4505 clerum
1909 4451 2152 4506 Alexan-

556 4551 795 4605 driiium.

627 4667 704 4721 De
746 4663 900 4718 Verbi
933 4673 1112 4718 autem
1142 4661 1505 4716 incarnatione
1533 4670 1587 4716 et
1643 4661 1764 4724 fide,
1797 4663 2067 4717 credimus
2097 4663 2148 4716 in

2255 4362 2458 4421 Φήλικος
2478 4400 2492 4424 ,
2519 4367 2610 4416 τοῦ
2643 4360 2930 4434 ἁοιιωτάτου
2961 4361 3246 4416 ἐπισκόπου
3269 4359 3458 4434 Ῥώμης
3480 4363 3566 4418 καὶ
3589 4364 3855 4441 μάρτυρος

2328 4457 2382 4510 ἐκ
2427 4465 2519 4517 τῆς
2548 4457 2679 4533 πρὸς
2705 4458 2947 4528 Μάξιμον.
2983 4457 3069 4511 τὸν
3100 4456 3380 4511 ἐπίσκοπον
3419 4460 3506 4511 καὶ
3548 4458 3636 4513 τὸν
3674 4458 3856 4529 κλῆρον

2327 4547 2695 4625 Ἀλεξανδρείας
2722 4551 3018 4614 ἐπιστολῆς.

2330 4667 2446 4741 Περὶ
2471 4663 2525 4719 δὲ
2553 4676 2646 4726 τῆς
2673 4670 2988 4744 σαρκώσεως
3015 4675 3107 4724 τοῦ
3136 4668 3303 4742 Λόγου
3361 4672 3448 4724 καὶ
3472 4676 3562 4728 τῆς
3600 4668 3852 4732 πίστιως.

552 4759 837 4814 Dominum
868 4767 1108 4811 nostrum
1141 4755 1322 4810 Jesnut
1351 4755 1622 4810 Christum
1664 4771 1724 4808 ex
1753 4756 1956 4826 virgine
1987 4756 2148 4810 Maria

2261 4760 2568 4830 πιστεύομεν
2594 4761 2664 4820 εἰς
2695 4761 2782 4815 τὸν
2819 4762 2998 4836 Κύριον
3025 4763 3164 4832 ἡμῶν
3203 4761 3393 4821 Ἰησοῦν
3414 4761 3652 4838 Χριστὸν,
3681 4763 3767 4817 τὸν
3796 4764 3854 4817 ἐκ

549 4861 754 4916 natum,
781 4850 919 4922 quod
939 4851 1053 4918 ipse
1070 4864 1150 4904 ρει
1173 4850 1534 4919 sempiternus
1554 4848 1644 4901 Dei
1663 4848 1867 4902 filiuset
1888 4849 2144 4915 Verbum,

547 4962 656 5002 non
684 4957 860 4998 autem
882 4943 1084 4998 lionioa
1108 4945 1216 4998 lien
1242 4955 1568 5013 assumptus,
1603 4953 1658 4995 iit
1687 4942 1824 4994 alitis
1852 4943 1919 4995 sit
1946 4943 2012 4994 ab
2035 4941 2146 4995 illo.

546 5040 731 5111 Neque
751 5039 892 5093 enim
912 5038 1182 5092 hominem
1207 5040 1487 5106 assumpsit
1521 5035 1610 5090 Dei
1634 5035 1818 5101 Filius,
1841 5045 1898 5089 ut
1917 5035 2054 5088 alius
2079 5035 2148 5089 ab

546 5149 614 5188 eo
662 5142 912 5187 exsistat:
946 5131 1039 5185 sed
1099 5145 1218 5183 cum
1265 5130 1532 5196 perlectus
1587 5129 1726 5183 Deus
1773 5137 1936 5186 esset.
1977 5125 2148 5181 factus

543 5240 627 5284 est
655 5228 814 5284 simul
864 5237 917 5284 et
966 5225 1128 5279 homo
1177 5224 1476 5294 perfectus,
1530 5241 1592 5278 ex
1643 5225 1848 5296 virgine
1898 5223 2143 5278 incarna-

552 5332 656 5380 tus.

2254 4864 2344 4915 τῆς
2370 4857 2622 4930 παρθένου
2663 4857 2860 4932 Μαρίας
2906 4857 3194 4928 γενηθέντα,
3225 4854 3303 4912 ὅτι
3346 4856 3498 4917 αὐτὸς
3537 4857 3677 4912 ἐστιν
3706 4854 3732 4910 ὁ
3760 4861 3850 4910 τοῦ

2253 4953 2380 5001 Θεοῦ
2413 4945 2573 5007 ἀΐδιος
2603 4947 2716 5008 Υἱὸς
2741 4950 2828 5001 καὶ
2856 4947 3046 5020 Λόγος,
3077 4951 3162 5001 καὶ
3188 4950 3278 5001 οὐκ
3306 4945 3568 5024 ἅνθρωπος
3596 4948 3698 5003 ὑπὸ
3720 4952 3853 5002 Θεοῦ

2253 5040 2562 5112 ἀναληφθεὶς.
2594 5040 2657 5093 ἶν’
2681 5041 2853 5115 ἕτερος
2940 5042 3066 5116 παρ’
3086 5043 3290 5096 ἐκεῖνον.
3327 5040 3444 5096 οὐδὲ
3465 5045 3567 5116 γὰρ
3589 5039 3851 5118 ἄνθρωπον

2252 5135 2489 5188 ἀνῦιαϐεν
2518 5133 2543 5188 ὁ
2573 5138 2664 5188 τοῦ
2685 5139 2813 5186 Θεοῦ
2836 5133 3067 5194 Υἱὸς.’ἱνα
3151 5134 3326 5210 ἔτερος
3346 5133 3472 5208 παρ’
3501 5134 3674 5189 αὐτὸν·
3701 5134 3847 5197 ἀλλὰ,

2250 5229 2374 5288 Θεὸς
2402 5226 2467 5283 ὢν
2496 5227 2699 5288 τέλειος,
2727 5226 2926 5299 γέγονεν
2955 5224 3066 5296 ἅμα
3090 5229 3177 5280 καὶ
3203 5227 3388 5286 τέλειος
3408 5221 3696 5301 ἄνθρωπος,
3721 5246 3854 5301 σαρ-

2261 5321 2436 5382 κωθςὶς
2460 5321 2514 5374 ἐκ
2542 5318 2815 5394 παρθένον
