4230 6212
355 257 467 320 145

1507 262 1870 326 EPISTOLE
1903 267 1991 327 DU
2000 266 2133 327 ΒΙΑΣ
2172 269 2531 341 QUATUOR.

3561 272 3666 330 146

902 453 999 609 S.
1118 456 1562 614 FELICIS
1670 461 1990 618 PAPIE
2099 466 2150 618 Ι
2257 467 2401 622 E’l‘
2518 470 3113 628 MARTYRIS

1149 673 1739 813 EPISTOL/E
1797 681 2187 767 DUBI/‘E
2244 685 2865 795 QUATUOR.

955 856 1286 915 EPISTOLA
1330 859 1367 914 Ι.

722 967 727 973 ’
788 967 858 1006 AD
895 966 1180 1007 PATERNI”!
1218 967 1535 1011 EPtSCOPUM.

349 1068 435 1126 De
448 1067 668 1141 judiciis
697 1078 746 1123 et
783 1066 1198 1122 accusationibus
1222 1077 1267 1122 et
1294 1068 1675 1141 defensionibus
1695 1090 1957 1132 sacrarunt

1038 1163 1292 1219 ordinum.

342 1281 393 1340 Ι.
422 1312 495 1325 -
522 1280 677 1350 Quod
701 1282 1014 1336 detractores
1039 1289 1087 1335 et
1109 1283 1337 1352 fautores
1363 1282 1690 1340 inimicorum
1716 1285 1778 1341 ab
1799 1303 1951 1343 accu-

428 1375 633 1430 satione
655 1372 935 1444 episcopali
988 1376 1398 1430 submoveantur.

348 1468 423 1525 ll.
454 1497 533 1511 ——
556 1466 642 1523 Ne
682 1482 900 1522 minores
936 1482 970 1520 a
995 1467 1276 1538 majoribus
1328 1470 1737 1525 accusationibus
1790 1472 1951 1543 impe-

423 1573 618 1618 tantur.
1255 1545 1273 1561 ’

354 1656 535 1713 ΠΙ.-
553 1656 622 1711 In
648 1672 707 1711 re
728 1655 883 1711 dubia
912 1674 1013 1710 non
1028 1657 1291 1727 judicetur
1319 1667 1457 1712 certa
1496 1660 1746 1713 sententia
1772 1660 1837 1714 de
1867 1661 1945 1715 Iris

420 1753 510 1824 qui
546 1752 793 1806 adversus
828 1751 1072 1806 clericum
1119 1768 1326 1806 causam
1350 1752 1578 1824 aliquam
1624 1753 1871 1810 habebunt
1895 1756 1948 1811 in

417 1846 698 1916 prouincia.

342 1938 442 1995 ιν.
467 1970 538 1981 --
557 1937 744 1995 Clerici
774 1939 999 1994 actiones
1024 1955 1144 1994 suos
1172 1949 1457 1995 exerceant.

346 2032 418 2089 γ.
441 2062 513 2073 —
551 2032 797 2087 Primates
824 2034 877 2087 in
906 2043 1199 2088 accusatum
1256 2035 1548 2105 episcopum
1593 2038 1846 2107 quomodo
1894 2055 1948 2093 se

419 2143 592 2199 gerere
613 2126 842 2182 debeant.

352 2219 441 2275 Vl.
474 2249 546 2260 -—
571 2217 780 2275 Iudices
830 2217 1076 2275 Ecclesia:
1119 2236 1181 2274 ne
1216 2219 1421 2275 absente
1470 2237 1546 2288 eo,
1596 2224 1744 2293 cujus
1788 2240 1944 2280 causa

410 2310 708 2376 ventilatur,
728 2312 1035 2368 sententiam
1065 2315 1353 2384 proferant,
1387 2322 1434 2367 et
1459 2329 1523 2369 ne
1552 2313 1834 2384 proditoris
1851 2333 1941 2372 ca-

411 2406 609 2460 lumnia
635 2416 728 2461 aut
757 2422 857 2462 vos:
887 2406 1152 2462 audiatur.

345 2497 666 2556 Churissimo
723 2509 874 2571 atque
942 2500 1268 2556 dilectissimo
1319 2501 1546 2557 Paterno
1592 2504 1889 2575 coepiscopo
1920 2545 1935 2571 ,

610 2588 761 2646 Felix
788 2593 1055 2663 episcopus
1081 2592 1134 2646 in
1165 2590 1387 2647 Domino
1413 2595 1654 2650 salutem.

409 2727 659 2785 Gaudere
684 2745 768 2785 me
796 2730 1080 2800 plurimum
1112 2731 1197 2805 (S.
1244 2732 1380 2797 Leo,
1412 2751 1495 2804 ep.
1541 2733 1655 2805 51).
1704 2746 1756 2790 et
1781 2738 1933 2792 exul-

350 2832 465 2878 tare
491 2823 543 2877 in
566 2822 812 2885 ltuinino,
832 2821 906 2878 dil
931 2824 1140 2879 'ctionis
1163 2838 1267 2880 tute
1293 2827 1491 2898 scripta
1522 2825 1786 2895 fet-erunt,
1816 2831 1930 2899 qui-

337 2917 445 2973 bus
470 2916 746 2973 eﬁdenter
774 2919 1077 2974 oSIenditttr
1097 2961 1110 2975 .
1141 2930 1401 2991 quantum
1442 2921 1762 2977 catholicam
1816 2922 1934 2979 dili-

337 3012 421 3083 gis
450 3012 628 3073 fidem,
648 3021 705 3067 et
725 3022 983 3080 quantum
1013 3011 1326 3070 lnereticum
1355 3014 1641 3070 detestaris
1665 3032 1930 3072 errorem.

2061 868 2186 940 quia
2240 870 2341 926 nisi
2406 872 2744 939 unanimiter,
2802 872 3026 929 faciente
3056 872 3305 938 Domino,
3328 882 3642 930 cunctonnn

2062 965 2281 1034 provida
2307 977 2579 1037 pastorum
2604 968 2756 1021 turba
2786 980 3092 1036 concurrat,
3114 984 3271 1023 omne
3288 970 3452 1043 (quod
3478 966 3642 1039 absit)

2059 1057 2217 1112 citius
2242 1058 2381 1112 urile
2408 1058 2651 1117 dilaniet.

2132 1151 2171 1205 Ι.
2202 1152 2542 1223 Quapropter
2589 1154 2944 1223 detractorcs,
2989 1157 3077 1226 qui
3123 1156 3301 1211 divina
3333 1155 3650 1212 auctoritate

2058 1243 2364 1299 eradicandi
2394 1256 2539 1310 sunt,
2572 1254 2626 1302 et
2657 1246 2891 1301 fautores
2936 1247 3301 1314 iniuticomm,
3336 1249 3402 1303 ab
3429 1248 3645 1320 episco-

2056 1337 2158 1406 pali
2189 1337 2572 1393 Sultmovenms
2600 1339 2963 1394 accusatione.

2124 1429 2185 1486 ll.
2204 1429 2464 1487 Similiter
2491 1449 2557 1487 ne
2579 1432 3645 1509 summorumquispiam(Hadr..colJQ),

2058 1523 2327 1578 minorum
2354 1526 2787 1581 accusationibus
2840 1527 3164 1598 impietatur,
3192 1537 3284 1582 aut
3308 1528 3598 1599 dispereat.

2120 1615 2205 1672 ιιι.
2240 1616 2424 1689 Neque
2454 1618 2506 1674 in
2536 1637 2593 1674 re
2627 1619 2713 1693 (S.
2745 1618 2926 1691 Greg.,
2958 1638 3042 1693 ep.
3072 1623 3161 1689 50,
3196 1622 3312 1677 lib..
3346 1627 3458 1692 ιιιι)
3501 1633 3647 1678 certa

1977 1703 2025 1763 B
2046 1708 2317 1780 iudicetur
2359 1715 2645 1780 sententia,
2680 1729 2778 1768 nec
2823 1714 2988 1769 ullum
3015 1714 3310 1784 judicium,
3344 1714 3445 1770 nisi
3492 1715 3639 1772 ordi-

2052 1804 2301 1858 naltililet‘
2330 1803 2592 1867 habitum.
2623 1814 2894 1863 leuentur.

2124 1896 2210 1952 ιν.
2242 1896 2298 1954 Si
2324 1899 2447 1969 quis
2472 1915 2636 1969 super
2670 1901 2997 1971 quibuslibet
3042 1902 3358 1957 criminibus
3383 1902 3639 1958 clericum

2052 1990 2371 2060 pulsandum
2415 1992 2725 2059 crediderit,
2760 1993 2812 2047 in
2864 1993 3157 2063 provincia,
3193 1995 3245 2049 in
3272 2010 3376 2064 qua
3416 1991 3637 2067 (Hadr.,

2052 2084 2149 2139 col.
2184 2082 2239 2157 8)
2273 2086 2522 2140 consistit
2546 2086 2634 2141 ille
2668 2087 2758 2157 qui
2790 2086 3050 2158 pulsatur,
3085 2103 3209 2142 suas
3235 2096 3486 2143 exerceat
3514 2096 3536 2125 ε
3563 2101 3644 2142 ac-

2052 2178 2244 2245 tiones,
2275 2194 2375 2234 nec
2415 2180 2645 2233 arstimet
2679 2195 2800 2234 eum
2830 2188 3111 2235 accusator
3136 2179 3284 2246 alibi,
3314 2189 3406 2234 aut
3430 2178 3640 2250 longius

2044 2272 2463 2344 pertrahendam
2505 2273 2569 2327 ad
2594 2274 2876 2343 judicium.
2909 2272 2986 2327 Illi
3034 2288 3201 2340 vero,
3257 2273 3346 2343 qui
3401 2273 3642 2343 pulsatus

2042 2364 2226 2433 fuerit,
2251 2366 2294 2419 si
2320 2364 2533 2435 judiccs
2558 2375 2839 2435 snSpectos
2871 2364 3143 2432 habuerit,
3173 2364 3334 2419 liceat
3362 2362 3636 2435 appellare

2042 2456 2323 2527 primates.

2117 2550 2177 2602 ν.
2210 2550 2473 2606 Primates
2518 2567 2734 2621 quoque
2783 2562 3092 2605 accusatum
3143 2550 3494 2605 discutientes
3520 2549 3634 2621 epi-

2040 2658 2284 2711 scopum,
2312 2658 2416 2697 non
2450 2653 2573 2697 ante
2602 2644 2923 2698 sententiam
2958 2645 3229 2714 proferant
3252 2643 3634 2709 damnationis,

2040 2751 2198 2805 quam
2228 2734 2519 2803 apostolica
2553 2734 2670 2790 freti
2716 2735 3055 2801 anetoritate,
3101 2746 3192 2789 aut
3234 2752 3384 2790 reum
3434 2752 3493 2789 se
3521 2734 3634 2805 ipse

2038 2828 2357 2883 confiteatur
2383 2828 2507 2901 (An.
2540 2828 2594 2882 in
2642 2838 2829 2893 const.,
2860 2829 2948 2884 lib.
2980 2845 3053 2893 tx,
3102 2831 3180 2883 tit.
3210 2831 3299 2889 40.
3331 2828 3446 2883 cod.
3481 2826 3632 2894 Tha,

2039 2923 2127 2990 Η,
2151 2939 2200 2994 q.
2224 2924 2278 2987 5,
2310 2922 2523 2977 lrritnm
2547 2940 2652 2978 esse
2669 2923 3066 2994 episcoporum),
3086 2934 3174 2979 aut
3199 2940 3292 2994 per
3320 2924 3633 2979 innocentes

2036 3030 2089 3075 et
2127 3020 2385 3075 canonice
2423 3020 2760 3073 examinatus
2795 3019 3110 3089 regulariter
3148 3029 3311 3074 testes
3339 3018 3630 3073 convinca-

334 3105 568 3161 ﬂzenesis
595 3105 799 3177 quippe
826 3115 912 3162 est
938 3107 1097 3161 nimis
1144 3108 1327 3179 impia,
1359 3117 1413 3163 et
1443 3110 1768 3180 evangelica:
1797 3112 1934 3165 veri-
1960 3091 2004 3155 C
2041 3120 2149 3167 tur.
2181 3112 2351 3167 Aliter
2374 3113 2575 3165 irritam
2609 3127 2730 3167 esse
2749 3126 3037 3168 censemus
3059 3122 3114 3167 et
3137 3111 3388 3181 injustam
3419 3110 3631 3181 episco-

331 3199 453 3254 tatis
476 3200 857 3269 inimica,qu:e
879 3215 985 3254 nun
1015 3199 1314 3267 portiOnent
1338 3200 1570 3270 aliquam
1602 3200 1932 3265 lat-dere,sed

326 3293 441 3363 ipsa
474 3294 792 3348 christianze
834 3294 1109 3365 religionis
1137 3307 1366 3349 conatur
1406 3295 1755 3351 fundamenta
1802 3312 1934 3353 con-

331 3388 559 3443 vellere.
595 3387 981 3458 Quoscumth
1011 3396 1037 3424 τι
1064 3388 1208 3442 enim
1240 3390 1379 3460 rapit
1409 3388 1476 3442 ad
1505 3404 1585 3453 se,
1621 3405 1726 3443 non
1757 3389 1929 3444 solum

328 3481 385 3536 in
414 3481 521 3535 hoc.
543 3482 752 3541 vitium.
782 3480 877 3536 sed
909 3481 960 3534 in
992 3479 1156 3535 multa
1185 3480 1288 3535 alia
1315 3480 1437 3535 vitia
1484 3497 1645 3536 ruere
1673 3482 1796 3536 facit
1831 3500 1845 3537 :
1876 3492 1932 3538 et

329 3574 453 3644 ipso
480 3573 738 3628 suadente
765 3574 989 3644 antiquo
1007 3573 1183 3636 hoste.
1212 3588 1318 3641 non
1343 3574 1514 3628 solum
1548 3584 1926 3645 persecutores

330 3666 612 3731 Ecclesice,
647 3666 739 3720 sed
771 3669 932 3721 etiam
964 3665 1305 3721 sacerdotmn
1332 3665 1471 3737 ejus,
1502 3666 1653 3721 finiit.
1690 3666 1804 3724 Una
1826 3668 1925 3738 igi-

334 3771 424 3813 tur
454 3770 632 3813 mente
654 3759 925 3829 corrigere
946 3774 1199 3814 curetnus
1224 3768 1280 3813 et
1306 3759 1655 3829 insequamur
1694 3761 1846 3825 tales,
1874 3770 1927 3816 et

327 3854 403 3908 ab
428 3855 588 3909 hoste
610 3870 708 3907 suo
733 3853 1053 3911 Ecetesiam.
1077 3853 1303 3924 ejusque
1325 3854 1513 3910 ﬁdeles
1541 3864 1594 3909 et
1620 3857 1928 3913 sacerdotes

332 3943 581 4007 Domini,
617 3945 855 4000 nitamur
902 3945 1150 4001 liberare.
1179 3947 1461 4001 Pra-stabit
1508 3949 1653 4002 vires
1683 3950 1927 4019 ontuipo-

337 4044 460 4089 lens
511 4036 820 4104 redemptor
868 4048 1055 4093 noster
1099 4038 1346 4093 charitati
1394 4050 1554 4110 atque
1588 4039 1923 4114 justitin-(S.

330 4119 511 4191 (ἐτίθη
556 4139 638 4192 ep.
688 4122 780 4185 56,
833 4123 923 4177 lih.
977 4124 1052 4196 tv)
1080 4141 1093 4176 :
1126 4124 1398 4193 prmstabit
1424 4126 1594 4192 nobis,
1621 4126 1776 4197 longe
1806 4143 1835 4181 a
1863 4144 1924 4184 se

320 4214 517 4283 positis
544 4254 559 4278 ,
609 4214 868 4269 unitatem
912 4214 1144 4283 Spiritus
1186 4216 1269 4269 sui
1324 4216 1458 4286 ipse,
1488 4231 1641 4286 cuius
1671 4217 1920 4285 artificio,

322 4310 483 4379 quasi
516 4309 568 4361 in
602 4323 743 4362 arm)
794 4309 1036 4374 modum,
1090 4319 1321 4375 quatuor
1374 4312 1559 4366 mundi
1612 4322 1920 4368 constructa

318 4400 603 4467 lateribus,
632 4413 792 4472 atque
822 4401 1226 4472 imputrihilium
1271 4403 1536 4474 lignorum
1560 4420 1840 4478 compage,
1862 4415 1920 4483 et

318 4496 591 4551 bitumine
619 4495 898 4551 charitatis
924 4496 1176 4552 adstricta
1208 4506 1291 4553 est
1336 4498 1597 4565 Ecclesia,
1631 4510 1687 4554 ut
1718 4501 1917 4557 nullius

320 4588 655 4644 adversilate
682 4588 935 4659 Spiritus,
965 4590 1162 4645 nullius
1189 4592 1454 4647 venientis
1479 4594 1815 4651 extrinsecus
1836 4606 1922 4650 tu-

319 4699 477 4739 more
503 4682 699 4738 ﬂuetus
728 4686 1089 4754 perturbetur.
1139 4684 1247 4742 Sed
1289 4687 1745 4757 quemadmodum
1779 4688 1923 4745 illius

317 4777 664 4846 gudernante
688 4777 882 4847 gratia,
906 4775 1193 4845 petendum
1222 4788 1328 4841 est,
1360 4789 1418 4832 ut
1448 4778 1589 4833 nulla
1618 4794 1715 4834 nos
1735 4794 1923 4849 saper-

317 4867 546 4921 veuiens
581 4855 821 4923 exterius
849 4869 986 4924 unda
1014 4870 1321 4943 conturbet,
1356 4871 1428 4925 ita
1476 4886 1540 4926 ex
1584 4873 1710 4927 totis
1761 4888 1918 4929 oran-

2039 3220 2228 3274 purum
2273 3204 2697 3264 damnationem,
2727 3214 2780 3259 et
2822 3203 3020 3258 idcirco
3044 3219 3072 3256 a
3105 3202 3312 3274 synodo
3341 3212 3635 3257 retractan-

2038 3296 2185 3359 dam,
2219 3297 2290 3350 ita
2327 3307 2381 3349 ut
2412 3296 2687 3367 oppressis
2712 3294 2780 3350 ab
2806 3295 3075 3364 omnibus,
3111 3296 3164 3350 in
3194 3295 3401 3350 cunctis
3431 3293 3628 3348 subve-

2035 3392 2213 3445 niatur
2238 3391 2436 3446 causis.

2106 3484 2195 3540 Vl.
2224 3486 2460 3541 Caveant
2491 3483 2674 3559 (Conc.
2711 3483 2915 3550 Carth.,
2949 3501 3023 3548 tv,
3063 3500 3109 3538 c.
3140 3482 3234 3553 28)
3284 3482 3493 3553 judices
3524 3481 3632 3536 Ec-

2034 3577 2233 3642 clesize,
2266 3593 2333 3631 ne
2363 3578 2583 3632 absente
2611 3594 2676 3631 eo
2705 3576 2860 3647 cujus
2884 3591 3042 3632 causa
3073 3576 3375 3643 ventilatur,
3406 3582 3629 3630 senten-

2035 3671 2163 3725 tiam
2198 3672 2494 3742 proferant,
2527 3671 2649 3742 quia
2698 3671 2844 3725 irrita
2894 3671 3017 3737 erit,
3045 3671 3133 3741 qui
3164 3670 3324 3725 etiam
3366 3670 3628 3726 rationem

2034 3782 2132 3836 pro
2158 3766 2369 3820 actione
2396 3765 2618 3820 fratrum
2646 3765 2698 3819 in
2747 3767 3033 3836 prmsentia
3076 3765 3296 3820 dabunt.
3332 3763 3629 3819 Proditoris

2032 3872 2164 3911 vero
2196 3873 2293 3911 nec
2322 3855 2583 3911 calmnnia
2604 3898 2619 3924 ,
2666 3872 2765 3911 nec
2788 3872 2891 3911 vox
2923 3853 2950 3892 ἀ
2972 3856 3236 3910 audiatur.
3285 3855 3452 3911 Nemo
3478 3858 3626 3910 enim

2033 3948 2329 4004 debitorem
2379 3949 2609 4020 amplius
2640 3960 2808 4020 potest
2842 3965 3190 4021 cognoscere,
3215 3965 3372 4020 quam
3419 3948 3510 4004 ille
3535 3951 3628 4018 qui

2034 4042 2284 4110 iniuriam
2336 4043 2563 4111 ejusque
2605 4043 2853 4096 sustinuit
2885 4041 3037 4115 (Cod.
3066 4040 3194 4095 The.
3219 4083 3234 4104 ,
3268 4052 3428 4095 const.
3459 4042 3514 4108 5,
3546 4043 3625 4097 tit.

2029 4135 2118 4198 10.
2145 4136 2233 4189 lib.
2269 4138 2324 4199 ς)
2354 4134 2667 4206 nequitiam.
2699 4131 2901 4190 Omnes
2930 4149 3059 4205 ergo
3084 4134 3173 4204 qui
3202 4135 3253 4189 in
3281 4131 3495 4189 Christo
3523 4150 3622 4190 vo-

2025 4226 2140 4281 lttut
2186 4229 2271 4296 pie
2294 4228 2476 4282 vivere
2513 4241 2733 4282 necesse
2760 4237 2843 4282 est
2873 4236 2929 4280 ut
2973 4226 3042 4279 ab
3071 4227 3245 4296 impiis
3269 4226 3621 4283 diSsimilibus

2027 4319 2295 4388 patiantur
2324 4318 2632 4389 opprobria,
2660 4328 2716 4373 et
2766 4319 3130 4389 despiciantur
3158 4330 3425 4391 tamquam
3474 4321 3625 4377 stulti

2021 4419 2075 4464 et
2101 4410 2272 4466 insani
2319 4408 2554 4483 (Prosp.,
2584 4420 2712 4466 sent.
2743 4410 2834 4477 52,
2861 4427 2925 4466 ea:
2962 4413 3094 4483 Aug.
3123 4413 3175 4465 in
3200 4429 3278 4483 ps.
3307 4412 3497 4485 cxxu),
3522 4413 3617 4484 qui

2028 4504 2312 4575 praesentia
2364 4506 2499 4560 bona
2533 4506 2781 4576 perdunt,
2816 4516 2872 4560 ut
2902 4506 3186 4562 invisibilia
3216 4517 3271 4563 et
3323 4507 3498 4562 futura
3524 4523 3619 4563 ac-

2026 4597 2262 4665 quirant.
2310 4598 2593 4670 Despectio
2624 4607 2802 4655 tamen
2848 4612 2900 4655 et
2934 4600 3112 4656 irrisio
3152 4601 3334 4656 talium
3388 4601 3440 4656 in
3472 4602 3618 4672 ipsos

2025 4690 2426 4762 retorquebitur
2445 4693 2534 4763 qui
2564 4692 2711 4761 ipsos
2734 4693 3026 4748 infestant:
3058 4693 3181 4765 quia
3208 4703 3263 4748 et
3292 4693 3620 4748 abundantia

2024 4797 2212 4839 eorum
2253 4785 2306 4839 in
2343 4798 2662 4856 egestatem,
2710 4796 2761 4840 et
2790 4786 3039 4852 superbia
3082 4786 3327 4840 transibit
3355 4790 3404 4839 in
3435 4784 3624 4841 confu-

2026 4877 2253 4932 sionem.
2286 4877 2620 4949 thuithuid
2648 4877 2812 4948 justis
2835 4878 3215 4932 adversitatum
3242 4877 3325 4932 vel
3356 4876 3624 4933 malorum

325 4961 453 5014 dum
478 4972 565 5016 est
591 4961 903 5027 visceribus,
953 4962 1119 5018 frater
1145 4963 1484 5027 cltarissiute,
1514 4973 1573 5018 ut
1600 4978 1711 5019 sna!
1744 4968 1919 5033 provi-
1946 4936 2001 4997 Β
2028 4969 2315 5041 irrogatur.
2338 4986 2444 5024 non
2475 4982 2555 5025 νει
2578 4984 2733 5041 pinna
2751 4969 3015 5033 criminis,
3032 4970 3125 5022 sed
3145 4968 3355 5023 virtutis
3370 4983 3621 5024 examen.

325 5055 520 5110 (lentim
570 5056 791 5112 dextera
837 5057 1109 5113 cumulum
1168 5058 1396 5113 sentina:
1438 5058 1593 5115 nobis
1649 5059 1918 5116 interioris

326 5148 626 5202 exhauriat.
665 5149 1002 5205 Adversarius
1049 5151 1250 5222 quippe
1298 5151 1556 5215 diabolus,
1588 5152 1679 5223 qui
1728 5163 1915 5207 contra

320 5241 828 5309 ltuinilessazvieus,
869 5246 999 5299 sicut
1048 5247 1126 5301 leo
1176 5250 1384 5318 rugiens
1420 5246 1639 5313 circuit,
1689 5262 1921 5317 quaerens

315 5348 479 5403 quem
519 5333 710 5390 decoret
750 5336 793 5407 (Ι
822 5334 885 5391 S.
917 5334 1085 5404 Petr.,
1125 5344 1219 5406 .v),
1251 5353 1353 5391 non
1373 5337 1508 5408 jam,
1530 5337 1915 5403 ut'certtimus,

314 5427 516 5484 caulas
552 5429 796 5485 circuit-it
821 5427 871 5495 h,
901 5430 993 5485 sed
1024 5431 1093 5485 ita
1119 5430 1295 5486 valide
1323 5432 1373 5485 in
1395 5429 1710 5501 quihusdam
1735 5430 1920 5488 Eccle-

310 5524 411 5579 sia:
430 5526 755 5580 necessariis
774 5525 1031 5581 membris
1046 5525 1264 5582 dentem
1283 5525 1419 5597 figit,
1439 5532 1497 5580 ut
1519 5525 1652 5580 nulli
1669 5525 1912 5595 dubium,

2027 5062 2095 5117 Et
2121 5063 2260 5118 sicut
2284 5077 2494 5126 aurum,
2518 5071 2719 5133 quanto
2739 5061 2860 5131 plus
2884 5061 3221 5132 excoquitur,
3251 5071 3400 5117 tanto
3426 5062 3623 5118 melius

2021 5156 2258 5212 efficitur
2289 5176 2302 5210 :
2334 5158 2413 5211 sic
2434 5156 2633 5227 justus,
2663 5165 2866 5225 quanto
2891 5155 3010 5226 plus
3043 5156 3328 5211 tt‘ihulatur
3356 5155 3423 5229 (si
3447 5155 3625 5225 ipsam

2024 5251 2424 5306 tribulationem
2465 5250 2731 5318 patienter
2786 5249 3099 5320 portaverit)
3146 5249 3314 5304 nmlto
3354 5249 3538 5319 purior
3564 5260 3621 5306 et

2022 5343 2234 5398 charior
2264 5341 2374 5397 Deo
2401 5341 2656 5397 redditur.
2684 5341 2837 5398 Unde
2862 5342 2971 5410 ipsa
3001 5358 3099 5412 per
3139 5356 3198 5397 se
3241 5340 3449 5396 Veritas
3490 5341 3623 5399 dicit

2024 5435 2111 5508 (S.
2150 5433 2363 5501 Matth.,
2389 5433 2442 5507 ν)
2464 5453 2476 5488 :
2501 5433 2647 5490 Beati
2665 5435 2752 5507 qui
2778 5435 3173 5504 persecutionem
3196 5433 3462 5503 patiuntur
3487 5453 3613 5507 pro-

2021 5537 2133 5599 pter
2156 5527 2436 5598 justitiam,
2461 5529 2703 5599 quoniam
2744 5528 2971 5598 ipsorum
3011 5536 3084 5581 est
3111 5540 3324 5596 regnum
3350 5527 3618 5586 calorum.

1527 5663 1906 5725 LECTIONES
1944 5665 2353 5726 YARIANTES.

362 5787 405 5885 ἲι
432 5784 771 5893 gnocttmque
799 5784 926 5831 enim
953 5783 1105 5846 serpit
1137 5782 1278 5835 Labb.

382 5864 392 5881 ⁸
474 5861 609 5893 εἷ’-ἠν
648 5862 738 5893 ,(⁵.³
761 5861 786 5891 ⁸.

382 5864 392 5881 ⁸
432 5861 443 5893 ι
474 5861 609 5897 ΙΓ-Ἣν
648 5861 738 5893 .'.".'i
761 5861 786 5891 ’.

2085 5786 2110 5815 °
2145 5785 2334 5838 Exerat
2362 5785 2505 5835 Labb.

2084 5846 2109 5885 «ι
2147 5850 2511 5899 ιῒηι-μιιηῑοιιωνῐς
2537 5861 2627 5895 \‘M‘
2654 5857 2876 5896 umquam
2907 5843 3047 5896 MM»,
