4158 6260
598 317 701 373 ibi

1930 312 1986 365 S.
2032 308 2295 366 FELICIS
2342 309 2544 366 ΡΜ)Ᾰεῖ

3786 305 3895 363 M8

593 432 673 489 De
694 430 886 487 talibus
913 427 1173 484 Dominus
1199 441 1293 497 per
1322 425 1509 481 Isaiam
1538 425 1795 495 loquitur,
1820 422 2006 477 dicens
2027 420 2187 493 (lsa.,
2218 428 2271 489 Α
2296 424 2429 495 ignis
2450 440 2624 479 eorum
2647 439 2748 477 non
2764 423 3106 493 extinguetur,
3123 432 3169 476 et
3189 432 3338 477 erant
3356 423 3594 494 usquead
3610 424 3896 478 satietatem

594 528 742 597 LXVI)
770 540 783 576 :
814 522 1000 577 Audite
1042 520 1243 575 verbum
1274 518 1502 583 Domini,
1537 518 1623 588 qui
1651 516 1864 570 tremitis
1895 524 1961 569 ad
1993 514 2193 568 verbum

598 621 728 692 ejus.
766 616 1013 672 Dixerunt
1044 614 1225 685 fralres
1256 613 1427 675 t'estri,
1457 611 1790 687 odieutesovos
1822 618 1868 664 et
1902 606 2195 675 abjicientes

598 720 804 782 prapter
853 724 1033 761 nomen
1064 721 1228 759 meum
1257 722 1271 758 :
1304 702 1627 773 Gloriﬁcetur
1655 701 1906 757 Dominus
1931 745 1946 769 ,
1978 712 2024 755 et
2054 703 2191 755 vitle-

594 803 758 859 bimus
784 801 837 854 in
868 798 1043 853 (anilia
1080 809 1242 851 vestra
1265 812 1283 850 :
1304 797 1402 866 ipsi
1427 806 1599 849 autem
1633 795 2031 865 confundentur.
2082 790 2195 847 Vox

595 894 774 966 populi
830 893 893 946 de
939 892 1159 957 civitate,
1192 906 1289 944 vox
1332 889 1395 942 de
1443 890 1651 960 templo,
1699 905 1798 942 vox
1828 888 2033 941 Domini
2066 889 2185 942 red-

596 986 761 1044 dentis
789 986 1169 1042 retributionem
1190 984 1407 1038 inimicis
1435 983 1562 1038 suis.
1587 983 1866 1053 Antequam
1897 981 2191 1052 pllt‘lttt‘ll't’l,

595 1083 836 1156 peperit:
865 1092 1137 1150 antequam
1176 1077 1360 1131 veniret
1395 1086 1573 1146 partus
1614 1076 1742 1147 ejus,
1778 1076 1967 1146 peperit
1997 1090 2194 1127 mascu-

600 1180 727 1234 lum.
756 1177 882 1244 Quis
910 1176 1104 1229 audivit
1144 1190 1381 1243 umquam
1415 1171 1515 1225 tale
1541 1172 1565 1223 ?
1595 1180 1639 1225 et
1683 1170 1795 1240 quis
1843 1168 1963 1223 ridit
1992 1170 2106 1222 huic
2136 1169 2199 1222 si-

597 1269 765 1325 mile?
797 1266 1065 1339 Numquid
1098 1264 1343 1338 parturiet
1382 1276 1515 1316 terra
1542 1264 1595 1316 in
1641 1262 1722 1317 tlte
1748 1262 1887 1315 una?
1915 1272 2000 1314 aut
2023 1271 2197 1329 partu-

597 1366 757 1419 rietur
784 1371 809 1399 ⁸
837 1380 959 1433 gens
986 1358 1157 1423 simul,
1179 1358 1295 1428 quia
1324 1356 1591 1429 parturivit
1616 1366 1661 1411 et
1687 1357 1880 1427 peperit
1904 1355 2033 1410 Sion
2060 1354 2196 1423 filios

597 1454 765 1511 suos?
800 1451 1062 1523 Numquid
1088 1468 1199 1521 ego,
1232 1449 1318 1513 qui
1362 1448 1490 1502 alios
1532 1464 1710 1518 parere
1758 1446 1913 1519 facio,
1954 1447 2062 1516 ipse
2091 1464 2190 1499 non

594 1548 819 1620 pariam,
852 1546 971 1599 dicit
1002 1541 1301 1597 Dominus?
1330 1540 1393 1596 Si
1433 1559 1550 1610 ego,
1583 1543 1665 1608 qui
1695 1540 2068 1609 generationem
2097 1555 2197 1593 ca:—

598 1642 720 1697 teris
742 1641 926 1701 tribuo,
944 1636 1128 1692 sterilis
1155 1653 1260 1701 ero,
1292 1635 1363 1687 ait
1387 1632 1644 1688 Dominus
1678 1633 1813 1687 Deus
1836 1643 1949 1686 tuus
1976 1634 2001 1685 ?
2024 1631 2195 1687 Lana-

597 1732 723 1787 mini
752 1748 865 1785 cum
891 1725 1203 1793 Jerusalem,
1235 1740 1281 1780 et
1308 1726 1532 1780 exultate
1572 1729 1624 1779 in
1675 1743 1732 1778 ea
1759 1742 1933 1779 onmes
1960 1726 2049 1793 qui
2076 1726 2193 1779 dili-

2299 520 2508 573 visionis
2548 520 2686 572 ωηιιί
2716 520 2881 572 carni.
2917 514 3058 584 Quid
3101 518 3243 573 aliud
3299 515 3649 572 detrahentes
3695 516 3899 571 faciunt

2302 608 2385 685 (S.
2420 588 2600 683 (ing,
2647 610 2728 685 ep.
2765 629 2886 681 xcv,
2916 612 3004 668 lib.
3039 616 3180 686 vm),
3214 606 3313 668 nisi
3342 613 3394 667 in
3435 612 3712 683 pulverem
3739 612 3896 678 ﬂant,

2298 716 2460 774 atque
2494 707 2543 760 in
2575 706 2761 760 oculos
2788 723 2915 760 suos
2960 718 3162 761 terram
3212 704 3485 760 excitant?
3514 704 3579 759 Et
3609 707 3751 759 unde
3780 705 3899 774 plus

2298 792 2708 855 detracmtionis
2752 800 3000 869 perﬂant,
3036 800 3160 854 inde
3194 800 3360 869 magis
3389 797 3519 852 nihil
3550 799 3795 853 veritatis
3814 800 3898 853 vi-

2298 891 2427 945 dent
2454 891 2478 943 ?
2501 891 2661 946 Tales
2706 901 2907 956 tatnen,
2937 892 3103 946 frater
3130 890 3465 956 charissima,
3499 891 3746 960 portendi
3774 903 3903 946 sunt

2298 995 2351 1038 et
2381 983 2705 1054 corrigendi,
2739 985 2859 1053 quia
2919 976 3045 1037 eieci
3095 993 3237 1047 sunt,
3263 994 3308 1035 et
3334 982 3487 1036 duces
3525 998 3775 1036 caecorum
3808 983 3901 1056 (S.

2301 1078 2513 1145 Matt/u,
2533 1077 2645 1149 xv).
2668 1074 2777 1144 llis,
2804 1068 3135 1145 cltarissitne,
3167 1075 3413 1147 respondi
3441 1078 3672 1134 breviter
3687 1081 3905 1134 consul-

2300 1171 2369 1224 tis
2396 1170 2519 1237 tuis,
2543 1186 2661 1240 qtae
2690 1180 2739 1224 te
2768 1179 2822 1225 et
2852 1186 3040 1226 otunes
3065 1174 3348 1241 episcopos
3371 1168 3690 1240 regulariter
3714 1180 3906 1228 tenere

2300 1267 2633 1321 mandamus.
2670 1266 2836 1320 'l‘naut
2873 1276 3075 1332 tamen,
3109 1264 3296 1331 frater,
3335 1280 3617 1320 monemus
3666 1268 3907 1335 pruden-

2304 1362 2453 1428 tiam,
2498 1370 2552 1415 ut
2586 1376 2684 1431 pro
2712 1362 2856 1414 etatu
2886 1358 3139 1414 Ecclesia
3180 1368 3237 1413 et
3260 1360 3601 1413 sacerdotum
3629 1358 3766 1429 ejus,
3799 1374 3906 1430 pro

2300 1456 2504 1510 viribus
2534 1454 2814 1508 elaborare
2833 1452 3075 1519 studeas,
3094 1461 3149 1506 et
3168 1451 3412 1506 ordinem
3432 1462 3632 1506 sanctte
3661 1468 3905 1508 renuunt:

2299 1560 2356 1606 et
2384 1546 2698 1617 apostolicte
2741 1547 3000 1602 Ecclesiae
3054 1561 3152 1616 per
3181 1546 3358 1600 omnia
3395 1555 3601 1608 teneas,
3631 1556 3685 1601 et
3707 1547 3903 1602 violari

2301 1651 2606 1696 sanctorum
2656 1640 2872 1695 decreta
2921 1656 3027 1694 non
3057 1640 3355 1710 permittas,
3397 1638 3490 1694 sed
3519 1654 3707 1694 omnes
3734 1656 3907 1711 quos-

2300 1746 2531 1805 cumque
2562 1738 2827 1804 potueris,
2876 1734 3142 1799 instruas,
3177 1743 3237 1786 nt
3265 1734 3565 1789 frttctuOsos
3597 1733 3904 1802 manipulos

599 1827 719 1899 gitis
758 1842 887 1879 eam.
924 1820 1155 1877 Gaudete
1180 1837 1295 1875 cum
1336 1836 1392 1872 ea
1420 1819 1636 1872 universi
1664 1820 1873 1889 gaudio,
1900 1819 1983 1885 qui
2011 1818 2193 1889 lugetis

2302 1829 2524 1884 Domino
2542 1838 2890 1897 repraesentes
2932 1825 3080 1881 Vale.
3120 1827 3247 1880 Data
3275 1826 3429 1880 nouis
3453 1835 3475 1863 ο
3501 1826 3902 1895 jnttii,Clantlio

594 1934 749 1991 super
776 1932 906 1979 eam,
932 1927 983 1967 ut
1009 1912 1202 1983 sttgatis
1230 1921 1275 1964 et
1298 1910 1593 1980 repteamini
1619 1908 1682 1963 ab
1706 1909 1853 1963 ubere
1882 1912 2191 1963 consolatio-

596 2011 677 2065 nis
704 2007 833 2080 ejus,
868 2017 920 2061 ut
943 2005 1205 2076 mulgeatis
1255 2012 1301 2056 et
1336 2002 1529 2057 deliciis
1557 2002 1785 2074 tif/lautis
1812 2000 1873 2056 ab
1900 2005 2194 2058 omnimodo

596 2100 759 2176 gloria
777 2105 906 2172 ejus,
938 2100 1056 2170 quia
1091 2099 1196 2152 luet-
1214 2096 1335 2149 dicit
1364 2094 1789 2151 Dominus:Ecce
1814 2114 1905 2167 ego
1931 2097 2194 2151 declmabo

596 2214 751 2269 super
778 2211 887 2250 eam
938 2193 1082 2264 quasi
1129 2191 1341 2262 ﬂuvium
1373 2191 1535 2262 pacis,
1567 2200 1613 2245 et
1640 2191 1760 2262 quia
1791 2202 2060 2245 torrentem
2109 2191 2192 2244 in-

592 2292 873 2349 undantem
917 2289 1134 2363 gloriam
1178 2290 1403 2360 gentiutn
1438 2304 1592 2358 quant
1648 2287 1860 2358 sagctis.
1903 2287 1984 2340 Ad
2036 2289 2191 2341 ubera

600 2384 949 2458 portabitnini,
967 2394 1013 2437 et
1039 2400 1190 2454 super
1210 2399 1373 2453 genua
1404 2380 1727 2435 blandientur
1746 2381 1903 2435 vobis.
1928 2380 2194 2448 Quomodo

599 2480 643 2534 si
673 2479 755 2533 cui
808 2487 968 2530 mater
1022 2474 1350 2542 blandiatur,
1383 2476 1453 2528 ita
1481 2491 1569 2545 ego
1601 2473 1901 2528 consolabor
1928 2490 2041 2539 vos,
2074 2484 2117 2528 et
2143 2475 2196 2528 in

594 2571 881 2626 Jerusalem
928 2568 1329 2624 consolabimiui.
1388 2566 1665 2631 Videbitis,
1715 2576 1761 2621 et
1802 2568 2040 2639 gaudebit
2107 2586 2196 2623 cor

598 2678 837 2731 vestrum,
885 2675 931 2719 et
972 2681 1087 2718 ossa
1131 2675 1293 2717 vestra
1338 2663 1465 2716 sicut
1492 2662 1675 2731 therba
1722 2663 2093 2733 germinabunt.
2126 2663 2195 2717 Et

594 2770 920 2832 cagnoscetur
971 2775 1148 2811 manus
1194 2754 1400 2810 Domini
1444 2757 1598 2810 servis
1627 2756 1756 2827 ejus,
1778 2766 1825 2811 et
1847 2757 2196 2829 indignabitur

593 2856 810 2911 inimicis
836 2853 960 2909 suis.
985 2853 1118 2917 Quia
1146 2868 1257 2905 ecce
1282 2849 1532 2906 Dominus
1557 2851 1607 2905 in
1636 2852 1752 2922 igne
1777 2852 1956 2918 veniet,
1987 2865 2031 2905 et
2054 2855 2196 2922 quasi

597 2949 742 3003 turbo
778 2947 1026 3019 quadriga
1053 2943 1080 2982 ι)
1118 2946 1227 3015 ejus
1253 2986 1268 3009 ,
1305 2945 1514 2997 reddere
1561 2945 1908 3014 indignatione
1959 2951 2188 3016 furorem

597 3057 764 3106 suum,
788 3048 834 3093 et
867 3037 1263 3103 increpuliouem
1292 3053 1436 3089 suam
1465 3035 1515 3089 in
1547 3035 1757 3105 flamma
1787 3038 1936 3107 ignis.
1973 3034 2105 3105 Quia
2133 3040 2186 3092 in

598 3156 718 3226 igne
747 3152 993 3207 Dominus
1039 3152 1284 3223 dijudicat
1313 3162 1359 3216 ο,
1392 3163 1437 3204 et
1478 3153 1529 3205 in
1559 3152 1732 3222 gladio
1761 3171 1853 3206 suo
1881 3153 1947 3209 ad
1988 3172 2190 3209 onmem

596 3266 822 3313 carnem,
857 3259 901 3303 et
947 3246 1420 3318 multiplicabuntur
1466 3249 1717 3319 interfecti
1746 3265 1775 3301 a
1805 3248 2046 3303 Domino.
2093 3250 2191 3317 Qui
2219 3237 2262 3297 C

596 3340 1071 3411 sanctificabantur,
1102 3349 1149 3392 et
1177 3339 1392 3392 mundos
1423 3357 1475 3393 se
1500 3339 1743 3409 putabant
1797 3342 1848 3394 in
1899 3344 2056 3396 [tortis
2079 3353 2193 3412 post

595 3437 809 3505 ianuam
837 3435 1158 3495 intrinsecus,
1191 3435 1281 3499 qui
1305 3434 1627 3486 comedebunt
1654 3451 1857 3488 carnem
1898 3437 2121 3499 suillam,
2146 3447 2192 3490 et

599 3528 1053 3590 abominationem,
1100 3536 1146 3579 et
1198 3542 1435 3580 murem:
1480 3527 1633 3580 simul
1661 3542 2037 3597 consumentur,
2071 3532 2192 3583 dicit

593 3623 864 3678 Dominus.
903 3620 1013 3690 Ego
1040 3629 1205 3673 autem
1232 3638 1388 3688 opera
1430 3638 1626 3685 eorum,
1675 3634 1720 3675 et
1752 3625 2080 3694 cogitationes
2107 3644 2189 3679 eo-

596 3738 731 3783 rum,
762 3718 903 3772 venio
932 3726 986 3770 at
1011 3733 1308 3787 congregem
1348 3733 1462 3769 cum
1504 3717 1734 3770 omnibus
1762 3720 1992 3788 gentibus
2019 3731 2063 3773 et
2092 3722 2190 3773 lin-

595 3815 708 3884 guis
734 3830 751 3868 :
782 3825 829 3867 et
871 3812 1065 3866 venient
1096 3821 1141 3862 et
1186 3810 1423 3862 videbunt
1453 3810 1672 3881 gloriam
1702 3828 1886 3877 meam,
1930 3823 1974 3866 et
2004 3832 2189 3884 ponam

594 3912 651 3964 in
680 3908 751 3962 eis
781 3908 1001 3977 signum.
1031 3903 1099 3958 Et
1130 3913 1328 3959 mittant
1364 3918 1426 3956 ea:
1452 3908 1522 3957 eis
1551 3906 1639 3971 qui
1671 3904 1853 3957 saluati
1881 3907 2089 3975 fuerint,
2120 3907 2189 3959 ad

596 4010 764 4073 gentes
794 4042 807 4060 .
837 4000 889 4053 in
939 3999 1066 4053 ntari
1083 4040 1097 4064 ,
1126 4000 1177 4053 in
1208 4000 1404 4069 Africa,
1432 3998 1485 4051 in
1518 3995 1681 4067 Lydia
1702 3993 1729 4033 (ί
1758 3996 2015 4053 tendentes
2034 4002 2191 4071 sagit-

597 4106 699 4152 tam
732 4097 783 4149 in
828 4092 1063 4158 Italiam,
1096 4105 1141 4147 et
1174 4092 1443 4161 Gra'ciam,
1479 4095 1547 4149 ad
1576 4093 1771 4148 insulas
1812 4094 1980 4163 longe,
2013 4094 2079 4145 ad
2106 4110 2188 4148 eos

595 4191 683 4261 qui
705 4204 805 4243 non
832 4185 1105 4240 audierunt
1126 4185 1189 4239 de
1211 4204 1308 4254 me,
1323 4198 1369 4242 et
1395 4206 1495 4243 non
1523 4190 1750 4242 viderunt
1769 4186 1987 4258 gloriam
2004 4202 2185 4238 meam.

594 4282 665 4338 Et
700 4279 1074 4335 annuntiabant
1105 4280 1323 4349 gloriam
1374 4299 1535 4336 meam
1567 4281 1815 4353 gentibus,
1862 4289 1907 4334 et
1934 4278 2189 4332 adducent

599 4391 772 4431 omnes
796 4374 983 4443 fratres
1000 4384 1187 4426 vestros
1207 4376 1269 4427 de
1279 4377 1469 4430 cunctis
1484 4377 1711 4446 gentibus
1727 4376 1915 4429 donum
1941 4372 2184 4439 Domino,

594 4469 649 4523 in
678 4469 837 4538 equis,
880 4478 925 4520 et
954 4470 1008 4523 in
1033 4466 1316 4539 quadrigis,
1349 4477 1395 4520 et
1426 4470 1475 4520 in
1508 4468 1716 4531 lecticis,
1764 4476 1811 4519 et
1837 4468 1889 4520 in
1937 4466 2109 4526 mulis.
2142 4476 2189 4520 et

594 4566 650 4618 in
687 4566 914 4619 carrucis
948 4566 1016 4618 ad
1054 4573 1275 4617 montem
1318 4574 1548 4616 sanctum
1578 4580 1745 4616 meum
1770 4560 2078 4624 Jerusalem,
2111 4563 2189 4615 di-

593 4660 662 4714 cit
690 4658 939 4715 Dominus
966 4657 1259 4730 :quontodo
1288 4658 1330 4711 si
1358 4658 1577 4728 inferant
1607 4656 1701 4725 ﬁlii
1736 4656 1899 4711 Israel
1930 4674 2111 4711 munus
2135 4657 2187 4710 in
2216 4634 2268 4694 D

596 4767 717 4807 vase
767 4753 957 4806 mundo
998 4753 1051 4805 in
1101 4750 1251 4803 domo
1286 4748 1508 4803 Domini.
1541 4748 1610 4802 Et
1637 4767 1894 4804 assumant
1935 4767 1997 4804 ea:
2027 4751 2098 4804 eis
2137 4750 2190 4803 in

590 4849 875 4904 sacerdotes
897 4859 944 4901 et
971 4849 1025 4901 in
1051 4845 1246 4909 levitas,
1275 4845 1395 4898 dicit
1417 4843 1669 4898 Dominus
1703 4861 1720 4898 :
1746 4844 1882 4911 Quia
1907 4836 2031 4898 sicut
2075 4842 2188 4897 caeli

596 4941 732 5009 novi,
767 4948 813 4993 et
839 4949 974 4993 terra
1005 4956 1154 5007 nova,
1181 4954 1294 5010 qua:
1346 4953 1441 5008 ego
1481 4938 1615 5008 facio
1642 4946 1776 4992 stare
1796 4953 1968 4991 coram
1994 4936 2191 5003 me,eli-

591 5035 660 5089 cit
685 5033 954 5103 Dominus,
977 5034 1050 5088 sic
1076 5035 1228 5088 stabit
1246 5050 1415 5092 semen
1438 5042 1657 5086 vestrum
1680 5040 1726 5086 et
1748 5048 1929 5084 nomen
1951 5019 2187 5085 vestram.

588 5126 657 5182 Et
686 5129 779 5182 erit
803 5128 988 5182 mensis
1026 5144 1089 5182 ea:
1116 5145 1301 5195 mense,
1341 5137 1386 5182 et
1430 5126 1688 5181 sabbatum
1710 5141 1773 5179 ea:
1799 5124 2006 5178 sabbato
2031 5134 2075 5178 et
2104 5139 2184 5177 ve-

588 5222 691 5276 niet
719 5222 855 5276 omni
888 5236 1055 5285 scaro,
1085 5232 1139 5275 ut
1164 5224 1338 5276 adoret
1384 5238 1555 5275 corum
1599 5220 1728 5291 facie
1754 5235 1885 5285 mea,
1928 5219 2046 5273 dicit
2082 5217 2190 5272 Do-

585 5308 771 5367 minui.
795 5312 863 5367 Et
884 5315 1202 5385 egredientur
1214 5324 1261 5368 et
1289 5312 1524 5368 videbunt
1556 5312 1805 5368 cadavera
1830 5312 2074 5376 virorum,
2101 5312 2190 5380 qui

587 5405 921 5475 pravaricati
949 5416 1067 5460 sunt
1093 5407 1148 5460 in
1176 5421 1273 5460 me.
1301 5404 1495 5460 Vermis
1522 5421 1694 5460 eorum
1715 5421 1816 5461 non
1844 5405 2103 5469 morietur,
2133 5412 2181 5457 et

2299 1932 2353 1977 et
2384 1918 2708 1976 Aurelianof
2748 1919 2877 1974 viris
2906 1918 3217 1973 clarissimis
3241 1919 3580 1975 consuribus.

2884 2060 3213 2137 EPISTULA
3257 2079 3319 2135 ll.

2441 2213 2507 2251 DE
2546 2211 2918 2252 AUCTORITATE
2956 2211 3155 2251 JUDICIS
3193 2211 3341 2250 SEDIS
3380 2208 3753 2260 Δροδτοιιῦε,

2656 2284 2722 2322 ΕΤ
2762 2284 2830 2323 DE
2871 2284 3132 2323 EPISCOPIS
3170 2282 3455 2322 ACCUSATIS
3486 2278 3537 2323 ὅ.

2302 2407 2453 2463 Felix
2494 2408 2763 2479 episcOpus
2810 2406 3059 2462 universis
3106 2405 3358 2475 episcOpis
3404 2420 3492 2474 per
3538 2401 3726 2458 Gallice
3772 2414 3898 2472 pro-

2535 2503 2725 2557 vincias
2753 2501 3059 2566 constitutis,
3087 2501 3141 2555 in
3174 2499 3393 2554 Domino
3424 2498 3657 2554 salutem.

2371 2638 2641 2694 Bonorum
2667 2654 2888 2709 operum
2919 2646 2973 2692 et
3004 2634 3356 2707 spiritualium
3389 2634 3689 2688 studiorum
3722 2633 3895 2688 Deum

2298 2744 2571 2788 auctorem
2623 2746 2744 2786 esse
2784 2729 2869 2803 (S.
2906 2728 3031 2783 Leo.
3083 2745 3169 2798 ep.
3215 2726 3305 2797 5‘2.)
3369 2743 3473 2780 non
3521 2714 3740 2779 dubium
3788 2734 3895 2791 est,

2299 2824 2389 2894 qui
2418 2839 2603 2879 Corum
2633 2823 2816 2876 incitat
2855 2830 3064 2876 mentes
3099 2830 3155 2875 et
3204 2819 3422 2890 adjuVat
3446 2818 3706 2873 actiones.
3739 2812 3899 2872 Unde

2302 2914 2469 2972 lmtarl
2501 2933 2587 2971 me
2614 2917 2859 2971 fecerunt
2885 2917 3080 2984 scripta
3109 2922 3284 2969 vestra
3306 2954 3321 2979 ,
3352 2928 3417 2967 ex
3449 2913 3589 2967 hono
3614 2912 3811 2965 ’studio
3838 2920 3900 2965 et

2298 3024 2363 3067 ex
2410 3010 2715 3082 integritate
2763 3010 2884 3063 lidei
2915 3008 3214 3063 de\0iittlll5
3244 3017 3437 3061 vestra:
3468 3020 3479 3059 :
3512 3005 3607 3060 sed
3632 3020 3697 3060 ex
3725 3003 3899 3059 afﬂic-

2298 3104 2444 3158 tione
2472 3112 2525 3157 et
2551 3102 2874 3159 contritione
2902 3111 3080 3155 vestra
3103 3112 3292 3170 magna
3321 3110 3390 3155 ex
3418 3104 3570 3169 parte
3592 3100 3898 3154 tristaverc.

2299 3188 2491 3251 Tristis
2520 3198 2693 3259 enitn,
2744 3194 2923 3249 tristes
2965 3192 3137 3263 (Petri
3163 3191 3489 3263 Cltrgsologi,
3516 3206 3598 3261 ep.
3632 3191 3699 3244 ad
3730 3189 3901 3261 Eutg-

2297 3289 2462 3357 ehem)
2495 3289 2594 3358 legi
2629 3288 2837 3342 litteras
2866 3295 3105 3349 vestras,
3135 3295 3187 3339 et
3218 3286 3416 3354 scripta
3441 3294 3630 3341 tumsta
3661 3299 3900 3340 interere

2296 3382 2478 3436 (Ιυιιὶιυ
2520 3380 2758 3449 percurri
2793 3398 2807 3436 :
2839 3383 2961 3451 quia
3008 3380 3147 3433 sicut
3194 3394 3293 3432 nos
3343 3379 3705 3433 Ecclesiarmn
3757 3395 3894 3449 pax,

2297 3476 2745 3545 Sttt'erdotttuupte
2775 3476 2891 3544 ejus
2928 3472 3218 3527 t'OttCtil‘din
3248 3481 3303 3527 et
3338 3472 3694 3543 tranquillitas
3727 3473 3897 3543 plebs

2295 3569 2480 3623 audire
2509 3566 2535 3604 ¹ι
2577 3571 2700 3623 facit
2739 3570 2988 3639 gaudium
3026 3566 3066 3631 ί,
3110 3567 3178 3620 ita
3227 3583 3324 3620 nos
3373 3565 3563 3637 affligit
3605 3578 3660 3621 et
3711 3566 3898 3635 dejicit

2296 3662 2529 3716 fraterna
2572 3662 2812 3716 afﬂictio.
2846 3662 2953 3714 Vos
2983 3669 3161 3714 tamen
3211 3660 3375 3713 nolite
3418 3659 3646 3713 multum
3696 3658 3894 3713 tristari

2294 3753 2378 3826 (S.
2413 3754 2566 3824 Greg.
2616 3771 2695 3823 ep.
2732 3755 2829 3816 45,
2863 3753 2950 3807 lib.
3021 3754 3163 3821 vnt),
3211 3752 3333 3821 quia
3381 3752 3518 3804 sicttt
3554 3750 3665 3819 ipsa
3708 3767 3801 3818 per
3834 3764 3897 3805 se

2296 3848 2508 3903 Veritas
2539 3847 2615 3902 ait
2643 3864 2654 3899 :
2687 3848 2747 3901 Si
2783 3848 2843 3901 de
2870 3849 2962 3900 hoc
2989 3847 3181 3900 munda
3220 3846 3473 3915 fuissetis,
3509 3844 3729 3897 mundus
3757 3849 3896 3914 quod

2294 3956 2442 3994 suum
2466 3951 2595 4002 erat,
2615 3942 2850 4011 diligeret
2880 3956 2900 3994 :
2928 3942 3018 3993 sed
3038 3940 3158 4009 quia
3188 3940 3251 3993 de
3273 3940 3366 3991 hoc
3396 3939 3586 3991 mundo
3610 3953 3710 3991 non
3738 3940 3856 3991 eatis
3875 3981 3891 4006 ,

2297 4034 2385 4088 sed
2410 4051 2499 4104 ego
2531 4035 2655 4105 elegi
2681 4050 2764 4087 eos
2795 4033 2858 4087 de
2889 4035 3097 4094 umndo,
3128 4043 3395 4103 prapterea
3419 4032 3526 4084 odit
3554 4046 3640 4085 eos
3669 4032 3895 4085 oriundus

2303 4124 2389 4196 (S.
2444 4125 2623 4192 Jama,
2656 4124 2771 4195 xv),
2820 4126 2870 4178 id
2919 4134 3021 4189 est,
3078 4124 3258 4179 mundi
3287 4134 3576 4179 amatores.
3623 4123 3894 4193 Quidquid

2302 4230 2478 4277 tamen
2519 4221 2571 4276 itl
2620 4224 2926 4291 loquantur,
2974 4227 3068 4274 aut
3110 4214 3396 4274 adversum
3438 4233 3532 4272 vos
3577 4229 3763 4289 agant,
3796 4230 3892 4272 vos

2293 4326 2471 4371 tamen
2518 4320 2733 4385 semper
2776 4312 3037 4386 integram
3086 4321 3307 4368 serrato
3358 4310 3553 4377 lldem,
3603 4320 3659 4367 et
3704 4322 3893 4381 puram

2294 4404 2548 4466 habetote
2591 4413 2975 4465 conscientiam
3002 4451 3016 4473 ,
3060 4418 3111 4460 ut
3142 4409 3336 4478 integer
3381 4405 3595 4476 spiritus
3635 4416 3682 4459 et
3721 4405 3894 4460 anima

2293 4520 2517 4562 servetur
2545 4508 2595 4560 in
2628 4508 2709 4560 die
2731 4502 2939 4559 Dontini
2970 4503 3012 4567 (1
3054 4498 3234 4569 Tltes.,
3267 4503 3343 4571 v).
3369 4500 3477 4555 Nos
3505 4516 3635 4555 vero
3666 4501 3730 4554 ad
3760 4517 3893 4570 snp-

2296 4601 2625 4672 plcmentnm
2671 4612 2907 4653 vestrum
2954 4597 3148 4652 fratres
3181 4606 3233 4649 et
3280 4594 3633 4666 coepiscopos
3679 4604 3895 4649 nostros

2293 4696 2602 4751 vocavimus
2620 4692 2850 4764 amplius
2873 4708 3031 4762 quam
3050 4692 3409 4760 Septuaginta,
3426 4690 3545 4741 enin
3568 4687 3760 4756 quibus
3777 4687 3894 4743 haec

2295 4807 2412 4862 qua:
2440 4791 2623 4845 subter
2643 4789 2909 4843 habentur
2925 4787 3146 4849 in~erta,
3163 4783 3483 4854 regulariter
3506 4779 3781 4834 tractanda
3804 4780 3894 4835 de-

2294 4885 2585 4943 crevimus.
2610 4880 2821 4937 Vestris
2842 4879 2985 4935 Cllllll
3012 4878 3254 4945 epistolis
3276 4877 3329 4931 in
3356 4873 3595 4929 omnium
3619 4874 3891 4929 audientis

2297 4979 2581 5051 perlectis,
2628 4984 2744 5047 qua:
2793 4976 2988 5028 multas
3038 4971 3133 5043 (ut
3179 4968 3390 5042 nostis)
3437 4966 3802 5039 querimonias
3835 4979 3894 5024 et

2294 5072 2672 5143 oppl'essiones
2704 5068 2756 5121 in
2779 5084 2836 5121 se
2865 5060 3215 5120 continebant
3242 5072 3449 5118 vestras
3467 5105 3481 5128 ,
3516 5062 3889 5131 decretisque,

2296 5178 2413 5238 qum
2436 5172 2559 5220 sunt
2590 5162 2656 5216 de
2683 5158 3115 5214 accusationibus
3142 5156 3517 5227 episcoporum
3538 5197 3552 5222 ,
3587 5169 3769 5211 saneta
3795 5170 3889 5227 sy-

2364 5325 2446 5397 (t)
2498 5318 2679 5375 Falsas
2722 5331 2838 5373 eos.
2889 5325 3018 5372 nota
3063 5327 3460 5385 quamcumque
3510 5322 3563 5370 te
3605 5323 3785 5372 vertas
3833 5314 3887 5370 in

2293 5407 2524 5469 partem.

1826 5516 2206 5578 LECTIONES
2242 5508 2657 5573 VARIANTES.

652 5612 682 5684 ξ
714 5609 947 5684 ξθνίςιρτ
973 5610 1115 5684 Lgbb:

645 5670 676 5769 ξ

648 5799 676 5838 d
709 5797 860 5861 I_._ihya
886 5798 1031 5861 Labb.

660 5865 686 5893 ⁸
718 5858 861 5912 Nono
882 5858 1075 5913 kalend.
1103 5859 1249 5915 Labb.

2348 5606 2371 5648 ί
2411 5605 2685 5657 Mariuiano
2711 5601 2857 5654 Labb.

2348 5674 2374 5712 ⁸
2412 5670 2471 5720 Et
2496 5668 2560 5718 de
2586 5667 2834 5717 meritoriis
2856 5669 3124 5726 martyrum
3148 5660 3293 5713 Labb.

2350 5732 2383 5772 ὶι
2415 5731 2565 5783 Adire
2592 5728 2735 5780 Labb.

2358 5800 2376 5838 ’t
2419 5793 2649 5846 Gaudere
2673 5792 2786 5844 facit
2806 5789 2989 5856 gaudio
3012 5788 3208 5841 calesti
3232 5786 3379 5840 Labb.
