4230 6212
244 209 356 265 149

1393 200 1759 260 EPISTOLE
1807 201 2044 260 DUBLE
2087 203 2446 276 QUATUOR.

3443 208 3549 264 150

245 326 420 382 nodus
447 323 528 398 (Ι)
561 323 699 379 dixit
743 340 759 378 :
817 323 944 378 Haec
981 331 1138 388 sunt,
1181 335 1304 405 quae
1337 318 1592 392 deinceps
1633 326 1852 388 propter
1878 325 1922 384 Α
1954 319 2338 374 communione
2392 321 2790 392 suSpeudatur,
2846 323 2930 379 cui
3003 323 3212 379 crimen
3259 320 3552 395 intenditur

245 419 512 476 malorum
549 416 829 473 hominum
861 415 1114 478 insidias.
1161 415 1249 485 qui
1295 414 1347 468 in
1389 411 1685 468 Ecclesium
1717 421 1769 466 et
1799 413 1849 466 in

245 511 652 569 ecclesiasticos
691 509 922 565 saeviunt
953 509 1100 564 viros
1127 506 1520 570 indiﬂ'crenler,
1551 514 1604 559 et
1628 521 1851 561 conser-

243 621 383 661 vare
428 603 735 659 ﬁrmissime
781 604 1032 658 volumus
1078 603 1129 657 in
1173 601 1416 657 sa-culn:
1455 601 1510 655 Si
1557 599 1677 670 quis
1707 601 1852 670 epis-

245 700 503 767 COpusab
520 696 625 751 illis
641 693 1070 763 accusatoribus,
1093 693 1181 766 qui
1205 692 1496 761 recipiendi
1523 703 1667 758 sunt,
1695 690 1857 747 fuerit

245 803 558 855 accusatus,
587 798 876 864 postquam
903 790 1016 858 ipse
1047 789 1114 842 ab
1141 789 1219 842 eis
1247 786 1530 842 caritative
1556 795 1856 842 conventus

244 887 444 951 fuerit,
493 893 552 940 ιιι
599 885 769 954 ipsam
802 899 1017 938 cauSam
1060 881 1350 937 emendare
1377 881 1605 942 debeat,
1639 890 1694 935 et
1735 895 1853 934 eam

245 979 523 1051 corrigere
563 979 833 1043 noluerit,
869 994 974 1031 non
1019 977 1182 1039 olim,
1211 976 1309 1032 sed
1353 986 1479 1029 tunc
1519 974 1585 1028 ad
1615 989 1860 1030 summos

246 1072 507 1144 pritna:es
545 1087 706 1126 causa
745 1071 864 1140 ejus
903 1070 1165 1124 canonice
1201 1068 1497 1135 deferatur,
1525 1069 1616 1138 qui
1645 1067 1699 1122 in
1727 1084 1859 1124 Con-

246 1182 384 1237 gruo
431 1164 583 1231 loco,
631 1163 770 1218 intra
813 1163 984 1232 ipsam
1017 1162 1382 1232 provinciam,
1435 1170 1679 1230 tempore
1723 1175 1857 1215 con-

247 1275 383 1332 gruo
411 1257 514 1330 (2),
550 1257 605 1312 id
653 1267 775 1324 est,
816 1257 1116 1312 autumnali
1162 1257 1244 1312 vel
1293 1255 1520 1320 aestivo,
1566 1253 1853 1310 Concilium

247 1351 576 1424 regulariter
617 1340 918 1406 convocare
955 1349 1265 1416 debebunt,
1297 1349 1368 1404 ita
1402 1358 1460 1403 ιιι
1487 1348 1555 1402 ab
1601 1347 1856 1404 omnibus

249 1444 499 1515 ejusdem
542 1442 827 1513 provinciae
870 1442 1140 1512 episcopis
1177 1440 1305 1495 inibi
1340 1441 1608 1496 audiatur.
1639 1439 1758 1508 Quo
1801 1449 1858 1495 et

252 1539 368 1610 ipse
415 1538 742 1609 regulariter
785 1545 1152 1602 conmeatus;
1183 1535 1228 1589 si
1276 1551 1396 1590 eum
1433 1544 1525 1588 aut
1574 1532 1857 1587 inﬁrmitas

255 1631 391 1707 (cod.
423 1631 548 1686 Tlte.
581 1630 669 1685 lib.
701 1647 776 1695 Ix,
803 1631 880 1685 tit.
908 1646 945 1694 ι,
976 1641 1137 1684 coast.
1173 1629 1258 1694 l0,
1283 1631 1336 1694 5,
1359 1646 1412 1700 ᾳ.
1440 1628 1496 1695 ‘2,
1522 1629 1566 1696 si
1586 1629 1856 1699 episcopus

252 1727 356 1781 suis
387 1713 567 1796 fuerit)
601 1735 694 1780 aut
719 1723 821 1779 alia
850 1726 1028 1795 gravis
1059 1725 1358 1780 necessitas
1389 1739 1495 1779 non
1525 1723 1814 1780 detinuerit
1836 1763 1853 1790 ,

255 1819 442 1875 adesse
471 1820 693 1875 debebit
721 1836 736 1876 :
770 1821 891 1889 quia
920 1818 1057 1873 ultra
1091 1819 1387 1889 provincia:
1417 1819 1678 1872 terminos
1699 1832 1860 1872 accu-

257 1913 406 1971 sandi
447 1926 572 1969 ante
621 1914 835 1968 licentia
871 1931 973 1969 non
1021 1922 1138 1978 est,
1169 1929 1272 1984 qua
1313 1913 1584 1967 audientia
1613 1919 1854 1982 rogetur.

263 2009 394 2065 Nam
416 2011 458 2063 si
484 2009 592 2063 suis
619 2009 802 2074 fuerit,
825 2018 916 2063 aut
946 2008 1210 2063 Ecclesia:
1235 2007 1334 2062 sibi
1364 2008 1668 2063 commissae
1694 2007 1859 2060 rebus

264 2103 581 2175 expoliatus,
607 2114 695 2158 aut
719 2103 883 2176 (quod
907 2103 1070 2168 absit,
1092 2103 1234 2172 quod
1258 2102 1494 2157 alienum
1517 2101 1584 2156 ab
1606 2099 1859 2156 otunlbus

262 2210 384 2251 esse
427 2195 584 2250 debet
628 2192 901 2264 ﬁdelibus)
931 2211 957 2246 a
987 2193 1118 2249 sede
1144 2195 1362 2264 propria
1401 2194 1641 2263 ejeolns,
1673 2202 1765 2248 aut
1805 2194 1858 2247 in

261 2287 572 2342 detentioue
603 2286 780 2354 aliqua
809 2301 838 2340 a
866 2287 981 2340 suis
1019 2286 1209 2340 ovibus
1249 2284 1410 2341 fuerit
1437 2295 1808 2355 sequestratus
1843 2303 1858 2336 :

262 2389 387 2434 tunc
427 2379 688 2433 c-monice
714 2387 1004 2448 antequam
1037 2378 1088 2430 in
1121 2379 1347 2447 pristino
1374 2387 1516 2432 statu
1549 2377 1863 2430 restituatur

263 2489 386 2528 cum
413 2474 556 2527 omni
592 2472 866 2542 privilegio
894 2474 974 2524 sui
1004 2471 1230 2526 honoris
1249 2512 1264 2536 ,
1289 2481 1344 2525 et
1373 2485 1467 2524 sua
1499 2468 1707 2536 omnia,
1742 2484 1862 2538 quae

267 2568 480 2623 insidiis
509 2567 840 2622 inimicorum
863 2583 1085 2624 suorum
1117 2567 1164 2622 ei
1188 2567 1362 2622 ablata
1395 2566 1627 2630 fuerant,
1657 2565 1864 2636 legibus

267 2662 699 2732 redintegrentur
727 2680 740 2713 :
773 2677 872 2716 nec
901 2663 1221 2726 convocari,
1256 2677 1354 2716 nec
1375 2659 1604 2730 jndieari
1631 2664 1863 2730 poterit,

268 2757 369 2810 nisi
393 2761 504 2826 ipse
525 2772 622 2826 pro
642 2771 738 2810 sua
770 2755 1089 2810 ncCcssitale
1121 2754 1367 2823 (minime
1399 2763 1577 2808 tamen
1606 2752 1862 2822 judican-

268 2849 394 2924 dus)
447 2849 697 2906 advenire
743 2859 933 2921 sponte
984 2849 1230 2920 elegerit.
1285 2847 1602 2902 Nullatenns
1658 2859 1786 2916 ergo
1835 2853 1864 2900 ε

273 2959 532 3014 quoquam
576 2943 908 3014 respondere
957 2951 1174 3014 rogetur
1193 2953 1241 3008 ε,
1293 2954 1578 3012 antequam
1630 2942 1866 3011 integer-

273 3032 508 3109 time-(5)
549 3037 731 3090 omnia
781 3051 899 3106 qua:
951 3049 1044 3102 per
1094 3036 1466 3105 suggestioncs
1525 3033 1864 3088 inimicorum

270 3142 486 3183 suorum
526 3129 812 3186 amiserat.
845 3126 1098 3197 potestati
1138 3126 1254 3196 ejus
1290 3127 1358 3180 ab
1402 3125 1700 3179 honorabili
1727 3140 1860 3177 con-

267 3225 392 3280 cilio
443 3225 598 3295 legali
646 3225 835 3278 ordine
885 3211 1454 3294 redintegrentnru);
1487 3219 1684 3289 praesul
1735 3234 1864 3272 vero

267 3336 387 3374 cum
419 3321 567 3376 ornni
619 3319 826 3374 honore
873 3313 1034 3373 statui
1085 3310 1309 3386 pristino
1341 3309 1616 3380 reddatur,
1651 3325 1704 3369 et
1749 3315 1864 3383 ipse

266 3414 543 3484 dispositis
569 3413 938 3482 ordinatisque
970 3413 1137 3466 libere
1176 3421 1334 3479 atque
1379 3425 1567 3464 secure
1602 3407 1692 3462 diu
1728 3407 1862 3472 suis,

270 3519 395 3561 tunc
425 3508 737 3576 regulariter
762 3506 898 3560 infra
931 3513 1159 3575 quatuor
1191 3503 1273 3556 vel
1317 3503 1552 3572 quinque
1572 3542 1586 3562 .
1615 3509 1708 3554 aut
1737 3513 1864 3568 sep-

276 3609 384 3656 te'm
412 3599 440 3639 δ
473 3616 715 3666 tuensrs,
754 3600 904 3668 juxta
948 3597 1088 3666 quod
1120 3595 1447 3667 possibilitas
1491 3595 1542 3649 ei
1585 3592 1780 3657 fuerit,
1813 3599 1868 3647 et

272 3712 378 3750 non
409 3705 553 3758 ante,
584 3704 912 3750 etnivocatns
941 3691 1005 3746 ad
1038 3701 1275 3761 tempus.
1304 3688 1532 3744 concilio
1555 3688 1607 3742 in
1629 3688 1866 3757 legitimo

266 3801 320 3847 et
339 3791 622 3851 canonico.
648 3791 820 3844 veniat
851 3786 917 3842 ad
942 3797 1157 3841 causam
1185 3803 1198 3838 :
1224 3794 1278 3840 et
1304 3785 1346 3837 si
1372 3783 1438 3862 ita
1467 3783 1610 3851 jnste
1635 3779 1864 3845 videtur,

271 3886 640 3940 accusantium
691 3881 1148 3956 propositionibus
1203 3877 1543 3945 respondeat.
1581 3873 1716 3928 Nam
1767 3873 1870 3924 hoc

273 3993 618 4047 summopere
675 3974 1067 4049 proviicndum
1119 3983 1238 4037 est,
1290 3987 1356 4024 ne
1405 3979 1692 4036 antequam
1752 3965 1868 4018 haec

275 4071 437 4134 ﬁant.
491 4077 706 4126 enactus
765 4061 1118 4139 respondeat,
1165 4065 1287 4134 quia
1339 4061 1610 4117 contentio
1657 4072 1869 4126 semper

265 4162 480 4219 vitanda
531 4173 638 4216 est.
687 4160 862 4218 Adimi
917 4175 1146 4226 namque
1199 4155 1454 4227 episeopo
1499 4145 1866 4223 episcopatum

265 4258 442 4332 (Caua.
469 4243 614 4330 Afra.
650 4274 694 4310 ε.
727 4253 840 4327 87),
879 4265 1160 4323 antequam
1205 4265 1381 4304 causa!
1419 4247 1536 4318 ejus
1571 4241 1744 4302 eititus
1772 4261 1870 4332 ap-

262 4329 448 4422 pareat
471 4393 488 4416 ,
517 4329 654 4405 nnili
687 4347 980 4404 christiano
1010 4337 1176 4399 videri
1205 4341 1326 4412 jure
1358 4349 1560 4412 potest,
1595 4331 1720 4410 quia
1751 4329 1872 4392 talis

263 4443 632 4517 prtesutnptio
667 4441 1002 4512 'sacrilcginm
1034 4443 1136 4501 est,
1169 4445 1223 4490 et
1251 4445 1438 4490 auctor
1468 4427 1676 4498 talium,
1703 4424 1872 4486 sacri-

261 4515 431 4610 iegus.
467 4515 636 4606 Quod
675 4535 718 4589 si
757 4535 1022 4603 a-grotans
1065 4527 1220 4583 fuerit
1250 4525 1538 4597 episcopus
1574 4525 1631 4594 (5
1661 4542 1711 4591 q.
1741 4520 1795 4587 5,
1829 4515 1872 4600 si

263 4631 574 4703 egrotanti),
629 4639 723 4683 aut
773 4628 950 4697 aliqua
993 4637 1114 4679 eutn
1163 4621 1338 4693 gravis
1387 4621 1683 4676 necessitas
1731 4611 1872 4671 deti-

263 4724 462 4793 nuerit,
516 4732 627 4797 pro
665 4737 723 4776 se
769 4721 999 4791 legatum
1043 4717 1107 4771 ad
1157 4713 1416 4788 synodum
1469 4711 1663 4767 mittat.
1702 4707 1810 4764 Nec
1845 4723 1872 4761 a

335 4879 416 4952 (l)
449 4879 593 4952 Syn.
626 4887 845 4930 romana
874 4871 1068 4952 dicitur
1093 4869 1279 4952 Ilatlrl,
1303 4867 1426 4952 coll.
1457 4881 1504 4919 e.
1523 4867 1586 4948 .5,
1611 4863 1705 4945 sed
1731 4875 1871 4952 quae,

271 4935 444 5020 quove
469 4935 736 5018 ti-mpore
763 4943 1192 5020 no_ndnin_,|_ia_tet.
1217 4941 1292 5006 Et
1322 4939 1420 4994 hac
1450 4938 1592 4994 enim
1621 4935 1869 5006 epistola,

273 5013 386 5094 qua:
409 5013 614 5094 spuria:
637 5013 1100 5094 est._niliileulligi
1124 5021 1322 5084 potest.

345 5089 420 5162 (ἲ)
442 5076 612 5160 λιιιιά
649 5087 782 5144 llud.
818 5076 1380 5162 ιεςίιιιΓ-ῗιὲιιινυινρῤ
1408 5076 1876 5162 ειιιιειιιξιηιειντιὴ-

276 5153 415 5220 vero
442 5153 588 5218 idem
621 5153 902 5232 apustolus
929 5157 1057 5232 dicit
1087 5174 1100 5210 :
1221 5155 1354 5232 enin!
1382 5169 1497 5208 cunt
1523 5153 1723 5232 inimici
1750 5163 1881 5206 case-

274 5237 390 5292 ﬁxo
408 5225 674 5290 momnis:
697 5232 828 5290 Inde
856 5231 1099 5302 argltitttr
1128 5228 1275 5283 fraus
1305 5225 1725 5296 interpolatoris.

347 5309 431 5376 (ᾗ)
461 5307 537 5362 lta
567 5317 630 5362 et
657 5319 935 5376 ιιιτιιιιιιεςιξ1
1057 5349 1064 5376 ξ

267 5419 284 5454 ἓ
461 5376 679 5434 Concil.
708 5392 846 5431 rom.
869 5366 960 5442 ill,
989 5371 1088 5428 sub
1112 5366 1447 5444 symmaeho.

1959 413 2178 486 (Concil.
2213 413 2390 469 Curtii.
2426 431 2504 478 In,
2535 431 2651 469 can.
2675 416 2770 488 7);
2803 416 2906 471 nisi
2944 417 3010 470 ad
3037 431 3254 472 causam
3287 429 3440 470 suam
3467 413 3554 468 di-

1957 505 2180 560 cendam
2213 506 2511 561 electorum
2540 507 2777 577 judicum
2823 507 2910 564 die
2945 518 3142 564 statuta
3185 507 3378 563 litteris
3421 523 3553 562 evo-

1959 609 2107 654 catus
2129 641 2144 665 ,
2177 599 2394 656 minimc
2425 602 2722 656 occurrerit
2748 619 2762 656 :
2795 602 2895 658 hoc
2924 615 3036 669 est,
3064 603 3166 658 nisi
3205 618 3328 658 eum
3371 601 3550 672 aliqua

1958 710 2364 766 praeoccupach
2384 699 2420 750 it
2452 697 2745 752 necessitas
2769 695 2902 752 inira
2922 696 3154 767 spatium
3180 696 3555 766 praedictorum

1961 788 2262 854 mensium,
2313 799 2368 844 et
2411 807 2476 844 eo
2526 790 2789 860 amplius,
2839 799 2998 859 prout
3044 805 3202 844 causa
3253 788 3556 844 dictaverit.

1962 881 2113 950 Quod
2145 883 2190 938 si
2222 899 2288 938 ex
2335 895 2563 952 utraque
2596 895 2744 952 parte
2793 883 2860 937 ad
2903 898 3118 936 causam
3147 880 3428 936 dicendam
3463 897 3559 936 ve-

1962 976 2174 1039 nerint;
2223 975 2345 1044 quia
2377 991 2514 1029 unus
2543 975 2746 1046 absque
2790 976 2962 1030 altero
2990 973 3162 1029 audiri
3214 989 3320 1028 non
3365 973 3560 1040 debet,

1961 1066 2312 1138 quarrendun'i
2339 1079 2422 1122 est
2456 1067 2507 1122 in
2533 1067 2774 1138 judicio,
2807 1068 2962 1135 cujus
2993 1069 3100 1122 sint
3137 1067 3562 1122 conversationis

1961 1170 2014 1242 et
2045 1160 2168 1216 ﬁdei
2211 1171 2371 1232 atque
2399 1161 2720 1231 suspicionis
2749 1172 3092 1217 accusatores
3119 1171 3213 1216 aut
3245 1177 3349 1234 qua
3387 1163 3563 1218 inten-

1961 1255 2108 1310 tione
2137 1254 2239 1310 hoc
2269 1255 2467 1310 faciant
2499 1273 2512 1308 :
2548 1256 2669 1325 quia
2700 1255 2766 1310 ad
2796 1257 2898 1310 hoc
2926 1255 3134 1310 admitti
3180 1273 3288 1311 non
3339 1255 3560 1323 debent,

1960 1348 2248 1412 nisibona:
2279 1350 2707 1406 conversationis
2737 1359 2790 1404 et
2830 1361 2992 1404 recta:
3023 1349 3146 1406 ﬁdei
3177 1351 3298 1417 viri,
3333 1349 3385 1404 hi
3413 1350 3562 1406 vide-

1961 1443 2090 1497 licet
2116 1441 2208 1512 qui
2246 1444 2393 1498 omni
2435 1443 2744 1514 suspicione
2778 1451 3027 1510 careant,
3060 1453 3114 1497 et
3152 1443 3292 1498 bona
3316 1444 3424 1498 vita
3455 1444 3566 1500 cla-

1964 1547 2118 1591 reant
2138 1579 2151 1602 ,
2183 1551 2358 1608 neque
2395 1537 2622 1592 infames
2647 1537 2900 1592 existant.
2933 1537 3085 1604 Quod
3117 1537 3163 1592 si
3193 1548 3564 1596 accusatorum

1961 1645 2209 1700 persona:
2235 1629 2288 1683 in
2316 1629 2520 1699 judicio
2544 1628 2620 1700 (5,
2645 1646 2696 1700 q.
2725 1631 2813 1685 10.
2845 1630 2906 1682 Si
2927 1639 3284 1684 accusaturum
3311 1608 3562 1705 personae)

1961 1724 2342 1796 episcOporum
2399 1717 2697 1794 culpabiles
2746 1725 3094 1794 apparuerint
3152 1724 3348 1795 (idem,
3405 1722 3565 1780 Cons.

1964 1818 2192 1890 Cartlt.),
2216 1819 2283 1873 ad
2305 1819 2643 1890 arguendqu
2667 1835 2774 1874 non
2799 1819 3174 1884 admittantur,
3195 1821 3300 1878 nisi
3323 1824 3567 1894 proprias

1960 1928 2152 1967 causas
2176 1928 2422 1968 asserere
2442 1913 2572 1985 (non
2605 1924 2781 1969 tamen
2811 1913 3142 1986 criminales)
3166 1915 3246 1968 vel
3279 1917 3566 1972 ecclesias-

1963 2009 2095 2078 ticas
2119 2007 2410 2084 voluerint.
2435 1999 2652 2062 Infantis
2674 2008 2816 2064 enim
2843 2023 3074 2079 persona
3095 2007 3172 2082 (5,
3195 2009 3322 2080 qui,
3346 1988 3585 2080 ΙηΙαηιξί

1963 2106 2230 2170 persona),
2274 2118 2375 2158 nec
2417 2112 2736 2185 procurator
2777 2112 2953 2172 potest
2976 2118 3130 2170 esse,
3163 2117 3261 2158 nec
3299 2105 3567 2174 cognitor.

1963 2196 2205 2252 Absente
2229 2211 2356 2252 vero
2383 2195 2695 2250 adversario
2722 2195 2803 2268 (5,
2825 2213 2874 2262 q.
2903 2196 2959 2260 9,
2991 2195 3212 2250 Abseute
3225 2195 3568 2269 aduersario),

1964 2304 2070 2343 non
2098 2288 2350 2342 audiatur
2372 2299 2655 2344 accusator
2680 2308 2694 2343 :
2725 2304 2824 2345 nec
2851 2291 3140 2352 sententia,
3164 2290 3387 2345 absente
3415 2301 3567 2360 parte

1968 2383 2100 2450 alia,
2134 2399 2162 2436 a
2190 2383 2370 2453 judice
2397 2383 2562 2449 dicta,
2593 2383 2754 2438 ullam
2781 2383 3050 2438 obtinebit
3073 2381 3382 2440 ﬁrmitatem
3407 2383 3572 2455 (Vidt

1967 2476 2226 2556 A_uiamuu
2274 2475 2326 2528 in
2364 2487 2496 2530 seut.
2541 2474 2736 2542 Pauli,
2788 2475 2878 2530 lib.
2921 2491 2976 2541 ν,
3005 2476 3084 2530 tit.
3121 2475 3157 2530 2
3185 2485 3233 2530 et
3259 2475 3316 2548 5)
3350 2495 3363 2532 :
3396 2491 3594 2548 neque

1969 2568 2164 2622 absens
2189 2582 2282 2636 per
2303 2566 2466 2621 alium
2489 2568 2732 2622 accusari
2761 2567 2842 2640 (5,
2869 2584 2921 2640 q.
2951 2568 3006 2635 9,
3035 2567 3227 2624 Absens
3252 2585 3342 2639 per
3361 2570 3568 2642 alium),

1970 2671 2064 2714 aut
2087 2675 2343 2714 accusare
2372 2669 2586 2726 potest,
2621 2675 2721 2716 nec
2748 2659 3062 2715 afﬁnis'illis
3098 2663 3430 2718 admittatur.
3462 2663 3571 2720 Ne-

1970 2753 2168 2834 minem
2219 2767 2348 2822 ergo
2401 2750 2644 2808 exhiberi
2699 2751 2766 2808 de
2813 2752 3084 2822 provincia
3121 2753 3188 2808 ad
3235 2755 3567 2826 provinciam

1971 2844 2132 2923 (Vide
2173 2847 2426 2900 novellam
2455 2847 2656 2900 tertiam
2696 2845 2811 2900 libri
2841 2848 2976 2900 tertii
3005 2858 3052 2901 et
3083 2846 3344 2904 Attianum
3365 2860 3411 2905 et
3447 2853 3566 2910 cod;

1975 2939 2165 2994 Tlteod.
2213 2950 2375 2996 coast.
2426 2942 2481 3018 ἇε,
2531 2941 2732 3016 Ιὶὁηιι,
2783 2941 2863 2995 tit.
2905 2937 2965 3012 I),
3013 2943 3097 2996 vel
3142 2941 3210 2998 ad
3255 2944 3567 3000 comitatum

1971 3044 2217 3108 oportet,
2257 3035 2358 3090 nisi
2398 3035 2464 3089 ad
2498 3035 2820 3106 relationem
2863 3034 3092 3102 judicia,
3123 3035 3189 3090 ad
3217 3052 3378 3106 quem
3412 3036 3574 3094 fuerlt

1969 3131 2329 3202 appellatum,
2365 3129 2417 3184 id
2447 3139 2558 3195 est,
2589 3139 2648 3184 ut
2691 3119 2879 3185 auctor
2903 3145 3116 3198 seraper
3155 3131 3234 3186 rei
3274 3130 3447 3187 forum
3485 3149 3573 3192 se-

1967 3236 2181 3295 quatur.
2203 3223 2260 3280 Si
2282 3226 2401 3292 quis
2423 3235 2601 3278 autem
2619 3225 2856 3293 judicem
2885 3224 2986 3279 sibi
3009 3225 3291 3280 adversum
3318 3228 3566 3295 senserit;

1968 3335 2156 3376 vocem
2213 3318 2592 3388 appellationis
2649 3315 2902 3372 exhibeat
2955 3333 3114 3387 quam
3171 3319 3304 3372 nulli
3359 3329 3576 3388 oportet

1969 3411 2154 3482 negari
2197 3409 2341 3483 (lluc
2383 3425 2541 3484 usque
2585 3419 2740 3478 caput
2776 3409 2832 3470 5,
2865 3409 2987 3464 coll.
3023 3407 3220 3473 Hadr.,
3263 3410 3572 3480 quibusdam

1972 3507 2186 3564 subinde
2211 3487 2460 3579 insertis).
2493 3505 2783 3576 Peregrina
2813 3521 2944 3560 vero
2967 3505 3166 3576 judicia
3199 3504 3275 3578 (5.
3298 3522 3352 3576 q.
3379 3505 3436 3569 6,
3466 3505 3574 3560 Pe-

1971 3602 2178 3674 regrina
2195 3598 2420 3672 judicia)
2443 3599 2685 3672 grnerali
2713 3599 3000 3656 sanctione
3029 3599 3376 3668 prohibemus
3405 3617 3418 3651 :
3447 3599 3573 3671 quia

1971 3695 2248 3768 indignum
2275 3703 2395 3758 est,
2440 3703 2496 3747 ut
2521 3693 2590 3748 ab
2615 3687 2862 3748 externis
2897 3692 3171 3760 judicetur
3199 3691 3289 3760 qui
3317 3701 3571 3762 compro-

1971 3787 2232 3842 vinciales
2254 3783 2449 3854 (Hadr.
2485 3785 2605 3840 coll.
2644 3785 2732 3850 i7,
2761 3800 2825 3839 ea:
2853 3794 3016 3839 coast.
3051 3783 3138 3850 l0,
3172 3783 3248 3837 tit.
3285 3787 3340 3848 1,
3371 3784 3462 3838 lib.
3495 3801 3572 3852 ις,

1972 3881 2088 3958 ead.
2115 3879 2274 3950 The.)
2292 3884 2347 3934 et
2371 3894 2400 3932 a
2427 3892 2486 3932 se
2517 3878 2718 3934 electos
2745 3877 2909 3958 debet
2944 3876 3147 3933 habere
3163 3876 3395 3948 judices.
3422 3876 3570 3943 Ηςυε.

1971 3955 2202 4042 iratres,
2230 3972 2297 4028 ad
2335 3981 2572 4028 vestram
2599 3981 2654 4028 et
2678 3955 2919 4027 euntium
2945 3971 3386 4040 coepiscoporum
3413 3987 3573 4040 opem

1973 4079 2028 4124 et
2052 4067 2421 4124 defensionem
2451 4066 2506 4120 in
2535 4064 2744 4136 synodo
2765 4063 3092 4118 unanimiter
3121 4060 3576 4128 suntdecreta,nt

1974 4149 2020 4216 si
2051 4160 2188 4217 forte
2215 4159 2378 4230 aliqui
2409 4157 2633 4228 (Concil.
2665 4154 2821 4227 Hisp.
2851 4171 2912 4222 ιι,
2940 4171 2987 4208 c.
3021 4150 3112 4226 15)
3155 4153 3442 4212 stultorum
3477 4169 3576 4234 vos

1975 4270 2273 4318 accusare,
2314 4252 2404 4322 qui
2442 4249 2724 4305 diabolica:
2759 4247 3093 4318 deceptionis
3137 4260 3325 4302 errore
3362 4245 3578 4319 decepti

1977 4360 2132 4415 sunt,
2182 4346 2484 4412 voluerint,
2533 4344 2660 4402 dum
2706 4342 2808 4399 ista
2852 4342 3085 4414 legerint
3132 4344 3222 4402 vel
3268 4341 3575 4410 audierint,

1977 4444 2299 4514 resipiscam
2340 4453 2396 4496 et
2423 4439 2488 4496 ad
2543 4439 2763 4495 unitatis
2801 4435 3147 4492 concordiam
3187 4445 3530 4494 revertantur
3557 4453 3575 4490 :

1979 4549 2033 4612 et
2057 4537 2199 4610 quod
2231 4536 2376 4606 prius
2415 4545 2530 4590 erat
2568 4533 2620 4588 in
2648 4533 2942 4599 ultionem,
2973 4531 3218 4588 transibit
3246 4533 3299 4589 in
3325 4531 3575 4604 gloriam.

1981 4632 2113 4688 Nam
2147 4629 2335 4702 procul
2362 4629 2526 4685 dubio
2549 4627 2704 4683 mulli
2724 4635 2871 4693 sunt,
2895 4626 2984 4696 qui
3009 4626 3328 4696 (secundum
3350 4623 3583 4694 apostoli

1981 4723 2193 4795 vocem)
2223 4722 2506 4792 prurientes
2527 4718 2757 4784 auribus,
2784 4735 2816 4772 a
2843 4718 3050 4772 veritate
3072 4719 3305 4772 auditum
3325 4724 3578 4784 avertunt,

1985 4821 2054 4873 ad
2080 4817 2284 4889 fabulas
2327 4826 2498 4870 autem
2536 4821 2890 4869 conuertuntur
2921 4811 2968 4882 (l
2999 4811 3158 4879 Tim.,
3186 4815 3265 4882 tv)
3293 4819 3351 4868 et
3373 4811 3440 4866 ad
3477 4827 3582 4867 no-

1986 4922 2235 4971 cumenta
2279 4911 2542 4965 bonorum
2574 4919 2594 4945 ε
2628 4915 2934 4962 transeunt.
2972 4905 3067 4962 Ait
3101 4905 3260 4976 (idem
3291 4921 3436 4962 conc.
3466 4905 3582 4980 cit.)

1986 5015 2170 5064 autem
2216 5004 2358 5058 idem
2403 5001 2679 5072 apostolus
2705 4998 2774 5054 de
2802 4997 3100 5054 iulldelium
3145 4998 3445 5070 ignorantia
3477 5017 3490 5052 :
3521 4998 3585 5056 Si

1985 5099 2357 5176 cognovissent,
2385 5110 2666 5166 numquam
2693 5090 2974 5148 Dominum
3003 5092 3183 5165 gloria:
3210 5092 3587 5163 cruciﬁxissent

1987 5197 2034 5271 (l
2073 5194 2189 5254 Cor.
2219 5193 2305 5266 ιι).
2345 5188 2606 5248 Similiter
2635 5187 2682 5242 si
2718 5185 2773 5243 hi
2815 5186 3100 5242 Dominum
3140 5186 3374 5256 perfecte
3421 5193 3589 5256 agno.

1987 5292 2193 5348 vissent
2217 5297 2270 5344 et
2297 5297 2603 5350 amassent,
2650 5295 2941 5354 numquam
2978 5293 3171 5338 servos
3212 5280 3328 5350 ejus
3371 5290 3589 5352 pertur.

1991 5385 2231 5448 hassent,
2252 5393 2353 5436 nec
2373 5377 2552 5434 verbis
2570 5385 2664 5434 aut
2681 5373 2838 5433 factis
2858 5372 3126 5445 persecuti
3147 5379 3351 5432 essent.
3377 5371 3539 5442 Quod
3565 5371 3594 5412 ά

1513 5525 1896 5587 LECTIONES
1930 5521 2352 5583 VARIANTES.

327 5691 374 5796 i‘
393 5678 804 5806 ξὲξῗίὲιῖιῗαῗιῗ

361 5739 528 5822 ξέεὶ,
555 5749 654 5802 aut
675 5739 817 5799 Labb.
853 5783 868 5812 ,

2059 5665 2084 5695 ο
2119 5661 2364 5712 Bonorum
2389 5657 2534 5712 Labb.

2009 5796 2024 5802 _
2061 5725 2092 5769 (ι
2125 5726 2285 5792 Quum
2306 5719 2454 5782 Labb.
