4230 6212
614 271 712 335 1H

1939 274 1997 326 S.
2040 268 2310 335 FEIJCIS
2348 268 2556 327 ΡΛΡᾹ

3814 276 3918 331 15Ξ

616 406 762 454 mus,
811 391 1123 445 reconciliati
1170 408 1340 446 sumus
1392 389 1498 444 Dea
1553 408 1641 460 per
1680 400 1890 444 mortem
1924 387 2049 444 Filii
2093 391 2203 449 eius
2230 391 2285 451 Α
2307 388 2449 443 enim
2482 398 2537 444 et
2574 392 2899 446 contumelia
2938 392 2990 446 in
3032 392 3513 465 loquela(Eccles.,
3547 392 3627 463 v),
3654 402 3709 448 et
3741 392 3793 447 in
3836 392 3917 447 lo-

615 481 795 555 (Rom.
829 481 906 554 v),
955 500 1052 539 cur
1078 485 1415 554 insequimur
1446 483 1676 539 fratres?
1701 483 1811 540 Cur
1841 484 2219 555 perturbamus

615 584 815 630 statum
856 574 1114 632 Ecclesia:
1149 578 1276 643 Dei,
1325 589 1378 633 et
1408 593 1502 633 eos
1529 579 1618 649 qui
1660 579 1708 632 ei
1748 581 1954 633 servire
1980 578 2216 645 debent,

615 667 940 738 afﬂigimus?
998 670 1259 742 Martyres
1299 673 1442 727 enim
1492 673 1631 741 passi
1681 683 1805 727 sunt
1851 672 2007 742 (idem
2059 673 2215 727 Cone.

616 760 758 833 cit.),
784 778 888 817 non
913 772 1086 819 tamen
1110 766 1304 820 aninue
1326 783 1512 822 eorum
1534 768 1727 823 occisa:
1748 779 1873 823 sunt
1902 772 1951 823 in
1973 770 2217 838 corporis

619 857 901 923 passione,
930 871 1025 910 ore
1061 857 1312 913 \eritatis
1336 868 1626 915 atteStaute
1657 877 1671 913 :
1705 858 1880 915 Nolite
1920 861 2094 916 timere
2134 878 2217 916 eos

615 945 705 1015 qui
735 947 973 1001 occidunt
1012 965 1229 1021 corpus.
1260 953 1482 1005 animam
1513 962 1681 1005 autem
1718 969 1818 1006 non
1842 965 2052 1025 possunt
2079 956 2218 1009 occi—

614 1037 735 1092 dere
790 1039 852 1111 (l
906 1040 1091 1097 Mattlt.
1129 1045 1212 1114 χ).
1265 1043 1362 1100 Ubi
1414 1047 1632 1116 agnosci
1679 1056 1926 1117 oportet,
1975 1049 2114 1118 quod
2169 1050 2213 1104 si

616 1134 814 1188 animm
878 1148 1208 1208 martyrum,
1274 1152 1503 1207 corpore
1559 1154 1875 1211 perempto,
1940 1141 2211 1211 suppliciis

564 1291 567 1295 _
615 1226 850 1296 extingui
894 1243 998 1281 non
1045 1239 1301 1300 possunt,
1332 1246 1430 1286 nec
1475 1230 1669 1286 unione
1717 1233 2124 1302 prazdiCatorum
2161 1243 2214 1290 et

612 1317 897 1373 doctorum
931 1321 1181 1392 persequi
1222 1320 1567 1390 debuissent,
1598 1336 1687 1379 aut
1721 1326 2059 1395 perturbari,
2092 1336 2147 1381 et
2182 1343 2211 1380 a

613 1409 711 1493 Dei
742 1410 998 1466 famulatu
1035 1416 1236 1476 averti,
1275 1417 1399 1487 quia
1434 1432 1554 1470 cum
1597 1419 1915 1485 corporibus
1946 1435 2050 1473 non
2081 1418 2213 1474 deli-

611 1506 778 1559 ciunt.
800 1506 958 1561 Tales
979 1521 1154 1564 autem
1186 1511 1587 1579 perturbatores
1610 1511 1869 1569 Ecclesia:
1898 1528 2003 1568 non
2033 1514 2209 1569 solum

611 1597 871 1668 praedicta
896 1611 1060 1669 agunt
1110 1602 1249 1657 mala
1272 1646 1286 1669 ,
1318 1603 1412 1658 sed
1443 1617 1497 1659 et
1530 1607 1819 1661 memorias
1859 1605 2036 1677 (Cone.
2071 1604 2210 1660 Can-

609 1705 808 1758 grense,
842 1707 956 1761 cap.
985 1691 1077 1756 20,
1105 1694 1292 1763 interp.
1322 1694 1507 1768 Dion.)
1538 1709 1831 1769 martyrum
1864 1710 2205 1755 execrantur.

2322 481 2479 551 quela
2508 480 2702 552 lingua:
2723 482 2960 539 hominis
2983 495 3007 522 α
3040 500 3199 540 casus
3228 487 3372 540 illius
3400 495 3504 542 est.
3530 484 3765 557 Ideoque
3789 500 3919 541 con-

2323 573 2550 627 veniens
2582 585 2692 637 est,
2730 576 2868 630 hanc
2898 575 3114 644 quidem
3147 577 3510 633 osten~ionem
3544 577 3921 648 reprehensio-

2325 680 2452 719 num
2491 665 2702 722 tllotum
2736 669 2934 724 nostris
2963 670 3172 725 artibus
3213 672 3400 734 inseri,
3447 686 3515 726 ne
3556 671 3782 725 ulterius
3807 670 3917 741 jam

2327 758 2448 811 talia
2484 760 2782 826 patiamini,
2813 763 3204 818 seminantibus
3232 763 3310 819 eis
3338 764 3541 819 zizania
3567 775 3614 817 et
3639 764 3914 829 scandala,

2318 852 2413 906 sed
2456 853 2621 908 lauari
2663 855 2715 907 in
2758 856 2952 912 officiis
2990 865 3045 912 et
3084 857 3423 927 dogmatibus
3466 858 3662 912 vestris
3705 872 3917 913 merea-

2321 943 2475 998 tnini.
2507 944 2675 1015 Igitur
2714 949 3073 1010 erubescant,
3115 966 3178 1003 ac
3209 950 3333 1003 talia
3365 956 3419 1005 et
3458 948 3766 1018 hujusmodi
3806 949 3919 1004 bla-

2318 1036 2620 1105 sphemiam
2670 1040 2993 1097 subtrahere
3037 1042 3316 1107 festinent,
3354 1043 3398 1097 si
3444 1041 3715 1097 noluerint
3758 1057 3787 1096 a
3826 1057 3917 1097 sa-

2318 1131 2580 1185 cerdotali
2648 1143 2836 1189 nostro
2896 1135 3127 1206 collegio
3193 1135 3492 1205 segregati,
3559 1147 3611 1191 et
3668 1152 3697 1188 a
3754 1135 3918 1191 totius

2317 1221 2596 1276 christiani
2639 1224 2818 1292 papuli
2864 1227 3121 1282 societate
3149 1226 3355 1282 divelli.
3385 1226 3534 1283 Licet
3578 1243 3809 1297 namque
3849 1226 3917 1282 de

2318 1309 2402 1365 his
2450 1314 2596 1382 plura
2641 1325 2697 1371 et
2741 1332 2837 1385 per
2880 1320 3220 1386 necessaria,
3249 1336 3368 1390 qua:
3412 1319 3465 1374 in
3508 1319 3738 1375 decretis
3772 1319 3917 1376 sedis

2315 1406 2629 1472 apostolicm
2668 1417 2723 1462 et
2752 1410 2820 1463 ab
2850 1412 3110 1481 apostolis
3144 1427 3439 1483 eorumque
3475 1413 3913 1478 successoribus,

2315 1502 2514 1555 nostris
2530 1500 2777 1557 videlicet
2798 1502 3306 1571 pra-decessoribus,
3328 1513 3525 1559 Slalttta
3544 1504 3911 1571 inveniuntur,

2312 1589 2496 1646 dicere
2544 1602 2597 1647 et
2641 1595 2988 1650 conscribere
3045 1596 3443 1665 potuissemus,
3491 1605 3672 1651 tamen
3722 1596 3918 1652 melius

2314 1685 2470 1740 nobis
2513 1687 2684 1741 visum
2728 1696 2841 1753 est,
2882 1698 2940 1742 ut
2971 1689 3255 1760 epistolam
3293 1690 3538 1745 oratione
3579 1689 3915 1745 elaudamus.

609 1778 948 1852 Quapropter
998 1785 1051 1838 in
1099 1785 1317 1855 praefata
1361 1790 1736 1845 consumimus
1766 1791 1995 1863 synodo,
2025 1793 2206 1849 vobis-
2236 1790 2285 1851 Β
2314 1776 2455 1832 Deus
2477 1780 2818 1850 omnipotens
2833 1790 2888 1836 et
2908 1782 3066 1850 hujus
3084 1783 3387 1854 unigenitus
3402 1783 3587 1850 Filius,
3609 1793 3665 1838 et
3681 1783 3919 1841 salvator

608 1887 714 1943 que
741 1885 794 1929 et
813 1877 1064 1933 omnibus
1087 1879 1342 1936 Ecclesiis
1370 1883 1655 1938 tenendmn
1684 1894 1740 1940 et
1760 1887 2025 1956 agendum
2054 1902 2205 1942 man-

608 1966 837 2036 damus,
871 1981 931 2026 ut
972 1988 1137 2043 super
1167 1978 1456 2031 memorias
1489 1990 1782 2051 martyrum
1831 1982 2009 2035 missae
2056 1980 2205 2038 cele-

607 2061 852 2129 brentur,
897 2081 963 2121 ne
1003 2070 1277 2124 memoria:
1318 2085 1503 2124 eorum
1529 2086 1557 2125 a
1587 2071 1779 2127 talibus
1804 2073 2072 2145 extingui,
2115 2085 2206 2131 ant

609 2160 888 2215 veneratio
919 2163 1088 2231 possit
1118 2163 1410 2233 prohiberi.
1438 2165 1550 2221 Vos
1580 2182 1743 2234 vero,
1780 2165 2004 2234 fratres,
2039 2168 2205 2225 nolite

608 2249 838 2305 multum
868 2255 1106 2320 turbari,
1151 2257 1319 2312 nolite
1362 2259 1544 2314 vexari
1568 2301 1582 2319 ,
1608 2261 1703 2314 sed
1743 2261 2123 2317 eonfortamini
2153 2263 2202 2316 in

603 2342 864 2411 Domino,
914 2358 966 2401 et
1010 2347 1063 2401 in
1111 2351 1345 2418 potentia
1387 2352 1647 2406 claritatis
1677 2352 1794 2422 ejus
1827 2352 2070 2426 (Ephes,
2104 2355 2200 2429 vt).

606 2436 871 2494 Habetote
910 2440 1125 2494 interim
1168 2444 1267 2497 ista
1296 2442 1362 2498 ad
1390 2444 1699 2515 suffragium
1743 2457 2012 2513 vestrum,
2043 2464 2205 2519 apos-

604 2532 764 2588 tolica
812 2534 1127 2590 auctoritate
1170 2536 1384 2591 decreta
1425 2555 1439 2591 :
1496 2548 1550 2593 et
1593 2538 1786 2595 scitote
1856 2556 1954 2594 nos
1991 2557 2205 2610 semper

605 2632 827 2698 paratos
870 2626 1070 2684 habere
1100 2630 1261 2684 etiam
1311 2632 1378 2705 (si
1425 2647 1648 2687 necesse
1692 2631 1874 2701 fuerit)
1923 2649 2093 2704 usque
2137 2635 2202 2689 ad

607 2734 869 2787 mortem,
919 2724 986 2778 ad
1031 2741 1385 2797 qutecumqne
1446 2728 1601 2783 vobis
1654 2727 1954 2783 necessaria
2008 2728 2203 2784 fuerint

607 2814 862 2889 (Domino
888 2834 1044 2889 opem
1079 2818 1305 2891 ferente)
1338 2819 1685 2891 perficienda.
1720 2821 1796 2875 llli
1831 2831 2006 2876 tamen
2030 2863 2043 2883 ,
2076 2837 2195 2876 auc-

605 2917 725 2963 tore
759 2910 901 2975 Deo,
950 2911 1232 2979 peribunt,
1264 2922 1319 2967 et
1348 2929 1442 2968 vos
1469 2914 1712 2979 stabilis,
1746 2914 1791 2969 si
1834 2925 2010 2969 tamen
2049 2915 2204 2969 labor

605 3011 789 3056 vester
819 3018 923 3057 non
954 3002 1108 3059 fuerit
1142 3006 1337 3073 inanis,
1370 3007 1465 3061 sed
1491 3007 1680 3076 plenus
1707 3006 1811 3064 fide
1834 3017 1891 3063 et
1916 3007 2199 3065 charitate.

615 3091 742 3161 Vae,
774 3093 944 3165 inquit
980 3096 1237 3166 prapbeta
1258 3140 1273 3164 ,
1303 3100 1389 3170 qui
1418 3110 1590 3167 potum
1621 3101 1708 3155 dat
1732 3103 1896 3156 amico
1920 3120 2015 3158 suo
2035 3144 2048 3165 ,
2086 3105 2203 3157 mit-

609 3199 717 3243 tens
758 3189 828 3259 [el
852 3207 999 3245 suum
1025 3191 1274 3260 (Hahae,
1307 3193 1389 3265 ιι).
1423 3195 1489 3249 Et
1535 3196 1730 3251 iterum
1777 3198 2206 3267 sapientissimus
2233 3184 2279 3247 C

607 3280 860 3337 Salomon
888 3285 963 3338 ait
1005 3283 1160 3358 (Ηωε
1196 3289 1370 3341 eodem
1399 3288 1453 3341 in
1481 3305 1564 3357 ep.
1598 3288 1790 3345 Felicis
1816 3308 1874 3356 lt,
1905 3292 1973 3345 ad
1999 3291 2207 3364 zEgyp-

603 3370 724 3445 tios)
755 3389 775 3427 :
799 3372 900 3439 Qui
925 3374 1149 3439 loquitur
1177 3378 1355 3450 iniqua
1397 3395 1499 3433 non
1530 3391 1693 3449 potest
1723 3382 1911 3448 latere,
1946 3401 2036 3437 nec
2073 3400 2205 3455 pra:-

606 3470 748 3524 teriet
774 3469 920 3523 illum
948 3474 1228 3540 corripiens
1251 3475 1531 3545 judicium.
1567 3474 1633 3529 In
1669 3479 2055 3548 cogitationibus
2086 3498 2205 3551 ergo

604 3563 753 3631 impii
782 3565 1113 3636 interrogatio
1151 3569 1266 3621 erit.
1300 3560 1605 3622 Semnonum
1634 3582 1804 3624 autem
1843 3573 1982 3627 illius
2010 3575 2205 3629 auditio

608 3655 677 3707 ad
707 3654 985 3710 Dominum
1016 3660 1288 3727 perveniet,
1323 3670 1371 3715 et
1396 3661 1464 3714 ad
1489 3667 1855 3734 correptionem
1878 3667 2206 3737 iniquitatnm

603 3746 765 3801 illius.
803 3748 1059 3812 Quoniam
1104 3754 1244 3805 auris
1289 3754 1388 3807 zeli
1433 3755 1577 3808 audit
1625 3759 1829 3823 omnia,
1878 3770 1924 3812 et
1960 3762 2207 3815 tumultus

608 3842 1067 3896 murmurationum
1096 3862 1196 3898 non
1226 3845 1583 3902 abscondrtur.
1617 3848 1796 3922 (Sap.,
1829 3848 1891 3923 ι).
1924 3852 2047 3907 llaec
2063 3855 2205 3908 enim

603 3932 652 3988 si
702 3934 951 4004 arnplecti
1004 3936 1302 3994 voluissent
1355 3940 1573 4010 proprio
1623 3953 1677 3997 et
1725 3958 1859 3997 sano
1884 3960 2083 4014 sensu,
2139 3948 2206 4003 ad

606 4030 897 4098 reprobnnt
943 4046 1158 4086 sensum
1207 4033 1421 4087 minime
1455 4036 1761 4091 laberentur
1794 4055 1808 4091 :
1846 4041 1938 4093 sed
1985 4056 2079 4109 per
2114 4042 2206 4098 Dei

608 4123 858 4179 timorem
890 4142 1201 4182 sermonum
1229 4144 1448 4183 suorum
1477 4145 1844 4200 prabcaveotes
1866 4134 2164 4190 cusnnliam
2189 4179 2203 4203 ,

606 4215 750 4286 piam
791 4228 1097 4274 sanctorum
1143 4232 1351 4291 patrum
1392 4222 1768 4280 difﬁnitionem
1812 4227 1929 4281 sine
1973 4229 2204 4298 quadam

608 4313 916 4366 nocumenti
941 4315 1380 4383 prtesumptione,
1408 4316 1591 4385 utique
1613 4333 2023 4374 eonscrvassent
2063 4321 2206 4388 Quo-

609 4401 754 4458 niam
776 4404 904 4461 dicit
922 4421 1134 4461 sacrnm
1162 4407 1435 4477 eloquium
1456 4427 1467 4462 :
1487 4408 1770 4464 Consilium
1789 4412 1975 4466 bonum
1996 4431 2204 4469 conser-

608 4498 744 4554 vabit
773 4508 840 4562 te,
869 4509 913 4552 et
935 4516 1074 4554 mens
1095 4499 1226 4553 bona
1246 4504 1491 4556 custodiet
1513 4512 1560 4557 te
1580 4502 1790 4576 (I’rou.
1814 4504 1899 4577 ιι).
1923 4506 2037 4560 Non
2060 4509 2203 4564 enim

2309 1878 2493 1923 noster
2519 1868 2768 1926 Christus
2811 1871 2913 1927 hoc
2950 1874 3100 1928 vobis
3141 1875 3342 1929 tribuat
3374 1874 3816 1939 incitamentum,
3855 1886 3913 1930 ut

2307 1963 2555 2018 omnibus
2585 1963 2841 2020 fratribth'
2869 1976 2923 2021 et
2943 1967 3284 2038 οοερίεοομίε
3313 1968 3534 2033 nostris,
3564 1969 3913 2039 quibuscum-

2307 2072 2414 2128 que
2469 2057 2908 2116 tribulationibus
2958 2061 3364 2129 laborantibus,
3417 2064 3543 2118 totis
3590 2067 3919 2120 succurratis

2307 2149 2517 2204 viribus
2537 2191 2553 2215 ,
2592 2161 2646 2206 et
2687 2168 2811 2207 cum
2853 2154 2934 2208 eis
2963 2156 3390 2224 compatientes,
3423 2170 3641 2212 crucem
3673 2156 3918 2227 ejusdem

2311 2243 2520 2299 Domini
2552 2245 2858 2302 Salvatoris
2917 2250 3142 2317 portetis
3164 2292 3179 2316 ,
3221 2260 3277 2304 ut
3312 2255 3423 2306 veri
3469 2252 3638 2321 ipsius
3667 2252 3919 2323 discipuli

2307 2350 2491 2391 coram
2516 2339 2767 2392 omnibus
2790 2342 3117 2409 appareatis,
3145 2354 3200 2396 ut
3223 2354 3276 2397 et
3300 2358 3414 2410 vos,
3440 2354 3496 2397 et
3520 2345 3610 2414 qui
3636 2345 3916 2400 vobiscum

2308 2440 2458 2495 sunt,
2488 2430 2572 2484 hic
2594 2443 2649 2486 et
2676 2432 2727 2486 in
2759 2433 2939 2487 futuro
2963 2434 3183 2488 meliora
3228 2435 3571 2507 possidentis.
3598 2454 3713 2507 qua:
3737 2439 3920 2493 oculus

2307 2537 2409 2575 non
2436 2522 2582 2587 vidit,
2604 2539 2696 2576 nec
2719 2524 2863 2577 auris
2884 2526 3103 2590 audivit,
3129 2544 3219 2580 nec
3236 2532 3288 2580 in
3306 2544 3393 2581 cor
3414 2528 3639 2582 hominis
3664 2530 3917 2592 ascendit,

2306 2632 2420 2686 aure
2436 2620 2731 2687 preparavit
2755 2618 2889 2673 Dens
2919 2620 3248 2693 diligentibus
3269 2641 3320 2677 se
3339 2621 3382 2693 (Ι
3401 2620 3547 2687 Cor.,
3573 2622 3653 2695 tt).
3687 2624 3791 2681 Per
3812 2626 3921 2682 Do-

2308 2712 2510 2765 minum
2532 2721 2775 2766 nostrum
2792 2713 2974 2769 Jesum
2994 2714 3291 2781 Christum,
3314 2734 3407 2786 per
3426 2734 3585 2787 quem
3602 2731 3791 2774 etcum
3810 2736 3921 2791 quo

2307 2802 2657 2871 omnipotenti
2702 2805 2809 2859 Deo
2834 2806 3002 2875 gloria
3049 2808 3101 2861 in
3134 2810 3328 2863 swcula
3358 2812 3918 2868 stncnlorum.Amen.

2307 2892 2501 2950 Valere
2535 2911 2631 2952 νυε
2656 2908 2819 2967 opto,
2848 2898 3151 2954 charissimi
3183 2901 3397 2957 fratres.
3430 2904 3557 2958 Data
3583 2905 3769 2974 quinto
3798 2906 3921 2963 idus

2306 2988 2519 3056 angusti
2539 3029 2555 3054 ,
2597 2988 2825 3044 Claudio
2855 3003 2908 3046 et
2938 2990 3176 3047 Paterno
3208 2995 3340 3048 viris
3368 2995 3686 3052 clarissimis
3716 3012 3919 3054 consu-

2306 3076 2510 3135 laribus
2541 3086 2656 3151 (an.
2688 3081 2884 3137 Christi
2912 3082 3043 3148 269,
3074 3083 3311 3139 nondum
3345 3095 3557 3142 mortuo
3602 3088 3917 3162 Dionysio).

2881 3213 3221 3272 EPISTULA
3258 3217 3346 3272 III.

2736 3346 2804 3384 AD
2855 3345 3120 3387 BENIGNUI
3173 3346 3488 3388 EPISCOPUII.

2381 3460 2420 3515 Ι.
2455 3460 2644 3515 Errant
2669 3464 2753 3532 qui
2791 3461 2840 3516 F
2840 3463 2985 3517 ilium
3031 3480 3131 3518 non
3159 3465 3329 3519 videre
3352 3464 3561 3521 Patrem
3583 3470 3916 3540 contendunt,

2309 3569 2367 3606 ea
2382 3554 2518 3623 quod
2544 3553 2703 3607 Deum
2727 3571 2873 3608 nemo
2901 3556 3023 3609 vidit
3046 3573 3304 3626 umquam.

2387 3645 2450 3700 Il.
2490 3645 2678 3699 Errant
2707 3647 3016 3717 aﬁt‘rmantes
3047 3646 3241 3703 Filium
3286 3651 3530 3706 minorem
3578 3652 3762 3726 Patre,
3794 3658 3920 3729 quia

2311 3735 2403 3790 ille
2424 3737 2708 3799 invisibilis,
2746 3737 2915 3792 Filius
2945 3755 3059 3793 vero
3085 3741 3316 3796 visibilis.

2384 3826 2727 3883 Dilectissimo
2749 3829 2900 3899 fratri
2918 3829 3150 3903 Benigno
3167 3836 3428 3907 episcopo,
3450 3836 3604 3892 Felix
3623 3840 3916 3912 episcopus,

2309 3914 2364 3967 in
2392 3912 2612 3969 Domino
2635 3918 2875 3970 salutem.

2383 4048 2751 4118 Suscipientcs
2792 4049 3144 4109 fraternitatis
3177 4065 3281 4110 tute
3307 4057 3563 4126 epistolas
3590 4061 3916 4135 (Zacharias,

2309 4160 2390 4215 ep.
2420 4148 2472 4213 v)
2499 4186 2512 4207 ,
2543 4146 2738 4214 quibus
2785 4164 2869 4199 me
2909 4148 3180 4214 requisisti
3211 4166 3373 4221 super
3403 4154 3523 4209 fidei
3546 4157 3914 4227 documentis,

2309 4253 2431 4307 qua:
2462 4237 2529 4291 ab
2553 4239 2675 4293 aliis
2700 4240 3037 4295 habebantur
3056 4242 3233 4305 aliter,
3258 4261 3416 4315 quam
3449 4261 3609 4303 rectze
3636 4251 3756 4307 ﬁdei
3783 4272 3919 4308 con-

2311 4332 2518 4386 tineant
2539 4343 2896 4391 sacramenta.
2925 4348 3079 4405 prout
3117 4336 3378 4393 Dominus
3400 4341 3574 4405 dedit,
3607 4360 3703 4413 pro
3728 4347 3923 4404 frater-

2312 4424 2495 4479 nitatis
2525 4442 2712 4481 amore
2757 4430 3088 4498 respondere
3122 4447 3227 4484 non
3258 4435 3655 4493 resultavimns.
3689 4440 3920 4512 Semper

2310 4518 2455 4572 enim
2504 4518 2665 4573 dubia
2715 4529 2771 4575 et
2822 4521 3025 4589 majora
3081 4526 3322 4595 negotia,
3383 4530 3669 4584 terminum
3716 4534 3783 4586 ab
3814 4534 3918 4591 hac

596 4582 680 4647 de
706 4590 945 4646 fontibus
972 4592 1260 4648 salutiferis
1300 4594 1654 4664 spiritualiter
1688 4596 1753 4650 ad
1792 4599 2204 4669 acquisitionem
2232 4583 2284 4644 D
2310 4623 2498 4665 sancta
2536 4613 2689 4680 sede,
2721 4628 2751 4667 a
2781 4622 3024 4685 tempore
3065 4620 3467 4690 apostolorum,
3519 4626 3609 4693 qui
3645 4641 3762 4681 eam
3800 4629 3917 4684 suis

608 4692 829 4740 aeterna:
858 4683 982 4738 vine
1011 4687 1308 4754 procedunt
1340 4690 1476 4742 tales
1507 4690 1877 4747 accusationes
1903 4706 1958 4747 et
1988 4694 2202 4752 detrac-

605 4779 818 4845 ti0nes,
863 4788 1021 4848 atque
1064 4780 1186 4834 ideo
1234 4793 1611 4851 competenter
1646 4798 1743 4837 nos
1772 4786 1959 4842 beatus
2006 4788 2204 4845 Paulus

605 4870 881 4941 apostolus
932 4873 1291 4941 praemuniens
1335 4877 1410 4928 ait
1442 4891 1455 4928 :
1488 4872 1610 4928 Non
1652 4875 1832 4930 debere
1870 4879 1988 4949 plus
2026 4898 2206 4954 sapere

602 4980 756 5035 quam
818 4974 1014 5031 oportet
1078 4982 1290 5037 sapere,
1354 4966 1444 5021 sed
1510 4984 1690 5038 sapere
1751 4970 1821 5024 ad
1885 4971 2203 5030 sobrietatem

602 5054 808 5130 (Rern,
842 5055 958 5128 stt),
1001 5058 1053 5113 in
1093 5059 1410 5116 definitione
1452 5062 1665 5131 pietatis
1698 5064 2069 5133 perdurantes.
2099 5070 2200 5136 Qui

603 5149 747 5203 enim
776 5150 892 5205 hinc
924 5161 1243 5217 praetereunt
1269 5195 1284 5219 ,
1325 5169 1430 5207 non
1471 5164 1674 5210 tantum
1707 5157 1818 5211 hrsi
1865 5170 2019 5228 sunt,
2052 5161 2200 5217 deci-

601 5239 794 5297 dentes
833 5258 862 5295 a
910 5243 1355 5301 corroboratione
1404 5264 1536 5312 sua,
1589 5252 1682 5306 sed
1728 5251 2049 5324 insipientia:
2088 5273 2200 5313 sua:

600 5336 1006 5406 derehquerunt
1043 5338 1294 5393 domibus
1323 5344 1658 5411 memoriam,
1691 5355 1747 5399 ut
1771 5347 1822 5401 in
1854 5349 1970 5416 his,
1999 5351 2050 5405 in
2079 5353 2201 5422 qni-

2309 4703 2650 4762 documentis
2680 4708 3070 4775 instruxerunt,
3115 4714 3361 4784 accipere
3391 4731 3813 4776 consueverunt.
3847 4722 3920 4778 Et

2306 4799 2429 4855 ideo
2456 4812 2510 4855 tu
2539 4814 2686 4858 recte
2716 4803 2908 4865 fet-isti.
2940 4805 3081 4875 quod
3114 4806 3273 4879 hujus
3298 4824 3497 4866 sancta:
3524 4814 3671 4870 sellis
3697 4818 3916 4872 consul-

2309 4893 2378 4948 tis
2404 4903 2457 4950 te
2504 4906 2836 4964 caeterosqnc
2882 4898 3082 4953 firmari
3110 4910 3166 4957 et
3196 4904 3387 4958 instrui
3416 4905 3654 4962 voluisti.

2379 4988 2422 5043 l.
2450 4988 2902 5047 —Continebant
2949 4994 3094 5048 enim
3136 4995 3328 5053 litterae
3373 5007 3513 5065 tute,
3571 5000 3913 5072 fratrumque

2314 5090 2546 5144 tuorum,
2588 5083 2729 5152 quod
2756 5085 2971 5151 quidam
3009 5085 3219 5154 dicunt,
3246 5087 3437 5145 Filium
3475 5109 3578 5148 non
3603 5108 3757 5163 posse
3779 5110 3914 5164 pro-

2310 5175 2426 5246 prie
2456 5174 2641 5230 videre
2689 5175 2932 5243 Patrem,
2959 5178 3083 5248 quia
3113 5181 3370 5248 scriptum
3416 5193 3500 5239 est
3533 5201 3547 5238 :
3582 5184 3741 5240 Deum
3770 5188 3906 5242 enim

2305 5282 2452 5320 nemo
2498 5266 2624 5319 vidit
2668 5282 2928 5336 umquam.
2966 5270 3032 5323 Et
3074 5270 3163 5325 alii
3198 5272 3403 5344 fingunt
3433 5292 3446 5328 :
3473 5275 3599 5331 ltleo
3625 5278 3799 5332 minor
3823 5288 3913 5334 est.

2304 5358 2463 5414 Patre
2493 5358 2694 5427 Filius,
2721 5361 2972 5428 quoniam
2998 5361 3155 5417 Pater
3183 5363 3263 5418 illi
3290 5367 3514 5435 perhibet
3538 5370 3905 5427 testimonium.

596 5427 699 5485 bus
741 5442 1129 5501 peccaverunt,
1154 5435 1397 5491 'minime
1434 5436 1604 5495 latere
1649 5441 1975 5511 potuissent.
2012 5443 2195 5503 Gloria
2301 5450 2531 5519 Quidam
2568 5427 2748 5508 autem
2779 5453 3043 5527 garriunt,
3071 5456 3215 5527 quod
3248 5458 3368 5515 ideo
3396 5458 3557 5518 Patre
3589 5464 3764 5520 minor
3795 5475 3904 5539 est,

1835 5632 2132 5694 LECTION
2138 5638 2218 5696 ES
2255 5635 2669 5697 VARIANTES.

651 5792 676 5823 "
708 5792 765 5846 In
787 5796 954 5861 lingua
977 5796 1209 5873 hominis:
1220 5801 1367 5854 labb.
