4230 6212
348 260 453 317 153

1490 258 1848 316 Epts'roLaa
1888 238 2119 315 omnia;
2156 257 2509 327 ouaruon.

3537 259 3639 320 155

344 378 468 448 quia
506 376 774 432 invisibilis
803 379 912 448 ipse
950 377 1135 431 dicitur
1173 379 1197 449 (
1227 377 1290 433 S.
1320 376 1501 441 Joan.,
1536 394 1581 441 t;
1613 375 1674 432 S.
1720 374 1933 440 Mattio,
1965 384 2015 443 Α
2041 380 2176 450 quod
2219 379 2568 434 absconditum
2611 379 2709 448 fuit
2754 397 2786 435 a
2831 380 3032 436 siccatis
3071 390 3117 436 et
3157 396 3190 435 a
3232 358 3642 453 generationibus

345 486 495 537 xvu;
521 469 580 525 S.
606 469 802 533 Mora,
825 487 911 536 ix;
945 470 1178 553 δώῃσι,
1210 487 1297 536 ut;
1329 468 1516 535 ICor.,
1540 486 1632 536 tv;
1659 467 1859 537 Colos.,
1887 487 1937 533 ις

347 561 573 628 lTim.,
613 563 693 633 ι),
744 562 911 618 Filius
956 580 1086 618 vero
1139 565 1366 620 visibilis
1409 564 1811 632 comprobatur.
1874 564 1937 621 lli

344 657 494 711 enim
521 657 822 724 ignorantes
843 656 1145 711 divinarum
1170 658 1565 727 Scripturarum
1585 668 1637 713 et
1667 659 1939 727 apostolo-

345 768 467 806 rum
537 753 674 820 jura,
746 768 809 807 cx
864 754 1082 823 proprio
1126 760 1217 807 aut
1249 753 1555 808 adulterino
1605 768 1764 808 sensu
1815 754 1937 808 talia

342 845 641 908 fabricant,
672 857 723 901 et
765 846 1027 902 seducere
1065 847 1226 902 Corda
1269 847 1503 903 ﬁdelium
1555 859 1799 920 quierunt
1832 846 1937 919 (1).

339 940 455 997 Nos
483 957 608 996 vero
633 942 699 994 ad
724 940 891 1011 ipsius
915 940 1078 995 fontis
1108 942 1367 1011 originem
1400 943 1702 1005 redeamus,
1736 958 1801 997 ex
1831 957 1939 1013 quo

346 1033 541 1088 Filium
591 1033 804 1088 Patrem
856 1050 1070 1104 semper
1128 1034 1309 1091 videre
1366 1037 1601 1105 potuisse
1632 1035 1715 1089 vel
1758 1049 1935 1103 posse,

346 1129 768 1184 evidctttiorilms
791 1131 1113 1185 testimoniis
1144 1131 1349 1186 Veteris
1377 1132 1574 1187 etNovi
1608 1131 1936 1187 Testameuti

346 1221 537 1277 litteris
580 1223 872 1285 ducemus.
899 1224 1191 1281 Salmnonc
1222 1226 1432 1282 dicente
1466 1243 1481 1280 :
1520 1226 1609 1280 Est
1636 1236 1797 1280 tecum
1847 1243 1933 1280 sa-

345 1318 533 1388 pientia
552 1360 568 1384 ,
615 1335 729 1391 qua:
755 1321 889 1375 novit
932 1337 1088 1390 opera
1117 1334 1223 1386 tua,
1259 1337 1371 1392 qua:
1393 1321 1561 1394 adfuit
1590 1322 1677 1375 tibi
1716 1339 1828 1375 cum
1857 1326 1939 1393 fa-

346 1428 484 1467 ceres
532 1413 703 1467 orbem
735 1424 1003 1480 terrarum,
1046 1426 1092 1469 et
1133 1416 1244 1483 ipsa
1272 1416 1406 1470 novit
1433 1416 1555 1485 quid
1593 1416 1658 1470 sit
1695 1416 1936 1485 placitam

343 1502 688 1573 cormngoenlis
709 1507 824 1561 tuis.
843 1507 907 1562 Et
925 1508 1179 1563 Dominus
1199 1508 1252 1563 in
1271 1508 1564 1580 Evangelio
1586 1529 1598 1561 :
1618 1508 1784 1563 Nemo
1801 1492 1937 1563 novit

344 1596 538 1653 Filium
564 1599 663 1654 nisi
691 1597 870 1668 Pater,
900 1618 1059 1665 neque
1094 1600 1297 1656 Patrem
1319 1604 1429 1668 quis
1452 1603 1588 1657 novit
1618 1602 1717 1656 nisi
1744 1600 1931 1666 Filias,

336 1701 389 1745 et
413 1692 496 1745 eui
521 1693 735 1747 voluerit
755 1691 922 1748 Filius
955 1695 1188 1749 revelare.
1217 1695 1282 1751 Et
1313 1696 1502 1750 iterum
1534 1713 1546 1748 :
1577 1692 1740 1748 Nemo
1770 1692 1934 1747 Deum

2043 470 2336 543 (Ibidem).
2378 471 2507 526 ltcm
2544 471 2655 527 ibi:
2703 471 2769 528 Ut
2812 473 3138 529 consolentur
3182 474 3336 529 corda
3371 490 3544 529 eorum
3585 475 3639 528 in

2041 567 2309 623 charitate.
2344 567 2394 620 in
2422 583 2594 620 omnes
2619 567 2823 621 divitias
2843 568 3222 637 adimpletioiiis
3250 569 3556 632 intellectus,
3586 571 3641 624 in

2041 658 2349 727 agnitionem
2390 660 2642 730 mysterii,
2675 660 2810 728 quod
2850 672 2920 713 est
2962 657 3198 714 Christus
3222 702 3237 726 ,
3280 662 3332 713 in
3372 678 3471 732 quo
3519 670 3638 717 sunt

2041 767 2215 805 omnes
2255 751 2480 805 thesauri
2521 752 2790 819 sapientia:
2828 762 2875 806 et
2915 752 3139 805 scientiae
3179 752 3466 806 absconditi
3505 752 3641 823 (Co-

2042 843 2187 905 loss.,
2220 860 2253 898 u
2273 846 2315 915 ).
2351 844 2416 899 Et
2443 846 2491 897 in
2526 847 2733 913 psalmo
2759 861 2957 901 um:
2988 843 3053 899 In
3080 847 3208 899 mari
3234 856 3307 899 est
3334 846 3413 899 via
3441 854 3564 914 tta;
3593 856 3639 901 et

2040 937 2233 990 semine
2262 949 2362 990 tute
2388 937 2438 990 in
2468 938 2614 1006 aquis
2640 937 2845 1003 multis,
2875 949 2921 993 et
2949 939 3154 1009 vestigia
3182 949 3270 992 tua
3296 955 3398 993 non
3425 955 3639 1012 cognos-

2041 1041 2236 1086 centur.
2271 1030 2329 1085 Et
2369 1032 2418 1083 in
2448 1031 2768 1088 Salomone:
2799 1032 3119 1103 Sapientiam
3154 1032 3246 1089 Dei
3274 1037 3638 1103 prtecedentem

2040 1123 2243 1185 omnia,
2276 1126 2388 1193 quis
2417 1124 2732 1195 investigabit
2775 1123 2980 1197 (Ech.
3015 1126 3106 1197 t)?
3149 1126 3280 1181 item
3325 1128 3429 1182 ibi:
3467 1126 3639 1181 Radix

2038 1217 2302 1285 sapientia:
2326 1219 2408 1271 cui
2434 1222 2652 1273 revelata
2676 1220 2788 1273 est?
2818 1233 2863 1273 et
2889 1222 3106 1275 astutias
3133 1222 3272 1275 illius
3295 1224 3406 1293 quis
3432 1224 3639 1294 agnovit

2038 1308 2315 1381 (Ibidem)?
2339 1311 2464 1365 ltcm
2486 1312 2553 1365 ibi
2576 1311 2892 1377 :Disciplina
2915 1315 3181 1381 sapientia:
3206 1315 3288 1368 cui
3315 1316 3637 1384 manifestata

2038 1412 2129 1468 est,
2157 1413 2203 1456 et
2249 1404 2723 1470 nmltiplicutionem
2751 1405 3006 1474 ingressus
3050 1405 3189 1459 illius
3232 1406 3344 1476 quis
3388 1407 3637 1462 intellexit

2041 1494 2352 1569 (Ibidem)?
2396 1496 2528 1553 Item
2578 1499 2684 1554 ibi:
2732 1499 2986 1566 Quoniam
3026 1498 3280 1553 mirabilia
3325 1508 3441 1554 sunt
3482 1515 3637 1569 opera

2040 1589 2246 1644 Domini
2282 1592 2442 1645 solius
2462 1634 2476 1656 ,
2517 1602 2564 1646 et
2595 1593 2817 1662 gloriosa
2849 1603 2893 1647 et
2923 1593 3169 1648 absconsa
3190 1636 3205 1660 ,
3241 1604 3287 1647 et
3316 1610 3470 1664 opera
3497 1594 3636 1650 illius

2036 1686 2198 1740 invisa
2225 1687 2512 1741 hominibus
2541 1687 2559 1760 (
2583 1686 2757 1752 Eccl.,
2795 1703 2827 1741 ll
2925 1688 3061 1742 Ecce
3090 1688 3229 1741 sicut
3261 1688 3419 1744 Pater
3448 1688 3603 1743 invisi
3622 1719 3636 1732 -

336 1784 461 1838 vidit
489 1802 754 1855 umquam,
801 1789 901 1843 nisi
946 1789 1239 1860 ιιιῃίρρηὶηις
1268 1788 1453 1851 Filius.
1492 1789 1580 1861 qui
1613 1798 1685 1843 est
1716 1788 1766 1841 in
1814 1788 1929 1841 sinu
1957 1794 2005 1854 B
2037 1779 2158 1833 bilis
2180 1790 2259 1836 est
2278 1822 2292 1847 ,
2316 1781 2386 1835 ita
2416 1782 2575 1836 etiam
2602 1791 2654 1835 6|.
2681 1781 2848 1836 Filius
2876 1781 3168 1836 invenitur.
3197 1780 3480 1849 Quomodo
3505 1796 3636 1851 (’I‘gO

336 1874 530 1944 Patris,
552 1880 661 1953 ipse
690 1882 936 1937 narravit.
959 1882 1027 1937 Et
1052 1883 1244 1938 iterum
1272 1883 1471 1939 Judzcis
1492 1884 1625 1937 dixit
1650 1900 1665 1937 :
1703 1882 1800 1936 Vos
1829 1898 1929 1936 non

340 1974 496 2027 nostis
549 1992 662 2027 eum
689 2019 702 2037 .
748 1994 839 2048 ego
878 1986 1045 2031 autem
1087 1980 1203 2031 novi
1248 1995 1385 2032 eum.
1436 1978 1586 2044 Quod
1616 1978 1659 2031 si
1711 1978 1925 2042 dixero,

342 2066 461 2131 quia
489 2082 583 2120 non
611 2068 730 2121 novi
758 2085 870 2122 eum
892 2110 907 2135 ,
961 2086 1045 2123 ero
1090 2070 1271 2124 similis
1315 2071 1453 2125 vobis
1479 2112 1492 2132 ,
1526 2071 1761 2125 mendax.
1799 2069 1928 2125 Item

340 2157 413 2213 ibi
446 2178 460 2213 :
491 2160 587 2227 Qui
610 2178 674 2217 ex
700 2161 811 2217 Deo
837 2175 929 2228 est,
960 2164 1042 2219 hic
1071 2166 1205 2219 novit
1245 2182 1359 2219 eum
1390 2182 1402 2219 :
1451 2166 1519 2220 Et
1545 2169 1735 2222 iterum
1770 2183 1782 2220 :
1817 2163 1929 2236 Ego

335 2254 451 2307 novi
473 2271 606 2320 eum,
630 2256 754 2322 quia
774 2255 838 2310 ab
858 2257 970 2326 ipso
992 2275 1122 2313 sum.
1153 2258 1291 2314 Ecce
1323 2259 1601 2313 docuinms
1631 2260 1751 2329 quia
1783 2258 1930 2312 videt

333 2361 548 2416 semper
579 2347 748 2403 Filius
779 2349 1016 2405 Patrem.
1041 2353 1323 2418 Quomodo
1359 2354 1646 2409 adstruunt
1673 2370 1794 2409 eu.n
1828 2354 1927 2408 Pa-

334 2447 470 2495 trem
495 2456 600 2495 non
632 2456 791 2510 posse
817 2444 1001 2499 videre
1021 2488 1035 2509 ,
1066 2446 1117 2501 in
1146 2445 1298 2514 cuius
1322 2446 1439 2501 sinu
1460 2446 1696 2502 ucscitur
1723 2462 1929 2518 perma-

334 2533 502 2587 nere?
526 2532 587 2587 Si
612 2548 804 2589 sereno
835 2552 996 2591 sensu
1027 2536 1238 2593 divinas
1283 2554 1567 2594 recenseas
1597 2538 1927 2609 St'riplttl‘as,

337 2624 582 2682 invenies
612 2642 712 2681 non
731 2628 906 2683 solum
937 2630 1154 2687 Patrem
1182 2632 1321 2688 Filio
1346 2635 1710 2689 testimonium
1744 2635 1924 2705 perhi-

333 2718 575 2787 bentem,
615 2723 709 2777 sed
739 2732 902 2779 totam
945 2725 1105 2781 simul
1148 2728 1565 2797 inseparabilem
1610 2730 1923 2797 trinitatem,

334 2812 454 2882 ipso
482 2813 706 2869 Domino
749 2827 1103 2886 protestante,
1134 2821 1225 2889 qui
1249 2821 1322 2875 ait
1356 2865 1367 2875 .
1403 2820 1512 2892 Ego
1536 2840 1646 2875 sum
1668 2825 1755 2892 qui
1789 2827 1930 2879 testi-

336 2905 557 2959 monium
597 2910 835 2979 perhibeo
857 2911 919 2964 de
940 2928 1019 2965 me
1042 2912 1171 2983 ipso,
1224 2923 1269 2967 et
1316 2914 1658 2969 testimonium
1702 2917 1929 2981 perhibet

339 2996 403 3050 de
427 3001 636 3068 me,qni
692 3002 831 3055 misit
892 3020 988 3069 me,
1047 3002 1207 3059 Pater
1266 3005 1350 3078 (S.
1404 3004 1589 3073 Joan.,
1650 3005 1788 3078 vni).
1861 3011 1928 3066 Et

333 3090 524 3146 iterum
558 3111 571 3147 :
600 3093 664 3149 Si
701 3111 794 3166 ego
824 3096 1165 3150 testimonium
1197 3097 1432 3167 perhibeo
1455 3098 1518 3151 de
1539 3100 1749 3167 meipso,
1782 3102 1923 3155 testi-

2032 1874 2101 1927 ab
2132 1873 2271 1938 illis,
2304 1875 2393 1945 qui
2427 1874 2528 1929 hoc
2554 1874 2731 1929 dicunt
2766 1874 2906 1943 quod
2951 1874 3276 1937 mandastis,
3309 1874 3359 1928 in
3392 1888 3458 1928 eo
3486 1872 3630 1945 quod

2035 1966 2190 2021 nobis
2215 1968 2505 2022 carnaliter
2534 1982 2593 2021 se
2619 1966 2788 2022 videri
2817 1968 3067 2036 dignatus
3088 1976 3168 2021 est
3189 2009 3203 2029 ,
3228 1964 3390 2020 Patre
3413 1964 3635 2020 inferior

2028 2059 2340 2130 judicatur?
2389 2060 2612 2114 Talibus
2660 2061 2826 2115 nolite
2867 2059 3093 2114 credere
3140 2073 3269 2127 vos,
3313 2066 3368 2113 ct
3403 2058 3539 2114 alios
3568 2057 3636 2114 ab

2034 2166 2219 2207 eorum
2246 2167 2407 2207 sensu
2431 2163 2677 2208 avertere
2698 2155 2908 2207 docete.
2943 2150 3045 2206 Vos
3071 2169 3189 2223 ergo
3214 2153 3394 2207 servite
3418 2153 3634 2207 Domino

2032 2245 2085 2300 in
2115 2246 2294 2300 timore
2313 2290 2325 2309 ,
2360 2257 2406 2299 et
2436 2247 2661 2302 exultate
2710 2249 2757 2302 ei
2786 2264 2900 2302 cum
2931 2258 3146 2302 tremore
3176 2246 3360 2319 (Psal.
3392 2244 3487 2319 tt).
3523 2248 3633 2320 Ap;

2034 2342 2330 2410 prehendite
2358 2342 2720 2412 disciplinam,
2756 2359 2819 2397 ne
2847 2343 3061 2411 pereatis
3099 2342 3162 2395 de
3200 2343 3280 2395 via
3311 2343 3474 2411 justa.
3507 2341 3634 2397 Haec

2032 2447 2162 2486 vero
2194 2431 2337 2504 (‘24,
2370 2451 2422 2504 q.
2458 2435 2509 2487 1.
2549 2434 2587 2486 Α
2627 2444 2767 2487 recta
2806 2449 2925 2502 ergo
2965 2431 3102 2503 fide)
3144 2432 3511 2501 apostolorum
3550 2442 3636 2488 est

2032 2526 2150 2579 viva
2184 2526 2419 2591 traditio,
2446 2526 2563 2580 ha'c
2584 2541 2705 2582 vera
2729 2526 2984 2589 charitas,
3017 2542 3135 2597 quzc
3166 2524 3502 2594 prmdicanda
3528 2535 3632 2591 est,

2032 2633 2096 2672 ac
2126 2618 2394 2674 veraciter
2422 2619 2688 2689 diligenda
2722 2636 2785 2674 ac
2815 2619 3045 2675 fovenda
3065 2663 3079 2685 ,
3115 2629 3274 2690 atque
3315 2619 3632 2676 ﬁducialitcr

2032 2710 2103 2765 ab
2128 2709 2382 2767 onmibus
2415 2713 2668 2767 tenenda.
2700 2712 2826 2768 lltcc
2851 2724 3032 2768 sancta
3062 2722 3117 2767 et
3141 2712 3432 2782 apostolica
3463 2723 3636 2768 matcr

2032 2803 2271 2859 omnium
2302 2804 2655 2860 ecclesiarum
2689 2805 2888 2879 (Agath
2939 2821 3022 2874 ep.
3050 2809 3117 2858 ad
3141 2804 3316 2860 Const.
3345 2803 3508 2875 Imp.,
3527 2814 3630 2861 act.

2031 2912 2106 2951 tv.
2137 2913 2283 2952 conc.
2317 2913 2368 2952 γι
2397 2898 2747 2967 ωειυηεηίσὶ),
2797 2896 2999 2954 Christi
3043 2898 3313 2958 Ecclesia.
3367 2914 3487 2969 qum
3538 2912 3634 2969 per

2035 2991 2123 3045 Dei
2155 2992 2542 3062 omnipotentis
2573 2994 2835 3064 gratiam,
2871 3008 2900 3047 a
2935 2994 3148 3047 tramite
3183 2992 3495 3063 apostolica:
3527 3001 3634 3047 tra-

2030 3083 2249 3138 ditionis
2280 3100 2569 3155 numquam
2594 3101 2809 3141 errasse
2842 3086 3119 3154 probatur,
3147 3101 3243 3140 nec
3269 3084 3337 3140 ab
3365 3084 3633 3140 haereticis

330 3186 557 3239 monium
587 3204 758 3242 meum
806 3204 978 3244 verum
1005 3193 1238 3261 “(Nam
1265 3193 1370 3246 δεξο
1401 3192 1538 3246 unde
1563 3194 1721 3257 venio,
1755 3205 1802 3249 ει
1828 3211 1929 3265 quo
1957 3193 2001 3254 ρ
2037 3178 2363 3232 novitatibus
2388 3179 2734 3248 depravanda
2761 3179 3083 3245 succubuit,
3113 3178 3208 3235 sed
3242 3189 3299 3233 ut
3327 3179 3378 3233 io
3410 3180 3634 3233 exordio
3692 3220 3703 3229 κ

327 3279 458 3334 vado
497 3280 765 3356 (Ibidem).
809 3285 875 3340 Et
920 3286 987 3339 de
1015 3286 1218 3352 Spiritu
1266 3288 1512 3346 Sancto:
1560 3289 1689 3344 Cum
1736 3293 1923 3345 venerit

327 3372 635 3433 Paracletus
651 3379 862 3450 spiritus
882 3382 1127 3447 veritatis,
1157 3381 1247 3437 ille
1274 3386 1613 3439 testimonium
1647 3385 1924 3453 perhibebit

326 3469 394 3522 de
419 3487 500 3524 me
527 3470 727 3541 (Joan.,
762 3480 885 3540 xv).
926 3472 1161 3543 Intende,
1191 3493 1383 3549 quaJso,
1414 3479 1618 3533 intende
1659 3481 1919 3549 quoniam,

327 3561 384 3614 in
411 3562 591 3631 quibus
618 3581 714 3618 una
735 3568 1104 3636 testiﬁcationis
1123 3572 1281 3623 virtus
1307 3572 1590 3625 ostenditur
1608 3614 1623 3639 ,
1656 3573 1831 3628 nullus
1858 3574 1922 3628 ab

328 3658 437 3713 alto
457 3677 613 3730 neque
637 3662 804 3731 potior
830 3680 989 3733 neque
1005 3663 1218 3733 inferior
1230 3665 1519 3734 jndicatur.

398 3750 749 3820 ll.—-S:rpius
778 3755 873 3809 ista
891 3754 994 3823 iam
1010 3755 1263 3819 diximus,
1279 3757 1399 3825 quia
1420 3760 1713 3811 secundum
1732 3756 1809 3833 (Ξ)
1826 3758 1921 3813 lio-

323 3849 487 3903 minis
525 3848 748 3903 formam
776 3848 943 3903 Filius
969 3851 1199 3904 visibilis
1227 3850 1442 3912 dicitur,
1471 3851 1762 3906 secundum
1795 3868 1922 3908 vero

327 3940 547 3996 dcit-itis
572 3942 922 3997 substantiam
957 3942 1241 3997 invisibilis
1273 3943 1609 4010 prwdiratnr,
1645 3944 1811 3999 Paulo
1841 3955 1922 4001 at-

330 4042 560 4089 testaute
577 4036 856 4103 apostolo:
879 4036 923 4089 0
939 4035 1177 4100 altitudo,
1197 4036 1391 4106 inquit,
1412 4036 1701 4091 divitiarum
1720 4040 1919 4107 sapien-

324 4128 414 4183 tia:
439 4138 486 4181 et
512 4129 734 4182 scientia:
758 4128 884 4182 Dei!
904 4146 1053 4199 quam
1082 4130 1609 4199 incomprehensibilia
1636 4141 1753 4184 sunt
1772 4132 1920 4201 judi-

320 4224 402 4276 cia
432 4239 570 4293 elus,
606 4233 655 4275 et
684 4224 1053 4293 investigabiles
1084 4225 1178 4277 via:
1205 4226 1313 4294 ejus
1345 4225 1363 4295 (
1388 4225 1562 4288 Rom.,
1603 4242 1655 4280 χι
1676 4225 1730 4296 )!
1768 4226 1834 4281 Et
1865 4228 1916 4282 in

316 4315 487 4371 Isaia:
523 4314 620 4371 Cui
648 4317 863 4370 similem
890 4318 1152 4372 (cs‘imatis
1183 4335 1294 4371 eum
1314 4360 1329 4384 ,
1361 4335 1475 4372 cum
1504 4320 1567 4374 sit
1597 4323 1706 4390 ipse
1736 4322 1914 4374 invisi-

316 4411 434 4465 bilis
466 4410 488 4483 (
515 4410 641 4464 lsai.
666 4452 679 4470 .
718 4427 786 4464 χι,
810 4410 863 4482 )?
892 4411 960 4466 Et
1012 4412 1138 4466 item
1194 4414 1487 4483 Apostolus
1532 4434 1542 4467 :
1581 4414 1716 4468 Mihi
1747 4428 1917 4470 autent

313 4506 531 4557 minimo
560 4504 783 4555 omnium
813 4516 1104 4557 sanctorum
1133 4505 1254 4557 data
1285 4516 1355 4559 est
1383 4512 1548 4577 gratia
1579 4509 1686 4562 [nec
1716 4510 1766 4563 in
1793 4528 1912 4580 gen-

315 4597 479 4659 tibus,
512 4597 856 4667 evangelizare
884 4599 1253 4669 inuestigabiles
1282 4599 1484 4655 divitias
1512 4600 1733 4664 Christi,
1775 4613 1823 4654 et
1852 4603 1914 4657 il-

314 4693 572 4746 luminare
600 4708 802 4757 omues,
833 4708 945 4761 qtae
972 4693 1036 4745 sit
1066 4692 1332 4762 dispositio
1361 4696 1665 4748 sacramenti
1702 4695 1913 4750 abscon-

312 4786 410 4839 diti
440 4802 471 4836 a
500 4785 733 4846 seculis,
766 4788 818 4837 in
848 4783 1028 4855 quibus
1067 4787 1238 4839 ontuia
1268 4789 1452 4840 creavit
1484 4786 1503 4859 (
1532 4787 1750 4857 Ephes.,
1785 4805 1842 4843 III

314 4877 451 4933 Item
487 4878 601 4946 ipse
623 4897 634 4907 ι
673 4877 775 4944 Qui
800 4887 891 4939 est,
920 4880 1015 4942 ait,
1043 4880 1211 4950 inmgo
1238 4880 1330 4932 Dei
1356 4880 1622 4934 invisibilis
1650 4881 1669 4953 (
1691 4880 1910 4947 Coloss.,

320 4968 400 5040 ι).
431 4970 494 5024 Et
519 4967 584 5022 ad
607 4968 990 5024 Colossenses:
1021 4969 1130 5041 ligo
1159 4970 1359 5026 Paulus
1387 4973 1633 5035 minister,
1661 4975 1750 5045 qui
1779 4990 1914 5028 nunc

322 5063 518 5135 gaudeo
545 5064 593 5117 in
623 5065 945 5132 passionibus
984 5066 1105 5118 meis
1148 5082 1239 5135 pro
1270 5066 1436 5131 vobis,
1480 5077 1526 5119 et
1556 5066 1769 5136 suppleo
1799 5080 1912 5136 qua:

322 5159 507 5209 desunt
537 5157 914 5211 tribulationmn
945 5156 1134 5212 Christi
1170 5160 1222 5213 in
1252 5176 1404 5213 carne
1433 5176 1542 5213 mea
1575 5176 1667 5229 pro
1697 5176 1912 5228 corpore

321 5250 471 5319 ejus,
503 5251 628 5317 quod
655 5263 728 5305 est
760 5250 1019 5317 Ecrlesia,
1052 5253 1199 5320 cujus
1229 5256 1393 5323 [actus
1421 5270 1533 5307 sum
1564 5271 1655 5324 ego
1684 5254 1911 5308 minister

312 5344 598 5400 secundum
640 5346 1061 5416 dispensationem
1096 5348 1186 5402 Dei
1215 5350 1267 5403 in
1312 5350 1645 5404 ministerium
1684 5349 1907 5419 Christi,

389 5501 707 5583 (t)_Vi«le_sis
737 5505 916 5561 Ithacii
949 5507 1081 5583 adv._
1106 5508 1449 5583 varimadum
1476 5509 1755 5577 Arianum,
1788 5528 1907 5583 cap.

311 5576 531 5641 18,19,
581 5576 673 5643 20,
704 5592 998 5651 eorumque
1045 5579 1267 5650 titulos,
1291 5595 1451 5652 atque
1498 5585 1620 5639 inde
1663 5576 1910 5639 fraudein

344 5664 574 5706 gunsce.
998 5698 1008 5706 .

307 5664 574 5703 3"IIObCe.
998 5698 1008 5706 .

342 5690 469 5804 θρὶ)
500 5720 690 5776 ltbacii
720 5736 838 5795 cap.
870 5721 964 5797 20,
995 5740 1103 5801 quo
1141 5726 1471 5786 mentionem
1499 5726 1617 5784 ﬁeri
1646 5728 1794 5787 vides
1824 5746 1915 5787 su-

307 5809 619 5862 pomorum.

2029 3289 2277 3329 normam
2305 3274 2424 3329 tidei
2453 3274 2762 3330 christiana:
2791 3274 3033 3345 percepit
3061 3274 3130 3329 ab
3157 3274 3469 3329 auctoribus
3494 3273 3627 3341 suis,

2027 3368 2393 3437 apostolorum
2424 3365 2624 3423 Chrisd
2668 3367 3038 3437 principibus,
3082 3366 3285 3421 illibata
3330 3367 3435 3421 line
3476 3378 3632 3421 tenus

2027 3472 2242 3524 manet,
2275 3461 2573 3519 secundum
2610 3462 2778 3533 ipsius
2812 3461 3021 3517 Domini
3054 3461 3349 3515 Salvatoris
3389 3459 3626 3514 divinam

2026 3558 2468 3626 pollicitationem
2494 3600 2508 3623 ,
2539 3557 2629 3628 qui
2659 3572 2877 3611 suorum
2907 3554 3290 3625 discipulorum
3322 3553 3542 3624 principi
3574 3551 3627 3606 in

2026 3652 2137 3707 suis
2164 3651 2303 3705 tatus
2331 3661 2413 3707 est
2439 3650 2765 3717 evangeliis:
2796 3648 2950 3703 Petra
2970 3691 2984 3712 .
3017 3649 3262 3719 inquiens
3284 3691 3298 3714 ,
3329 3664 3443 3703 ecce
3468 3647 3626 3703 Sata-

2026 3761 2119 3797 nas
2145 3744 2383 3813 expetivit
2424 3753 2474 3797 nt
2505 3743 2749 3797 cribraret
2775 3759 2882 3809 vos,
2908 3744 3035 3795 sicut
3056 3749 3140 3812 qui
3165 3742 3350 3796 cribrat
3376 3742 3620 3797 triticum.

2028 3837 2139 3907 Ego
2169 3848 2333 3889 autem
2365 3852 2456 3903 pro
2487 3846 2534 3888 te
2562 3836 2738 3906 rogavi
2758 3878 2772 3897 ,
2804 3845 2861 3888 ut
2891 3851 2993 3888 non
3026 3835 3234 3903 deﬁciat
3262 3835 3389 3903 ﬁdes
3417 3845 3543 3899 tua;
3574 3846 3623 3889 et

2025 3944 2078 3986 tu
2099 3931 2378 4001 aliquando
2405 3945 2692 3993 conversus,
2718 3930 2965 3997 conﬁrma
2989 3930 3174 3999 fratres
3200 3937 3312 3982 tuos
3340 3928 3358 3998 (
3380 3928 3418 3982 S
3467 3925 3622 3994 Luc.,

2025 4043 2146 4083 xxu
2166 4026 2203 4096 ).
2228 4024 2549 4081 Consideret
2582 4025 2761 4092 itaque
2792 4032 2968 4077 vestra
3001 4020 3275 4077 excellens
3306 4021 3584 4090 prodeuntia
3608 4063 3623 4087 ,

2025 4138 2184 4193 quam
2231 4120 2430 4175 bomun
2475 4119 2546 4171 sit
2589 4118 2882 4186 persistere
2925 4116 2978 4170 in
3025 4114 3431 4186 dispensatimsc
3474 4114 3629 4169 vobis

2022 4214 2224 4268 credita
2246 4253 2261 4278 ,
2293 4221 2347 4264 et
2378 4212 2427 4264 in
2464 4208 2566 4263 lide
2598 4217 2777 4272 recta,
2809 4218 2968 4278 atque
3016 4207 3284 4262 lucreticis
3320 4217 3372 4261 t'l
3414 4208 3625 4262 aemulis

2022 4304 2223 4359 Christi
2266 4317 2599 4372 repugnare.
2631 4311 3011 4372 etiminquam
3055 4316 3084 4355 a
3126 4300 3367 4357 veritatis
3412 4303 3624 4356 tramite

2022 4399 2319 4453 declinare.
2371 4395 2634 4461 Quoniam
2682 4394 2939 4448 Dominus
2977 4404 3032 4448 et
3066 4394 3312 4448 Salvator
3339 4398 3576 4449 omnium
3603 4435 3619 4459 ,

2021 4494 2175 4563 cujus
2205 4491 2338 4546 tidcs
2364 4500 2477 4555 est,
2508 4489 2596 4560 qui
2631 4505 2728 4557 pro
2757 4488 2910 4543 nobis
2940 4487 3074 4542 mori
3107 4502 3213 4542 non
3241 4487 3536 4553 dubitavit,
3567 4496 3624 4542 et

1942 4615 1991 4674 υ
2019 4587 2239 4659 proprio
2268 4603 2365 4640 nos
2394 4599 2494 4640 suo
2524 4583 2751 4639 redemit
2781 4583 3042 4654 sanguine
3062 4626 3076 4646 ,
3110 4581 3271 4637 ﬁdem
3304 4582 3442 4638 beati
3478 4583 3623 4637 Petri

2020 4697 2126 4736 nou
2170 4678 2502 4735 defecturam
2546 4678 2787 4749 promisit
2810 4718 2824 4743 ,
2854 4689 2907 4732 et
2932 4679 3254 4731 continuare
3280 4693 3403 4731 eum
3433 4680 3623 4732 fratres

2016 4789 2145 4828 suos
2186 4771 2464 4827 admonuit
2504 4790 2516 4826 :
2562 4770 2704 4841 quod
2751 4767 3077 4839 apmtolicos
3125 4768 3437 4835 pontiﬁces,
3485 4782 3619 4821 inea:

2016 4864 2320 4934 exiguitatis
2366 4863 2791 4933 prmdcccssores
2814 4902 2827 4921 .
2858 4859 3192 4913 conﬁdenter
3226 4860 3445 4925 teciSsc,
3477 4874 3620 4913 sem-

2020 4977 2115 5031 per
2139 4957 2349 5014 cunctis
2378 4967 2462 5011 est
2488 4958 2784 5026 cognitum.
2816 4954 3056 5021 Quorum
3086 4964 3138 5007 et
3166 4954 3435 5023 pit-illitas
3461 4969 3579 5008 mea
3598 4997 3612 5019 ,

2015 5056 2141 5111 licet
2169 5058 2340 5124 impar
2365 5063 2419 5107 et
2447 5051 2686 5117 minima,
2721 5067 2815 5120 pro
2842 5061 3094 5120 suscepto
3117 5057 3295 5106 tmnen
3328 5049 3504 5104 divina
3536 5048 3617 5104 di-

2013 5152 2268 5221 gnatiuue
2308 5148 2641 5210 ministerio,
2690 5144 2976 5216 pedisequa
3020 5147 3168 5217 cupit
3214 5145 3467 5200 exiStere.
3524 5144 3616 5199 Va:

2015 5247 2157 5301 enim
2187 5243 2340 5298 nobis
2367 5244 2468 5297 erit
2487 5281 2503 5306 ,
2532 5243 2622 5310 qui
2651 5240 2809 5309 hujus
2832 5240 3112 5294 ministerii
3141 5257 3276 5294 onus
3304 5248 3610 5309 susceptum

2017 5339 2295 5400 habemus,
2325 5338 2369 5391 si
2404 5339 2681 5391 veritatem
2709 5334 3007 5389 Salvatoris
3037 5334 3203 5388 nostri
3230 5332 3356 5387 Jesu
3386 5330 3618 5400 Christi,

2016 5448 2176 5503 quam
2220 5430 2448 5499 apostoli
2494 5431 2965 5499 praedicaverunt,
3016 5426 3307 5496 praedicare
3359 5425 3611 5495 neglexe-

2015 5524 2208 5577 rimus.
2240 5520 2332 5575 Vae
2360 5521 2460 5576 erit
2491 5522 2647 5577 nobis
2668 5563 2682 5583 .
2716 5523 2757 5575 si
2788 5520 3002 5575 silentio
3029 5519 3308 5572 veritatem
3333 5533 3621 5590 Oppresse-

2016 5616 2220 5682 rimus,
2259 5632 2420 5688 quam
2451 5629 2677 5685 erogare
2708 5611 3081 5669 nummulariis
3109 5611 3382 5682 iubemur,
3414 5608 3467 5663 id
3496 5619 3619 5676 est,
3710 5632 3719 5645 ·-

2017 5707 2346 5768 christianos
2368 5709 2593 5783 populos
2625 5707 2874 5765 imbuere
2903 5715 2958 5761 et
2976 5702 3195 5762 docere.
3219 5704 3358 5772 Quid
3380 5705 3433 5758 iu
3454 5702 3630 5772 ipsius

2018 5800 2203 5859 futuro
2230 5803 2428 5860 Clll‘i~‘ti
2463 5802 2653 5856 dicturi
2688 5815 2891 5861 sumus.
2922 5800 3169 5854 examine
3194 5841 3207 5862 ,
3237 5799 3287 5852 si
3318 5811 3637 5854 sermonum
