4230 6212
605 311 712 371 159

1540 314 1625 371 DE
1664 312 2002 373 DECRETIS
2042 310 2483 373 EUTYCHIANO
2519 312 2944 374 ADSCBIPTIS.

3796 312 3898 373 r160

678 428 918 488 -6ο15.
941 428 1071 487 Date
1089 430 1320 502 epistola:
1336 430 1397 485 ab
1427 429 1631 487 Isidoro
1660 433 1952 502 suppositio.
1980 430 2191 486 Decreta
2221 435 2265 494 Α
2297 431 2703 488 dalmaticarmn
2737 451 2889 489 nsunt
2922 435 3296 511 episcoporum
3336 435 3611 509 proprium
3640 446 3786 502 esse,
3842 442 3900 488 et

679 523 850 579 decem
877 523 1198 598 Eutychiano
1226 526 1507 598 adscripta.

680 618 732 675 1.
762 616 819 673 In
867 617 1005 673 libro
1033 618 1321 689 pontificali
1356 618 1726 692 Entycbianos
1751 619 2095 675 constituisse
2124 615 2204 671 tli-

607 707 747 764 citur
777 727 797 760 ι
836 721 892 763 ιιι
919 708 1119 780 fruges,
1157 711 1291 766 fabae
1320 721 1375 767 et
1406 728 1520 767 uva:
1548 728 1713 782 super
1738 711 1932 766 altario
1981 710 2198 766 benedi-

607 814 881 867 cerentur,
911 822 930 856 ι
952 819 1161 860 necnon
1188 824 1207 858 ι
1231 816 1285 859 ιιι
1303 808 1625 878 quicumque
1655 805 1888 862 fidelium
1910 816 2199 877 martyrem

608 894 880 963 sepeliret,
910 897 1027 952 sine
1052 897 1335 954 dalmatica
1365 898 1685 954 autcolohio
1709 909 1999 970 purpurato
2031 898 2202 953 nulla-

607 993 764 1041 tenus
791 988 1064 1055 sepeliret.
1087 1008 1107 1042 ι
1141 990 1247 1046 Sed
1278 1006 1400 1061 qua:
1431 991 1481 1046 in
1513 990 1614 1045 hoc
1646 990 1784 1045 libro
1808 1006 1931 1045 cum
1969 990 2039 1046 de
2082 990 2203 1044 aliis

606 1077 972 1161 pontificibus,
1042 1091 1150 1135 tum
1205 1083 1518 1138 nominatim
1569 1082 1636 1137 de
1681 1082 2020 1154 Eutycbiano
2071 1082 2200 1137 falsa

606 1172 985 1241 przedicautur.
1051 1174 1136 1230 his
1188 1175 1477 1231 detrahunt
1545 1177 1943 1232 auctoritatem.
2001 1175 2201 1232 Verum

607 1278 892 1341 utrumque
918 1271 1152 1328 admittit
1189 1289 1251 1326 ac.
1293 1275 1482 1343 probat
1532 1274 1814 1330 Baronius.
1849 1275 1912 1330 Et
1971 1275 2200 1345 primum

610 1364 830 1434 quidem
854 1377 1158 1435 opportune
1179 1371 1246 1422 ab
1270 1369 1373 1426 hoc
1402 1386 1534 1439 papa
1564 1371 1769 1426 editum
1795 1381 2001 1440 censet,
2030 1382 2087 1427 ut
2108 1372 2202 1428 ad-

607 1469 799 1511 versus
856 1470 1164 1515 nascentem
1196 1460 1473 1517 Manichzei
1524 1461 1798 1532 lueresim,
1854 1481 1973 1533 quae
2021 1464 2201 1537 fruges

604 1549 846 1622 aliasque
886 1567 973 1607 res
1018 1568 1309 1624 c0rporeas
1342 1565 1399 1609 ιιι
1439 1572 1467 1610 a
1511 1558 1774 1627 principio
1821 1559 1945 1613 mali
1994 1570 2202 1614 creatas

604 1645 979 1708 execrabatur,
1031 1644 1214 1702 fideles
1245 1648 1498 1702 muniret.
1533 1648 1797 1704 Prmterea
1840 1648 1893 1703 iu
1926 1650 2201 1720 opinionis

605 1750 718 1790 sua:
745 1740 973 1809 gratiam
1003 1741 1331 1810 apostolicos
1357 1743 1485 1797 citat
1514 1758 1751 1797 canones
1777 1744 1830 1806 3.
1866 1743 1902 1799 4
1925 1754 1978 1798 et
2000 1744 2053 1810 5,
2108 1745 2201 1816 qni

2305 543 2333 582 a
2376 529 2615 583 romanis
2644 528 2888 585 diaeonis
2931 545 3028 598 per
3048 532 3407 602 arrogantiam
3438 541 3750 601 usurpatum
3777 542 3899 585 esse

2305 630 2476 676 notat.
2503 620 2713 690 Scribit
2745 634 2799 677 et
2841 622 3141 695 Cyprianus
3185 623 3482 679 tolouensis
3525 622 3815 693 episcopus
3843 619 3898 675 in

2304 714 2421 769 Vita
2452 715 2509 771 S.
2540 714 2756 771 Ctesarii
2786 718 3101 773 arelateusis
3118 718 3468 790 episcopi,;eo
3493 719 3612 787 ipso
3632 727 3897 787 temporc,

2307 826 2414 882 quo
2444 810 2805 883 Symmachus
2847 829 2982 884 papa
3033 814 3323 870 Ctesarium
3358 833 3377 867 ι
3398 829 3661 870 concesso
3689 813 3899 884 specia-

2305 901 2427 958 liter
2475 904 2625 975 pallii
2684 904 2963 961 decoravit
3011 907 3316 978 privilegio,
3375 906 3633 963 diaconos
3688 920 3902 978 quoque

2304 997 2472 1069 ipsius
2497 997 2563 1052 ad
2599 998 2854 1055 Romana:
2896 999 3067 1055 instar
3090 1001 3334 1056 ecclesia:
3372 1000 3778 1056 dalmaticarum
3820 1004 3900 1055 le-

2303 1092 2443 1146 cisse
2471 1092 2653 1146 habitu
2682 1095 3055 1162 praemittere.
3070 1113 3089 1146 ι
3111 1094 3360 1149 Testatur
3379 1092 3690 1163 Gregorius,
3713 1093 3806 1149 lib.
3826 1110 3898 1160 ut,

2303 1187 2461 1255 epist.
2494 1186 2619 1252 107,
2654 1188 2912 1256 Arcgium
2939 1188 3274 1257 poposciSse,
3308 1198 3365 1242 ut
3395 1188 3495 1244 sibi
3540 1196 3592 1240 et
3635 1186 3906 1242 archidia-

2302 1296 2441 1336 cono
2468 1296 2568 1336 suo
2598 1281 2778 1335 utendi
2802 1281 3105 1337 dalmaticis
3130 1282 3400 1338 licentiam
3436 1282 3717 1352 pra-heret.
3746 1281 3903 1351 Quod

2304 1382 2363 1426 ut
2406 1391 2425 1424 ι
2448 1388 2644 1427 novum
2679 1388 2784 1428 n0n
2809 1373 3112 1429 ineunsulte
3132 1383 3188 1429 et
3216 1375 3395 1429 subito
3439 1393 3458 1427 ι
3498 1374 3777 1445 permisit,
3806 1374 3904 1432 sed

2304 1465 2644 1537 postmodum
2676 1466 3003 1531 coneedens,
3035 1467 3178 1534 ipsas
3195 1468 3358 1524 etiam
3378 1466 3691 1523 dalmaticas
3720 1468 3767 1522 ci
3802 1467 3908 1541 Cy-

2304 1559 2431 1613 riaci
2458 1559 2667 1614 abbatis
2705 1574 2869 1629 opera
2927 1561 3244 1616 transmisit.
3302 1561 3356 1637 ln
3417 1561 3739 1617 bibliotheca
3780 1561 3908 1617 Flo-

2303 1653 2530 1709 riacensi
2553 1653 2694 1708 istud
2713 1653 2908 1723 legitur
2925 1654 3202 1709 Zachariae
3227 1669 3376 1723 papa:
3399 1656 3462 1709 ad
3485 1654 3905 1711 Austrobertum

2303 1746 2616 1817 episcopum
2647 1746 2996 1802 Viennensem
3024 1747 3314 1803 scribentis
3338 1764 3352 1801 :
3374 1765 3395 1800 ‹
3423 1748 3766 1802 Dalmaticam
3790 1747 3904 1803 usi-

605 1836 784 1884 tamen
809 1829 905 1894 illi,
942 1833 1238 1901 praesertim
1266 1849 1333 1889 ex
1363 1834 1601 1906 Dyonisii
1649 1835 1837 1907 Exigni
1883 1836 2201 1907 interpreta-
2236 1841 2281 1901 Β
2310 1840 2407 1894 bus
2428 1841 2625 1895 vestris
2653 1840 2930 1895 misimus:
2975 1850 3032 1894 ιιι
3062 1840 3184 1911 quia
3229 1840 3456 1896 ecclesia
3488 1850 3668 1897 vestra
3708 1841 3776 1896 ab
3808 1840 3907 1895 hac

604 1921 770 1989 tione,
804 1924 1077 1982 adversari
1107 1929 1283 1997 petius
1310 1928 1578 1984 videntur.
1606 1929 1809 2002 Nempe
1829 1947 1950 1987 cttn.
1980 1932 2015 1987 4
2042 1947 2199 1988 cave-

603 2024 692 2071 tur
716 2029 780 2072 ιιι·
806 2036 825 2070 ‹
864 2018 1058 2076 offerre
1102 2037 1207 2076 non
1258 2021 1411 2077 liceat
1464 2022 1534 2077 ad
1584 2024 1745 2079 altare
1790 2036 1988 2096 praeter
2033 2040 2199 2081 novas

604 2110 782 2179 spicas
808 2120 862 2167 et
892 2129 1024 2168 uvas
1044 2124 1096 2169 et
1125 2115 1303 2171 oleum
1333 2116 1399 2171 ad
1423 2117 1705 2173 luminaria
1746 2127 1803 2173 et
1831 2118 2145 2191 thymiama.
2173 2138 2192 2171 ι

576 2201 759 2259 ’Unde
774 2206 1178 2262 concedendum
1207 2218 1293 2265 est
1318 2210 1507 2265 saltem
1542 2211 1625 2265 his
1663 2211 1961 2267 rationibus
2005 2212 2195 2279 vetari,

605 2312 675 2352 ne
706 2296 860 2366 fabae,
895 2317 1030 2372 quas
1057 2302 1110 2357 in
1135 2303 1292 2358 altari
1335 2303 1734 2360 beneilicendas
1773 2320 1894 2360 esse
1923 2306 2197 2371 vulgatum

603 2388 917 2463 Eutychiani
948 2393 1223 2451 decretum
1253 2396 1554 2460 consumit,
1588 2396 1641 2452 in
1695 2397 1851 2452 altari
1882 2396 2195 2453 offerantur.

602 2481 741 2541 Tum
767 2486 1007 2542 sancitur
1028 2504 1148 2544 can.
1182 2490 1238 2550 5.
1277 2509 1297 2542 ι
1323 2499 1376 2546 ιιι
1401 2491 1606 2563 reliqua
1660 2507 1817 2560 poma
1860 2492 2040 2546 omnia
2071 2489 2198 2564 (seu
2234 2480 2239 2488 ’

603 2580 796 2650 reliqui
825 2596 1015 2638 omnes
1044 2582 1279 2655 fructos)
1305 2584 1369 2639 ad
1398 2584 1640 2647 domum,
1667 2586 1916 2655 primitiae
1941 2586 2199 2655 episcopo

603 2682 660 2729 et
688 2675 1014 2747 presbyteris
1046 2676 1366 2748 dirigantur,
1401 2694 1507 2733 non
1537 2678 1836 2733 offerantur
1863 2679 1914 2732 in
1956 2679 2111 2733 altari
2136 2697 2149 2734 :
2174 2700 2193 2732 ι

603 2766 694 2823 ubi
726 2767 779 2824 id
801 2768 941 2838 quod
976 2771 1292 2844 Eutycbiaui
1324 2774 1545 2830 decreto
1573 2776 1627 2828 in
1648 2776 1802 2829 altari
1831 2774 2014 2830 offerri
2063 2790 2201 2847 pra:-

602 2860 817 2931 cipitur,
848 2862 931 2918 his
957 2866 1255 2922 canouibus
1272 2867 1439 2923 vetari
1460 2867 1729 2923 audimus.

603 2978 607 3002 τ
673 2953 729 3009 2.
762 2955 841 3010 Ad
866 2955 1141 3013 decretum
1167 2960 1396 3014 alterum
1419 2959 1564 3032 quod
1599 2961 1809 3023 attinet,
1838 2962 1978 3016 idem
2002 2963 2201 3019 Anna.-

602 3046 733 3102 lium
764 3064 957 3118 parens
984 3050 1102 3120 ejus
1132 3067 1289 3107 usum
1309 3052 1505 3108 exinde
1532 3064 1780 3124 prietequ
1806 3055 2064 3126 religionis
2094 3072 2200 3117 non

603 3148 809 3196 tantum
841 3158 967 3213 erga
998 3154 1282 3215 martyres,
1313 3145 1406 3201 sed
1437 3146 1602 3201 etiam
1654 3163 1782 3218 erga
1814 3164 1997 3203 sacros
2051 3149 2204 3203 mini-

2304 1931 2433 1987 sede
2483 1932 2782 1987 doctrinam
2843 1931 2964 1987 fidei
3032 1932 3272 2002 percepit
3326 1942 3381 1988 et
3443 1949 3648 1988 morem
3695 1931 3909 1988 habitus

2302 2022 2668 2089 Sacerdotalis,
2715 2025 2782 2079 ab
2813 2023 2899 2079 illa
2926 2023 3089 2079 etiam
3137 2024 3395 2097 percipiat
3437 2024 3692 2082 decorem
3723 2026 3901 2081 hono-

2304 2119 2401 2173 ris.
2428 2137 2446 2170 ι

2375 2210 2430 2265 4.
2463 2210 2597 2265 Hinc
2624 2210 2881 2282 colligere
2918 2219 3140 2282 estquie
3169 2210 3302 2268 fides
3334 2211 3577 2267 habenda
3601 2213 3669 2269 sit
3692 2213 3907 2284 vulgato

2307 2303 2587 2358 Anastasio
2607 2301 2676 2356 de
2713 2303 2973 2358 Silvestro
3002 2304 3293 2360 scribenti:
3330 2323 3349 2356 ι
3379 2305 3440 2360 Ει
3472 2304 3573 2359 hoc
3595 2305 3903 2369 constituit,

2305 2408 2362 2451 ut
2390 2397 2602 2452 diaconi
2627 2398 2929 2453 dalmaticis
2951 2398 3003 2453 in
3037 2398 3277 2456 Ecclesia
3316 2409 3616 2468 uterentur,
3640 2420 3660 2455 ι
3686 2401 3732 2456 si
3765 2417 3905 2472 pra:-

2303 2492 2489 2546 sertim
2515 2492 2615 2546 hoc
2634 2491 2910 2546 decretunt
2935 2507 3040 2547 non
3067 2502 3273 2547 tantum
3301 2492 3370 2548 de
3409 2492 3686 2555 Romanis.
3710 2495 3805 2549 Sed
3834 2494 3905 2550 de

2305 2583 2631 2654 quibuslibet
2660 2584 2902 2639 diacmiis
2928 2585 3129 2640 dictum
3160 2586 3509 2654 intelligatur.
3562 2586 3692 2642 lude
3739 2590 3901 2643 etiam

2306 2675 2571 2730 refellitur
2628 2676 2769 2743 quod
2826 2676 2917 2731 alii
2962 2676 3169 2742 dicunt,
3219 2676 3627 2733 dalmaticarum
3662 2694 3813 2735 uSum
3848 2681 3902 2735 iu

2308 2768 2599 2824 Ecclesiam
2635 2770 2864 2837 primum
2895 2786 2923 2823 a
2958 2770 3220 2826 Silvestro
3259 2771 3529 2827 invectum
3577 2789 3718 2842 esse,
3774 2790 3903 2830 cum

2305 2870 2462 2916 antea
2488 2861 2713 2916 colobiis
2739 2872 3017 2917 uterentur
3038 2865 3387 2929 sacerdotes;
3411 2878 3503 2919 aut
3541 2866 3682 2935 quod
3712 2867 3763 2920 in
3791 2866 3902 2922 Sil-

2306 2956 2470 3009 vestri
2495 2954 2609 3009 \‘ita
2627 2971 2655 3009 a
2675 2955 2998 3011 Combefisio
3022 2956 3161 3011 edita
3185 2966 3456 3024 narratur,
3487 2957 3902 3032 Euphrosynum

2305 3049 2508 3105 scilicet
2556 3050 2884 3121 Pamphylim
2947 3052 3261 3121 episc0pum
3320 3052 3544 3109 Romam
3597 3056 3901 3112 venientem

2306 3144 2571 3199 eolohium
2617 3144 2674 3201 S.
2722 3144 2907 3199 Jacobi
2967 3145 3147 3199 fratris
3221 3144 3430 3200 Domini
3493 3162 3676 3202 secum
3755 3158 3903 3203 attit-

601 3244 746 3291 slros
795 3237 1069 3294 inductum
1122 3240 1313 3308 probat
1341 3250 1451 3294 tmn
1479 3258 1546 3298 ea:
1601 3242 1741 3297 libro
1770 3260 1844 3298 tv.
1904 3244 2110 3315 Dialog.
2137 3244 2193 3300 S.
2225 3241 2269 3302 C
2305 3237 2449 3303 "589.
2480 3246 2533 3291 Cl
2558 3251 2681 3291 cm“
2714 3254 2780 3290 θυ
2808 3236 3025 3292 illam“
3065 3253 3218 3292 53"“
3251 3239 3565 3307 Percﬂis-‘e'i
3607 3239 3733 3296 ί¹¹δθ
3777 3242 3903 3312 Qui‘

602 3328 848 3400 Gregorii
877 3346 1045 3403 papae.
1074 3348 1192 3404 cap.
1229 3334 1319 3399 40,
1348 3334 1434 3390 ubi
1461 3335 1733 3392 Paschasii
1754 3336 1965 3391 diaconi
1997 3338 2199 3391 dalata-

608 3423 763 3478 ticam
788 3425 906 3494 ejus
936 3427 1123 3494 feretro
1151 3429 1527 3498 superpositam
1558 3439 1762 3494 narrat,
1794 3440 1903 3484 tum
1937 3446 1999 3484 ex
2028 3435 2193 3502 gestis

601 3517 791 3589 synodi
821 3533 1059 3575 romanae
1087 3537 1229 3576 anno
1260 3520 1367 3576 5ιὸ
1389 3520 1604 3588 habitze,
1638 3523 1690 3576 in
1735 3538 1839 3592 qua
1874 3522 2014 3578 idem
2060 3540 2195 3595 papa

600 3609 775 3680 primo
800 3610 1089 3681 pra-fatur:
1126 3632 1144 3664 ι
1170 3612 1334 3683 llujus
1360 3614 1507 3670 sedis
1537 3614 1839 3669 rectoribus
1893 3629 2009 3668 mos
2056 3616 2192 3669 ultra

601 3703 854 3757 meritum
891 3705 1090 3773 erupit,
1142 3714 1200 3759 ut
1239 3720 1361 3760 cum
1408 3722 1594 3761 eorum
1646 3721 1871 3777 corpora
1927 3705 2194 3761 bumanda

599 3795 938 3865 deferuntur,
998 3800 1113 3856 haec
1160 3801 1463 3857 dalmaticis
1513 3811 1819 3872 coutegant,
1876 3812 1931 3856 et
1975 3802 2192 3857 easdem

599 3892 912 3950 dalmaticas
941 3912 1036 3964 pro
1057 3896 1355 3951 sanctitatis
1381 3898 1684 3953 reverentia
1736 3896 2042 3966 partiendas
2096 3911 2195 3967 po-

595 3986 757 4056 pulus
796 3986 1023 4042 scindat.
1049 4007 1067 4040 ι
1100 3987 1538 4045 Tummodesuts
1563 3990 1652 4044 ille
1700 3988 1941 4058 pontifex
1987 4004 2195 4045 morem

599 4078 747 4134 illum
775 4080 1025 4150 prohibet
1056 4081 1137 4136 his
1160 4082 1367 4137 verbis:
1406 4079 1696 4137 «Przeseuti
1732 4081 1951 4137 decreto
1990 4081 2196 4137 consti-

594 4185 711 4232 tuo.
747 4182 804 4227 ut
828 4174 1107 4242 feretrum,
1138 4191 1245 4245 quo
1280 4175 1506 4229 Romani
1552 4176 1824 4245 pontificis
1875 4189 2075 4244 corpus
2126 4173 2195 4228 ad

597 4266 962 4336 sepeliendum
989 4268 1219 4331 ducitur,
1245 4267 1391 4323 nullo
1414 4267 1648 4338 tegmine
1673 4268 1899 4323 veletur.
1936 4287 1954 4319 ι
1986 4266 2191 4324 Simul-

595 4373 704 4431 que
760 4358 903 4414 unde
940 4358 1156 4415 fluxerit
1184 4361 1272 4415 ille
1303 4375 1451 4425 usus,
1502 4361 1677 4415 innuit
1719 4360 1847 4414 dum
1892 4360 2031 4415 inter
2080 4359 2196 4415 hinc

595 4452 765 4517 addit,
802 4468 963 4508 «cum
1010 4452 1187 4507 adsint
1231 4453 1394 4507 multa
1423 4468 1451 4506 a
1483 4454 1654 4508 sacris
1698 4453 2019 4524 corporibus
2064 4469 2195 4522 apo-

595 4545 857 4601 stolorum
891 4555 1293 4619 martyrumque
1310 4547 1597 4613 velamina,
1614 4567 1632 4599 ι
1651 4557 1760 4602 etc.
1780 4546 1944 4615 Quasi
1965 4546 2190 4611 d‘ceret,

2301 3332 2423 3388 dem
2457 3333 2653 3387 factum
2678 3348 2797 3388 esse
2828 3342 2884 3387 ut
2909 3333 3132 3387 lloutaoi
3173 3333 3483 3389 sacerdotes
3509 3334 3739 3391 colobiis
3784 3344 3904 3391 utc-

2305 3439 2514 3495 reutur,
2572 3427 2665 3481 sed
2731 3438 2917 3497 postea
2971 3425 3230 3481 nttditatis
3284 3425 3626 3482 brachiorum
3659 3429 3903 3499 tegenda:

2301 3522 2470 3594 gratia
2512 3520 2721 3575 colobia
2771 3522 2823 3575 in
2857 3520 3173 3575 dalmaticas
3210 3519 3375 3575 fui~se
3416 3532 3773 3587 commutata;
3803 3537 3902 3578 seu

2301 3614 2442 3686 quod
2478 3613 2763 3668 Anselmus
2790 3612 3048 3669 Lucensis
3065 3629 3091 3665 ιι
3128 3612 3399 3684 ltucangio
3419 3613 3662 3670 laudatus
3706 3614 3899 3670 tradit:

2309 3725 2327 3757 ι
2350 3709 2391 3760 Α
2422 3716 2610 3769 sancto
2651 3704 2913 3761 SilveStro
2954 3714 3007 3759 et
3038 3705 3371 3777 presbyteris
3418 3707 3535 3774 ejus
3563 3706 3900 3762 colobiorum

2305 3815 2431 3854 usus
2456 3800 2683 3867 sumpsit
2710 3799 2944 3864 initium,
2974 3810 3024 3854 et
3054 3798 3263 3855 Marcus
3288 3816 3351 3854 ae
3379 3800 3552 3855 Julius
3574 3810 3629 3856 et
3653 3801 3904 3858 Librritts

2303 3910 2366 3947 ex
2396 3893 2585 3948 ordine
2616 3894 2694 3947 usi
2726 3904 2874 3948 sunt.
2909 3893 3038 3948 Post
3062 3894 3160 3949 hos
3188 3907 3365 3949 autem
3394 3895 3598 3952 colobia
3629 3898 3677 3951 in
3693 3895 3907 3952 dalata-

2303 3987 2434 4040 ticas
2455 3996 2944 4042 suntcommutata.
2971 4007 2989 4039 ι
3022 3985 3539 4058 Undesequeretur,
3572 4000 3630 4043 ιιι
3681 3990 3856 4045 dalma
3894 4029 3901 4035 ι

2303 4080 2530 4135 ticarum
2554 4096 2708 4134 usum
2732 4080 3137 4146 nonSilvester,
3162 4054 3268 4135 sed
3306 4082 3566 4135 Damasus
3611 4083 3815 4152 primus
3846 4085 3900 4138 in

2305 4172 2606 4230 Ecclesiam
2637 4174 2906 4228 invexisse
2936 4174 3199 4228 dicendus
3226 4183 3390 4230 esset.
3421 4174 3525 4230 Sed
3553 4185 3609 4230 et
3651 4176 3793 4246 quod
3831 4177 3904 4233 de

2302 4265 2555 4338 Cypriani
2581 4265 2867 4320 dalmatica
2899 4281 2965 4322 ex
2989 4265 3105 4334 ejus
3120 4264 3240 4321 Vita
3263 4282 3290 4318 a
3323 4266 3513 4322 Pontio
3541 4269 3735 4331 seri,»ta
3756 4267 3903 4323 dixi—

2302 4376 2444 4419 mus.
2474 4360 2592 4428 ejus
2623 4374 2774 4413 usum
2804 4359 2855 4413 in
2881 4358 3123 4414 Ecclesia
3161 4368 3214 4412 et
3267 4358 3495 4413 D.uuaso
3540 4368 3595 4413 et
3640 4359 3904 4416 Silvestro

2300 4454 2661 4523 antiquiorem
2680 4467 2804 4507 esse
2826 4451 3112 4522 persuadet
3133 4470 3145 4506 :
3166 4452 3305 4506 sicut
3332 4466 3398 4506 ex
3428 4451 3752 4507 testimoniis
3774 4467 3901 4508 mox

2299 4545 2477 4600 allatis
2497 4545 2799 4610 conficitur,
2819 4543 3069 4600 eumdem
3096 4544 3426 4600 colobiorum
3451 4559 3554 4599 usu
3600 4545 3759 4616 vulgo
3780 4561 3900 4602 cre-

598 4636 700 4694 Hic
731 4639 1029 4709 honor,qui
1057 4640 1422 4708 apostolorum
1443 4651 1847 4711 martyrumquc
1876 4639 2193 4708 corporibus
2224 4644 2272 4704 υ
2297 4637 2468 4693 ditttm
2497 4653 2620 4694 esse
2651 4639 3029 4692 recentiorem.

591 4734 715 4806 jure
741 4734 951 4790 delatus
980 4744 1082 4799 est,
1108 4734 1174 4790 ad
1201 4751 1316 4797 eos.
1350 4752 1577 4806 quormn
1605 4750 1707 4789 ιιοιι
1735 4746 1818 4790 est
1862 4751 1957 4804 par
1998 4736 2198 4789 sancti-

596 4841 701 4897 tas,
733 4831 1003 4885 immerito
1031 4829 1123 4885 fuit
1149 4832 1437 4888 translatus
1488 4830 1558 4888 Ut
1582 4842 1761 4885 autem
1782 4838 1922 4886 hunc
1937 4831 2195 4887 honorem

599 4924 970 4996 Eutychianus
1009 4923 1341 4995 martyribus
1393 4923 1737 4989 decerneret,
1790 4939 1852 4979 ea
1902 4925 2193 4992 excogitari

596 5031 776 5092 potest
806 5035 990 5085 causa,
1043 5019 1186 5090 quod
1219 5019 1499 5075 Manichazi
1527 5029 1844 5074 sanctorum
1895 5030 2193 5093 martyrum

597 5116 801 5170 cultum
830 5131 935 5168 non
963 5128 1122 5169 secus
1142 5126 1307 5184 atque
1336 5112 1692 5167 idololatriam
1726 5115 2075 5185 respuebant.

668 5211 722 5263 5.
756 5207 864 5263 Nec
891 5206 1193 5276 negandum
1234 5205 1431 5262 colubii
1460 5216 1549 5261 aut
1595 5206 2005 5263 dalmaticarum
2038 5222 2199 5262 voces

596 5302 845 5369 antiquas
866 5314 1010 5356 esse.
1043 5297 1102 5353 In
1158 5300 1265 5352 vita
1296 5297 1357 5354 S.
1390 5298 1640 5370 Cypriani
1672 5315 1703 5354 a
1757 5300 1949 5356 Pontio
1997 5300 2198 5366 scripta

595 5392 853 5464 legimus:
887 5413 906 5445 ι
939 5393 1154 5449 Etcum
1208 5408 1268 5447 se
1319 5392 1602 5448 dahnatica
1662 5393 2016 5461 eXSpoliasset
2060 5388 2200 5465 (Cy-

596 5486 867 5558 prianus),
910 5497 965 5541 et
1004 5486 1319 5543 diaconibus
1348 5486 1676 5549 tradidisset.
1709 5487 1760 5539 in
1808 5485 1946 5541 linea
1980 5486 2148 5542 stetit.
2174 5504 2195 5538 ι

593 5581 862 5650 Antiquos
891 5590 1098 5646 auctor,
1128 5581 1331 5647 Quaest.
1363 5577 1705 5634 Vet.etNov.
1725 5576 1875 5634 Test.
1908 5579 2051 5648 apud
2085 5583 2197 5632 Au-

588 5674 868 5747 gustinum
894 5715 909 5738 ,
941 5673 1186 5741 Append.
1232 5683 1272 5728 ι.
1305 5687 1383 5739 ιιι,
1403 5688 1454 5728 c.
1478 5670 1574 5733 49.
1599 5684 1718 5725 cum
1746 5685 1985 5725 romana:
2024 5670 2203 5727 eccle-

581 5769 689 5829 sia:
716 5771 959 5830 diaconis
985 5769 1060 5823 ita
1088 5768 1429 5847 expostulat:
1479 5789 1499 5822 ι
1524 5766 1688 5837 Quasi
1721 5783 1828 5826 non
1879 5765 2042 5823 hodie
2081 5767 2200 5823 dia-

580 5862 712 5915 l‘l’ni
742 5861 1061 5932 fdalmalicis
1111 5865 1415 5927 induantur
1472 5864 1608 5917 sicut
1657 5859 1916 5931 epist-oni.
1958 5878 1976 5911 ι
2013 5858 2113 5912 llhi
2146 5870 2199 5911 et

2373 4731 2426 4786 5.
2461 4732 2684 4787 Colobia
2717 4743 2921 4795 autem,
2946 4732 3085 4786 sicut
3106 4740 3160 4786 et
3187 4731 3510 4798 dalmaticze,
3533 4735 3905 4791 eranttunicze

2301 4828 2517 4881 talares.
2548 4826 2662 4881 Iloc
2688 4826 2955 4881 distabant
2985 4825 3289 4880 dalmaticae
3319 4843 3345 4880 a
3367 4827 3561 4882 tunicis
3581 4840 3635 4883 et
3652 4828 3901 4897 colobiis,

2297 4920 2442 4990 quod
2469 4919 2777 4976 tlalmaticis
2806 4921 2999 4991 ampla:
3038 4934 3193 4975 erant
3223 4922 3469 4988 manicae,
3500 4923 3692 4978 tunicis
3746 4924 3907 4979 stric-

2298 5022 2388 5078 ιω,
2416 5013 2642 5069 colobiis
2681 5014 2764 5069 vel
2810 5014 2972 5068 nulla:
3023 5014 3105 5069 vel
3151 5016 3360 5071 breves.
3394 5016 3467 5071 De
3518 5017 3744 5073 colobiis
3774 5036 3901 5077 cum

2302 5105 2559 5163 brevibus
2605 5108 2833 5161 manicis
2860 5107 3121 5161 habetnus
3148 5107 3277 5162 illud
3303 5108 3569 5177 Cassiani,
3600 5111 3671 5167 de
3700 5112 3902 5170 Habitu

2303 5200 2578 5266 monach.,
2612 5216 2663 5255 c.
2696 5200 2727 5255 5
2752 5220 2763 5253 ;
2801 5221 2818 5251 ι
2841 5200 3078 5257 Colobiis
3105 5216 3321 5274 quoque
3350 5203 3507 5259 lineis
3554 5205 3749 5272 induti,
3776 5223 3903 5278 qua:

2303 5292 2389 5349 vix
2412 5293 2480 5349 ad
2507 5295 2808 5348 cubitorum
2837 5294 2985 5349 initia
3022 5298 3352 5366 pertingunt,
3383 5297 3552 5353 nudas
3586 5300 3654 5354 de
3689 5300 3904 5371 reliquo

2303 5392 2686 5443 circumferunt
2714 5403 2923 5442 manus.
2954 5409 2972 5441 ι
3005 5390 3306 5444 Dorotheus
3334 5406 3464 5444 vero
3495 5393 3638 5446 doct.
3672 5395 3720 5449 l.
3744 5409 3900 5465 quae-

2303 5479 2397 5544 rit,
2425 5495 2523 5534 cur
2546 5483 2935 5535 monachorum
2979 5481 3246 5536 colobium
3277 5482 3504 5539 manicis
3527 5495 3731 5552 careat,
3771 5502 3898 5542 cum

2305 5584 2626 5628 czetcrorum
2655 5576 2894 5630 omnium
2921 5576 3242 5631 tuauicatum
3263 5575 3513 5637 sitJdem
3538 5588 3593 5634 et
3623 5579 3710 5634 ubi
3739 5578 3901 5634 addi-

2304 5667 2413 5724 dit:
2449 5686 2468 5719 ι
2494 5669 2773 5725 Colobiom
2804 5682 3048 5726 nostrum
3078 5670 3240 5728 habet
3267 5674 3478 5743 signum
3510 5690 3897 5745 purpureum,»

2303 5776 2519 5818 rursum
2546 5763 2765 5834 quierit:
2796 5763 2935 5833 Quid
2963 5765 3065 5822 sibi
3092 5767 3204 5825 vult
3232 5767 3444 5839 signum
3472 5770 3837 5840 purpureum?
3873 5790 3896 5822 ι

2304 5870 2366 5909 ac.
2396 5856 2720 5923 responilct'
2753 5876 2769 5903 ι
2794 5856 3173 5925 Unusquisque
3198 5860 3429 5912 militans
3464 5862 3571 5915 reci
3606 5878 3901 5921 purpuram
