4230 6212
207 254 309 313 161

1140 230 1231 294 DE
1273 229 1611 293 DECRETIS
1652 221 2103 289 EUTYCHIANO
2141 214 2570 282 ADSCIKIPTIS.

3415 207 3521 268 {69

206 368 363 423 habet
390 364 445 421 in
472 358 786 434 chlamyde.
809 375 829 410 ι
869 357 935 412 Ει
962 355 1080 411 haec
1109 354 1328 426 quidem
1358 354 1494 406 ratio
1520 348 1584 404 ad
1627 348 1817 403 dt‘Cl‘c-
1850 354 1894 408 Α
1926 344 2189 401 catholica
2219 337 2530 397 discesserit
2573 336 2691 391 sine
2717 333 2826 390 ulla
2856 330 3198 398 necessitate,
3239 334 3296 386 et
3334 338 3520 401 postea

204 472 317 517 tttm
348 454 746 513 accommodari
778 462 955 523 potest
985 448 1129 520 quod
1160 446 1537 516 expendimus,
1576 458 1683 511 quo
1731 441 1814 493 ni-

206 559 399 612 ntirunt
424 563 669 614 cavetur,
706 565 773 601 ne
805 546 930 616 quis
953 556 1244 614 martyrem
1275 542 1385 594 sine
1404 536 1602 591 colobia
1626 550 1818 604 purpu-

203 660 320 705 rato
361 647 610 717 sepeliat.
659 642 1005 712 Quapropter
1036 638 1147 691 lucc
1189 635 1345 705 paulo
1392 632 1561 686 fusius
1612 629 1817 683 edisse-

205 742 393 797 ῐυίςειε
416 754 519 794 non
564 736 754 807 piguit,
779 732 1044 800 siquidem
1093 728 1158 784 ad
1207 727 1548 782 decretorum
1584 721 1816 776 nonnul-

203 832 386 889 lorum
410 846 505 886 seu
527 831 832 892 veritatem,
864 838 963 880 seu
988 822 1280 876 falsitatem
1311 815 1642 889 probandam
1693 813 1819 869 inde

203 924 299 980 lux
328 921 576 992 aﬂulget.

282 1015 337 1071 6.
366 1013 425 1070 lu
471 1010 803 1069 editionibus
852 1006 1208 1063 conciliorum
1260 1003 1470 1059 duabus
1500 998 1821 1057 adulterinis

208 1105 540 1181 Ettlycltiani
571 1101 841 1175 epistolis,
876 1116 995 1170 qua:
1035 1114 1099 1154 ex
1132 1096 1321 1153 lsidori
1352 1096 1671 1150 Mercatorts
1700 1089 1821 1145 olli-

210 1205 329 1260 cina
355 1200 694 1273 prodierunt,
718 1208 945 1267 quaeque
961 1206 1083 1247 cum
1102 1193 1312 1245 ueteris
1328 1187 1570 1258 ejusdem
1590 1184 1823 1238 ofﬁcinae

212 1296 445 1368 opiliciis
472 1309 502 1347 a
532 1290 694 1349 nobis
719 1289 972 1350 edentur,
1001 1284 1104 1339 alia
1127 1282 1316 1338 decem
1341 1281 1702 1350 subjiciuntur
1728 1276 1823 1330 dc-

213 1402 361 1447 creta
389 1404 423 1445 e
451 1387 619 1441 variis
642 1396 906 1439 canonum
937 1374 1412 1447 compilationibus
1460 1371 1708 1427 collecta.
1758 1368 1827 1422 Et

214 1476 690 1555 primumquidetn
713 1491 742 1530 e
764 1473 1023 1530 Gratiano
1054 1485 1113 1534 tt,
1138 1478 1328 1538 quwst.
1355 1466 1410 1530 ‘5,
1443 1480 1474 1520 c
1515 1464 1608 1527 91,
1633 1463 1711 1516 sic
1742 1475 1826 1514 re-

212 1576 421 1632 fertur:
453 1592 474 1624 ι
502 1571 555 1629 Si
582 1571 701 1643 quis
725 1570 1011 1640 episcopus
1049 1563 1327 1619 autabbas
1362 1558 1682 1631 presbytero
1734 1564 1829 1608 aut

214 1667 489 1727 monacho
504 1682 605 1720 suo
632 1662 859 1734 jusserit
900 1659 1095 1713 missas
1148 1671 1248 1728 pro
1280 1652 1552 1708 haereticis
1582 1648 1829 1721 (addunt

1922 456 1987 493 cx
2018 447 2130 492 toto
2198 436 2378 488 animo
2435 429 2803 501 pamitcntiam
2859 427 3143 497 acceperit,
3192 434 3301 478 tres
3352 435 3523 476 annos

1923 547 2076 594 extra
2111 535 2417 597 ecclesiam,
2440 532 2489 585 id
2512 538 2595 585 est
2618 531 2754 584 inter
2770 524 3235 593 attdientes,juxta
3259 522 3520 576 nictcnum

1921 629 2208 685 concilium
2261 625 2433 700 (Can.
2462 624 2567 696 ll)
2598 634 2802 693 septem
2833 635 3006 675 annos
3034 620 3085 674 iu
3114 616 3360 674 ecclesiis
3383 617 3525 670 inter

1923 723 2270 793 ptettitentes,
2304 729 2358 775 et
2383 717 2520 773 duos
2537 732 2709 771 annos
2729 716 2906 770 adhuc
2920 726 3071 769 extra
3087 711 3523 767 communionem

1924 817 2206 887 patuiteat.
2234 832 2253 865 ι
2294 812 2348 866 In
2396 826 2498 867 ms.
2556 808 2815 865 German.
2860 803 3100 862 Anselmi
3150 802 3523 859 collectionem

1922 910 2318 979 curnplectente
2369 905 2614 976 proxime
2641 902 2869 973 legimus
2902 917 2916 955 :
2956 899 3119 955 «Tres
3145 912 3316 953 annos
3356 896 3528 966 pomi-

1923 1010 2029 1057 teat
2060 1011 2211 1055 extra
2243 998 2554 1063 ecclesiam,
2610 1011 2774 1051 unum
2832 994 2973 1049 inter
3024 991 3328 1055 audientes,
3375 989 3527 1061 juxta

1924 1098 2191 1152 nicmnum
2219 1096 2570 1155 concilium»
2628 1094 2771 1167 quod
2826 1094 3002 1166 primo
3056 1092 3352 1163 placuerat.
3405 1088 3529 1160 quia

1923 1192 2207 1247 audientes
2239 1193 2291 1246 in
2320 1192 2607 1247 ecclesiam
2665 1189 2957 1255 intrabant,
2988 1197 3039 1244 et
3086 1186 3156 1242 ibi
3191 1186 3449 1242 lectiones
3474 1192 3531 1240 et

1925 1284 2214 1339 conciones
2264 1298 2386 1339 cum
2420 1283 2670 1338 fidelibus
2712 1282 2832 1336 aliis
2876 1279 3185 1337 audiebant.
3240 1277 3345 1335 Sed
3391 1278 3530 1333 hanc

1923 1376 2209 1433 lectionem
2254 1393 2360 1432 non
2416 1376 2680 1449 permittit
2715 1374 2989 1429 laudatum
3038 1375 3304 1428 lliCtBnlllll
3335 1373 3527 1428 conci-

1929 1473 2081 1537 lium,
2138 1472 2294 1542 cujus
2323 1472 2505 1527 verbis
2548 1470 2751 1526 decreti
2784 1470 2945 1538 hujus
2972 1470 3324 1526 concinnatur
3368 1468 3531 1523 verba

1929 1575 2072 1619 extra
2095 1566 2360 1618 ecclesiam
2381 1564 2814 1632 temercadjeeit.
2846 1563 2913 1618 Ut
2941 1575 3120 1618 autem
3147 1564 3335 1618 sileam
3360 1564 3410 1618 in
3429 1562 3532 1619 hoc

1929 1654 2150 1710 decreto
2204 1656 2488 1726 repetitum
2544 1657 2712 1711 missa:
2764 1670 2960 1710 nomen
3011 1655 3222 1726 aliaque
3276 1656 3533 1712 sacculum

212 1764 307 1819 alii
340 1761 665 1817 cttlleclores
692 1754 905 1810 mortuis
926 1751 947 1825 )
972 1760 1212 1811 Cattlal'e.
1268 1761 1375 1801 ηοιι
1434 1744 1561 1844 lict“
1606 1752 1659 1796 Cl
1719 1754 1825 1794 ηοιι
1859 1784 1906 1844 Β
1935 1748 2270 1819 Eutychiano
2302 1751 2571 1803 recentius
2604 1747 2870 1818 redolere,
2905 1747 3270 1818 inscriptionis
3294 1748 3409 1819 ejus
3435 1749 3535 1804 fal-

213 1854 439 1924 expedit
461 1853 541 1908 eis
569 1850 827 1907 obedire:
859 1867 879 1900 ι
915 1844 1021 1901 Sed
1040 1844 1142 1897 hoc
1172 1841 1349 1897 tennis
1371 1830 1618 1909 qttmdam
1654 1833 1830 1905 portio

214 1957 305 2004 est
325 1945 608 2016 amplioris
640 1940 867 2007 decreti,
894 1940 1034 2009 quod
1054 1934 1347 1992 Anselmus
1376 1930 1470 1985 lib.
1499 1945 1556 1990 ιι,
1583 1944 1694 1983 sec.
1726 1941 1830 1981 IIIS.

216 2042 505 2103 Genuam,
531 2052 652 2108 cap.
684 2035 813 2098 H7;
845 2029 1208 2095 Burchardus,
1243 2027 1335 2080 lib.
1373 2038 1488 2089 xix,
1513 2038 1567 2077 c.
1622 2020 1746 2087 105,
1778 2028 1835 2075 et

217 2136 342 2199 lvo,
374 2150 427 2205 p.
463 2134 549 2195 15,
577 2146 624 2187 c.
661 2128 767 2184 117
799 2168 814 2190 ,
856 2130 1059 2196 pariter
1116 2116 1454 2192 Eutychiauo
1502 2113 1832 2183 adscriptum

212 2227 484 2284 exhibent
515 2225 565 2278 itt
594 2223 735 2275 hunc
756 2218 1006 2274 modum:
1044 2234 1062 2267 ι
1104 2214 1159 2271 Si
1189 2212 1308 2285 quis
1326 2209 1536 2266 dederit
1567 2215 1655 2261 aut
1680 2218 1836 2259 acce—

212 2321 366 2393 perit
410 2315 846 2372 communionem
900 2310 968 2364 de
1020 2322 1183 2362 manu
1242 2300 1507 2366 lueretici,
1558 2307 1615 2354 ct
1663 2297 1838 2352 nescit

214 2389 368 2484 quod
401 2408 639 2463 Ecclesia
692 2402 961 2459 catholica
1012 2395 1355 2461 contradicit,
1392 2401 1576 2463 postea
1631 2389 1835 2443 intelli-

216 2479 382 2574 gens,
405 2516 606 2556 annum
635 2513 798 2551 unum
832 2493 1111 2564 paniteat.
1145 2489 1201 2545 Si
1230 2498 1407 2542 autem
1429 2486 1551 2550 scit,
1577 2490 1629 2537 et
1652 2479 1837 2548 negle-

219 2602 394 2666 xerit,
428 2607 483 2654 et
522 2604 704 2668 postea
754 2590 1126 2664 paenitentiam
1174 2583 1365 2656 egerit,
1420 2580 1610 2636 decem
1666 2589 1839 2630 annos

221 2695 530 2769 paeniteat:
586 2690 677 2747 alii
718 2690 962 2760 judicant
1009 2693 1249 2749 sentem:
1282 2688 1336 2735 et
1387 2676 1675 2732 humanius
1722 2672 1837 2733 alii,

222 2764 470 2861 quinque
528 2784 808 2855 paeniteat.
861 2780 916 2834 Si
972 2777 1091 2848 quis
1144 2769 1453 2845 permiserit
1526 2764 1842 2821 lia-relicum

224 2860 455 2938 missam
478 2893 630 2932 suam
658 2872 937 2930 celebrare
966 2870 1016 2923 in
1053 2865 1293 2922 Ecclesia
1318 2860 1608 2924 catholica,
1634 2869 1687 2913 et
1719 2872 1842 2912 nes-

226 2978 338 3043 cit,
387 2972 734 3047 quadraginta
790 2968 908 3023 dies
946 2961 1227 3032 patuiteat.
1274 2958 1332 3014 Si
1378 2972 1478 3027 pro
1537 2949 1843 3008 reverentia

1934 1841 2150 1896 sitatem
2187 1843 2410 1896 citatum
2446 1844 2711 1896 nicaenum
2758 1842 3070 1907 concilium,
3114 1842 3255 1903 quod
3305 1843 3536 1913 quadra-

1934 1934 2079 2004 ginta
2120 1933 2331 1988 duobus
2361 1937 2515 1989 annis
2546 1945 2668 2004 post
2693 1932 3013 2006 Eutychiani
3040 1945 3267 1990 mortem
3290 1935 3536 1990 celebra-

1937 2036 2049 2080 tum
2078 2036 2182 2092 est,
2210 2026 2364 2097 plane
2394 2028 2591 2094 prodit.
2624 2027 2808 2098 Neque
2839 2044 2969 2083 vero
2998 2029 3099 2084 sibi
3131 2038 3347 2084 constat
3400 2027 3538 2085 Gra-

1940 2120 2151 2175 tianus:
2184 2137 2308 2175 nam
2341 2122 2596 2190 majorem
2614 2122 2857 2192 ejusdem
2879 2132 3081 2192 partem
3108 2139 3256 2189 xxiv,
3280 2134 3471 2194 quaest.
3496 2141 3532 2190 ι,

1937 2226 1987 2267 c.
2017 2213 2086 2268 41
2117 2255 2130 2277 ,
2178 2214 2321 2269 Jttlio
2352 2214 2636 2270 adscribit.
2683 2217 2753 2269 At
2772 2232 2837 2271 ex
2864 2217 3039 2286 capite
3067 2216 3102 2270 2
3149 2218 3541 2275 l'tnnitentialis

1941 2306 2275 2379 Hieronymo
2302 2308 2567 2376 attributi,
2593 2310 2659 2364 iis
2688 2311 3035 2366 varietatibus
3056 2327 3189 2382 quas
3231 2312 3297 2366 ad
3343 2314 3541 2385 margi-

1942 2415 2063 2455 nem
2114 2405 2492 2458 annotavimus
2538 2405 2801 2475 exceptis,
2835 2414 3004 2461 tutum
3054 2405 3381 2476 descriptum
3432 2417 3537 2465 est.

2015 2494 2068 2547 7.
2100 2494 2380 2551 Alterum:
2418 2515 2438 2549 ‹
2484 2497 2841 2557 Nihilominus
2871 2501 3055 2569 etiam,
3084 2521 3106 2555 ι
3151 2513 3285 2567 etc.,
3314 2517 3422 2573 quo
3448 2505 3544 2559 ab-

1941 2586 2144 2642 batissa
2174 2589 2406 2658 puellam
2437 2591 2697 2663 virginem
2728 2594 2812 2648 vel
2860 2594 3075 2650 viduam
3120 2598 3302 2653 velare
3356 2600 3543 2671 prohi-

1942 2677 2118 2743 betur,
2143 2695 2208 2734 ex
2234 2679 2512 2748 Gratiano,
2544 2700 2642 2751 xx,
2660 2699 2853 2755 qtucst.
2879 2703 2937 2752 ll,
2962 2702 3081 2759 cap.
3107 2689 3161 2753 5,
3186 2690 3540 2763 descriptum,

1944 2777 2085 2848 apud
2117 2778 2483 2836 Burchardum
2515 2798 2728 2854 quoque
2752 2784 2845 2840 lib.
2888 2802 3002 2855 vnt,
3029 2802 3079 2842 c.
3114 2788 3198 2853 17,
3228 2800 3283 2846 et
3326 2790 3544 2849 Ivouem

1949 2891 2004 2946 p.
2038 2877 2091 2943 7,
2116 2891 2166 2931 c.
2199 2878 2292 2945 58,
2324 2889 2381 2933 ut
2411 2895 2476 2935 ex
2501 2881 2736 2937 decretis
2762 2881 3106 2955 Eutycbiani,
3133 2901 3182 2941 c.
3218 2888 3303 2952 15,
3334 2888 3547 2955 profer-

1947 2977 2056 3023 tur.
2085 2969 2180 3025 Est
2206 2979 2384 3026 autem
2413 2972 2733 3030 Parisiensis
2764 2991 2819 3030 v1
2846 2976 3085 3044 concilii,
3128 2993 3272 3034 anno
3298 2978 3402 3036 89.9
3447 2979 3538 3036 ha-

229 3045 589 3144 ejus,anuum
614 3081 779 3120 unum
802 3056 1159 3133 paeniteat.Si
1180 3070 1278 3125 pro
1293 3049 1644 3108 damnatione
1662 3045 1847 3102 Eccle-
1947 3061 2185 3125 1mm”).
2220 3081 2257 3128 ι,
2290 3080 2412 3136 α,ρο
2442 3068 2533 3123 45.

230 3170 335 3226 size
357 3167 643 3227 catholica:
670 3175 697 3201 ἰ
720 3170 776 3219 et
804 3156 1213 3217 consuetudinis
1244 3153 1634 3245 Romanorum.
1682 3144 1847 3217 proji-
1873 3181 1918 3245 C
2023 3155 2078 3212 8,
2109 3156 2350 3212 Teum",
2375 3178 2388 3214 ε
2416 3178 2434 3212 ,
2460 3158 2868 3217 pmdicandum
2886 3172 2971 3219 es,
2990 3165 3151 3221 “iam
3179 3175 3237 3223 ut
3256 3168 3551 3239 periurium

231 3266 409 3320 ciatur
428 3260 497 3317 ab
527 3257 770 3315 Ecclesia
799 3255 941 3309 sicut
962 3250 1269 3312 haereticus,
1300 3244 1328 3284 δ
1362 3244 1465 3300 nisi
1516 3242 1709 3297 habeat
1742 3253 1850 3310 ρω-
1890 3242 1916 3245 “
1955 3248 2143 3306 ﬁdeles
2170 3261 2419 3321 (ιενθεηι,
2451 3272 2470 3305 ,
2506 3264 2637 3322 etc.,
2664 3257 3043 3329 dcpmmpmm
3067 3268 3153 3316 es,
3179 3278 3246 3318 ex
3275 3261 3532 3320 Gmiano

232 3356 563 3414 nitentiatn:
609 3352 656 3407 si
706 3347 975 3413 habuerit,
1024 3344 1211 3400 decem
1262 3353 1432 3395 annos
1481 3338 1760 3408 paeniteat.
1793 3331 1851 3388 Si
1958 3353 2320 3414 umquam.
2347 3306 2462 3409 “Ic.
2494 3306 2701 3419 “"1",
2739 3306 2960 3417 'quidejn
2994 3306 3560 3422 ρήξτὶξςθέςιῖξζξέξὶ

234 3451 530 3508 recesserit
561 3446 629 3502 ab
672 3442 916 3500 Ecclesia
963 3438 1225 3495 catholica
1277 3439 1328 3489 in
1375 3430 1829 3502 congregationen

1957 3451 2224 3493 canonum
2265 3436 2607 3503 collectofes,
2643 3444 2975 3509 Anselmum,
3030 3446 3120 3500 lib.
3152 3462 3209 3511 ιι,
3261 3450 3557 3505 secundum

234 3543 649 3604 hereticorum,
674 3548 727 3592 et
749 3535 871 3589 aliis
900 3528 1252 3603 persuaserit,
1281 3538 1334 3583 et
1366 3533 1552 3597 postea
1577 3520 1847 3592 pteniten-
1960 3546 2064 3585 ms,
2119 3530 2399 3599 Ger-mam,
2441 3549 2489 3589 c.
2557 3533 2650 3600 58,
2703 3534 3095 3604 Burehardum,
3127 3537 3217 3594 lib.
3249 3556 3343 3604 ιιι,
3372 3556 3421 3596 c.
3467 3544 3558 3611 14,

237 3636 380 3690 tiam
404 3633 594 3704 egerit,
618 3628 900 3685 duodecim
922 3639 1095 3680 annos
1112 3623 1391 3694 poeniteat,
1413 3627 1643 3689 quatuor
1675 3611 1854 3687 (apud
1960 3621 2204 3691 Ivouem,
2250 3641 2303 3695 p.
2339 3625 2426 3693 12,
2459 3642 2508 3682 c.
2543 3628 2633 3692 7i,
2687 3628 2825 3698 apud
2878 3645 3015 3701 quos
3063 3631 3209 3689 velut
3235 3649 3299 3689 ex
3329 3633 3563 3692 decretis

238 3728 570 3786 Anselninm
601 3730 724 3796 tres)
752 3738 925 3776 annos
954 3730 1109 3776 extra
1135 3716 1444 3778 ecclesiam,
1479 3723 1533 3769 et
1552 3728 1646 3768 sex
1678 3708 1857 3784 (apud
1962 3716 2306 3790 Eutychum.
2338 3736 2389 3775 ε,
2428 3720 2520 3787 36,
2555 3721 2756 3790 Parim.
2818 3726 3032 3781 cium".
3090 3727 3334 3786 Ρθηίηει
3383 3739 3563 3788 tamen

241 3824 500 3881 eumdem
530 3816 747 3890 septem)
780 3817 922 3872 inter
946 3812 1242 3877 auditores,
1278 3818 1332 3865 et
1358 3809 1495 3864 duos
1510 3805 1688 3862 adhuc
1705 3817 1857 3860 extra
1962 3810 2029 3865 ad
2057 3810 2415 3868 Theodull‘um
2447 3813 2897 3873 Aurelianensem
2928 3822 3265 3892 episcopum,
3291 3838 3415 3895 cap.
3471 3825 3565 3892 26,

243 3916 708 3975 communionem.
740 3913 813 3964 De
840 3908 924 3962 bis
953 3908 1004 3961 in
1032 3916 1055 3943 ο
1096 3919 1303 3960 canone
1323 3902 1544 3965 dicitur,
1566 3911 1623 3954 ut
1649 3899 1861 3954 decimo
1965 3905 2105 3976 apud
2138 3904 2504 3974 Smnondum,
2558 3917 2690 3964 tom.
2718 3925 2754 3964 tt
2780 3925 2934 3967 conc.
2964 3912 3127 3981 Gall.,
3160 3930 3284 3988 pag.
3315 3917 3443 3973 m7,

248 4026 404 4066 anno
433 4005 865 4063 communionem
897 4000 1013 4054 sine
1040 3998 1314 4053 oblatione
1343 3994 1630 4063 accipiant.
1664 3991 1720 4047 Si
1747 3990 1862 4060 epi-
2034 3999 2087 4055 9.
2115 3998 2207 4054 His
2228 3999 2507 4071 subjicitur
2536 4012 2814 4073 quartum:
2869 4023 2891 4057 ι
2916 4004 2972 4061 Si
3016 4007 3137 4077 quis
3187 4009 3556 4066 membrorum

251 4114 464 4172 scapus
486 4106 577 4152 aut
604 4096 773 4151 abbas
812 4093 966 4164 jubet
1022 4089 1287 4145 monacho
1328 4102 1428 4142 suo
1476 4102 1571 4156 pro
1603 4082 1829 4138 lucretio}

1977 4095 2362 4162 truncaliones,
2398 4104 2454 4151 et
2480 4095 2764 4152 dumorum
2797 4098 3040 4155 incendia
3067 4100 3279 4169 fecerit,
3312 4102 3427 4160 sive
3452 4104 3571 4162 ﬁeri

250 4194 488 4252 ωοτῑυίε
512 4206 707 4247 ""5535
734 4196 959 4244 οθυιθνθ
983 4183 1087 4258 (θῃ
1105 4183 1270 4239 verba
1293 4197 1323 4236 ³
1351 4180 1610 4238 Gratim“)
1633 4174 1869 4248 Immin“)
1971 4188 2210 4259 jusserit,
2244 4198 2335 4243 aut
2363 4187 2581 4243 facienti
2611 4194 2969 4256 consenserit,
3011 4209 3118 4264 quo
3146 4210 3317 4266 usque
3368 4196 3439 4253 de
3484 4196 3572 4253 his

252 4305 364 4345 non
393 4288 525 4343 licet
567 4294 622 4339 et
652 4298 759 4337 non
790 4278 1009 4350 expedit
1044 4276 1268 4332 obedire
1297 4275 1401 4330 eis.
1463 4274 1522 4329 Si
1550 4272 1829 4343 presbyter

1977 4281 2261 4352 unicuique
2311 4282 2552 4351 legalitcr
2603 4293 2657 4338 et
2687 4285 3047 4342 amicabilitcr
3093 4302 3275 4345 coram
3321 4291 3576 4363 episcopo

254 4383 570 4455 conligcril.
603 4379 695 4435 ubi
721 4377 940 4433 missam
971 4376 1292 4438 caﬂlavcl‘il.
1312 4380 1366 4428 et
1392 4371 1530 4425 alius
1564 4368 1875 4424 recitaverit
1976 4372 2209 4447 civitatis
2239 4372 2468 4442 aliiSque
2496 4374 2703 4429 civibus
2730 4392 2835 4430 non
2865 4379 3253 4448 emendaverit,
3284 4381 3354 4437 ab
3395 4382 3578 4439 Eccleo

256 4481 480 4538 mmm
518 4488 878 4536 mgnum-nm,
939 4467 1039 4527 etd
1071 4470 1234 4525 simul
1286 4470 1646 4524 nominaverit
1695 4464 1870 4520 htere-
1896 4536 1940 4544 -_
1977 4463 2055 4518 sia
2077 4478 2136 4519 se
2170 4464 2432 4534 privatum
2461 4478 2772 4539 cognoscat.
2811 4469 2866 4526 Si
2888 4485 3018 4526 vero
3061 4485 3183 4544 post
3208 4476 3499 4531 secundam
3523 4485 3580 4533 et

262 4576 402 4631 ticos
453 4587 580 4628 cum
620 4565 926 4629 catholicis,
958 4566 1004 4618 si
1066 4573 1187 4634 post
1246 4563 1465 4617 missam
1518 4536 2191 4621 intellexerit,Dtertiam
2222 4536 2635 4615 conventionem
2689 4571 2902 4628 cuncta,
2961 4564 3012 4618 in
3062 4536 3260 4635 quibus
3314 4571 3556 4641 arguitur

266 4613 402 4631 "pug
453 4613 580 4628 vv"-
621 4613 926 4629 ‘u'uvuvn'
959 4613 1004 4618 "
1066 4613 1185 4634 ⁵⁷⁷⁷⁷⁷
1247 4613 1298 4617 “’
1327 4613 1372 4616 ⁷η
1855 4613 1868 4621 ”
2375 4613 2378 4614 ⁷
2701 4613 2712 4615 -
2745 4613 2902 4628 ⁷“⁷“-“1
2962 4613 3010 4618 ---
3067 4613 3075 4617 ~
3110 4613 3258 4622 ν--η-
3314 4613 3363 4624 η..
3419 4613 3543 4625 -...,.,

263 4667 608 4729 hebdomada
637 4676 663 4704 ε
695 4664 982 4736 pmniteat:
1012 4660 1057 4714 si
1091 4662 1399 4729 frequenter
1428 4656 1638 4719 fecerit,
1671 4669 1871 4709 annum
1980 4664 2086 4701 non
2114 4651 2507 4711 emendaverit,
2563 4660 2832 4723 tamquam
2890 4613 3141 4712 ethnicus
3179 4670 3230 4712 et
3262 4613 3581 4730 puliloicanus

265 4768 536 4837 integrum
567 4762 851 4832 paeniteat.
875 4756 929 4813 Si
959 4755 1080 4825 quis
1108 4762 1286 4808 autem
1318 4769 1413 4822 pro
1438 4760 1608 4805 morte
1637 4747 1874 4802 lucretici
1979 4742 2047 4796 ab
2090 4742 2237 4797 omni
2292 4743 2709 4799 christiauorum
2763 4746 2993 4818 collegio
3058 4761 3339 4819 separetur
3360 4771 3380 4805 ι
3437 4754 3581 4822 quod

268 4833 493 4917 missam
519 4852 879 4916 ortlinaverit,
928 4862 984 4903 ut
1018 4862 1114 4917 pro
1145 4844 1402 4917 religione
1430 4858 1526 4897 sua
1558 4839 1576 4878 ι’
1608 4839 1724 4909 ejus
1754 4840 1877 4894 reli-
1981 4834 2107 4890 licet
2135 4833 2445 4899 Gratianus,
2474 4853 2631 4899 χχιιι,
2664 4846 2854 4906 qua-st.
2885 4839 2940 4903 8,
2964 4854 3013 4893 c.
3044 4841 3133 4901 5i,
3192 4855 3310 4911 post
3338 4845 3578 4911 lvuuem,

271 4955 430 5027 quias
484 4951 561 5007 ibi
592 4947 848 5007 tenuerit.
890 4952 944 4999 et
991 4941 1165 4998 nescit
1193 4938 1552 4994 differentiam
1599 4935 1878 4988 Catholica:
1982 4930 2147 4999 p.15,
2167 4945 2214 4985 c.
2237 4930 2326 4991 40.
2351 4941 2401 4985 et
2422 4930 2815 4994 Burcliardum,
2842 4931 2935 4985 lib.
2962 4948 3035 4997 XI,
3068 4949 3119 4988 c.
3134 4935 3227 5001 50,
3249 4935 3584 5009 Eutychiano

276 5048 443 5110 ﬁdei;
474 5057 526 5102 et
559 5054 745 5115 postea
778 5039 1122 5099 intellexerit,
1181 5032 1657 5103 poenitentiintque
1689 5027 1877 5096 egerit,
1983 5025 2260 5089 attribuat,
2291 5040 2356 5078 eo
2384 5033 2563 5078 tamen
2597 5024 3007 5096 recentiusjnre
3034 5028 3298 5087 videatur.
3507 5021 3510 5024 ’

279 5140 542 5209 reliquias
567 5137 639 5192 ibi
660 5136 827 5190 debet
855 5134 976 5201 igne
1003 5141 1375 5191 canerentare,
1408 5134 1461 5180 et
1488 5139 1689 5179 annum
1716 5135 1880 5175 unum
1934 5133 1938 5136 ’
2060 5121 2150 5177 10.
2182 5120 2436 5188 Quintum
2484 5137 2497 5175 :
2532 5136 2551 5171 ε
2597 5118 2651 5174 Si
2684 5120 2804 5191 quis
2830 5120 3049 5192 gentilis
3085 5128 3339 5196 gentile",
3362 5143 3587 5186 uxorem

278 5231 567 5308 panitet“.
610 5230 880 5287 Stantem
922 5225 1045 5290 scit,
1097 5231 1151 5277 et
1193 5219 1514 5292 neglexerit,
1571 5216 1884 5288 pmtiitetttia
1990 5216 2395 5273 dimiseritante
2423 5214 2824 5286 b-tptismnur;r
2861 5226 2919 5274 et
2948 5230 3182 5290 sextum,
3209 5222 3377 5279 Simili
3427 5224 3590 5282 modo

273 5307 635 5387 commotus:
664 5325 856 5382 decem
904 5336 1073 5377 annos
1130 5319 1409 5391 paeniteat.
1452 5315 1509 5371 Si
1540 5315 1660 5384 quis
1704 5329 1732 5367 a
1784 5310 1889 5366 ﬁde
1994 5311 2038 5365 si
2067 5323 2281 5365 unusex
2295 5307 2596 5379 conjugatis
2625 5308 2929 5381 baptizatus
2955 5323 3039 5368 est
3063 5323 3120 5370 et
3148 5316 3285 5372 alter
3303 5317 3537 5387 gentilis,
3563 5338 3584 5373 ι

1464 5446 1843 5507 LECTIONES
1878 5443 1969 5500 VA
1980 5442 2294 5501 RIANTES.
2956 5490 2981 5499 -

1261 5590 1394 5658 apud
1429 5588 1575 5643 Hier.
1599 5602 1695 5641 non
1717 5592 1889 5640 exact.
2066 5587 2090 5614 ε
2123 5583 2333 5647 Jejunet
2351 5583 2487 5649 apud
2510 5583 2654 5637 Hier.

2035 5644 2468 5727 ﬁeliquias'de
2505 5648 2592 5700 lllo
2624 5651 2817 5714 fecerit,
2859 5652 2977 5717 quia
3013 5650 3223 5707 multum
3258 5656 3529 5727 jejunavit,
3553 5673 3613 5722 ex,

1995 5715 2166 5782 me
2188 5710 2322 5782 aeut
2345 5711 2491 5782 μίαν.
2591 5773 2696 5782 ._.

2061 5774 2087 5815 ⁸
2112 5772 2446 5841 Quadraginta
2469 5775 2603 5841 apud
2625 5773 2766 5826 Hier.

347 5609 376 5637 ⁸
412 5604 478 5658 Et
500 5602 873 5655 consuetudinis
891 5598 1222 5648 Romanorum

346 5665 380 5708 h
414 5668 527 5733 [ﬁsi
556 5662 843 5733 retinuerit
864 5660 996 5727 apud
1020 5658 1160 5712 Hier.

352 5736 377 5763 ε
418 5731 476 5794 [ﬂ
502 5726 691 5794 synodo
725 5726 931 5794 Hieron.

352 5795 383 5841 tt
418 5780 486 5847 Et
508 5780 555 5843 si
579 5803 735 5842 unum
757 5787 1078 5840 nominaverit
1098 5785 1385 5837 baeretieum
1410 5780 1543 5848 apud
1567 5781 1685 5832 Atta.
