4230 6212
627 279 732 345 163

1246 269 1670 338 EUTYClllANl
1710 267 1915 334 PAPE
1956 268 2408 334 EXIIORTATIO
2436 273 2529 332 AD
2568 269 3096 344 PRESBYTEROS,
3139 275 3290 334 ETC.

3819 275 3926 336 tot
4003 258 4021 273 ‘

629 404 915 460 Gratianus
953 416 1145 466 xxvtu,
1201 405 1394 470 qumst.
1429 397 1478 462 1,
1526 410 1574 450 c.
1611 393 1647 448 2
1693 402 1748 448 ct
1799 395 1833 447 5
1885 390 2207 462 suppeditat.
2237 387 2291 448 Α
2319 397 2426 443 tum
2478 405 2617 453 esse,
2666 401 2720 446 et
2773 391 2824 446 in
2853 407 2935 455 ea,
2984 391 3124 446 sicut
3155 400 3209 446 et
3251 392 3304 448 in
3345 390 3584 458 Oriente,
3629 390 3822 447 saltem
3855 392 3922 447 ad

631 495 764 552 lluic
790 496 1142 566 przrlttserant
1167 489 1534 551 Bureltardus,
1589 488 1680 541 lib.
1712 504 1798 552 ιιι,
1831 503 1879 540 c.
1927 487 1995 541 :19
2024 495 2078 540 ct
2129 487 2220 552 (10,

629 605 839 644 necnon
865 589 974 652 lvo,
1005 604 1056 656 p.
1077 586 1131 650 8,
1154 600 1201 638 c.
1228 585 1328 640 193
1351 593 1405 638 ct
1429 580 1550 638 196.
1575 579 1871 651 Utrumque
1893 581 2221 650 descriptum

627 693 711 739 cst
735 700 796 737 ex
823 678 1182 737 Pamiteutiali
1211 675 1479 732 Theodori
1511 673 1766 730 Cantuar.
1800 689 1919 743 cap.
1955 674 2021 728 1⁸5
2051 682 2107 728 et
2130 673 2220 738 15,

627 785 688 831 ιιι
716 775 901 830 videre
922 782 1004 828 est
1025 771 1163 846 apud
1183 771 1588 837 Petitum,tom.
1615 785 1652 834 ι,
1685 783 1802 846 pag.
1832 769 1920 834 11,
1946 777 1999 823 et
2021 767 2226 822 Dache—

627 871 764 925 rium
793 867 1074 938 Spicileg.,
1105 876 1237 922 tom.
1265 882 1340 924 Ix.

699 965 786 1018 ll.
814 960 967 1030 Quod
997 961 1228 1032 Septimo
1254 960 1270 1014 l
1295 975 1374 1014 vco
1403 975 1432 1015 e
1455 957 1731 1022 Gratiano,
1759 972 1927 1022 xxxv,
1953 963 2147 1027 quiest.
2165 953 2221 1020 6,

624 1073 674 1114 c.
707 1055 763 1122 7,
818 1053 1146 1122 descriptum
1197 1062 1280 1108 est
1317 1054 1380 1107 de
1419 1054 1712 1125 juramento
1758 1049 2018 1122 synodali,
2071 1046 2226 1118 cujus

623 1149 834 1204 initium
863 1166 877 1202 :
913 1165 932 1199 ι
967 1146 1267 1216 Episcopus
1317 1145 1369 1198 in
1397 1143 1607 1217 synodo
1636 1143 1904 1208 residens,
1943 1151 2063 1212 post
2093 1154 2225 1194 eon-

625 1255 812 1312 gruam
831 1238 1286 1304 exhortationem,
1301 1247 1510 1307 septem
1529 1252 1590 1290 ex
1615 1235 1772 1305 plebe
1790 1235 1910 1304 ejus
1931 1232 2222 1303 parochim,

627 1335 711 1390 vel
739 1350 804 1388 eo
831 1335 1080 1405 amplius,
1111 1342 1270 1403 prout
1313 1330 1512 1385 viderit
1549 1327 1825 1400 expedire,
1879 1327 2224 1393 maturiores,

628 1428 967 1484 honestiores
992 1436 1152 1495 atque
1185 1425 1490 1479 vet-.tciores
1519 1423 1666 1477 viros
1696 1421 1854 1476 debet
1905 1422 1956 1475 in
1990 1421 2226 1475 medium

625 1521 911 1586 advocare,
932 1528 1035 1573 etc.
1062 1537 1081 1570 ι
1104 1516 1292 1573 eadem
1309 1517 1517 1570 ratione
1540 1514 1840 1569 referturet
1869 1513 2008 1582 apud
2036 1512 2227 1567 Ansel-

627 1633 771 1673 munt
807 1618 898 1670 lib.
929 1631 1004 1678 vt,
1031 1613 1324 1670 secundum
1358 1627 1458 1667 ms.
1488 1610 1770 1679 German.,
1804 1626 1854 1665 c.
1890 1609 2013 1665 HG.
2063 1608 2230 1664 Extat

626 1721 681 1766 et
705 1709 843 1781 apud
869 1707 1260 1770 Burchardnm,
1295 1706 1389 1761 lib.
1415 1722 1454 1769 ι,
1487 1721 1607 1775 cap.
1639 1705 1700 1761 9|
1737 1717 1786 1759 et
1836 1703 1930 1768 99.,
1963 1703 2107 1757 velut
2163 1717 2227 1756 ex

2328 493 2728 552 scxtumusque
2766 485 3046 548 srrculum,
3102 483 3242 538 httnc
3293 486 3590 540 obtinuisse
3640 501 3815 550 ttsum,
3869 497 3928 540 ut

2329 577 2691 630 testimonium
2739 577 2932 632 dicturi
2983 578 3264 646 Evangelia
3294 579 3395 634 sibi
3439 579 3734 650 propOsita.
3783 577 3927 634 nulla

2327 680 2600 722 sacrarum
2671 669 3020 760 reliquiarum
3073 672 3344 726 mentione
3392 673 3549 737 facta,
3607 679 3924 742 tangerent:

2327 763 2480 832 cujus
2508 766 2584 818 rei
2610 765 2768 820 fidem
2798 767 2994 822 facient
3017 766 3244 837 epistola
3278 765 3345 822 15
3375 765 3555 838 Vigilii
3587 779 3760 836 papae,
3787 780 3837 819 ιι.
3870 763 3926 830 2,

2330 857 2582 928 Pelagii]
2628 857 2984 931 fragmenttnu
3020 862 3112 927 44,
3163 859 3231 916 ad
3275 859 3615 919 Decoratutu.
3651 857 3928 936 Mopsues-

2328 962 2468 1008 tenzt:
2491 955 2682 1027 synodi
2723 965 2873 1025 gesta
2906 957 3118 1011 concilii
3148 956 3317 1028 quinti
3345 957 3615 1028 generalis
3663 957 3861 1019 actioni
3894 953 3928 1010 5

2327 1047 2552 1110 inserta,
2577 1061 2788 1102 sextum
2811 1050 3101 1105 Concilium
3119 1051 3391 1120 generale,
3415 1059 3522 1106 act.
3541 1050 3630 1116 M,
3651 1066 3777 1131 pag.
3797 1051 3924 1107 977.

2330 1144 2636 1216 Superioris
2704 1155 2882 1201 autem
2933 1147 3176 1203 formula:
3223 1147 3562 1216 adhibenda),
3625 1165 3719 1205 seu
3767 1165 3929 1222 supra

2329 1237 2604 1314 Reliquias
2621 1238 2838 1310 jurandi
2866 1251 3192 1314 praeceptum
3225 1241 3364 1314 apud
3391 1241 3690 1310 Baluzium,
3726 1252 3855 1295 IOIIl.
3886 1257 3924 1307 ι,

2329 1332 2558 1404 C'tpitttl.
2593 1334 2644 1388 in
2667 1333 2960 1404 ('apitulari
2988 1351 3065 1404 tv,
3109 1337 3234 1390 anni
3257 1336 3382 1404 805,
3416 1337 3532 1393 sive
3570 1338 3638 1392 de
3667 1337 3786 1410 lege
3835 1337 3932 1392 Ri-

2331 1429 2643 1496 puariense,
2681 1445 2801 1499 cap.
2833 1430 2923 1492 57,
2971 1446 3094 1505 pag.
3143 1432 3272 1498 598,
3299 1442 3352 1486 et
3391 1432 3532 1504 apud
3583 1432 3932 1494 Sirmoudum

2333 1533 2466 1578 tom.
2497 1541 2556 1592 ιι,
2609 1541 2764 1580 conc.
2795 1526 2979 1590 ‘Gall.,
3014 1543 3130 1598 pag.
3183 1526 3310 1593 916,
3363 1527 3557 1597 legitur
3587 1527 3672 1586 his
3717 1528 3932 1586 verbis:

2339 1635 2357 1666 ι
2384 1615 2554 1672 Omne
2582 1627 2978 1673 sacramentum
3005 1617 3057 1684 in
3089 1617 3338 1674 Ecclesia
3373 1630 3465 1676 aut
3490 1633 3648 1690 supra
3680 1619 3938 1690 reliquias

2330 1707 2577 1777 juretur:
2604 1719 2654 1763 ct
2685 1694 2827 1785 quod
2860 1711 2910 1764 in
2945 1709 3184 1766 Ecclesia
3213 1710 3502 1788 juranulum
3531 1723 3637 1776 est,
3671 1711 3760 1768 vel
3811 1727 3936 1768 cum

627 1804 862 1858 decretis
899 1801 1218 1873 Eutychiani
1270 1814 1444 1869 papm,
1497 1813 1616 1867 cap.
1647 1799 1701 1854 9.
1735 1797 1841 1853 Sed
1893 1795 2034 1867 apud
2083 1793 2227 1848 hunc
2256 1799 2430 1860 Bsex
2465 1801 2674 1864 electis,
2708 1801 2813 1866 vel,
2870 1803 2912 1856 si
2964 1801 3246 1856 duodecim
3305 1819 3428 1859 esse
3480 1803 3703 1870 debent,
3753 1804 3940 1874 quales

626 1913 744 1966 cap.
773 1895 844 1952 9?.
887 1906 941 1950 et
988 1895 1060 1950 93
1098 1893 1458 1962 subjiciuntur
1499 1892 1568 1948 88
1605 1891 1867 1961 capitula,
1921 1891 1988 1944 de
2033 1888 2230 1958 quibus

627 1992 768 2045 velut
799 2005 862 2044 ex
896 1987 1136 2058 ejusdem
1173 1986 1492 2059 Etttycltiani
1537 1997 1809 2060 princepto
1865 1981 2228 2053 interrogandi

627 2085 736 2138 sint
755 2084 843 2154 qui
873 2086 1020 2154 prius
1044 2091 1386 2138 sacramento
1417 2080 1660 2152 synodali
1692 2094 1752 2135 se
1779 2077 2224 2134 constrinxerint.

630 2175 796 2230 Pnrrn
825 2189 1015 2228 omnes
1046 2174 1120 2227 illi
1153 2173 1474 2228 collectores
1505 2171 1556 2224 itt
1591 2171 1690 2226 hac
1733 2167 2059 2224 sacramenti
2117 2167 2228 2220 lor—

631 2269 772 2324 mula
817 2267 1186 2332 consentiunt,
1219 2281 1322 2337 qua
1382 2264 1602 2320 (allatis
1657 2265 1976 2320 Sanctorum
2031 2263 2224 2331 pigno-

628 2367 798 2426 ribus,
827 2380 846 2414 ι
910 2377 939 2414 a
989 2361 1201 2429 iurante
1257 2359 1489 2428 exigitur
1524 2358 1708 2428 «quod
1757 2366 1810 2410 ttt
1864 2371 1964 2412 nec
2011 2365 2232 2426 propter

627 2471 888 2521 amorem,
925 2469 1022 2508 nec
1055 2462 1274 2522 propter
1331 2454 1600 2517 timorem,
1665 2465 1762 2505 nec
1822 2458 2045 2520 preptcr
2095 2464 2234 2519 pra:-

629 2547 818 2610 mium,
877 2560 976 2600 nec
1004 2553 1223 2615 propter
1255 2543 1583 2613 parentelam
1616 2541 1882 2597 ullatenus
1925 2541 2069 2596 celes
2114 2542 2232 2611 epi-

629 2657 875 2711 scopum,
903 2651 995 2694 aut
1025 2641 1144 2708 ejus
1175 2640 1399 2694 missum
1433 2639 1519 2694 cui
1551 2639 1653 2692 hoc
1683 2638 1959 2709 inquirere
1985 2635 2230 2704 jusserit,

629 2733 1076 2804 quandocumque
1103 2749 1168 2789 ex
1195 2734 1296 2788 hoc
1327 2742 1379 2789 te
1408 2733 1840 2802 interrogaret-it.
1874 2731 1971 2786 Sid
2002 2740 2048 2783 te
2093 2728 2234 2784 Deus

628 2830 854 2897 adittttet,
879 2839 924 2883 et
952 2831 1065 2884 ista:
1091 2829 1399 2884 Sanctorum
1438 2829 1718 2898 reliquae.»
1754 2827 1852 2882 Cui
1905 2827 2096 2880 similis
2151 2831 2236 2881 est

629 2927 727 2981 ista
749 2923 1115 2994 interrogandi
1145 2923 1374 2978 l'ortnula
1397 2922 1535 2993 apud
1550 2922 1889 2986 Gratianum,
1925 2921 2080 2986 ibid.,
2102 2936 2153 2975 c.
2173 2920 2230 2986 5,

629 3020 794 3076 relata
828 3019 880 3073 in
916 3017 1056 3072 hunc
1099 3016 1350 3071 modum:
1409 3034 1428 3068 ι
1458 3015 1530 3070 De
1587 3017 1683 3072 ista
1734 3014 2030 3086 parentela,
2071 3029 2230 3095 quam

629 3115 815 3168 dicunt
835 3126 955 3167 esse
983 3112 1123 3166 inter
1149 3110 1298 3164 illum
1318 3109 1382 3165 N.
1409 3120 1463 3166 et
1483 3111 1624 3164 inter
1645 3108 1789 3163 illam
1810 3108 1928 3178 ejus
1945 3108 2229 3178 conjugcm

2337 1894 2569 1961 potuerit
2609 1893 2889 1958 invenire;
2918 1903 2971 1960 et
3000 1895 3078 1949 sic.
3098 1894 3280 1966 juret:
3317 1895 3406 1951 Sic
3436 1895 3583 1950 illum
3612 1894 3748 1954 Dem
3780 1897 3940 1969 adju-

2333 1996 2432 2048 ret,
2467 1996 2511 2040 et
2535 1988 2612 2040 illi
2642 1986 2824 2042 Sancti
2853 2003 3071 2060 quorum
3098 1987 3207 2043 ista:
3230 1989 3457 2055 reliquid:
3497 2001 3636 2054 sunt,
3695 1997 3752 2044 ut
3795 1990 3945 2045 dicat

2333 2077 2636 2132 veritatem.
2656 2097 2672 2130 ι
2707 2078 2956 2150 Ejusdem
2979 2082 3054 2135 rei
3081 2091 3408 2152 prmccptmn
3427 2092 3588 2156 atque
3619 2097 3772 2140 usum
3796 2081 3946 2153 apud

2333 2170 2644 2241 pra-dictum
2681 2171 2978 2239 Baluzittm,
3013 2189 3132 2244 pag.
3180 2173 3268 2240 60,
3303 2175 3485 2231 videre
3530 2185 3606 2231 est
3658 2175 3710 2232 in
3763 2175 3938 2247 Daga-

2335 2261 2474 2315 bcrti
2507 2263 2648 2334 regis
2675 2263 2970 2334 Capitnlari
3002 2281 3056 2328 ιι,
3093 2267 3217 2318 anui
3239 2264 3367 2336 650,
3393 2268 3508 2322 sive
3541 2267 3663 2336 lege
3687 2267 3950 2324 Alaman-

2335 2374 2548 2424 norum,
2573 2374 2692 2432 cap.
2714 2360 2766 2425 7,
2789 2360 2878 2414 ubi
2899 2363 3172 2418 sancitur:
3203 2383 3221 2416 ι
3243 2362 3346 2420 Ista
3370 2372 3710 2430 sacramenta
3738 2363 3949 2431 debent

2335 2468 2456 2508 esse
2488 2454 2689 2524 jurata,
2724 2464 2782 2508 ιιι
2827 2454 2902 2510 illi
2952 2456 3325 2526 conjuratores
3372 2473 3562 2514 manus
3608 2473 3734 2517 suas
3777 2473 3950 2529 super

2335 2561 2550 2618 capsam
2595 2557 2816 2623 ponant,
2863 2559 2918 2604 et
2945 2548 3035 2603 ille
3072 2549 3237 2612 Solus,
3290 2549 3375 2606 cui
3414 2566 3574 2609 causa
3613 2551 3946 2628 require-tur,

2334 2642 2497 2697 verba
2533 2650 2736 2696 tantum
2765 2642 2930 2711 dicat,
2963 2653 3018 2697 et
3040 2658 3202 2713 super
3229 2645 3468 2698 omnium
3497 2659 3688 2698 manus
3719 2658 3945 2698 manum

2337 2750 2490 2789 suam
2511 2738 2769 2805 imponat,
2791 2743 2846 2788 ut
2865 2737 2943 2789 sic
2963 2735 3034 2788 illi
3059 2736 3198 2790 Deus
3215 2735 3430 2806 adjuvet
3447 2737 3532 2792 vel
3555 2735 3658 2790 illa:
3677 2736 3945 2806 reliquiae,

2336 2838 2442 2881 etc.
2458 2846 2476 2878 ι
2511 2826 2644 2881 Vide
2667 2825 2957 2882 concilium
2987 2825 3474 2882 Francol‘ordieuse
3491 2842 3634 2881 anno
3656 2826 3758 2884 794
3781 2826 3953 2882 Cele—

2336 2920 2570 2985 bratum,
2601 2936 2722 2974 can.
2751 2919 2806 2987 9,
2833 2920 2918 2980 ubi
2945 2928 3036 2974 aut
3064 2920 3220 2974 laetis
3267 2919 3594 2990 Evangeliis,
3621 2928 3714 2976 aut
3757 2935 3951 2975 coram

2335 3013 2622 3094 propOsitis
2644 3013 2882 3084 reliquiis
2905 3012 3116 3082 jnrandi
3154 3029 3269 3066 tuos
3290 3011 3576 3068 indicatur.

2413 3107 2497 3162 15.
2558 3107 2838 3161 Decretum
2906 3105 3064 3160 illud:
3120 3105 3320 3160 Malum
3361 3121 3604 3178 magnum
3663 3106 3948 3174 ebrietatis,

628 3209 694 3264 N.
725 3207 983 3279 quidquid
1005 3207 1131 3262 inde
1151 3207 1259 3261 scis
1280 3216 1372 3260 aut
1399 3205 1593 3260 audiati
1637 3220 1666 3259 a
1702 3205 1807 3259 tuis
1835 3204 2045 3266 vicinis,
2077 3214 2168 3259 aut
2195 3219 2224 3272 ιι
2253 3206 2297 3268 C
2330 3201 2469 3272 qttod
2492 3215 2557 3254 ex
2591 3199 2847 3259 librorum
2869 3215 2979 3260 xvt.
3007 3199 3144 3254 libro
3162 3215 3275 3266 xw,
3308 3216 3427 3271 cap.
3448 3197 3503 3268 2,
3528 3200 3801 3272 vulgatum
3833 3209 3950 3266 est,

631 3303 735 3357 tuis
781 3300 1174 3370 antiquioribus
1234 3300 1568 3370 propinquis,
1617 3299 1758 3380 quod
1793 3309 1847 3352 tu
1893 3313 1988 3368 per
2020 3296 2223 3351 uullttut

633 3395 932 3466 ingenium,
977 3408 1077 3448 nec
1109 3403 1333 3464 propter
1361 3408 1626 3460 antorem,
1660 3407 1760 3448 nec
1791 3401 2015 3462 propter
2068 3391 2230 3446 timo-

631 3505 769 3554 rem,
797 3499 888 3542 aut
942 3503 1038 3558 per
1065 3487 1380 3558 pra'mium,
1429 3494 1520 3538 aut
1554 3500 1650 3554 per
1697 3483 2226 3554 consanguinitatem

629 3581 831 3638 celabis
859 3580 1170 3650 episcopum
1194 3589 1364 3639 tuum,
1421 3586 1512 3632 aut
1562 3576 1682 3647 cjus
1709 3576 1932 3629 missum
1983 3573 2069 3628 cui
2125 3571 2229 3627 hoc

629 3675 902 3746 inquirere
926 3673 1166 3745 jusserit,
1196 3671 1646 3744 quandocumque
1675 3680 1728 3725 te
1770 3684 1834 3723 ex
1867 3669 1970 3722 hoc
1995 3667 2228 3722 interro-

628 3769 853 3839 gaverit.
885 3768 972 3824 Sic
998 3777 1048 3822 te
1078 3765 1212 3820 Deus
1233 3766 1460 3834 adjuvet,
1492 3774 1538 3818 et
1584 3765 1696 3817 ista:
1739 3763 2061 3817 Sanctorum
2109 3760 2231 3813 reli-

629 3861 778 3930 quiaz.
803 3878 824 3914 ι
861 3861 1020 3930 Atqui
1067 3859 1182 3914 hac
1223 3858 1512 3914 novissima
1565 3855 1788 3911 formula
1818 3855 1977 3926 (qum
2007 3861 2062 3906 et
2089 3851 2228 3921 apttd

631 3951 1006 4020 Burchardnrn
1028 3952 1122 4014 lib.
1146 3966 1238 4017 vn,
1261 3966 1308 4006 c.
1325 3951 1417 4012 25,
1437 3959 1492 4004 et
1511 3947 1646 4019 apud
1666 3947 1904 4010 lvonetn,
1923 3961 1974 4014 p.
1991 3945 2044 4013 9,
2066 3960 2114 3999 c.
2136 3943 2225 4010 6|,

629 4045 993 4117 anepigrapha
1020 4055 1140 4110 est;
1171 4060 1346 4116 neque
1382 4042 1548 4106 enim,
1586 4051 1643 4096 ut
1686 4050 1943 4111 putarunt
1971 4036 2227 4093 Pittneaui

631 4139 852 4205 fratres,
881 4139 950 4198 ad
983 4139 1120 4194 hanc
1153 4139 1386 4210 pertinet
1405 4135 1774 4206 superioribus
1815 4133 2051 4189 decretis
2091 4146 2228 4200 prte-

631 4233 733 4288 tixa
768 4231 1013 4304 Gregorii
1036 4248 1102 4288 ex
1151 4233 1380 4287 concilio
1427 4231 1587 4284 Rom.
1623 4224 1837 4299 citatio)
1889 4243 1919 4280 a
1971 4225 2231 4282 Gratiano

629 4337 687 4382 ut
712 4342 778 4383 ex
797 4326 1001 4382 Ordine
1028 4326 1272 4380 Romano
1291 4325 1507 4380 citatur.
1541 4323 1826 4379 Probabile
1869 4329 1954 4376 est
1986 4321 2144 4390 igitur
2174 4327 2232 4372 et

630 4435 694 4476 ex
741 4421 932 4476 eodem
980 4418 1182 4475 Ordine
1230 4420 1515 4486 repetitum
1570 4431 1691 4472 esse
1736 4412 1988 4485 superius
2042 4413 2232 4468 decre-

631 4526 764 4570 tum.

2331 3295 2584 3372 quodque
2609 3295 2748 3371 apud
2783 3293 3178 3361 Burchardutn,
3213 3295 3306 3350 lib.
3342 3310 3461 3359 xvt,
3494 3311 3614 3368 cap.
3643 3295 3699 3362 2,
3735 3306 3788 3352 et
3818 3293 3951 3352 1νο-

2331 3371 2476 3452 netu,
2508 3405 2558 3458 p.
2592 3380 2678 3450 13.
2711 3404 2761 3444 c.
2787 3389 2876 3452 7t,
2906 3388 3250 3455 oﬂ'cndimus,
3271 3399 3354 3444 est
3375 3371 3700 3462 Mogontiaci
3725 3389 3952 3444 concilii

2332 3499 2475 3538 anno
2497 3481 2605 3538 815
2634 3483 2913 3546 celebrati,
2945 3498 3119 3538 canon
3149 3481 3243 3538 46.
3469 3465 3476 3473 ’

2408 3577 2495 3632 14.
2521 3577 2672 3644 Quod
2701 3575 2824 3632 huic
2849 3577 3158 3648 subjicitur:
3185 3577 3470 3652 «Episcopi
3492 3593 3555 3633 ac
3584 3577 3682 3634 Dei
3713 3565 3954 3634 minisiri

2333 3687 2440 3726 non
2471 3663 3180 3726 debentcomessationibus
3207 3681 3261 3726 et
3298 3669 3607 3726 vinolentiis
3635 3669 3811 3726 nimiis-
3858 3669 3956 3725 in-

2332 3765 2619 3830 cumbere,
2654 3783 2671 3815 ι
2707 3764 2856 3820 velut
2895 3781 2958 3820 ex
2987 3763 3176 3818 iisdem
3210 3763 3397 3832 libris,
3442 3762 3600 3832 ibid.,
3647 3779 3698 3818 c.
3731 3763 3785 3826 3,
3818 3762 3954 3820 des~

2333 3859 2585 3932 criptum,
2617 3860 2863 3916 similiter
2879 3871 2933 3916 et
2950 3858 3312 3927 Burchardus,
3338 3860 3429 3918 lib.
3453 3877 3632 3924 xvt,c.
3655 3861 3706 3927 5,
3743 3870 3792 3914 et
3819 3859 3948 3930 lvo,

2332 3964 2474 4025 part.
2515 3970 2628 4016 xm,
2680 3969 2732 4008 c.
2763 3954 2853 4019 70,
2888 3954 3162 4022 exhibent,
3193 3970 3260 4008 ac
3283 3953 3448 4009 nihilo
3478 3956 3648 4026 tnagis
3675 3953 3740 4008 ad
3772 3950 3954 4028 Euty-

2333 4047 2582 4104 chianum
2617 4049 2871 4116 pertinet,
2894 4048 2987 4103 sed
3014 4047 3082 4102 ad
3121 4049 3390 4104 lletueusc
3417 4046 3715 4104 secundum
3759 4045 3955 4102 conci-

2335 4139 2488 4208 lium,
2510 4156 2653 4194 auuo
2675 4139 2782 4196 815
2801 4139 3066 4208 habitum,
3089 4141 3242 4208 cujus
3264 4152 3346 4195 est
3363 4157 3534 4195 canon
3568 4138 3656 4196 18.

2409 4233 2497 4288 15.
2531 4233 2919 4290 Postremum:
2969 4231 3354 4288 Observandum
3385 4242 3456 4286 est
3488 4231 3650 4293 nobis,
3689 4247 3797 4304 quo
3843 4231 3954 4286 mi-

2335 4325 2517 4382 nistris
2571 4325 2662 4381 Dei
2695 4323 3064 4396 praescribitur
3116 4325 3436 4398 quibuscum
3485 4321 3761 4380 convivali
3809 4323 3953 4394 ipsis

2333 4417 2512 4482 liceat,
2538 4435 2605 4474 ex
2629 4419 2884 4473 librorum
2909 4435 3021 4480 xvt,
3054 4418 3146 4473 lib.
3173 4435 3282 4478 xtv.
3303 4434 3419 4488 cap.
3451 4418 3537 4480 10,
3570 4418 3948 4487 desutuptum.

2335 4524 2391 4567 et
2430 4511 2616 4566 eadem
2652 4514 2859 4568 ratione
2907 4530 2937 4568 a
2989 4511 3320 4576 Burchardo,
3349 4511 3440 4566 lib.
3495 4527 3602 4572 xvt,
3645 4527 3696 4566 c.
3746 4511 3836 4574 10.
3893 4523 3953 4568 et

707 4608 794 4665 19.
825 4608 1124 4669 Fatendum
1171 4619 1348 4664 tamen
1387 4618 1473 4664 est
1517 4607 1570 4662 in
1619 4620 1898 4661 romanam
1934 4603 2230 4660 Ecclesiam
2258 4633 2311 4693 Β
2334 4604 2518 4670 Ivoue,
2550 4621 2604 4674 p.
2638 4606 2726 4672 11,
2750 4621 2798 4661 c.
2834 4605 3238 4670 78,landatt_un,
3277 4613 3360 4659 est
3398 4601 3718 4672 Capitulat'is
3757 4601 3952 4658 Theo-

633 4704 937 4776 hujusmodi
967 4720 1168 4761 morem
1207 4703 1420 4760 nonnisi
1450 4700 1785 4772 sequioribus
1813 4699 2024 4754 Suculis
2055 4699 2237 4752 invec-

1061 4836 1329 4856 ————’

2339 4696 2468 4751 dulli
2501 4697 2739 4770 episcopi
2769 4697 3174 4754 Aurelianensis
3215 4707 3375 4769 caput
3403 4697 3490 4752 l3.

1337 4831 3916 4856 b.————-——-I—————_—-——

1381 4945 2550 5081 EUTYCHIANI
2635 4948 3178 5072 ΡΔΡΕ

945 5167 1484 5234 EXHORTATIO
1527 5167 1635 5229 AD
1679 5162 2242 5228 PRESBYTEROS
2280 5161 2399 5226 EX
2442 5164 2803 5242 ANTIQUO
2845 5168 3135 5234 CODICE
3179 5167 3616 5252 VATICANO.

707 5343 924 5412 Fratres
950 5354 1005 5405 et
1045 5343 1356 5400 sacerdotes
1389 5340 1620 5405 Domini,
1653 5347 2035 5409 cooperatores
2063 5337 2238 5392 nostri

635 5445 839 5500 ordinis
865 5443 1017 5496 estis.
1075 5439 1184 5494 Nos
1229 5436 1468 5506 quidem,
1501 5434 1750 5507 quamvis
1779 5431 2003 5512 indigni,
2055 5431 2232 5505 lorum

636 5543 813 5595 Aaron
847 5545 1124 5598 tenemus;
1180 5547 1274 5587 vos
1329 5531 1508 5586 locum
1558 5526 1796 5582 Eleazari
1827 5535 1880 5580 et
1910 5523 2232 5579 ltitamaris:

636 5649 735 5690 nos
760 5636 877 5688 vice
918 5629 1204 5685 duodecim
1260 5626 1626 5698 apostolorum
1677 5621 1979 5697 fungimur;
2023 5635 2118 5676 vos
2163 5619 2232 5677 ad

632 5726 863 5784 formam
889 5723 1232 5793 septuaginta
1255 5719 1488 5776 duorum
1515 5715 1903 5786 discipulorum
1925 5712 2060 5774 estis
2087 5731 2100 5768 :
2135 5728 2236 5772 nos

631 5832 873 5892 pastores
900 5814 1064 5873 vestri
1088 5829 1315 5880 sumus;
1345 5828 1444 5870 vos
1473 5807 1643 5885 plebis
1686 5809 1840 5872 vobis
1883 5806 2185 5866 commissae
2217 5823 2230 5861 :

2342 5353 2440 5393 nos
2462 5338 2529 5393 de
2554 5339 2706 5395 vobis
2730 5342 2994 5398 rationem
3017 5342 3276 5398 reddituri
3299 5357 3484 5397 sumus
3501 5354 3714 5396 summo
3733 5343 3954 5411 pa5tori

2339 5433 2565 5489 Dntnino
2613 5446 2798 5492 nostro
2843 5436 2971 5494 Jesu
3018 5438 3271 5503 Christo;
3325 5451 3421 5492 vos
3469 5438 3538 5493 de
3592 5437 3745 5508 plebe
3783 5433 3953 5494 vobis

2337 5528 2666 5584 commissa:
2696 5548 2794 5587 nos
2845 5533 2913 5586 de
2958 5532 3110 5586 vobis
3155 5531 3490 5600 pastoribus;
3544 5545 3636 5584 vos
3687 5545 3814 5584 vero
3871 5530 3958 5588 de

2337 5619 2550 5683 ovibus,
2576 5619 2628 5674 id
2647 5632 2731 5692 cst
2757 5623 2824 5679 de
2849 5624 3092 5693 plebibus
3117 5621 3266 5699 vobis
3278 5623 3666 5696 commendatis
3687 5633 3766 5679 :et
3789 5621 3950 5691 ideo,

2337 5713 2430 5769 11111
2471 5715 2810 5786 charissimi,
2846 5717 3236 5796 praevideamus
3284 5721 3579 5792 perieulum
3611 5717 3742 5779 tanti
3772 5716 3958 5790 ofﬁcii

2338 5807 2494 5864 nobis
2531 5811 2830 5868 commissi.
2881 5813 3248 5872 Admonemus
3281 5801 3467 5886 itaque
3507 5821 3562 5869 et
3589 5809 3960 5878 obsecramus
