4230 6212
279 239 388 308 165
854 248 861 252 ’
936 245 1358 310 ΕυΤΫΟΙΙΙᾹΝῐ
1396 248 1901 325 PAPIEZEXHOM

2006 247 2085 308 ‘lO
2110 248 2202 307 AD
2229 247 2546 308 PRESBY'I‘
2563 249 2762 320 EllOS,
2788 241 2944 309 ETC.
3487 239 3594 310 i66

273 367 668 424 fraternitatem
697 375 953 434 vestram,
987 379 1042 423 ut
1065 385 1185 440 qua:
1229 379 1424 424 vestra:
1451 378 1757 438 nostt‘mqne
1794 383 1880 420 sa-
1905 367 1958 426 Α
1985 365 2246 435 agendum
2277 381 2437 420 unum
2469 382 2562 421 vas
2593 366 2804 433 habent,
2837 376 2888 422 et
2917 366 3060 420 circa
3093 363 3289 421 atrium
3320 377 3472 420 suum
3508 367 3592 421 vel

272 463 393 527 lttti,
439 461 815 534 suggerimus,
860 463 1136 518 memoria:
1171 463 1579 518 commendetis.
1632 463 1742 530 lup:
1761 461 1881 517 imis
1984 463 2123 514 circa
2167 461 2447 514 ecclesiam
2489 460 2553 513 ad
2596 459 2992 530 proccssionent
3041 467 3145 513 eat.
3193 457 3354 514 Sacra
3384 474 3508 512 vasa
3543 467 3598 512 ct

271 557 632 613 admonemus
663 565 720 610 ut
751 557 860 610 vita
886 567 939 610 ct
969 555 1308 612 conversatio
1338 569 1510 611 vestra
1533 556 1876 628 irreprehen-
1986 553 2304 607 vc-timenta
2357 554 2706 607 sacerdotalia
2765 554 2928 608 nolite
2973 553 3026 608 in
3073 552 3434 608 vadimonium
3465 557 3598 607 dare

270 649 452 704 sibilis
477 651 546 703 sit
575 649 838 713 :scilicct,
869 660 924 703 nt
947 650 1080 704 cella
1103 660 1278 706 vestra
1306 651 1539 720 sitjuxta
1569 651 1877 716 ecclesiam,
1986 647 2324 717 negotiatori,
2360 647 2440 702 vel
2469 649 2626 702 alicui
2665 647 2934 704 szcculari.
2988 647 3176 702 Nullus
3209 657 3448 703 vestrutn
3492 647 3595 700 mi-

271 751 333 796 et
388 744 442 796 in
492 742 737 796 domibus
766 743 962 796 vestris
1007 741 1234 797 feminas
1265 758 1370 798 non
1417 745 1656 797 habeatis
1689 760 1704 798 :
1734 745 1878 798 tonui
1984 753 2085 792 nus
2134 738 2294 807 digne
2363 740 2708 809 pteniteutem
2757 740 3144 810 cuju~cumque
3189 741 3266 794 rei
3313 739 3480 810 gratia
3529 739 3599 795 ad

271 845 437 890 nocte
464 835 530 888 ad
574 846 866 890 nocturnas
907 834 1104 902 surgite
1129 851 1144 901 ;
1174 851 1390 890 cursum
1434 846 1673 891 vestrum
1717 839 1880 892 certis
1983 831 2476 888 reconciliationem
2509 833 2774 896 adducat,
2807 845 2859 888 et
2886 834 2932 888 ei
2962 832 3326 888 tesdmonium
3353 831 3600 888 reconci-

269 927 424 983 horis
460 928 749 984 decantare
796 947 810 983 ε
852 930 1136 984 ηιίςδτῃοῃιι]
1190 931 1586 987 celebrationes
1629 932 1880 1001 religiose
1985 923 2222 980 liationis
2251 928 2404 982 ferat.
2437 926 2626 982 NlliillS
2655 939 2887 983 VCSif'lltli
2913 943 3128 982 USllf'dm
3153 928 3360 997 exigat,
3391 938 3443 982 ΘΙ
3465 941 3599 982 con-

271 1023 520 1093 peragite
551 1042 564 1078 :
605 1039 803 1094 corpus
847 1033 900 1080 et
925 1027 1236 1092 sanguinem
1271 1027 1480 1082 Domini
1537 1043 1657 1082 cum
1693 1028 1880 1084 timore
1983 1017 2178 1071 (Ιηεῑυτ
2194 1019 2274 1072 Sili
2305 1017 2502 1073 (θηονίε
2529 1021 2746 1075 θνῖειθιο
2780 1021 2884 1074 “"5
2910 1031 2962 1076 ει
2991 1020 3296 1089 “cuii-"‘95,
3321 1036 3454 1093 (Ιητιε
3505 1035 3603 1091 Per

273 1127 332 1172 et
381 1119 686 1172 reverentia
713 1119 932 1172 sumite.
968 1119 1160 1174 Nullus
1191 1122 1390 1176 scaccis
1415 1124 1500 1176 vel
1531 1122 1767 1176 alearum
1800 1123 1878 1177 lu-
1982 1111 2132 1166 dim“
2185 1113 2544 1168 οτιΙῙηειιίοηῙε
2593 1124 2789 1169 νεειτίη
2835 1114 3146 1186 θεαιιῖτίιῖδν
3207 1116 3274 1168 ad
3317 1113 3600 1170 CCC-legam

271 1210 360 1265 dis
389 1211 637 1266 intendat
666 1229 680 1266 :
713 1227 837 1266 vasa
865 1227 1016 1266 sacra
1046 1213 1290 1266 manibus
1327 1213 1560 1282 propriis
1589 1214 1788 1269 abluite
1825 1223 1881 1271 et

2006 1204 2048 1258 ld
2099 1221 2256 1276 quam
2304 1207 2497 1262 titulati
2524 1210 2678 1276 estis,
2725 1208 2804 1263 vel
2845 1207 2930 1264 cui
2960 1208 3276 1275 desert-itis,
3330 1207 3604 1284 pertinere

270 1305 564 1375 estergite.
587 1303 778 1358 Nullus
819 1313 1001 1360 cantet
1031 1304 1247 1359 intissam
1283 1305 1383 1360 nisi
1409 1306 1626 1376 jejunus
1660 1325 1672 1360 :
1703 1307 1880 1362 nullus
1983 1299 2188 1354 SCialiS.
2681 1291 2686 1306 ’

269 1407 455 1452 cantet
482 1396 578 1467 qui
608 1412 712 1451 non
737 1396 1100 1452 communicet
1131 1415 1144 1450 :
1175 1398 1356 1452 nullus
1383 1408 1563 1453 cantet
1599 1400 1716 1454 sine
1745 1399 1876 1456 ami-
2054 1390 2248 1446 Νηηυδ
2276 1392 2394 1448 εῖηο
2423 1393 2750 1450 οοηδοίθηιίά
2777 1402 2832 1450 ει
2857 1409 3124 1451 ϐοηεθηευ
3153 1393 3392 1464 ερίεοορί
3421 1393 3602 1451 ⁸001⁸⁸

267 1503 385 1556 ειη,
417 1492 566 1557 an“,
598 1491 757 1559 sum,
789 1493 1085 1562 manipulo,
1117 1491 1170 1546 id
1189 1503 1277 1548 ρει
1303 1493 1496 1550 {unone
1523 1505 1575 1549 ει
1597 1495 1800 1560 casula,
1826 1505 1880 1550 ει
1983 1484 2114 1540 siam
2134 1488 2376 1557 acquirat
2398 1499 2450 1542 et
2471 1489 2746 1544 obtineat:
2773 1489 2950 1544 nullus
2970 1505 3064 1560 per
3085 1499 3403 1560 potestatem
3431 1505 3605 1546 sa-cu-

275 1582 398 1638 inec
420 1584 744 1639 vestimenta
784 1584 946 1638 nitida
976 1585 1105 1646 sint,
1152 1593 1206 1639 et
1245 1585 1311 1639 ad
1357 1587 1530 1641 nullos
1575 1587 1710 1642 alios
1753 1601 1879 1642 usus
1983 1577 2175 1633 larium
2207 1580 2492 1635 ecclesiam
2518 1591 2696 1636 teneat
2727 1599 2739 1635 :
2769 1583 2948 1638 nullus
2983 1583 3302 1648 ecclesiam.
3335 1583 3400 1639 ad
3444 1599 3604 1655 quam

269 1676 406 1730 sint.
453 1675 644 1730 Nullus
671 1676 722 1730 in
763 1676 880 1730 alba
929 1692 1032 1746 qua
1076 1677 1127 1731 in
1169 1693 1295 1730 suos
1325 1693 1451 1733 usus
1481 1679 1648 1734 utitur
1675 1691 1875 1736 cantet.

2007 1667 2225 1724 ilttlatus
2271 1681 2374 1740 e~t,
2431 1673 2698 1736 dimittat,
2731 1685 2785 1729 et
2821 1674 2887 1728 ad
2936 1675 3094 1729 aliam
3145 1677 3335 1746 migret
3375 1693 3388 1728 :
3423 1675 3606 1731 nullus

267 1768 466 1824 Nullus
487 1769 540 1823 in
575 1770 755 1838 ligneo
780 1778 874 1824 aut
919 1769 972 1824 in
1013 1770 1188 1826 vitreo
1219 1772 1388 1826 calice
1425 1772 1620 1826 audeat
1668 1773 1883 1828 miSsnm

2006 1761 2176 1830 plures
2193 1763 2450 1818 ecclesias
2475 1765 2592 1819 sine
2610 1763 2878 1834 adjutorio
2898 1766 3126 1820 aliorum
3158 1769 3598 1840 presbyterorum

271 1862 572 1918 celebrare.
595 1861 755 1917 Nulla
780 1863 972 1917 femina
992 1864 1057 1918 ad
1080 1866 1250 1920 altare
1271 1865 1514 1930 accedat,
1542 1883 1638 1922 nec
1666 1867 1888 1923 calicem

278 1955 498 2010 Domini
545 1966 761 2026 tangat;
797 1957 1081 2024 corporale
1120 1959 1531 2014 tnnmlissimum
1582 1961 1672 2016 sit.
1708 1962 1890 2016 Altare

273 2047 354 2101 sit
383 2059 690 2116 coopertum
719 2049 787 2103 de
815 2050 1032 2105 nmndis
1073 2049 1272 2106 linteis.
1331 2053 1506 2122 Super
1546 2053 1716 2109 altare
1756 2054 1890 2110 nihil

275 2151 529 2210 ponatur.
563 2141 660 2194 nisi
681 2155 860 2210 capsae
890 2150 943 2196 et
973 2142 1215 2212 reliquiae
1239 2152 1292 2198 et
1319 2157 1548 2214 quatuor
1572 2143 1884 2214 Evangelia,

269 2242 371 2285 aut
402 2232 554 2302 pyxis
576 2248 698 2286 cum
738 2215 964 2302 Corpore
1005 2234 1216 2290 Domini
1264 2235 1328 2290 ad
1361 2236 1608 2290 viaticmn
1641 2237 1886 2292 infirmo-

267 2339 398 2377 rum
433 2334 666 2380 :cactcra
697 2325 749 2379 in
778 2324 944 2380 nitido
967 2326 1084 2382 loco
1107 2328 1490 2382 recondantur.
1517 2328 1732 2383 Missale
1765 2329 1880 2398 ple-

275 2416 526 2480 narinm,
590 2417 999 2486 lectionarium,
1054 2419 1532 2488 antipltonatium,
1587 2431 1640 2476 et
1693 2421 1884 2476 librum

275 2509 634 2580 quadraginta
672 2510 1009 2564 homiliarum
1052 2511 1420 2581 unusquisque
1459 2512 1668 2566 habeat.
1709 2511 1886 2567 Locus

275 2601 338 2655 in
365 2602 660 2656 secretario
685 2601 767 2657 vel
794 2603 950 2672 juxta
979 2603 1148 2658 altare
1174 2607 1242 2657 sit
1269 2615 1601 2674 przeparatus
1632 2605 1721 2660 ubi
1749 2622 1885 2678 aqua

273 2695 622 2762 eHnndalur,
654 2698 868 2768 quando
897 2713 1046 2752 sacra
1080 2713 1208 2754 vasa
1237 2698 1555 2766 abluuntur,
1581 2709 1635 2754 et
1666 2699 1753 2754 ubi
1802 2717 1894 2757 vas

275 2791 508 2847 nitidum
559 2791 864 2862 dependeat
912 2807 1031 2846 cum
1079 2808 1238 2862 aqua,
1291 2802 1350 2846 ut
1393 2793 1648 2848 sacerdos
1703 2810 1896 2851 manus

277 2887 429 2941 lavet
455 2895 570 2955 post
589 2888 1048 2942 communionem.
1084 2885 1338 2942 Ecclesia:
1367 2887 1471 2941 sint
1502 2887 1638 2942 bene
1663 2904 1891 2958 eooper-

279 2989 357 3034 ιω
378 2989 430 3034 et
449 2993 758 3047 cameratze,
776 2991 830 3035 et
859 2980 1050 3035 atrium
1081 2981 1326 3036 ecclesiae
1355 2983 1425 3037 sit
1446 2982 1683 3055 undique
1713 2985 1890 3039 mimi-

285 3082 422 3130 tum.

349 3167 544 3224 Nullus
569 3178 724 3224 extra
747 3169 1036 3225 cadmiam
1065 3187 1158 3240 per
1178 3171 1387 3237 domos,
1415 3189 1516 3230 nec
1539 3175 1593 3230 in
1621 3175 1759 3231 locis
1789 3187 1895 3231 non

276 3263 614 3316 consecratis
645 3263 866 3316 missam
899 3272 1080 3317 cantet
1125 3280 1138 3317 :
1171 3264 1350 3318 nullus
1379 3265 1529 3319 solus
1555 3276 1738 3322 cantet
1769 3269 1900 3322 mis-

279 3367 399 3407 sam
434 3371 449 3407 :
478 3353 655 3408 oninis
679 3354 966 3426 presbyter
986 3356 1241 3410 clericum
1267 3357 1346 3412 vel
1377 3359 1676 3414 scholarem
1705 3361 1899 3416 habent

280 3447 372 3518 qui
401 3447 686 3517 epistolam
730 3449 811 3502 vel
845 3449 1128 3516 lectionem
1171 3449 1345 3521 legat,
1391 3463 1446 3509 et
1489 3445 1537 3514 ei
1579 3453 1644 3514 ad
1679 3455 1895 3516 Πιίςκτιω

282 3539 637 3613 respondeat,
655 3550 708 3597 et
730 3556 853 3611 cum
881 3557 990 3614 quo
1012 3543 1246 3615 psalmos
1269 3551 1470 3601 cantet.
1491 3545 1739 3614 lnljrmos
1769 3549 1896 3612 visi-

287 3640 426 3693 tate,
455 3643 506 3688 et
534 3649 625 3686 eos
653 3633 720 3687 ad
769 3633 1166 3689 confessionem
1207 3637 1590 3704 reconciliate,
1645 3649 1700 3694 et
1743 3640 1898 3711 juxta

292 3725 597 3795 apostolum
635 3725 760 3781 oleo
785 3735 971 3781 sancto
999 3729 1199 3796 ungite,
1229 3736 1284 3782 et
1315 3744 1474 3784 manu
1504 3732 1718 3800 propria
1749 3749 1899 3788 com-

287 3818 587 3872 municate.
640 3817 846 3874 Nullus
876 3831 1161 3889 prmsumat
1211 3821 1422 3876 tradere
1463 3827 1897 3884 communionem

289 3909 432 3963 laico
460 3910 539 3962 vel
569 3910 785 3964 femina:
814 3911 879 3966 ad
910 3912 1260 3968 deferemlum
1300 3911 1508 3969 infirmo
1538 3933 1552 3973 :
1595 3918 1774 3972 nullus
1819 3936 1893 3972 sa-

298 4017 451 4056 crum
483 4004 708 4058 ςιινίμηιι
742 4003 940 4058 vendat
972 4024 985 4058 :
1022 4007 1197 4060 nullus
1229 4017 1463 4063 vestrum
1497 4026 1594 4094 pro
1626 4011 1904 4080 baptizan-

295 4095 382 4150 dis
430 4094 715 4151 infantilins
744 4139 759 4160 ,
806 4098 892 4154 vel
945 4114 1040 4170 pro
1081 4099 1488 4154 reconciliandis
1533 4105 1904 4172 peccatoribus

295 4187 382 4240 vel
429 4186 678 4255 infirmis,
727 4201 814 4242 aut
865 4206 961 4261 pro
1015 4193 1239 4247 mortuis
1284 4195 1629 4266 sepeliendis,
1677 4198 1760 4252 vel
1805 4215 1904 4269 pro

293 4281 684 4335 consecrandis
727 4283 990 4346 ecclesiis,
1043 4286 1320 4356 praemium
1375 4299 1466 4344 aut
1519 4289 1744 4358 pretium
1791 4293 1906 4348 sive

1921 3117 1969 3182 C

1997 1853 2190 1909 habeat
2226 1873 2240 1908 :
2272 1856 2575 1912 nullatenus
2606 1872 2708 1911 una
2741 1857 2971 1912 ecclesia
3016 1857 3160 1914 inter
3201 1859 3380 1928 plures-
3405 1859 3610 1914 divida-

1997 1956 2102 2001 tur.
2137 1947 2323 2002 Nullus
2349 1949 2573 2005 alterius
2615 1949 3022 2018 parochianum,
3052 1951 3153 2006 nisi
3181 1953 3233 2006 in
3263 1952 3480 2021 itinere,
3515 1960 3610 2007 aut

1993 2039 2038 2093 si
2069 2038 2136 2094 ad
2166 2040 2424 2110 placitum
2458 2041 2654 2108 fuerit,
2687 2043 2753 2098 ad
2793 2043 3011 2100 missam
3044 2045 3270 2116 recipiat
3301 2063 3314 2100 :
3345 2046 3526 2102 nullus
3556 2047 3607 2102 in

1993 2131 2220 2187 alterius
2245 2134 2496 2200 ecclesia,
2528 2135 2608 2189 vel
2649 2137 2904 2207 parochia
2937 2137 3152 2192 missam
3177 2148 3376 2206 cantet,
3401 2141 3607 2212 absque

1993 2226 2198 2294 proprii
2233 2229 2509 2283 voluntate
2547 2237 2603 2284 et
2632 2239 2819 2302 rogatu
2868 2231 3166 2302 presbyteri
3195 2249 3208 2285 :
3253 2233 3432 2287 nullus
3462 2233 3613 2289 deci-

1995 2335 2138 2373 mam
2170 2319 2236 2372 ad
2267 2319 2426 2374 aliam
2455 2321 2737 2375 ecclesiam
2771 2323 3124 2392 pertinentem
3147 2323 3387 2394 recipiat.
3419 2325 3611 2382 Nullus

1992 2413 2347 2482 pmoitentem
2389 2414 2580 2469 invitet
2625 2431 2842 2470 carnem
2878 2415 3204 2472 manducare
3234 2427 3289 2472 et
3315 2421 3496 2474 vinum
3527 2419 3607 2474 bi.

1991 2505 2142 2569 bere,
2175 2505 2275 2561 nisi
2307 2521 2404 2575 pro
2430 2521 2496 2560 eo
2523 2507 2588 2561 ad
2620 2522 2858 2578 praesens
2893 2508 3235 2580 eleemosyna
3265 2510 3375 2566 flat.
3414 2509 3606 2567 Nullus

1994 2609 2282 2670 praesumat
2307 2601 2604 2670 baptizare,
2638 2611 2836 2670 prteter
2863 2602 2916 2656 in
2944 2603 3120 2674 vigilia
3146 2603 3368 2660 Paschaa
3392 2614 3448 2662 et
3473 2606 3615 2663 Peu-

2000 2704 2254 2758 tecostes,
2313 2695 2412 2749 nisi
2469 2711 2566 2766 pro
2621 2699 2947 2754 necessitate
3003 2711 3054 2754 et
3105 2702 3343 2769 periculo
3397 2701 3610 2759 mortis.

2003 2786 2382 2858 litiitsqiti~que
2430 2788 2602 2844 fontes
2656 2790 2896 2860 lapideos
2951 2793 3194 2848 habeat:
3241 2795 3384 2865 quod
3428 2795 3474 2850 si
3505 2812 3613 2852 non

1997 2890 2174 2951 potest
2209 2882 2408 2935 habere
2437 2883 2696 2950 lapideos.
2730 2883 2926 2939 habeat
2973 2901 3070 2942 vas
3099 2887 3242 2942 aliud
3289 2889 3355 2942 ad
3387 2889 3488 2944 hoc
3518 2905 3616 2960 pa-
3683 2941 3691 2950 ,

1996 2982 2196 3037 ratum,
2232 2973 2282 3026 in
2314 2989 2422 3044 quo
2453 2973 2583 3028 nihil
2616 2974 2756 3030 aliud
2789 2977 2898 3031 fiat.
2925 2976 3116 3034 Videte
3147 2989 3203 3033 nt
3235 2980 3488 3036 omnibus
3519 2999 3613 3052 pa-

1999 3065 2272 3120 rocliianis
2304 3067 2499 3122 vestris
2539 3069 2841 3139 symbolum
2874 3079 2929 3124 et
2953 3072 3252 3126 orationem
3285 3072 3614 3130 dominicam

2003 3157 2310 3218 hisinuetis.
2340 3158 2614 3229 ieiunium
2653 3169 2887 3230 enatum
2927 3171 3256 3232 temporum.
3298 3173 3353 3226 et
3381 3168 3616 3236 rogatio-

2003 3265 2153 3314 num,
2183 3258 2238 3305 et
2279 3250 2477 3305 litanias
2532 3252 2794 3319 majoris,
2840 3255 3084 3324 plebibus
3127 3259 3326 3313 vestris
3367 3261 3618 3318 omnibus

2003 3344 2178 3400 modis
2219 3345 2616 3400 observandum
2645 3345 2890 3404 indicite.
2940 3349 3096 3406 Feria
3137 3361 3326 3422 quarta
3365 3364 3488 3408 ante
3519 3371 3611 3424 XL,

2005 3440 2222 3517 plebem
2253 3442 2317 3494 ad
2349 3441 2745 3497 confessionem
2778 3445 2999 3502 invitate
3024 3489 3039 3512 ,
3067 3457 3122 3502 et
3150 3450 3228 3504 eis
3251 3449 3402 3521 juxta
3437 3454 3616 3540 quali-

2005 3543 2169 3614 tatem
2219 3534 2400 3592 delicti
2461 3537 2835 3616 Pteuitetttiam
2883 3539 3168 3620 injttngite,
3199 3559 3308 3618 pou
3352 3560 3421 3609 ex
3451 3534 3619 3613 corde

2003 3643 2204 3696 vesxro,
2232 3631 2325 3685 sed
2357 3631 2498 3685 sicut
2527 3632 2578 3686 in
2610 3633 2962 3703 poenitentiali
2995 3637 3256 3706 scriptum
3284 3649 3388 3695 est.
3421 3641 3618 3698 Tribus

2006 3723 2340 3791 temporibus
2365 3723 2418 3778 in
2445 3739 2606 3788 anno,
2638 3725 2688 3780 id
2716 3734 2799 3780 est
2829 3726 2880 3780 in
2912 3727 3074 3782 natali
3098 3728 3311 3785 Domini
3332 3742 3387 3788 et
3407 3732 3616 3792 Pascha

2003 3831 2056 3874 et
2077 3819 2398 3876 Pentecoste
2423 3837 2613 3877 omnes
2644 3820 2832 3878 fideles
2861 3823 2928 3883 ad
2959 3827 3394 3896 communionem
3426 3843 3620 3898 corpo-

2004 3913 2080 3969 ris
2100 3924 2154 3967 et
2175 3915 2468 3985 sanguinis.
2503 3915 2744 3986 exceptis
2776 3918 3186 3988 paenitentibus,
3218 3921 3406 3989 quibus
3437 3923 3622 3992 prohi-

2011 4005 2190 4061 bitum
2242 4017 2345 4072 est,
2403 4007 2664 4064 accedere
2707 4011 3017 4067 admonete.
3072 4012 3246 4069 Certis
3287 4018 3622 4085 temporibus

2007 4104 2323 4178 conjugatos
2345 4101 2412 4156 ab
2434 4103 2692 4158 uxoribus
2727 4103 2998 4165 abstinere
3023 4107 3390 4164 exhortamini
3417 4151 3432 4174 ,
3462 4111 3512 4166 id
3539 4122 3624 4170 est

2009 4197 2076 4250 ab
2101 4197 2346 4252 Adventu
2374 4197 2586 4251 Domini
2622 4213 2790 4268 usque
2819 4197 2885 4252 ad
2921 4207 3216 4257 transactas
3246 4211 3464 4258 octavas
3489 4205 3624 4278 Epi-

2011 4290 2258 4360 phaniae;
2288 4302 2340 4346 et
2371 4307 2398 4345 a
2428 4292 2830 4361 Septuagesima
2855 4308 3024 4365 usque
3049 4295 3114 4350 ad
3151 4307 3444 4355 transactas
3471 4314 3627 4356 octa-

295 4390 492 4429 munus
519 4376 704 4446 exigat
727 4419 740 4438 ,
771 4377 854 4432 vel
885 4379 1142 4434 ecclesias
1169 4381 1467 4452 aliquorum
1509 4383 1630 4438 data
1686 4385 1906 4454 pecunia
1932 4369 1986 4430 D
2012 4400 2106 4438 vas
2137 4383 2393 4443 Paschte:
2444 4393 2498 4440 et
2529 4401 2556 4438 a
2597 4385 2986 4458 llogationibus
3016 4403 3186 4467 usque
3228 4391 3294 4445 ad
3328 4402 3626 4450 transactas

294 4473 382 4526 vel
414 4472 598 4541 aliquo
631 4472 772 4524 ιηςιιο
804 4472 1020 4542 ingenio
1045 4473 1327 4547 subripint.
1362 4475 1552 4532 Videte
1581 4487 1637 4532 ut
1673 4495 1769 4552 per
1815 4496 1910 4536 ne-

293 4564 609 4634 gligentiam
641 4574 874 4618 vestram
907 4565 1084 4620 nullus
1124 4566 1302 4622 infans
1342 4568 1457 4624 sine
1495 4571 1765 4642 baptismo
1794 4589 1904 4628 mo.

295 4658 493 4712 riatur.
548 4657 738 4716 Nullus
789 4668 1025 4713 vestrum
1069 4661 1138 4714 sit
1181 4661 1427 4718 ebriosus
1470 4664 1555 4723 vel
1601 4665 1906 4736 litigiosus:

297 4753 477 4806 nullus
498 4769 648 4806 arma
669 4761 848 4826 portet
874 4751 926 4806 in
951 4753 1216 4810 seditione
1237 4795 1252 4820 ,
1279 4756 1378 4810 nisi
1410 4759 1635 4812 verbum
1671 4757 1910 4818 Domini.

297 4843 488 4900 Nullus
515 4862 710 4900 Canum
740 4845 821 4899 vel
869 4846 1047 4901 avium
1086 4847 1226 4917 jocis
1275 4849 1530 4908 inserviat
1577 4869 1588 4903 :
1641 4855 1817 4910 nullus
1862 4856 1914 4914 in

304 4937 544 4991 tabernis
575 4939 863 4992 mauduCet
909 4949 963 4992 et
1002 4923 1166 4996 bibat.
1215 4938 1595 5023 Unusquisque
1652 4955 1912 5026 vestrum,

309 5038 562 5096 quantum
585 5029 745 5098 sapit,
773 5029 912 5098 plebi
937 5047 1046 5085 sua:
1071 5031 1138 5086 de
1165 5036 1460 5109 evangelio,
1497 5036 1577 5091 vel
1613 5036 1682 5093 de
1709 5029 1914 5110 episto-

314 5119 393 5181 la,
422 5120 501 5174 vel
531 5123 704 5193 aliqua
736 5123 914 5178 divina
943 5130 1202 5196 scriptura
1233 5127 1284 5180 in
1313 5128 1596 5185 dominicis
1629 5141 1683 5186 et
1711 5131 1920 5188 fesdvis

320 5211 518 5271 diebus
539 5215 834 5272 ammntiet.
867 5216 1060 5274 Curam
1088 5231 1231 5292 gerat
1254 5237 1568 5291 pauperum,
1604 5227 1918 5294 peregrino-

310 5321 462 5363 rum.
481 5309 859 5378 orphanorum,
889 5313 1134 5383 przehens
1161 5315 1239 5370 eis
1270 5315 1576 5373 refectiouis
1603 5317 1915 5392 hospitium,

310 5411 373 5456 ut
401 5407 842 5460 sustentationem
891 5405 1138 5464 habeant.
1177 5409 1458 5466 Diserirdes
1483 5411 1548 5465 ad
1577 5415 1920 5488 concordiam

307 5504 535 5552 revocet
563 5515 576 5552 :
608 5497 797 5553 viduas
826 5499 1097 5564 defendat,
1118 5511 1174 5556 ut
1201 5503 1252 5556 in
1279 5502 1360 5556 his
1390 5513 1442 5558 et
1465 5505 1583 5558 aliis
1616 5505 1924 5580 hujusmodi

309 5591 482 5645 totius
511 5590 636 5645 boni
679 5592 985 5662 exemplum
1024 5595 1278 5664 prtcbeat.
1332 5597 1490 5652 Omni
1531 5599 1618 5655 die
1651 5601 1924 5656 dominico

309 5691 442 5737 ante
482 5682 708 5738 missam
749 5698 938 5754 aquam
969 5685 1308 5746 benedictam
1353 5687 1544 5754 faciat,
1600 5702 1656 5746 et
1710 5692 1922 5764 plebem

310 5790 471 5837 suam
514 5784 572 5832 et
613 5775 733 5832 loca
782 5775 1014 5834 ﬁdelium
1057 5779 1360 5855 adspergat,
1393 5793 1447 5838 et
1480 5782 1545 5839 ad
1596 5783 1700 5841 hoc
1749 5785 1925 5846 solum

2013 4489 2228 4534 octavas
2272 4479 2633 4535 l’cntecostrs.
2680 4477 2969 4547 Prtetcrea,
3015 4483 3070 4537 in
3109 4485 3359 4541 omnibus
3388 4489 3626 4546 sabbatis

2015 4586 2183 4640 usque
2209 4570 2274 4624 ad
2303 4571 2489 4625 feriam
2521 4569 2812 4627 secnndam
2837 4583 2892 4628 et
2912 4573 3090 4652 vigilia
3118 4588 3322 4636 sancta:
3350 4577 3550 4647 lari-9,
3568 4593 3626 4642 et

2015 4662 2187 4716 sancti
2239 4661 2487 4730 Joannis,
2514 4671 2564 4717 et
2609 4662 2974 4733 apostolorum
3003 4705 3019 4729 .
3064 4674 3120 4722 et
3167 4667 3359 4737 vigiliis
3413 4671 3626 4728 indictis

2015 4753 2240 4810 aliormn
2283 4764 2622 4817 sanctorum,
2667 4763 2721 4808 et
2749 4769 2934 4814 eorum
2976 4753 3166 4822 festis,
3223 4759 3462 4827 eulogias
3505 4773 3628 4834 post

2019 4849 2236 4904 missam
2257 4849 2538 4902 dominicis
2558 4848 2744 4902 diebus
2763 4847 2903 4918 plebi
2925 4849 3156 4906 tribuite.
3187 4851 3378 4910 Nullus
3401 4861 3626 4926 presby-

2024 4953 2103 4997 tcr
2125 4943 2176 4996 in
2204 4941 2395 4999 itinere
2421 4942 2537 4995 sine
2565 4940 2764 5003 orario,
2796 4939 2847 5000 id
2877 4943 3136 5010 estsmla,
3169 4945 3400 5014 incedat.
3441 4949 3628 5013 Nullus

2021 5046 2258 5092 vestrum
2294 5032 2626 5091 vestimentis
2667 5031 3040 5106 laicalibuset
3083 5035 3311 5112 diversis
3353 5042 3627 5104 coloribus

1997 5131 2293 5202 induatur.
2323 5127 2510 5184 Nullus
2539 5144 2651 5184 rem
2684 5139 2774 5184 aut
2819 5133 3214 5200 possessionem
3265 5137 3508 5194 ecclesia:
3535 5151 3629 5198 aut

2024 5225 2348 5295 mancipium
2380 5220 2634 5284 vendere,
2667 5231 2761 5277 aut
2787 5237 3118 5283 commutare
3141 5239 3234 5284 aut
3271 5231 3449 5302 aliquo
3475 5232 3628 5308 inge:

2026 5318 2116 5372 nio
2137 5318 2203 5369 ah
2228 5331 2290 5370 ea
2326 5314 2561 5370 alienare
2594 5325 2903 5389 praesumat.

2097 5407 2248 5466 Diem
2278 5405 2608 5484 dominicum
2637 5420 2690 5464 et
2713 5409 2844 5467 altas
2870 5408 3186 5492 festivitates
3213 5413 3417 5492 absque
3444 5423 3632 5488 servili

2026 5517 2188 5571 opere
2214 5515 2242 5553 a
2267 5513 2487 5572 veSpcra
2515 5498 2567 5552 in
2598 5515 2874 5570 vesperam
2899 5503 3174 5560 celebrare
3190 5506 3406 5568 docete.
3423 5513 3630 5573 Cantus

2026 5605 2079 5648 et
2102 5593 2330 5649 choreas
2362 5591 2651 5648 mulierum
2681 5603 2736 5649 et
2764 5593 2920 5650 ludos
2943 5595 3314 5667 joculatorios,
3343 5613 3400 5660 et
3425 5611 3638 5667 cantio-

2031 5701 2127 5742 nes
2157 5687 2210 5743 in
2239 5686 2469 5744 ecclesia
2497 5695 2552 5742 et
2587 5685 2640 5740 in
2677 5688 2820 5745 atrio
2867 5685 2984 5743 fieri
3029 5692 3334 5758 prohibete.
3385 5696 3646 5763 (lamina

2031 5781 2299 5843 diabolica
2325 5797 2448 5858 quae
2474 5794 2634 5854 Super
2662 5795 2918 5845 mortuos
2959 5791 3238 5845 nocturnis
3264 5786 3416 5847 horis
3450 5796 3654 5872 vulgus
