4230 6212
595 260 703 319 167

1576 258 1638 319 S.
1681 258 2099 321 EUTYCHIANI
2136 257 2345 317 PAPIE
2384 258 2474 317 ET
2513 258 2870 320 MARTYRIS

3793 257 3901 317 168

592 378 770 435 facere
788 378 949 444 solet.
978 386 1034 438 et
1051 380 1348 439 cachinnos
1373 394 1510 453 quos
1533 393 1773 450 exercet,
1796 382 1898 437 sub
1921 390 2185 438 contesla-
2218 385 2269 444 Α
2298 391 2352 437 et
2378 382 2578 436 utinam
2608 396 2823 437 sensum
2870 378 2936 436 ad
2983 378 3215 436 litteram
3261 377 3436 451 possit
3477 374 3827 434 manifestare
3878 380 3892 432 !

592 482 738 528 tione
768 472 857 528 Dei
884 476 1268 544 omnipotentis
1295 474 1411 532 fieri
1433 486 1629 531 vetate.
1654 476 1787 530 Cum
1817 474 2190 530 BXCOIIlllllllli-

590 569 726 625 eatis
754 568 922 625 nolite
946 574 1343 625 communicare
1379 587 1392 625 :
1428 570 1606 625 nullus
1634 579 1923 640 prmsnmat
1953 586 2071 623 cuni
2111 567 2191 623 eis

591 662 675 717 vel
702 664 921 718 missnm
952 672 1192 729 cantare,
1225 663 1319 719 sed
1348 672 1402 719 et
1441 665 1687 736 plebibus
1728 665 1879 718 vobis
1921 678 2190 719 commen-

589 755 727 811 datis
744 755 847 812 hoc
876 759 1210 814 annuiitiate.
1236 758 1426 814 Nullus
1449 769 1686 813 vestrum
1716 761 1781 813 ad
1812 760 2025 829 nuptias
2056 769 2145 813 eat
2169 774 2184 812 :

590 849 846 905 omnibus
871 850 1186 906 denuntiato
1207 861 1266 906 ut
1294 852 1476 907 nullus
1503 852 1605 906 nisi
1649 838 1861 920 publice
1901 851 2190 906 celebratis

588 942 790 1012 nuptiis
816 958 1037 999 uxorein
1065 942 1227 999 ducat
1255 962 1269 997 :
1305 945 1483 999 nullus
1508 959 1761 1015 sponsam
1791 944 2015 998 alterius
2041 944 2185 998 acci-

585 1037 719 1105 piat,
766 1045 822 1091 et
869 1041 1082 1108 nuptias
1109 1037 1224 1092 ﬁeri
1267 1036 1545 1106 prohibete
1591 1037 1659 1091 ab
1696 1035 1927 1090 adventu
1978 1034 2189 1091 Domini

591 1146 764 1199 usque
784 1129 852 1185 ad
876 1139 1176 1185 transactus
1203 1143 1427 1186 octavas
1454 1130 1792 1201 Epiphaniae,
1816 1139 1871 1183 et
1899 1146 1927 1184 a
1956 1131 2186 1200 Septua-

584 1225 785 1296 gesima
820 1240 990 1294 usque
1030 1227 1097 1280 ad
1146 1235 1472 1281 transactum
1511 1227 1724 1295 pascha:
1775 1224 2017 1291 clusum,
2071 1234 2124 1278 et
2153 1239 2182 1278 a

585 1316 969 1388 Rogationibns
991 1333 1160 1387 nsque
1183 1316 1249 1371 ad
1270 1325 1565 1372 transactas
1578 1326 1795 1371 oi-tavas
1813 1316 2179 1370 Pi-ntecostes.

583 1412 815 1480 llaptum
840 1411 1092 1466 omnibus
1117 1410 1288 1466 modis
1316 1412 1618 1481 prohibete,
1640 1421 1694 1466 et
1711 1421 1769 1463 ut
1798 1411 1861 1464 ad
1886 1414 2182 1475 proximam

582 1508 664 1562 Sui
697 1507 973 1579 sanguinis
1022 1504 1279 1562 feminam
1322 1508 1405 1561 vel
1447 1521 1569 1560 cum
1618 1505 2034 1575 consanguineis
2071 1506 2183 1559 suis

582 1615 754 1670 usque
808 1600 874 1653 ad
924 1600 1208 1661 septimam
1262 1600 1663 1668 generationem
1719 1599 1895 1652 nullus
1941 1598 2181 1663 accedat,

581 1693 1051 1748 anathematizato.
1084 1691 1336 1746 Pastores
1377 1706 1567 1745 omnes
1604 1699 1659 1745 et
1710 1689 1844 1744 alios
1883 1690 2184 1745 servientes

2296 477 2630 531 Psalinorum
2679 492 2867 531 versus
2917 486 2972 532 et
3022 475 3398 531 distinctiones
3454 473 3772 545 regulariter
3828 491 3895 530 ex

2292 570 2456 625 corde
2525 585 2646 624 cuni
2703 569 2927 624 caiiiicis
2993 568 3486 625 consuetndiiiariis
3546 576 3898 640 pronuntiare

2291 664 2447 718 sciat.
2478 664 2795 719 Sermonem
2815 662 3095 718 Athanasii
3122 663 3383 735 episcopi,
3408 663 3560 733 cujus
3584 664 3792 718 initium
3814 673 3899 719 est

2297 773 2315 806 ι
2342 755 2676 827 Quicumque
2698 757 2808 811 vnlt
2836 776 2856 808 ι
2880 758 3191 811 memoriter
3213 766 3392 811 teneat
3417 769 3465 812 et
3490 756 3641 812 omni
3665 757 3753 812 die
3768 771 3898 813 can-

2289 857 2387 904 tet.
2420 850 2762 905 Exorcismos
2791 860 2845 904 et
2893 851 3166 905 orationes
3209 849 3275 904 ad
3326 848 3770 906 catecbuinennm
3820 851 3896 905 fa-

2289 940 2538 995 ciendum
2558 983 2572 1005 ,
2600 951 2653 997 et
2688 941 2753 995 ad
2784 944 2983 997 fontem
3012 942 3265 1012 baptismi
3305 941 3735 997 consecrandum
3754 983 3770 1008 ,
3802 954 3897 999 aut

2289 1034 2525 1103 reliquas
2546 1034 2817 1089 orationes
2844 1050 3007 1105 super
3033 1035 3333 1090 masculum
3356 1047 3410 1089 et
3429 1034 3685 1092 feminam
3712 1037 3897 1108 singu-

2288 1125 2473 1181 lariter
2493 1138 2547 1183 et
2575 1128 2855 1197 pluraliter
2882 1128 3056 1183 valeat
3077 1138 3130 1185 et
3164 1128 3301 1183 sciat
3329 1128 3581 1185 distincte
3629 1130 3891 1199 proferre,

2288 1231 2342 1276 et
2368 1223 2612 1277 ordinem
2660 1221 2963 1292 baptizandi
2993 1222 3061 1277 ad
3104 1224 3528 1278 succurrendum
3563 1223 3793 1279 inlirmis
3840 1234 3896 1281 et

2288 1318 2535 1373 ordinem
2564 1317 2946 1373 reconciliandi
2978 1318 3273 1373 secundum
3314 1319 3692 1374 auctoritatem
3731 1335 3893 1375 cano-

2289 1426 2446 1473 num,
2503 1421 2557 1465 et
2610 1411 2857 1465 ordinem
2908 1411 3177 1481 uiigiiendi
3229 1411 3473 1466 infirmos
3525 1415 3892 1485 unusquisque

2288 1502 2483 1557 habeat.
2514 1515 2568 1559 et
2608 1505 2898 1574 prudenter
2932 1508 3086 1559 sciat.
3122 1505 3199 1560 Ad
3232 1505 3475 1561 infirmos
3502 1521 3716 1575 quoque
3758 1508 3890 1562 visi-

2287 1596 2497 1660 tandos,
2516 1607 2571 1653 et
2586 1597 2652 1653 ad
2672 1597 3126 1654 l'eCOIIt'ilitlndllm
3154 1612 3248 1652 eos
3279 1598 3531 1654 invitatu-3
3558 1610 3883 1670 spontaneus

2286 1702 2486 1755 currat,
2514 1702 2568 1746 et
2594 1706 2781 1748 eorum
2824 1691 3163 1757 necessitati,
3195 1706 3304 1746 non
3331 1708 3427 1762 pro
3456 1692 3604 1747 lucro
3632 1703 3847 1747 terreno
3869 1734 3886 1763 ,

581 1803 709 1842 suos
739 1797 796 1842 iit
820 1786 1183 1855 unusquisque
1207 1785 1271 1837 ad
1295 1782 1575 1839 ccclesiini
1601 1783 1884 1839 dominicis
1916 1784 1997 1837 vel
2027 1781 2173 1837 festi-
2204 1791 2248 1851 Β
2277 1784 2371 1839 sed
2409 1800 2504 1854 pro
2526 1784 2609 1839 illa
2637 1786 2899 1839 ciiaritate
2924 1800 3024 1855 qua
3058 1784 3301 1840 Christus
3329 1801 3429 1840 nos
3453 1784 3665 1849 dilexit,
3684 1785 3885 1840 subve-

580 1884 659 1936 vis
685 1882 872 1936 diebus
906 1881 1092 1934 venire
1115 1877 1274 1933 faciat
1302 1878 1610 1932 admonete.
1639 1878 1837 1931 Patriiii
1861 1876 2037 1929 filiolis
2069 1876 2182 1930 suis

579 1973 945 2045 spiritualibus
972 1971 1300 2044 symbolum,
1332 1982 1386 2025 et
1412 1972 1714 2025 orationem
1742 1968 2065 2024 dominicmn
2099 1969 2181 2021 in-

576 2069 815 2132 sinuent,
846 2066 928 2120 vel
967 2065 1165 2121 docere
1203 2079 1298 2119 eos
1339 2065 1555 2118 faciant.
1599 2063 1848 2118 Chrisma
1875 2063 1977 2119 sub
2002 2061 2179 2133 sigillo

576 2162 666 2221 sit.
698 2170 786 2216 aut
818 2159 919 2215 sub
947 2174 1088 2224 sera,
1120 2169 1340 2227 propter
1361 2158 1622 2227 quosdam
1653 2155 1920 2211 inﬁdeles.
1959 2157 2032 2210 Ite
2062 2171 2179 2226 my-

576 2255 744 2309 SIerio
790 2252 944 2307 vobis
984 2251 1278 2306 commisso
1330 2266 1425 2302 vos
1480 2250 1775 2303 admonere
1816 2262 2086 2310 curamus,
2120 2257 2178 2301 ut

575 2348 940 2418 unusquisque
980 2355 1242 2405 vestrum.
1293 2343 1340 2398 si
1386 2343 1500 2399 llei-i
1548 2356 1740 2411 p0iest,
1782 2343 2177 2411 expositionem

575 2441 809 2514 symboli
858 2450 914 2493 et
964 2438 1225 2494 orationis
1267 2435 1555 2492 dominica:
1612 2436 1763 2505 juxta
1825 2435 2174 2490 traditionem

573 2536 994 2593 orthodoxoruin
1025 2544 1232 2602 patrum
1279 2548 1442 2602 penes
1478 2547 1539 2587 se
1586 2531 1782 2586 habeat
1810 2532 2087 2601 scriptam,
2123 2539 2179 2585 et

572 2647 690 2687 eam
745 2631 974 2701 pleniter
1016 2625 1293 2697 inteliigat,
1324 2635 1380 2681 et
1425 2625 1551 2680 inde
1594 2624 1847 2696 populum
1888 2624 1989 2677 sibi
2030 2637 2178 2678 com-

572 2726 796 2780 missum
825 2721 1043 2777 assidue
1073 2718 1415 2791 praedicando
1456 2719 1705 2783 instruat,
1735 2728 1787 2772 et
1809 2759 1823 2784 ,
1858 2717 1904 2771 si
1941 2732 2046 2770 non
2077 2732 2178 2770 no-

571 2818 731 2885 verit,
760 2818 951 2872 saltem
981 2829 1164 2872 secum
1195 2822 1374 2869 teneat
1397 2822 1452 2869 et
1486 2811 1689 2867 credat.
1724 2810 2011 2866 Orationes
2039 2826 2176 2881 quo-

570 2930 675 2987 que
692 2913 977 2968 missarum
1003 2918 1058 2964 et
1079 2907 1417 2978 praefationes
1439 2919 1494 2961 et
1516 2921 1779 2961 canonem
1814 2905 1949 2960 bene
1976 2905 2176 2959 intelli-

569 3018 677 3079 gat.
709 3015 764 3061 et
813 3005 859 3060 si
902 3019 1007 3058 non
1038 3002 1230 3057 saltem
1271 3000 1525 3056 distincte
1567 3016 1630 3055 ac
1663 3000 1976 3055 memoriter
2002 3000 2179 3055 valeat

2288 1879 2417 1943 niat,
2449 1887 2504 1931 et
2529 1878 2800 1932 orationes
2830 1887 2885 1931 et
2919 1888 3125 1948 septem
3166 1879 3402 1949 psalmos
3439 1880 3703 1949 speciales
3743 1881 3885 1935 circa

2284 1984 2378 2024 eos
2406 1970 2691 2025 decantare
2739 1981 2910 2025 curet.
2944 1969 3202 2026 Similiter
3245 1972 3488 2027 ordinem
3543 1972 3596 2026 iii
3645 1973 3888 2039 exequiis

2283 2062 2657 2117 detnnctorum
2717 2064 2975 2133 agi-nilis,
3024 2079 3234 2133 preces,
3289 2064 3621 2121 exorcismos
3675 2081 3888 2136 quoque

2283 2156 2412 2211 salis
2439 2169 2489 2210 et
2519 2174 2672 2227 aqua:
2699 2157 3011 2213 memoriter
3049 2166 3229 2214 teneat
3260 2178 3273 2214 :
3305 2168 3520 2214 cantum
3541 2174 3883 2228 noetiiriiuin,

2280 2257 2442 2316 atque
2484 2249 2735 2303 diurnum
2790 2250 2945 2304 sciat.
2993 2249 3318 2321 Coinputuni
3377 2253 3421 2307 si
3473 2268 3578 2307 non
3602 2253 3882 2322 majorem,

2280 2342 2470 2396 sziltein
2500 2344 2795 2411 minorem,
2826 2344 2877 2398 id
2907 2354 2991 2400 est
3010 2356 3226 2415 epactas
3251 2355 3659 2412 concurrentes,
3694 2345 3883 2402 termi-

2282 2451 2380 2492 nos
2407 2438 2702 2508 regulares,
2733 2448 2789 2493 et
2825 2439 2866 2492 si
2905 2449 3102 2509 potest,
3143 2449 3339 2496 etetera
3370 2441 3528 2497 sciat.
3564 2440 3880 2513 Martyrolo-

2282 2532 2425 2602 gium
2451 2542 2506 2585 et
2531 2534 2951 2603 poenitentialein
2991 2535 3183 2602 sapiat.
3222 2534 3488 2589 Libellum
3517 2536 3673 2589 istum
3714 2550 3880 2589 unus-

2282 2627 2509 2695 quisque
2561 2626 2757 2681 habeat
2806 2636 2861 2681 et
2919 2628 3226 2698 frequenter
3273 2629 3449 2699 legat,
3497 2644 3564 2684 ne
3622 2629 3884 2685 oblivioni

2284 2718 2543 2773 tradatea
2588 2733 2709 2788 qua:
2750 2730 2874 2775 sunt
2924 2720 3027 2776 sibi
3072 2721 3426 2777 observnnda.
3465 2721 3619 2789 Quod
3646 2765 3660 2789 ,
3691 2722 3882 2778 fratres

2279 2811 2604 2881 chariSsiini,
2636 2824 2693 2867 ut
2723 2815 3037 2870 memoriter
3066 2815 3297 2872 retinere
3322 2826 3375 2871 et
3415 2816 3700 2871 salubriter
3725 2831 3881 2886 pera-

2279 2919 2405 2975 gere
2459 2906 2750 2969 valeamus,
2803 2909 3148 2977 omnipotens
3199 2909 3340 2965 Deus
3392 2907 3547 2965 nobis
3584 2910 3883 2966 concedere

2280 3000 2549 3072 dignetur,
2574 3002 2726 3070 cujus
2746 3019 2969 3074 regnum
2999 3015 3053 3059 et
3080 3005 3360 3074 imperium
3388 3005 3506 3061 sine
3541 3004 3649 3061 line
3671 3020 3885 3076 perina-

570 3099 833 3172 proferre,
856 3094 1140 3167 epistolam
1170 3101 1227 3150 et
1249 3093 1585 3164 evangelium
1612 3092 1749 3149 bene
1773 3093 1955 3163 legere
1983 3096 2171 3163 possit,
2201 3107 2248 3170 (3
2281 3103 2373 3149 net
2403 3094 2453 3148 in
2484 3095 2680 3149 saecula
2709 3098 3053 3151 saeculorum.
3084 3096 3278 3153 Amen.

610 3243 3835 3275 ψ

2079 3379 2172 3441 SA
2184 3380 2368 3445 NCT]

570 3543 1743 3669 EUTYGHIANI
1861 3541 2407 3659 ΡΔΡΕ
2530 3541 2770 3659 ET
2882 3539 3884 3661 MABTYRIS

1686 3759 2026 3817 EPISTOLA
2067 3760 2152 3816 ET
2193 3760 2515 3818 DECRETA
2544 3763 2769 3820 BUBIA.

1106 3908 1439 3968 EPISTOLA
1473 3907 1492 3963 l
1521 3905 1622 3982 (l).

687 4071 755 4111 an
789 4065 1028 4111 JOANNEII
1068 4064 1138 4104 ετ
1178 4064 1246 4103 AD
1284 4060 1456 4103 omnes
1495 4056 1770 4100 EPISCOPOS
1808 4042 2060 4097 BEOTIC£

1213 4199 1530 4241 PROVINCIE.

923 4308 998 4362 De
1036 4307 1140 4378 [ide
1163 4304 1541 4359 Incarnationi's
1577 4300 1808 4354 Domini.

568 4431 791 4484 Christus
805 4434 860 4479 ut
875 4425 1007 4478 salva
1025 4425 1328 4493 proprietate
1352 4421 1607 4493 utriusque
1616 4426 1827 4493 naturae,
1846 4429 1997 4467 verus
2014 4416 2170 4476 Deus,

1007 4488 1061 4538 et
1082 4488 1229 4537 hoino
1252 4496 1402 4535 verus
1426 4488 1671 4533 extiterit.

568 4623 894 4683 Cliarissimis
936 4618 1178 4693 fratribus
1215 4614 1407 4671 Joanni
1437 4624 1484 4668 et
1511 4612 1743 4669 omnibus
1790 4628 1879 4682 per
1908 4609 2170 4665 Bcoticam

641 4717 954 4790 prouinciam
981 4711 1267 4767 constitutis
1296 4710 1567 4779 episcopis,
1603 4705 1956 4777 Entycliianus
1978 4705 2173 4775 episco-

641 4828 738 4883 pus
763 4810 816 4863 in
839 4807 1060 4863 Domino
1075 4806 1311 4860 salutent.

641 4944 896 5000 llortatiir
926 4955 1025 4997 nos
1054 4940 1279 5010 aequitas
1321 4933 1717 5007 postulationis,
1753 4931 2022 4987 desiderio
2051 4930 2163 4984 fra-

568 5036 839 5093 ternitatis
872 5045 978 5088 tua:
1010 5031 1236 5105 (Syoim.
1269 5046 1348 5101 ep.
1379 5030 1413 5084 5
1434 5070 1449 5096 ,
1481 5026 1549 5080 ad
1581 5027 1643 5083 S.
1675 5021 1977 5096 Cit-sarium)
1997 5065 2012 5089 ,
2044 5038 2165 5094 gra-

564 5142 747 5189 tanter
766 5145 1007 5187 annuere
1020 5137 1066 5193 ⁸,
1081 5138 1136 5183 et
1155 5127 1415 5183 consultis
1441 5126 1545 5180 tuis
1563 5125 1797 5181 breviter
1813 5124 2163 5193 respondere.

636 5272 718 5344 (Ι)
804 5268 960 5327 Prior
1031 5266 1149 5344 hinc
1214 5264 1441 5333 epistola
1506 5262 1822 5344 Eutychiaiii
1907 5261 2168 5344 adversus

563 5332 712 5400 Pauli
742 5343 1079 5399 Samosateni
1107 5332 1315 5393 venena
1368 5332 1939 5405 paratum'antidotum
1982 5332 2165 5390 habet.

563 5417 734 5470 Ποσει
752 5414 897 5469 enim
929 5411 1201 5468 Christum
1234 5409 1539 5474 Dominum,
1569 5424 1727 5478 (luem
1755 5406 2165 5478 Panlusipuruiu

546 5476 840 5542 hominem
862 5498 984 5539 esse
1004 5482 1238 5550 dicebat,
1266 5495 1450 5535 verum
1473 5491 1528 5535 et
1548 5476 1812 5534 aeternum
1836 5478 1927 5533 Dei
1955 5477 2166 5543 Filium,

2272 3903 2342 3959 Et
2366 3905 2608 3976 quamvis
2655 3906 3002 3963 dilectionem
3049 3916 3193 3964 tuam
3223 3910 3391 3965 sciam
3430 3910 3497 3966 ad
3528 3926 3689 3967 omne
3734 3926 3879 3983 opus

2272 3997 2471 4052 bonum
2496 4014 2618 4054 esse
2641 3999 2889 4055 dev0tam
2916 4000 3005 4076 (S.
3038 3999 3165 4069 Leo,
3195 4020 3277 4074 ep.
3318 4003 3429 4075 «6),
3464 4013 3519 4059 nt
3550 4014 3731 4061 tamen
3760 4007 3882 4059 etil-

2275 4092 2455 4147 cacior
2480 4092 2572 4146 ﬁat
2601 4093 2665 4147 ad
2692 4093 2830 4158 illos,
2859 4096 2947 4163 qui
2976 4110 3106 4151 sane
3132 4111 3237 4150 non
3261 4096 3494 4167 sapiunt,
3526 4098 3757 4167 qualiter
3781 4113 3881 4154 eos

2281 4183 2349 4239 de
2379 4185 2751 4241 incarnatione
2787 4186 3084 4243 Salvatoris
3116 4190 3282 4243 nostri
3334 4188 3627 4245 informare
3656 4191 3878 4259 debeas,

2277 4280 2615 4335 mandamus.
2641 4279 2813 4335 linum
2840 4281 3001 4349 igitur
3022 4281 3124 4337 hoc
3147 4282 3422 4339 immobile
3445 4284 3878 4354 fundamentum,

2194 4356 2249 4418 D
2277 4389 2379 4428 una
2413 4378 2528 4428 haec
2556 4373 2682 4429 felix
2714 4373 2832 4430 fidei
2856 4384 3033 4446 pi-tra,
3069 4376 3207 4430 Petri
3239 4391 3334 4431 ore
3356 4376 3602 4433 confe>sa
3631 4396 3645 4432 :
3673 4376 3755 4431 Tu
3800 4395 3878 4443 es,

2275 4463 2715 4537 inquit,Christus
2739 4466 2907 4524 Filius
2940 4466 3035 4523 Dei
3067 4470 3163 4524 rivi
3194 4469 3277 4540 (S.
3313 4469 3528 4537 Matili.,
3566 4471 3699 4543 im),
3732 4480 3883 4528 tanta

2276 4561 2328 4615 in
2360 4576 2418 4614 se
2440 4573 2753 4630 argumenta
2784 4563 3057 4618 sustinens
3083 4564 3348 4630 veritatis,
3376 4576 3591 4635 quanta:
3613 4566 3885 4635 perversi-

2276 4656 2762 4725 talisqnmstioiies,
2781 4665 2836 4711 et
2858 4656 3191 4712 inﬁdelitatis
3219 4658 3501 4713 calumnia:
3515 4660 3883 4714 movebuntur

2280 4745 2366 4818 (S.
2399 4747 2524 4813 Leo,
2561 4766 2611 4816 ρ.
2645 4749 2737 4813 97,
2764 4765 2828 4803 ea:
2856 4748 2917 4806 S.
2958 4748 3151 4804 Hilarii
3192 4751 3336 4805 libris
3361 4751 3424 4805 de
3453 4749 3726 4817 Trinitatc,
3751 4767 3883 4822 quos

2273 4841 2467 4911 citat.).
2496 4839 2613 4911 Jain
2642 4841 2692 4895 iii
2724 4842 2933 4897 caeteris
2959 4842 3291 4910 disiiensatio
3318 4843 3609 4897 voluotatis
3634 4853 3881 4915 paterna:

2270 4933 2359 4986 sit.
2393 4932 2533 5002 Ergo
2581 4943 2765 5002 partus
2809 4944 2864 4989 et
2908 4949 3128 5004 corpus,
3180 4944 3406 5005 postque
3433 4949 3587 5001 crux,
3619 4952 3762 4990 mors
3792 4936 3880 4990 in-

2273 5024 2431 5090 ferni,
2473 5026 2622 5081 saltis
2667 5036 2850 5082 nostra
2883 5039 2967 5082 est
2991 5027 3019 5067 ιι
3052 5029 3268 5083 humani
3297 5031 3438 5083 enim
3469 5031 3683 5100 generis
3711 5045 3882 5086 causa

2274 5121 2368 5178 Dei
2392 5120 2563 5176 Filius
2584 5135 2738 5177 natus
2762 5139 2828 5178 ex
2854 5122 3075 5197 Virgine
3100 5138 3180 5180 est
3205 5134 3260 5180 et
3288 5124 3488 5193 Spiritu
3521 5136 3730 5191 sancto,
3761 5126 3886 5196 ipso

2274 5260 2329 5334 iii
2380 5271 2623 5334 tempore
2668 5261 2862 5318 virtute
2911 5266 3143 5334 Spiritus
3195 5265 3378 5322 Sancti
3432 5265 3483 5320 in
3528 5278 3681 5321 utero
3710 5267 3886 5324 licata:

2271 5332 2452 5388 Mariae
2498 5332 3115 5410 Virginis_iiicariiaiiiiii
3148 5352 3289 5397 esse,
3321 5348 3372 5391 et
3403 5353 3498 5406 per
3530 5337 3633 5393 hoc
3673 5355 3885 5410 ni-qua-

2271 5421 2431 5471 quam
2456 5416 2702 5461 naturain
2727 5405 2964 5463 divinam
2988 5409 3322 5464 immutatam
3354 5405 3537 5465 fuisse.
3574 5405 3773 5466 Seven:
3797 5410 3889 5468 Bi-

2273 5491 2413 5531 κως.

1796 5613 2183 5672 LECTIUNES
2222 5612 2631 5671 VARIANTES.

549 5754 567 5815 ι
630 5747 910 5815 {lennem
933 5738 1077 5815 W-
1138 5812 1149 5815 _
1470 5809 1479 5815 .
1766 5813 1771 5815 Α
1829 5810 1961 5815 μ---
2014 5796 2161 5815 μω

627 5807 654 5846 δ
678 5796 863 5876 Virgo
885 5811 1058 5874 partus
1078 5812 1353 5879 etjcorpus,
1376 5796 1634 5870 mam
1653 5813 1797 5862 crux,
1829 5810 1979 5857 mors,
2014 5796 2183 5859 inferi,

2280 5730 2415 5783 salus
2435 5743 2601 5784 nostra
2626 5744 2720 5787 est.
2747 5736 2830 5787 Sic
2854 5739 3048 5789 omnino
3067 5738 3355 5803 legendum.
