4230 6212
264 220 367 276 ili!)

1708 216 2043 276 EPISTOLA
2083 218 2123 274 l.
3452 224 3480 287 ἰ
3495 234 3561 288 τυ

261 340 363 395 sibi
393 338 445 394 in
479 337 581 394 hac
626 338 943 410 operatione
968 336 1293 407 famulante,
1324 347 1378 394 et
1401 354 1519 404 sua,
1553 337 1645 394 Dei
1673 337 1863 395 videli—
1887 342 1939 401 Α
1968 338 2032 394 S.
2062 337 2311 409 Hilario),
2343 349 2393 395 et
2435 339 2731 397 secundum
2761 339 3147 410 plenitudinem
3180 349 3479 413 temporum
3510 347 3564 401 in

259 444 370 498 cet,
402 433 747 489 inumbrante
768 432 997 497 virtute,
1021 430 1265 503 corporis
1292 432 1392 488 sibi
1423 432 1571 487 initia
1599 431 1861 495 consevit,

260 537 317 583 et
338 526 566 583 exordia
582 525 762 583 carnis
783 525 1020 583 instituit
1035 535 1084 595 ο,
1104 536 1161 582 ιιι
1179 527 1340 583 homo
1358 525 1528 583 lactus
1546 542 1611 584 ex
1636 527 1862 599 virgine,

259 633 512 679 naturam
539 623 591 678 in
624 637 686 678 se
713 620 893 678 carnis
919 621 1211 692 acciperet,
1242 635 1339 692 per
1361 636 1524 693 quam
1573 619 1730 690 hujus
1772 619 1869 674 ad-

260 716 540 773 mixtionis
580 715 919 782 societatem,
970 716 1361 771 sanctiﬁcatum
1411 716 1464 771 in
1511 730 1580 771 eo
1632 714 1866 770 universi

263 809 487 867 humani
513 810 728 882 generis
754 824 955 881 corpus
1000 809 1278 866 existeret.
1314 810 1380 866 Et
1405 807 1862 882 quemadmodum

259 920 455 962 omnes
474 905 525 961 iu
553 905 672 975 ipso
701 919 797 976 per
820 904 894 967 id.
925 903 1066 975 quod
1094 919 1413 976 corporeum
1441 919 1503 961 se
1523 919 1650 962 esse
1676 903 1862 970 voluit,

258 998 653 1063 conderentur,
686 997 758 1053 ita
790 1013 1002 1053 rursum
1034 997 1088 1053 in
1114 1013 1306 1054 omnes
1331 999 1447 1070 ipse
1479 1014 1575 1068 per
1618 998 1695 1065 id,
1723 997 1869 1070 quod

260 1092 385 1163 ejus
410 1100 492 1148 cst
518 1091 805 1158 invisibile,
837 1088 1158 1148 referretur.
1192 1092 1287 1149 Dei
1335 1093 1500 1164 igitur
1525 1094 1703 1165 imago
1735 1093 1872 1148 iuvi-

263 1187 462 1252 sihilis,
508 1185 769 1257 pudorem
815 1185 1038 1242 humani
1081 1186 1289 1243 exordii
1340 1203 1446 1243 non
1498 1188 1787 1256 recusavit,
1819 1196 1875 1242 et

265 1295 365 1351 per
408 1279 862 1351 conceptionem,
924 1289 1175 1350 partum,
1230 1280 1507 1351 vagitum,
1560 1289 1618 1337 et
1666 1294 1870 1346 cunas,

264 1387 569 1444 omnesque
622 1382 818 1427 nostra:
872 1380 1080 1427 naturae
1128 1372 1484 1429 contumelias
1529 1372 1872 1435 transcurrit.
1918 1430 1921 1433 δ

263 1464 407 1534 Quid
439 1461 656 1518 tandem
685 1462 901 1535 dignum
952 1479 984 1519 a
1027 1462 1186 1518 nobis
1229 1472 1393 1519 tanta:
1430 1463 1759 1535 dignationis
1799 1463 1878 1517 al-

260 1555 409 1614 fectu
435 1552 467 1594 1)
488 1554 847 1627 rependetur?
873 1554 1255 1610 lnenarrabilis
1279 1571 1411 1628 ergo
1434 1570 1466 1610 a
1496 1555 1607 1611 Deo
1626 1554 1875 1626 originis,

265 1663 412 1704 unus
456 1646 761 1717 unigenitus
808 1644 973 1712 Deus,
1020 1645 1074 1701 in
1100 1647 1348 1717 corporis
1393 1645 1617 1702 humani
1650 1647 1877 1702 formam

1968 431 2259 502 semetipso
2289 432 2601 503 profuturus
2639 433 2692 491 in
2741 434 2907 489 Deum
2959 434 3253 499 hominem,
3301 435 3444 494 hunc
3470 453 3569 509 per

1969 524 2148 580 omnia
2190 525 2486 597 evangelici
2526 528 2793 583 sermonis
2822 527 3038 582 modum
3073 531 3258 591 tenuit.
3291 542 3349 585 ut
3375 547 3435 586 se
3478 532 3573 588 Dei

1971 614 2164 671 Filium
2195 617 2346 674 credi
2375 617 2615 686 doceret,
2637 631 2691 674 et
2718 619 2950 675 hominis
2979 621 3144 677 lilium
3177 623 3493 692 praedicaret
3517 636 3574 680 et

1971 712 2312 779 admoneret,
2347 713 2577 785 loquens
2604 723 2660 769 et
2704 730 2901 785 gerens
2954 714 3115 771 homo
3161 717 3409 772 universa
3450 734 3575 790 qum

1972 802 2067 859 Dei
2093 813 2238 867 sunt,
2259 804 2486 876 loquens
2508 816 2565 862 et
2583 822 2781 878 gerens
2798 807 2991 864 deinde
3017 807 3156 863 Dens
3178 809 3427 865 universa
3453 827 3573 882 qua:

1972 893 2205 951 hominis
2233 907 2391 964 sunt;
2420 898 2494 953 ita
2526 910 2726 964 tamen,
2761 910 2819 954 ut
2840 900 2960 970 ipso
2985 899 3079 955 illo
3109 902 3386 974 utriusque
3412 920 3579 975 gener

1971 989 2049 1044 ris
2067 1004 2343 1056 sermone,
2373 1006 2648 1062 nunquam
2671 990 2773 1047 nisi
2794 1007 2915 1047 cum
2937 992 3327 1064 signiﬁcatione
3347 994 3582 1054 hominis

1973 1078 2183 1135 locutus
2233 1080 2306 1137 sit
2347 1091 2404 1139 et
2450 1084 2563 1140 Dei.
2614 1084 2739 1141 llaec
2772 1085 2790 1124 ί
2821 1086 3003 1157 itaque
3046 1086 3268 1145 fallendt
3310 1091 3585 1161 Simplices

1973 1183 2136 1245 atque
2164 1174 2495 1246 ignorantes,
2531 1177 2798 1236 haereticis
2822 1182 3036 1238 occasio
3061 1192 3165 1251 est,
3194 1196 3251 1239 ut
3278 1200 3402 1257 quae
3430 1187 3498 1242 ab
3518 1204 3585 1245 eo

1976 1269 2271 1325 secundum
2305 1270 2576 1328 hominem
2604 1274 2744 1329 dicta
2767 1286 2915 1344 sunt,
2946 1277 3086 1333 dicta
3132 1292 3254 1334 esse
3281 1280 3582 1338 secundum

1976 1360 2171 1417 divinae
2194 1371 2401 1419 naturae
2427 1366 2797 1424 inﬁrmitatem
2824 1371 3154 1427 mentiantur
3183 1388 3199 1427 :
3230 1381 3285 1428 et
3305 1375 3425 1443 quia
3448 1392 3587 1432 unus

1978 1462 2139 1526 atque
2166 1455 2311 1512 idem
2340 1466 2445 1523 εει,
2482 1458 2709 1529 loquens
2739 1461 2918 1517 omnia
2959 1480 3079 1534 quae
3122 1465 3360 1536 loquitur
3391 1467 3460 1525 de
3499 1485 3587 1527 se-

1981 1549 2241 1620 metipso,
2264 1551 2443 1606 omnia
2470 1567 2595 1607 eum
2620 1552 2688 1609 de
2716 1553 2991 1610 divinitate
3036 1556 3273 1613 locutum
3302 1575 3425 1616 esse
3452 1577 3587 1617 cnn-

1981 1642 2226 1698 tendant.
2275 1643 2384 1700 Nec
2428 1660 2560 1702 sane
2612 1662 2894 1718 negamus,
2950 1659 3119 1705 totum
3165 1651 3341 1719 illum,
3396 1653 3486 1725 qui
3537 1655 3586 1713 ei

263 1749 471 1797 sancta:
499 1739 738 1811 Virginis
764 1749 924 1795 utero
954 1738 1192 1796 insertus
1236 1740 1500 1796 accrescit
1528 1757 1543 1794 :
1576 1740 1667 1811 qui
1698 1740 1877 1795 omnia
1905 1750 1956 1811 Β
1983 1746 2186 1801 manet,
2240 1748 2449 1793 naturae
2489 1754 2605 1795 sua:
2653 1756 2775 1798 esse
2806 1758 3134 1801 sermonem.
3192 1746 3299 1803 Sed
3344 1748 3391 1803 si
3433 1750 3592 1807 Jesus

264 1834 536 1899 continet,
567 1832 709 1888 intra
740 1849 925 1905 quem,
956 1840 1011 1887 et
1039 1848 1135 1903 per
1164 1848 1325 1904 quem
1355 1843 1548 1890 cuncta
1580 1843 1726 1901 sunt,
1779 1832 1881 1890 htt-

264 1929 418 1986 mani
450 1936 634 2000 partus
661 1927 783 1998 lege
816 1927 1107 1996 profertur.
1139 1926 1220 1981 Ad
1250 1926 1407 1998 cujus
1430 1942 1620 1983 vocem
1649 1925 1882 1983 archan-

270 2025 404 2096 geli,
426 2033 583 2095 atque
603 2020 779 2092 angeli
810 2030 1067 2089 tremunt,
1099 2021 1295 2077 coelum
1322 2030 1379 2076 et
1421 2028 1586 2087 terra,
1620 2030 1674 2076 et
1699 2021 1882 2075 omnia

274 2119 444 2192 hujus
465 2119 643 2175 mundi
675 2117 1017 2175 resolvuntur
1042 2117 1333 2180 elementa,
1363 2116 1568 2188 vagitus
1593 2128 1615 2155 ε
1643 2114 1882 2171 infantia:

275 2216 511 2272 auditur.
544 2213 642 2283 Qui
668 2213 954 2269 invisibilis
986 2221 1041 2267 et
1062 2211 1624 2283 incomprehensibilis
1644 2220 1749 2279 εει,
1775 2228 1881 2268 non

274 2310 418 2376 visu,
449 2322 629 2371 sensu,
660 2316 912 2378 tactuque
944 2305 1328 2367 moderamlus,
1359 2305 1516 2360 cunis
1541 2314 1626 2360 est
1655 2305 1882 2361 obvolu-

274 2414 387 2460 tus.
412 2402 543 2459 ﬁtec
571 2402 617 2457 si
642 2406 766 2473 quis
792 2400 1009 2472 indigna
1038 2399 1147 2455 Deo
1170 2399 1381 2462 recolit,
1412 2407 1560 2453 tanto
1579 2412 1639 2452 se
1667 2397 1887 2468 majoris

270 2496 527 2553 henelicii
575 2494 868 2550 obnoxium
923 2493 1233 2558 conlltetnr,
1286 2502 1491 2562 quanto
1535 2491 1719 2547 minus
1771 2490 1889 2546 haec

276 2588 382 2645 Dei
406 2597 773 2644 convenerunt
797 2585 1089 2655 majestati.
1113 2584 1230 2641 Non
1251 2585 1343 2640 ille
1373 2586 1521 2656 eguit
1547 2583 1713 2639 homo
1738 2584 1879 2639 eflici

206 2676 211 2684 ’
281 2700 386 2754 per
433 2698 592 2754 quem
642 2682 801 2740 homo
846 2680 1021 2738 lactus
1067 2690 1193 2737 est:
1226 2680 1320 2735 sed
1369 2693 1467 2735 nos
1514 2679 1783 2751 eguimus,
1832 2675 1893 2734 ut

280 2775 428 2834 Deus
452 2791 581 2832 caro
611 2775 783 2843 ﬁeret,
814 2788 868 2831 et
897 2773 1162 2829 habitaret
1184 2774 1237 2828 in
1265 2771 1443 2840 nobis,
1472 2771 1527 2828 id
1550 2781 1657 2839 est,
1683 2784 1893 2828 assum-

280 2873 472 2944 ptione
486 2872 684 2936 carnis,
710 2885 847 2924 unus
871 2869 1082 2925 interna
1107 2867 1379 2923 universm
1401 2866 1581 2922 carnis
1608 2865 1892 2922 incoleret.

266 2966 577 3026 ‘Humilitas
604 2965 721 3037 ejus
751 2973 938 3021 nostra
984 2963 1239 3018 nobilitas
1268 2972 1351 3018 est
1380 2977 1396 3015 :
1423 2959 1748 3018 contumelia
1776 2959 1894 3030 ejus

286 3061 468 3119 ltunor
491 3071 678 3117 noster
700 3068 806 3116 est.
834 3058 989 3127 Quod
1013 3056 1108 3113 ille
1133 3056 1274 3112 Deus
1302 3055 1356 3110 in
1381 3070 1547 3111 carne
1564 3055 1893 3121 consistens,

1981 1828 2229 1887 Christus
2254 1844 2309 1888 et
2339 1833 2503 1890 homo
2530 1845 2587 1892 et
2616 1836 2783 1905 Deus,
2828 1848 2884 1894 et
2929 1856 3104 1913 neque
3148 1857 3271 1898 cum
3318 1843 3482 1900 homo
3524 1848 3594 1903 sit

1984 1933 2095 1981 tum
2125 1926 2354 1994 primum
2390 1929 2553 1995 Dens,
2607 1947 2783 2002 neque
2830 1942 2964 2001 tum,
2998 1950 3120 1991 cum
3150 1946 3203 1992 et
3233 1936 3395 1995 ltomo
3424 1941 3493 1996 sit
3538 1953 3597 1997 et

1987 2017 2150 2086 Deus,
2179 2030 2289 2075 tum
2315 2024 2597 2079 nonetiam
2625 2034 2681 2081 et
2713 2026 2874 2095 Deus,
2898 2044 3073 2099 neque
3099 2041 3217 2101 post
3250 2033 3523 2093 hominem
3543 2037 3597 2094 in

1986 2111 2123 2179 Deo,
2149 2129 2256 2169 non
2285 2125 2428 2171 totus
2450 2116 2613 2175 homo
2637 2129 2782 2175 totus
2796 2122 2954 2190 Deus,
2977 2139 3139 2180 unum
3154 2135 3317 2198 atque
3341 2130 3482 2187 idem
3506 2150 3600 2189 ue-

1986 2221 2140 2262 cesse
2154 2208 2457 2265 estdicatur
2468 2212 2589 2280 ejus
2611 2228 2735 2270 esse
2754 2230 3171 2285 sacramentum,
3199 2224 3343 2293 quod
3365 2230 3596 2296 generis.

1989 2300 2057 2357 Et
2083 2317 2204 2357 cum
2239 2304 2291 2359 in
2322 2319 2389 2360 eo
2423 2307 2718 2363 secundum
2751 2319 2964 2381 tempus
3016 2313 3276 2371 discernis
3328 2318 3598 2380 hominem

1988 2410 2019 2450 a
2054 2394 2193 2461 Deo,
2245 2396 2337 2452 Dei
2387 2407 2513 2453 tunc
2540 2410 2700 2470 atque
2730 2401 2963 2459 hominis
2993 2404 3241 2465 discerne
3268 2424 3596 2472 sermonem.

1990 2486 2057 2542 Et
2078 2503 2200 2544 cum
2234 2489 2399 2546 Deum
2444 2500 2606 2563 atque
2635 2493 2907 2551 hominem
2937 2498 2990 2553 in
3024 2508 3269 2572 tempore
3297 2505 3592 2574 conﬁteris,

1991 2580 2088 2636 Dei
2139 2591 2266 2638 tunc
2312 2593 2474 2655 atque
2505 2586 2736 2641 hominis
2782 2590 2832 2643 in
2881 2599 3124 2659 tempore
3174 2594 3315 2652 dicta
3346 2600 3596 2671 dijudica.

1991 2675 2127 2730 Cum
2158 2692 2287 2732 vero
2312 2688 2394 2734 est
2424 2678 2643 2737 homine
2669 2692 2723 2737 et
2744 2682 2875 2750 Deo,
2904 2701 3118 2742 rursum
3152 2692 3310 2746 totin~
3342 2693 3600 2768 hominis,

1994 2767 2156 2824 totius
2204 2769 2316 2840 jam
2368 2770 2461 2827 Dei
2495 2784 2708 2843 tempus
2745 2775 2998 2850 intelligis
3031 2799 3045 2834 :
3078 2781 3343 2854 siquidem
3374 2789 3503 2846 illttd
3536 2794 3602 2849 ad

1992 2859 2518 2921 demonstrationem
2568 2868 2831 2940 temporis
2859 2870 3060 2927 dictum
3090 2884 3193 2944 est,
3229 2883 3454 2951 tempori
3481 2900 3606 2941 coa-

1995 2964 2167 3027 ptato,
2186 2972 2306 3027 quae
2325 2957 2466 3013 dicta
2493 2969 2621 3015 sunt
2644 2980 2659 3016 :
2691 2971 2748 3017 ut
2774 2978 2897 3019 cum
2923 2965 3065 3022 aliud
3090 2969 3161 3024 sit
3179 2983 3305 3027 ante
3329 2974 3601 3036 hominem

1997 3048 2163 3116 Deus,
2195 3050 2339 3107 aliud
2361 3051 2430 3106 sit
2454 3052 2618 3109 homo
2643 3066 2697 3111 et
2718 3055 2881 3120 Dens,
2912 3059 3056 3116 aliud
3085 3063 3154 3118 sit
3181 3076 3300 3135 post
3327 3067 3601 3129 hominem

284 3154 394 3212 hoc
424 3169 522 3210 nos
550 3153 786 3209 vicissim
810 3152 862 3207 in
899 3151 1065 3206 Deum
1090 3165 1155 3205 es
1186 3164 1352 3205 carne
1378 3148 1642 3204 renovati.
1685 3146 1850 3201 Plane
1869 3142 1897 3182 ἀ
1923 3150 1970 3213 C
2001 3152 2058 3198 et
2084 3143 2276 3211 Deum,
2330 3154 2472 3201 totus
2503 3146 2667 3203 homo
2712 3160 2768 3206 et
2797 3160 2942 3208 totus
2971 3154 3129 3223 Deus,
3164 3174 3268 3215 non
3309 3165 3604 3224 confundas

284 3251 450 3306 vitam
498 3264 653 3305 suam
698 3246 888 3311 nescit,
939 3244 1029 3317 qui
1082 3243 1358 3299 Christum
1389 3242 1575 3300 Jesum
1608 3251 1668 3297 ut
1708 3257 1897 3299 verum

287 3343 479 3411 Deum,
524 3343 596 3398 ita
643 3349 698 3397 et
739 3355 925 3396 verum
984 3348 1007 3374 ο
1052 3337 1263 3409 ignorat
1307 3335 1602 3392 hominem.
1661 3336 1727 3391 Et
1781 3334 1900 3406 ejus

286 3438 412 3494 dem
460 3436 685 3509 periculi
742 3450 833 3491 res
880 3443 982 3498 est,
1036 3432 1219 3489 Jcsum
1272 3429 1570 3498 Christum,
1597 3430 1684 3488 vel
1726 3429 1901 3502 Spiri-

286 3541 408 3588 tum
437 3539 703 3595 sauctutn,
738 3528 906 3584 Deum
936 3542 1043 3582 non
1073 3523 1320 3588 credere,
1351 3525 1435 3581 vel
1462 3540 1683 3581 carnem
1730 3523 1901 3580 nostri

290 3622 544 3694 corporis
569 3620 621 3680 in
645 3620 860 3676 Christo
881 3617 1180 3689 denegaret
1222 3614 1396 3689 (Idem
1443 3617 1506 3672 S.
1536 3614 1660 3687 Leo,
1688 3615 1897 3681 ibidem,

291 3732 363 3772 ea:
384 3714 556 3772 eodem
581 3713 645 3770 S.
675 3710 926 3783 Hilario).
955 3710 1136 3766 Omnis
1179 3726 1318 3783 ergo,
1350 3711 1444 3777 ait,
1472 3711 1559 3781 qui
1579 3708 1904 3778 conﬁtebitur

293 3828 378 3867 me
404 3826 577 3865 eorum
608 3806 919 3872 hominibus,
946 3803 1230 3874 conﬁtebor
1255 3812 1303 3858 et
1330 3819 1422 3875 ego
1451 3819 1566 3857 eum
1594 3820 1765 3857 coram
1796 3800 1903 3856 Pa-

295 3915 370 3961 tre
411 3920 547 3969 meo,
591 3901 682 3970 qui
708 3900 763 3954 in
790 3898 931 3954 caelis
958 3908 1030 3952 est
1063 3915 1077 3951 :
1109 3895 1196 3967 qui
1224 3904 1392 3950 autent
1423 3895 1680 3967 negauerit
1709 3911 1789 3950 me
1815 3910 1903 3948 co—

298 4014 420 4052 ram
449 3993 752 4060 hominibus,
785 3989 980 4062 negabo
1009 3998 1056 4043 et
1085 4005 1198 4043 eum
1241 4003 1415 4041 coram
1448 3984 1607 4041 Patre
1636 4003 1766 4051 meo,
1816 3987 1905 4052 qui

301 4101 380 4148 es!
400 4092 456 4145 in
480 4089 616 4145 telis
641 4086 861 4160 (:llault.
884 4086 964 4154 ι).
992 4081 1118 4138 Haec
1152 4079 1368 4135 Verbum
1407 4097 1529 4134 caro
1572 4084 1764 4152 factum
1812 4079 1901 4152 (S.

295 4186 461 4242 Joan.
482 4187 528 4253 ι)
549 4181 888 4254 loquebatur,
908 4185 965 4234 et
985 4176 1147 4233 homo
1172 4173 1331 4231 Iesus
1359 4171 1628 4238 Christus,
1649 4171 1905 4227 Dominus

295 4277 601 4350 maiestatis
645 4272 895 4338 docebat,
954 4268 1218 4326 mediator
1248 4268 1364 4339 ipse
1393 4266 1445 4321 in
1490 4282 1549 4322 se
1579 4263 1646 4321 ad
1675 4265 1901 4321 salutem

298 4372 562 4431 Ecclesia:
584 4367 913 4427 constitutus
938 4373 994 4421 et
1014 4363 1135 4436 ipso
1158 4362 1251 4417 illo
1278 4361 1420 4417 inter
1449 4359 1619 4417 Deum
1647 4370 1701 4415 et
1727 4360 1901 4414 homi-

297 4483 398 4526 nes
427 4464 745 4523 mediatoris
772 4467 1132 4527 sacramento,
1165 4455 1434 4528 utrimque
1464 4472 1602 4511 unus
1637 4454 1899 4522 existens,

2003 3238 2333 3309 temporibus
2355 3248 2412 3297 et
2436 3243 2723 3311 generibus
2750 3245 3164 3314 diSpensationis
3180 3266 3600 3330 sacramentum,

2004 3348 2125 3388 cum
2153 3347 2249 3401 pro
2272 3333 2531 3404 qualitate
2558 3351 2838 3406 generum,
2858 3354 2921 3395 ac
2939 3348 3270 3413 naturarum,
3300 3349 3461 3405 alium
3481 3366 3604 3410 cum

2007 3438 2344 3484 sacramento
2369 3426 2601 3484 hominis
2621 3445 2844 3487 necesse
2870 3443 2955 3488 est
2977 3451 3282 3494 sermonem
3308 3441 3470 3500 fuisse
3494 3461 3603 3503 non

2008 3532 2158 3590 nato,
2199 3522 2363 3578 alium
2412 3524 2588 3580 adhuc
2641 3527 2921 3595 morituro,
2976 3528 3136 3586 alium
3188 3537 3347 3590 etiam
3375 3546 3604 3596 :eteruo.

2006 3615 2186 3672 Nostri
2214 3617 2374 3684 igitur
2398 3632 2558 3674 causa
2592 3620 2707 3674 haec
2736 3622 2915 3676 omnia
2943 3621 3101 3679 Jesns
3123 3625 3366 3683 Christus
3386 3647 3606 3703 gerens.

2005 3717 2061 3765 et
2089 3710 2335 3781 corporis
2380 3712 2549 3767 nostri
2591 3710 2752 3768 homo
2784 3722 2961 3779 natus,
2994 3719 3287 3774 secundum
3319 3737 3608 3783 consuetu-

2005 3803 2184 3860 dinem
2216 3814 2421 3860 natura:
2449 3814 2644 3861 nostra:
2663 3805 2870 3863 locutus
2892 3820 2994 3874 est,
3028 3825 3134 3866 non
3159 3823 3332 3869 tamen
3354 3818 3608 3876 omittens

2005 3907 2217 3950 natura:
2245 3910 2357 3950 sum
2400 3911 2544 3964 esse,
2593 3898 2734 3969 quod
2770 3898 2910 3955 Deus
2956 3912 3056 3957 est.
3108 3902 3240 3960 Nam
3289 3912 3498 3965 tametsi
3550 3912 3604 3968 in

2007 4000 2160 4060 partu
2190 3999 2244 4045 et
2272 3988 2521 4061 passione
2549 4001 2603 4045 et
2634 4002 2810 4048 morte
2839 4003 3047 4048 natm-te
3091 4008 3291 4052 nostra:
3321 4016 3431 4055 rem
3481 4019 3604 4074 per-

2007 4085 2196 4156 egerit,
2252 4099 2341 4141 res
2368 4093 2547 4140 tamen
2592 4086 2735 4156 ipsas
2780 4101 2973 4143 omnes
3016 4088 3214 4146 virtute
3242 4101 3447 4150 naturae
3491 4112 3605 4155 suae

2005 4179 2190 4251 gessit.
2220 4178 2452 4235 Videsne
2478 4179 2545 4234 ita
2572 4178 2738 4234 Deum
2779 4188 2835 4234 et
2888 4182 3156 4238 hominem
3200 4187 3499 4259 prtedicari,
3550 4203 3608 4247 ut

2006 4288 2152 4328 mors
2176 4270 2398 4336 homini,
2426 4271 2535 4327 Deo
2554 4271 2874 4329 verocarnis
2899 4274 3156 4329 excitatio
3181 4277 3464 4349 deputetur
3484 4283 3562 4357 (Ι)
3582 4286 3607 4337 ?

2008 4382 2114 4424 non
2146 4378 2325 4423 tamen
2353 4376 2411 4421 ut
2441 4365 2579 4422 alius
2607 4365 2697 4428 sit,
2743 4367 2834 4438 qui
2882 4381 3123 4426 mortuus
3150 4383 3254 4439 est,
3285 4385 3336 4429 et
3361 4376 3499 4434 alius
3536 4378 3607 4434 sit

2009 4476 2105 4531 per
2148 4474 2305 4528 quem
2338 4468 2582 4542 mortuus
2628 4459 2878 4530 resurgit.
2932 4459 3170 4530 Spoliata
3219 4464 3359 4521 enim
3412 4484 3602 4535 carne,

298 4560 428 4617 dum
456 4559 577 4628 ipse
599 4571 670 4613 ex
697 4553 789 4610 nni
812 4553 860 4608 is
887 4551 942 4607 in
972 4551 1202 4622 idipsum
1233 4548 1459 4613 naturis.
1483 4558 1689 4603 Italum
1708 4546 1905 4603 IllriIIS-
1927 4551 1982 4612 1)
2005 4553 2251 4609 Christus
2271 4561 2355 4608 est
2384 4562 2627 4607 mortuus
2656 4568 2670 4606 :
2699 4566 2755 4607 et
2775 4567 3009 4619 rursum,
3030 4553 3303 4615 Christum
3328 4576 3356 4613 a
3380 4564 3605 4621 mortuis

300 4669 408 4728 quc
432 4667 525 4709 res
549 4648 739 4708 eadem
767 4654 886 4708 est;
936 4644 1010 4699 i3a
1036 4652 1237 4708 tanien,
1269 4647 1328 4696 ut
1367 4650 1560 4697 neutro
1601 4648 1812 4696 careret
1848 4638 1904 4728 in

302 4727 561 4818 utroque,
591 4759 661 4800 ne
705 4740 847 4797 forte
880 4737 1022 4794 Deus
1062 4750 1203 4800 esse,
1236 4734 1398 4789 homo
1434 4730 1726 4793 nascendo,
1758 4727 1905 4784 desi-

303 4850 468 4902 neret
494 4859 510 4895 :
542 4846 601 4894 et
646 4837 810 4893 homo
839 4846 1075 4899 rursum,
1108 4829 1248 4886 Deus
1274 4825 1563 4892 manendo,
1604 4839 1711 4880 non
1740 4833 1906 4879 esset.

309 4935 649 5004 “accitaque
669 4933 917 4987 humanae
936 4922 1278 4982 beatitudinis
1304 4920 1437 4978 lides
1462 4936 1587 4977 vera
1611 4927 1713 4985 est,
1741 4918 1905 4974 Deum

316 5039 373 5086 et
400 5028 671 5083 hominem
700 5020 1017 5097 przedicare,
1036 5016 1272 5072 Vt-rhum
1301 5024 1353 5071 et
1379 5027 1596 5070 carnem
1626 5009 1868 5068 conliteri
1895 5028 1910 5063 :

320 5137 501 5194 neque
529 5121 694 5178 Deum
726 5114 954 5183 nescire,
983 5111 1126 5184 quod
1154 5110 1320 5166 homo
1348 5107 1418 5163 sit
1446 5124 1461 5160 :
1495 5120 1666 5176 neque
1691 5116 1909 5158 carnem

321 5219 577 5289 ignorare
615 5212 759 5286 quod
788 5208 1022 5267 Verbum
1063 5206 1152 5260 sit.
1204 5202 1378 5259 Natus
1404 5200 1564 5273 igitur
1610 5195 1915 5289 unigenitos

313 5287 477 5371 Deus
490 5324 553 5365 ex
568 5306 769 5379 virgine,
787 5304 953 5361 homo
977 5298 1172 5375 (Idem,
1196 5296 1369 5352 eadem
1386 5294 1621 5368 epistola,
1654 5308 1715 5347 ea:
1742 5287 1916 5345 eodem

2006 4649 2270 4714 excitans,
2302 4646 2445 4704 idem
2498 4646 2748 4703 Christus
2787 4657 2889 4709 est.
2932 4664 3096 4705 carne
3123 4667 3184 4706 se
3209 4655 3466 4724 spoliat-5.
3500 4658 3604 4714 Na—

2006 4750 2178 4798 turam
2211 4741 2323 4806 Dei,
2358 4742 2408 4795 itt
2440 4739 2633 4795 virtute
2655 4739 3061 4795 resurrectionis
3090 4742 3322 4812 intellige
3347 4764 3360 4800 :
3388 4746 3606 4817 dispen-

2008 4838 2272 4894 sationem
2326 4834 2558 4889 hominis
2605 4833 2660 4888 in
2705 4842 2878 4887 tnorte
2915 4848 3166 4904 agnosce.
3216 4835 3287 4890 Et
3327 4853 3446 4893 cum
3498 4839 3606 4897 sint

2010 4937 2238 4998 utraque
2266 4926 2379 4982 suis
2422 4934 2571 4998 gesta
2618 4922 2842 4985 naturis,
2899 4939 3062 4978 unum
3110 4934 3285 4982 tamen
3330 4929 3600 4987 Christum

2009 5023 2191 5080 Jesum
2237 5038 2359 5080 eum
2403 5028 2676 5076 memento
2700 5032 2840 5077 esse.
2873 5018 2960 5089 qui
2993 5027 3277 5092 utrumque
3325 5031 3427 5078 est.
3477 5023 3603 5082 llaec

2086 5163 2163 5236 (ι)
2189 5161 2334 5236 ισιθιη
2364 5161 2422 5218 S.
2455 5158 2582 5223 Leo,
2610 5156 2807 5236 ibidem
2831 5199 2847 5220 ,
2879 5157 3161 5236 ex_codem
3189 5159 3247 5216 S.
3278 5158 3498 5217 Hilario.
3530 5162 3609 5219 EX

2016 5227 2210 5308 quibus
2234 5234 2400 5288 lector
2431 5228 2721 5308 perpendat
2763 5227 3071 5308 quntu_h:ec
3112 5230 3271 5308 distet
3310 5248 3539 5303 purpura
3579 5251 3610 5292 ιι

2018 5301 2211 5367 vilibus
2235 5319 2298 5361 ac
2311 5301 2640 5375 quotidianis
2667 5302 2982 5358 tnercatoris
3008 5302 3324 5372 panniculis.

1576 5492 1954 5554 LEC'I‘IONES
1986 5487 2400 5551 VARIANTES.

383 5790 413 5822 α
439 5782 627 5849 Vagitu
655 5777 805 5835 Μω-

612 5863 907 5930 Ριτιοι.
951 5856 1028 5917 ν.

2088 5629 2117 5669 ει
2138 5629 2260 5681 Nam
2280 5630 2353 5681 sic
2372 5628 2518 5694 plane
2543 5624 2688 5680 Labb.

2088 5701 2113 5727 θ’
2135 5694 2212 5745 Νε
2236 5695 2307 5744 sic
2330 5692 2475 5747 Ldbb.

2090 5754 2113 5797 ί
2142 5756 2271 5813 Hinc
2296 5752 2441 5811 Lnllb.
