4230 6212
597 258 697 313 171

1599 257 1660 314 S.
1700 253 2124 315 EUTYCHIANI
2162 250 2367 315 ΡᾹΡᾸΞ
2409 260 2498 318 ET
2527 263 2880 324 MARTYRIS

3792 262 3897 327 179.

590 375 754 446 igitur
766 373 1186 432 demonstranda
1214 374 1248 430 a'
1272 372 1558 445 suspensis
1584 374 1896 443 tulerunt,ut
1914 375 2192 446 utriusque
2217 378 2267 439 Α
2296 378 2420 434 stoli
2450 380 2867 450 consﬁtuerunt,
2903 398 3066 455 super
3091 370 3261 440 altare
3291 376 3606 443 oderantur.
3635 376 3897 459 Optamus

594 474 804 522 natura:
829 467 1055 524 formant
1081 467 1299 522 trantari
1314 466 1368 521 in
1390 466 1619 523 Domino
1635 472 1820 523 nostro
1834 467 1964 523 lusu
1978 466 2191 523 Christo

596 560 1071 630 metniuissemus:
1103 561 1224 632 quis
1253 561 1343 632 qui
1372 575 1600 618 manens
1643 561 1695 617 iu
1736 561 1906 617 lanna
1937 562 2053 626 Dei,
2083 559 2192 616 for-

595 670 739 711 mam
761 653 906 710 servi
921 654 1175 724 suscepit,
1199 653 1316 725 ipse
1342 654 1674 711 divinitatem
1692 664 2030 726 nequaquam
2053 653 2190 709 ami-

593 748 688 802 sit.
714 747 1003 809 Caeterum.
1024 746 1242 815 fratres,
1275 746 1557 804 hortamur
1579 762 1694 816 vos,
1728 758 1787 804 ut
1809 748 2070 804 ninneatis
2094 762 2192 804 eos

591 843 835 897 converti
862 840 931 896 ad
974 856 1097 897 eum
1123 842 1231 913 (1).
1280 842 1436 899 Unde
1484 844 1745 914 scriptmn
1792 850 1875 898 est
1905 860 1919 897 :
1952 840 2081 908 Fili,
2130 854 2193 896 ne

594 934 766 990 tardes
808 936 1030 991 conserti
1055 935 1125 991 ad
1152 935 1451 1005 Dominum,
1479 946 1527 993 et
1557 948 1620 992 ne
1645 924 1858 1004 dil'eras
1906 935 1969 991 de
2011 936 2094 991 die
2139 934 2193 990 in

594 1026 750 1083 diem.
784 1026 967 1085 Subito
992 1029 1129 1083 enim
1157 1029 1319 1084 veniet
1352 1030 1437 1083 ira
1462 1029 1627 1095 illius,
1671 1035 1720 1083 et
1749 1029 1802 1083 in
1833 1034 2057 1101 tempore
2079 1028 2194 1083 vin-

593 1118 746 1175 dictae
770 1120 1025 1189 disperdet
1054 1128 1119 1175 te.
1157 1119 1285 1177 Noli
1315 1122 1501 1176 anxius
1526 1121 1707 1177 essein
1733 1120 1920 1175 divitiis
1943 1119 2146 1192 injustis
2175 1136 2193 1173 :

592 1214 724 1268 nihil
747 1214 1024 1286 proderunt
1052 1214 1145 1270 tibi
1166 1216 1223 1270 in
1249 1216 1333 1271 die
1360 1214 1680 1272 obductienis
1708 1224 1758 1271 et
1783 1215 2029 1271 vindictae
2070 1212 2194 1270 Non

579 1305 801 1361 ventilas
828 1315 876 1361 te
901 1306 957 1361 in
982 1322 1183 1362 omnem
1210 1317 1433 1370 ventum,
1465 1318 1512 1362 et
1555 1324 1657 1362 non
1700 1324 1788 1363 eas
1828 1307 1885 1362 in
1928 1307 2186 1363 o'mnivia.

499 1453 504 1459 ,
591 1396 685 1453 Sic
711 1398 847 1452 enim
879 1408 1113 1467 peccator
1139 1400 1384 1470 probatur
1401 1400 1601 1470 duplici
1631 1398 1826 1472 lingua.
1860 1397 1987 1454 Esto
2016 1401 2194 1469 ﬁnnus

591 1489 645 1543 in
676 1490 758 1544 via
783 1488 1014 1558 Domini,
1047 1500 1091 1545 et
1120 1491 1176 1545 in
1201 1492 1411 1547 veritate
1452 1508 1629 1547 sensus
1656 1494 1750 1559 tui,
1782 1503 1829 1547 et
1864 1494 2075 1548 scientia
2100 1509 2121 1547 :
2146 1502 2194 1548 et

591 1592 928 1651 prosequatur
957 1592 1003 1636 te
1023 1584 1231 1641 verbum
1257 1586 1400 1654 pacis
1417 1595 1465 1639 et
1482 1586 1720 1655 justititz.
1748 1580 1872 1640 Esto
1898 1595 2193 1640 mansuetus

589 1674 660 1728 ad
680 1674 991 1728 audiendum
1018 1674 1223 1730 verbum
1244 1675 1361 1742 Dei,
1385 1687 1440 1730 ut
1466 1677 1727 1749 intelligas
1746 1692 1766 1731 :
1782 1687 1829 1731 et
1848 1693 1963 1731 cum
1989 1678 2196 1748 sapien-

2292 472 2458 543 igitnr
2480 470 2567 547 (S.
2592 474 2773 547 Greg.,
2799 495 2881 546 ep.
2914 478 3004 545 52,
3038 474 3129 535 lib.
3154 478 3253 553 ιν),
3280 480 3474 538 fratres
3498 482 3823 552 charissimi,
3843 492 3900 542 et

2294 564 2423 620 totis
2448 568 2871 638 omnipotentem
2906 564 3192 627 Dominum
3227 564 3811 647 precibus'exoramus,
3844 587 3901 634 ut

2294 654 2637 716 dilectionem
2664 674 2896 717 vestram
2919 664 2972 719 in
2994 654 3193 721 amoris
3217 658 3301 723 sui
3328 669 3708 736 constantiam,
3741 671 3901 727 faciat

2295 754 2465 824 magis
2508 756 2785 827 magistrae
2832 755 3157 827 fervescere,
3206 770 3366 830 atque
3394 760 3444 815 in
3475 777 3609 834 pace
3640 762 3900 820 Ecclesia:

2294 845 2351 900 in
2381 856 2483 901 una
2515 852 2610 903 vos
2638 846 2901 905 concedat
2927 854 3147 907 manere
3187 852 3498 911 concordia.
3533 854 3900 913 Admonemus

2297 939 2459 994 etiam
2487 939 2874 998 fraternitatem
2900 948 3130 999 vestram
3159 942 3245 1020 (S.
3273 942 3451 1018 Greg.,
3480 964 3563 1018 ep.
3585 944 3679 1017 25,
3707 950 3797 1006 lib.
3816 947 3897 1024 ιι),

2296 1038 2359 1085 ut
2408 1030 2463 1086 in
2507 1030 2810 1089 commissis
2835 1034 2985 1091 vobis
3015 1036 3297 1094 animabus
3326 1038 3556 1095 solerter
3589 1036 3899 1113 invigiletis,

2298 1125 2708 1196 animarumque
2764 1129 2934 1201 magis
2975 1130 3175 1199 lucris,
3224 1148 3383 1203 quam
3431 1132 3731 1193 commodis
3775 1136 3901 1192 vita:

2297 1218 2585 1289 praesentis
2627 1216 2942 1278 intendatis.
2988 1223 3043 1279 In
3090 1226 3433 1283 continendis
3475 1245 3604 1285 vero
3633 1238 3696 1286 ac
3722 1230 3900 1303 dispo-

2296 1311 2490 1369 nendis
2514 1315 2672 1372 rebus
2702 1304 3084 1375 ecclesiasticis
3121 1320 3405 1393 diligentes
3424 1324 3679 1381 custodes
3707 1326 3903 1381 cxista-

2288 1408 2388 1473 tis,
2416 1416 2477 1462 ut
2497 1422 2560 1463 ex
2591 1411 2735 1464 otnni
2761 1422 2914 1481 parte
2935 1422 3243 1484 susceptum
3263 1430 3358 1470 vos
3379 1416 3645 1489 condigne
3670 1419 3903 1490 gessisse

2296 1501 2531 1570 pastoris
2557 1500 2812 1571 ofﬁcium,
2830 1518 3090 1562 venturus
3107 1506 3301 1591 judex‘.
3325 1526 3450 1566 cum
3470 1511 3535 1567 ad
3551 1511 3898 1583 judicandum

2292 1593 2527 1661 venerit,
2559 1592 2753 1650 debeat
2781 1599 3101 1669 approbare.
3159 1599 3515 1673 Omnipotens
3545 1615 3727 1661 autem
3760 1605 3905 1661 Deus

2296 1700 2391 1741 sua
2421 1700 2518 1742 vos
2549 1690 2881 1758 protectione
2917 1688 3183 1751 custodiat
3215 1695 3301 1766 (S.
3335 1686 3513 1771 (ἐι-αφ,
3544 1716 3624 1769 ep.
3669 1700 3742 1756 50
3764 1741 3781 1766 ,
3807 1700 3899 1755 lib.

592 1768 662 1820 tia
689 1770 768 1838 fer
794 1783 1116 1839 responsum.
1149 1768 1211 1827 Si
1239 1779 1313 1824 est
1339 1768 1431 1823 tibi
1458 1768 1763 1837 ἱηιείίδσιαιι
1795 1769 2051 1838 "Sponde
2076 1785 2192 1840 ριὀ·
2222 1766 2272 1828 Β
2299 1776 2399 1850 tv),
2430 1779 2795 1855 honoremque
2823 1802 2850 1838 a
2883 1780 2991 1841 Deo
3019 1789 3171 1843 vobis
3214 1766 3490 1860 collatum,
3524 1766 3766 1849 moribus
3786 1809 3906 1850 scr-

593 1858 734 1914 ximo
766 1876 780 1911 :
812 1860 889 1915 sin
913 1870 1105 1928 autem,
1138 1861 1202 1917 sit
1232 1878 1416 1917 atauus
1442 1871 1536 1916 tua
1563 1878 1716 1933 super
1742 1879 1800 1918 os
1826 1872 1989 1928 tuum,
2021 1878 2086 1916 ne
2112 1876 2201 1915 ca-

595 1953 755 2022 piaris
780 1954 834 2007 in
860 1954 1008 2009 verba
1049 1954 1455 2026 indisciplinato,
1512 1968 1560 2012 et
1608 1957 1960 2029 confundam.
2020 1956 2200 2011 Honor

591 2055 639 2100 et
669 2047 835 2119 gloria
864 2049 918 2101 in
944 2064 1174 2104 sermone
1197 2047 1389 2119 sens'ati
1417 2066 1435 2105 :
1469 2050 1646 2122 lingua
1667 2065 1786 2104 om
1836 2050 2198 2121 imprudentis,

591 2140 851 2194 subversio
897 2140 1059 2195 illius.
1091 2138 1213 2196 Non
1239 2142 1515 2213 appelletis
1544 2158 1790 2208 susurro,
1832 2150 1882 2195 et
1907 2142 2086 2210 lingua
2115 2150 2203 2195 tua

594 2248 658 2287 ne
684 2232 929 2302 capiaris,
989 2242 1035 2287 et
1082 2234 1438 2304 confundaris.
1493 2234 1667 2306 Super
1721 2239 1885 2305 furem
1940 2236 2075 2290 enim
2130 2245 2206 2289 est

593 2324 832 2394 confusio
861 2333 907 2377 et
934 2325 1266 2395 paenitentia,
1315 2336 1365 2381 et
1414 2326 1676 2383 deuotatio
1726 2334 1752 2363 ι
1804 2324 2023 2398 pessima
2050 2338 2206 2396 super

594 2410 871 2488 bilinguem
917 2433 936 2471 :
980 2421 1299 2474 susw‘ratori
1348 2429 1517 2475 autem
1570 2420 1777 2485 odium,
1821 2429 1870 2474 et
1916 2420 2202 2485 inimicitia,

596 2520 643 2565 et
672 2510 999 2567 contumelia.
1029 2510 1273 2581 Justiﬁca
1316 2515 1562 2584 pusillum
1589 2524 1636 2568 et
1661 2530 1905 2586 mgnum
1947 2516 2201 2570 similiter.

598 2601 726 2659 Noli
769 2606 884 2674 ﬁeri
930 2622 1024 2676 pro
1069 2608 1234 2662 antica
1261 2608 1498 2664 inimicus
1526 2609 1781 2677 prosima.
1814 2606 2197 2677 lmproperium

596 2698 731 2753 enim
760 2709 806 2754 et
828 2701 1196 2756 contumeliam
1224 2702 1392 2757 malus
1417 2701 1757 2769 hareditabit,
1810 2712 1858 2756 et
1883 2703 2045 2756 omnis
2076 2716 2194 2773 pecs

598 2803 741 2847 calor
768 2793 970 2849 invidus
994 2804 1040 2850 et
1063 2794 1323 2868 bilinguis.
1358 2794 1482 2851 Non
1505 2807 1552 2851 te
1577 2796 1793 2851 extollas
1817 2797 1872 2850 in
1892 2797 2200 2867 cogitatione

594 2887 784 2943 animo:
807 2896 907 2943 tua:
932 2888 1063 2942 velut
1086 2897 1286 2955 taurus,
1316 2905 1381 2943 ne
1405 2892 1538 2960 forte
1562 2888 1786 2943 elidatur
1813 2888 1972 2942 virtus
1994 2897 2085 2941 tua
2106 2904 2199 2958 per

596 2982 867 3036 stultitiam
886 2997 905 3036 :
926 2992 975 3036 et
1002 2981 1132 3054 [alia
1156 2991 1244 3037 tua
1271 2982 1519 3046 madet.
1547 2991 1593 3036 et
1623 2985 1820 3053 fructus
1839 2991 1955 3036 tuos
1980 2981 2200 3052 perdet}:

2304 1888 2434 1930 vare
2485 1877 2765 1947 concedat,
2800 1889 2960 1953 atque
2988 1897 3108 1936 cum
3141 1883 3420 1956 multiplici
3474 1885 3651 1945 fructu
3699 1889 3912 1945 animas

2306 1968 2459 2025 vobis
2482 1971 2800 2027 commissas
2830 1973 2894 2029 ad
2926 1990 3119 2046 pascua
3147 1987 3346 2033 :eterna
3380 1974 3670 2050 adducere,
3700 1974 3914 2053 sibique

2305 2060 2571 2130 condigne
2601 2072 2993 2133 reprtesentare
3025 2067 3261 2136 adjuvet,
3292 2086 3495 2141 vosque
3523 2072 3662 2128 inter
3692 2084 3916 2129 sanctos

2308 2160 2363 2207 et
2388 2150 2590 2209 electos
2616 2171 2744 2211 suos
2769 2159 3036 2216 eollocare
3063 2160 3333 2233 dignetur.
3371 2164 3500 2220 Data
3521 2183 3556 2221 u
3604 2156 3726 2224 idus
3769 2169 3918 2238 apri-

2308 2245 2394 2313 lis,
2427 2248 2716 2305 Aureliano
2743 2252 2797 2307 et
2824 2250 3074 2310 Marcello
3095 2252 3123 2293 ι)
3157 2257 3285 2313 viris
3328 2258 3643 2317 clarissimis
3671 2263 3920 2321 consuli-

2314 2338 2412 2392 bus
2440 2336 2543 2411 (ι).
3762 2348 3763 2351 ‘

2887 2457 3221 2518 EPISTOLA
3269 2464 3334 2520 ll.

2507 2585 2574 2625 AD
2612 2586 2888 2629 EPISCOPOS
2925 2589 3030 2631 Ρειι
3064 2592 3292 2635 ειωυη
3319 2593 3340 2617 (³
3361 2595 3737 2643 ΕΟΒΤΠΊΠὉΒ.

2378 2706 2416 2759 l.
2450 2705 2528 2760 De
2554 2709 2706 2762 modo
2733 2711 3010 2780 recipiendi
3029 2716 3400 2773 accusationem
3428 2722 3667 2777 adversus
3685 2722 3923 2782 clericos.

2379 2798 2441 2850 ll.
2468 2797 2571 2867 Qui
2594 2806 2696 2853 non
2717 2802 3051 2859 admittuntur
3074 2808 3144 2861 ad
3159 2812 3529 2868 accusationem
3544 2814 3925 2887 religiosorum.

2377 2889 2464 2944 ill.
2510 2890 2585 2946 De
2628 2893 2780 2948 modo
2811 2895 3120 2966 procedendi
3161 2901 3214 2955 in
3258 2904 3475 2973 negotiis
3524 2904 3873 2967 ecclesiasticis
3899 2949 3922 2981 ,

2304 2999 2421 3037 cunt
2450 2980 2657 3054 procedi
2683 2998 2785 3042 non
2814 2988 2991 3044 debeat
3019 2993 3174 3048 modo
3203 2996 3462 3051 sd’culari.

599 3085 647 3130 et
682 3074 981 3144 relinqueris
1026 3073 1158 3127 velut
1203 3074 1399 3144 lignum
1449 3074 1653 3129 aridum
1698 3074 1752 3128 in
1792 3088 1983 3129 eremo.
2017 3075 2204 3129 Anima
2229 3084 2274 3147 (ζ
2310 3077 2663 3136 Dilectissimis
2691 3085 2934 3152 fratribus
2980 3089 3226 3144 universis
3266 3088 3522 3165 episcopis
3560 3113 3651 3167 per
3686 3095 3925 3152 Siciliam

601 3167 735 3222 cnim
775 3182 992 3234 nequam
1034 3166 1306 3236 disperdit,
1358 3167 1444 3236 qui
1470 3183 1527 3222 se
1569 3165 1742 3233 habet,
1783 3176 1829 3220 et
1875 3167 1930 3221 in
1960 3166 2208 3239 gaudium

600 3258 796 3313 inimici
816 3259 1099 3323 dat-illum,
1131 3268 1177 3313 et
1205 3258 1411 3313 deducit
1438 3259 1492 3312 in
1520 3268 1709 3315 sortem
1738 3258 2205 3333 impiorumut‘ccl.

600 3349 699 3424 vt).
737 3342 969 3408 Talibus
1023 3352 1509 3417 exhortationibus,
1556 3352 1776 3417 fratres,
1825 3354 2059 3408 vicissim
2090 3367 2207 3408 mo-

600 3456 808 3514 netote,
841 3456 893 3501 et
925 3446 1062 3501 bona
1109 3460 1326 3514 semper
1371 3446 1678 3509 sectamini,
1724 3446 1974 3517 malaque
2016 3447 2204 3502 vitate.

598 3530 804 3613 Magnis
824 3540 971 3595 enim
1000 3536 1261 3611 (Gelasius
1279 3579 1295 3607 ,
1325 3553 1408 3609 ep.
1441 3536 1500 3609 9)
1526 3536 1722 3593 studiis
1740 3536 2058 3609 (secundum
2085 3537 2211 3593 bea-

598 3644 714 3687 tum
746 3630 1091 3717 Apostolum)
1121 3629 1532 3700 praecavendum
1559 3638 1666 3697 est,
1692 3646 1755 3683 ne
1780 3631 1910 3699 ﬁdes
1960 3640 2007 3717 et
2048 3630 2210 3684 disci-

602 3724 745 3800 plina
778 3716 985 3780 Domini
1014 3724 1389 3793 blasphemetur
1421 3722 1478 3796 (Ι
1505 3723 1757 3789 Timoth.,
1808 3726 1909 3793 γι).
1962 3716 2029 3778 Et
2049 3725 2091 3778 si
2120 3723 2208 3778 illa

602 3834 1008 3890 nonnumquam
1035 3817 1261 3874 sinenda
1285 3826 1414 3872 sunt
1455 3833 1577 3887 qua:
1621 3816 1692 3889 (si
1718 3827 2040 3873 csoterorum
2080 3822 2209 3873 coti-

605 3925 714 3972 stet
740 3912 1041 3986 integritas)
1084 3913 1199 3968 sola
1242 3927 1441 3969 nocere
1487 3927 1594 3967 non
1626 3912 1835 3967 valeant
1864 3927 1878 3964 :
1912 3912 2000 3967 illa
2030 3923 2207 3968 tamen

605 4017 734 4064 sunt
774 4020 1098 4079 magnopere
1127 4003 1503 4075 prtecavenda,
1549 4020 1671 4073 quae
1703 4004 1868 4075 recipi
1891 4004 2010 4061 sine
2038 4006 2209 4060 niani-

605 4100 744 4157 festa
773 4099 841 4156 de
866 4098 1198 4177 coloratione
1226 4113 1335 4153 non
1367 4106 1614 4167 possunt.
1646 4099 1715 4151 At
1751 4098 1796 4152 si
1830 4113 1899 4152 ea
1928 4098 2063 4167 ipsa,
2088 4115 2211 4169 quae

609 4192 759 4249 nullo
778 4190 1112 4259 detrimento
1137 4190 1422 4262 aliquoties
1445 4188 1772 4260 indulgenda
1797 4189 2106 4257 credentur,
2131 4192 2214 4248 vel

608 4301 793 4343 rerum
825 4293 1237 4356 temporumque
1282 4281 1426 4352 cogit
1475 4282 1722 4348 intuitus,
1769 4283 1857 4339 vel
1897 4283 2215 4339 accelerant:

610 4375 933 4450 provisionis
965 4384 1240 4443 respectus
1258 4383 1479 4429 excusat
1505 4390 1517 4426 :
1541 4383 1745 4445 quanto
1771 4374 1944 4444 utagis
1973 4373 2065 4430 illa
2093 4369 2219 4431 sunt

618 4470 929 4525 nullatenus
972 4466 1270 4523 mutilauda
1290 4508 1303 4529 ,
1336 4482 1457 4537 qua:
1485 4480 1589 4525 nec
1634 4465 1742 4521 ulla
1772 4466 2086 4530 necessitas.
2121 4483 2220 4524 nec
2244 4475 2297 4535 1)

613 4564 982 4620 ecclesiastica
1012 4574 1235 4634 prorsus
1263 4569 1552 4629 extorquet
1583 4560 1821 4615 utilitas?
1855 4560 2076 4626 Idcirco,
2112 4562 2221 4619 fra-

620 4667 752 4724 tres,
802 4656 901 4711 ista
930 4653 1289 4727 prsetulimus,
1320 4661 1379 4706 ut
1408 4652 1494 4709 bu:
1520 4650 1750 4724 species,
1796 4667 1931 4723 quas
1962 4671 2065 4711 non
2094 4655 2220 4713 licet

617 4734 803 4807 olierri
827 4764 989 4819 super
1017 4746 1188 4802 altare
1209 4745 1358 4816 juxta
1385 4743 1824 4801 constitutionem
1851 4746 2217 4816 apostolorum

619 4859 916 4916 eorumque
960 4856 1335 4915 successorum
1366 4836 1598 4912 (Conon.
1630 4838 1683 4904 3,
1716 4840 1774 4907 4,
1818 4839 1872 4905 5,
1918 4852 2109 4911 apem,
2157 4859 2220 4898 es

617 4940 846 4996 versione
875 4937 1108 5009 Dionysii
1134 4931 1352 5006 exigui).
1383 4932 1449 4988 ad
1481 4931 1702 4987 domum
1738 4932 2079 4991 sacerdotum
2119 4934 2217 4993 de-

618 5039 886 5101 ferantur,
912 5044 966 5089 et
989 5049 1020 5088 a
1049 5029 1422 5087 sacerdotibus
1448 5027 1850 5096 benedicuntur,
1881 5040 1937 5087 et
1959 5047 2057 5103 per
2082 5032 2217 5088 sitn-

630 5133 828 5202 plicem
862 5120 1291 5182 benedictionem
1324 5121 1621 5200 benedicta,
1670 5121 1884 5177 demum
1932 5139 1961 5176 a
2013 5126 2221 5203 populis

621 5230 910 5284 Sumuntur
936 5236 951 5273 :
977 5218 1115 5274 faba:
1139 5222 1345 5272 tantum
1375 5223 1430 5269 et
1457 5228 1596 5281 uvas,
1622 5221 1676 5271 et
1701 5226 1916 5283 emero,
1950 5226 2067 5286 qum
2093 5226 2223 5288 apo.

693 5363 775 5434 (1)
828 5359 1092 5435 Deinceps
1131 5352 1377 5435 quaedam
1430 5348 1780 5435 interpolator
1964 5364 2115 5406 more
2143 5353 2222 5407 in.

619 5423 774 5493 serit.
815 5443 869 5489 et
913 5423 1461 5496 lacinias—longiores
1510 5439 1575 5478 ex
1626 5423 1810 5477 Bibliis
1851 5423 2073 5494 aliisque
2122 5441 2218 5479 an-

624 5508 810 5565 nectit.

686 5713 711 5747 “
739 5706 1005 5767 Devoratio
1030 5706 1168 5761 Labb.

680 5776 708 5817 δ
734 5774 1018 5833 Marcellino
1052 5772 1191 5827 Labb.

2761 3178 3044 3232 constitutis
3068 3221 3083 3247 ,
3117 3177 3489 3252 Etttycltianus.

2384 3280 2684 3342 Benedictus
2714 3287 2852 3343 Deus
2878 3299 2924 3344 et
2954 3288 3113 3346 Pater
3134 3293 3348 3351 Domini
3375 3301 3537 3355 nostri
3562 3300 3689 3357 Jesu
3709 3301 3927 3372 Christi,

2312 3377 2399 3447 qui
2424 3379 2679 3434 benedixit
2705 3390 2796 3435 nas
2819 3374 3039 3457 (Ephes.
3071 3403 3108 3453 I,
3125 3404 3189 3443 ex
3212 3391 3439 3445 versione
3462 3393 3624 3448 mixta
3650 3410 3715 3449 ea:
3736 3394 3931 3451 Italica

2313 3480 2359 3522 et
2378 3467 2867 3546 Hieronymianaﬁu
2893 3478 3029 3532 omni
3054 3478 3395 3538 benedictione
3419 3485 3677 3556 spirituali
3700 3489 3751 3542 in
3775 3488 3933 3543 cccle-

2317 3560 2476 3615 stibus
2498 3563 2549 3617 in
2568 3562 2792 3634 Christo,
2819 3569 2947 3625 sicut
2975 3570 3121 3642 elegit
3150 3590 3240 3627 nos
3263 3576 3315 3628 in
3335 3577 3445 3643 ipso
3465 3588 3584 3633 ante
3599 3580 3774 3647 mundi
3799 3596 3932 3635 con-

2306 3653 2643 3721 stitutionem,
2674 3667 2728 3711 ut
2749 3677 2968 3715 essemus
2985 3666 3148 3717 sancti
3162 3676 3208 3719 et
3230 3656 3547 3725 intnmculuti
3576 3667 3629 3726 iu
3647 3683 3933 3743 conspectu

2314 3749 2424 3818 ejus
2437 3749 2488 3802 in
2503 3748 2770 3819 charitate,
2792 3748 3164 3823 prtcdcstinans
3178 3777 3268 3815 nos
3285 3762 3336 3815 in
3358 3763 3679 3835 adoptionem
3697 3767 3934 3835 ﬁliorum

2314 3839 2588 3909 perJesnm
2607 3842 2862 3900 Christum
2885 3848 2935 3901 in
2965 3850 3151 3920 ipsum,
3188 3854 3463 3908 secundum
3495 3858 3809 3928 propositum
3837 3875 3940 3913 vo-

2313 3933 2522 3989 luntatis
2543 3944 2665 4001 sunt,
2696 3939 2748 3993 in
2769 3940 2968 3995 laudem
2987 3943 3165 4013 gloriw
3179 3949 3360 4018 gratia:
3379 3966 3508 4017 ante,
3531 3952 3584 4007 in
3605 3969 3704 4023 qua
3716 3953 3935 4023 gratiﬁ-

2317 4038 2459 4086 catns
2488 4042 2559 4087 est
2589 4029 2615 4070 δ
2645 4036 2788 4090 nobis
2817 4038 2868 4090 in
2906 4038 3088 4094 dilecto
3116 4040 3256 4097 Filio
3304 4061 3396 4099 suo
3449 4042 3505 4103 in
3546 4064 3650 4119 quo
3689 4049 3938 4105 habemus

2316 4127 2714 4197 redemptionem
2743 4149 2833 4203 per
2860 4138 3160 4207 sanguinem
3189 4141 3300 4211 ejus
3324 4181 3339 4207 ,
3372 4141 3718 4199 remissionem
3743 4160 3936 4214 pecca-

2319 4228 2507 4288 torum,
2541 4224 2820 4279 secundunt
2850 4228 3051 4283 divitias
3081 4234 3404 4304 gratiaaejus,
3432 4252 3546 4307 quat
3573 4236 3849 4293 abundavit
3877 4239 3937 4293 in

2322 4315 2465 4369 nobis
2486 4316 2538 4369 in
2560 4318 2697 4371 omni
2712 4321 2962 4389 sapientia
2989 4333 3033 4379 et
3057 4324 3350 4395 prudentia,
3367 4338 3420 4383 ut
3438 4339 3615 4385 notum
3629 4331 3817 4399 faceret
3834 4348 3941 4386 no-

2323 4404 2396 4461 bis
2425 4422 2794 4466 sacramentum
2824 4416 3094 4472 voluntatis
3110 4437 3238 4492 snw,
3254 4424 3533 4481 secundum
3555 4424 3937 4497 beneplaritum

2322 4503 2454 4573 ejus,
2483 4506 2620 4576 quod
2645 4513 2907 4580 proposuit
2936 4512 2986 4566 in
3012 4529 3091 4582 eo,
3121 4514 3172 4567 in
3196 4516 3589 4587 dispensatione,
3600 4519 3939 4589 plenitudinis

2322 4603 2626 4668 temporum,
2656 4603 2948 4660 instaurare
2973 4608 3145 4662 omnia
3171 4609 3223 4663 in
3251 4608 3474 4671 Christo,
3498 4628 3613 4680 qua:
3636 4613 3689 4667 in
3716 4613 3856 4668 aclis
3884 4623 3941 4669 et

2323 4702 2436 4758 qna:
2462 4691 2514 4745 in
2544 4704 2677 4748 terra
2707 4709 2825 4751 sunt
2856 4700 2906 4753 in
2934 4700 3066 4770 ipso.
3094 4701 3160 4755 ln
3185 4719 3283 4775 quo
3310 4705 3462 4773 etiam
3488 4717 3626 4762 sorte
3651 4708 3816 4763 vocati
3842 4724 3940 4762 su-

2322 4798 2472 4849 mus,
2521 4788 2869 4857 prwdcstinati
2923 4794 3202 4848 secundum
3257 4800 3571 4871 propositum
3625 4800 3780 4870 ejus,
3840 4805 3939 4871 qui

2323 4876 2494 4929 omnia
2521 4891 2763 4947 operatur
2801 4883 3080 4939 secundant
3106 4889 3374 4943 consilium
3404 4890 3679 4948 voluntatis
3702 4910 3839 4962 sum,
3870 4907 3940 4951 ut

2322 4970 2483 5024 simus
2512 4989 2602 5026 nos
2625 4975 2677 5027 in
2705 4970 2907 5030 laudent
2936 4988 2983 5031 et
3021 4980 3237 5051 gloriam
3266 4985 3407 5054 ejus,
3439 4987 3525 5056 qui
3562 4999 3679 5063 ante
3703 4991 3940 5061 speravi-

2325 5068 2438 5117 nius
2481 5065 2533 5118 in
2565 5062 2762 5147 Christo
2785 5086 2803 5122 :
2824 5068 2877 5123 in
2903 5088 3002 5147 quo
3034 5084 3079 5127 et
3115 5090 3199 5131 vos
3220 5118 3234 5140 ,
3265 5094 3380 5131 cum
3414 5078 3687 5136 audissetis
3724 5083 3936 5141 verbum

2327 5158 2567 5227 veritatis,
2602 5146 2933 5233 Erangelium
2963 5167 3145 5223 salutis
3169 5179 3363 5237 vestrte,
3392 5175 3442 5227 iu
3465 5191 3563 5247 quo
3594 5186 3641 5235 et
3658 5178 3939 5237 credentes

2326 5248 2510 5320 signati
2540 5253 2657 5307 estis
2684 5250 2882 5324 Spiritu
2908 5261 3259 5330 promissionis
3285 5276 3494 5335 sancto,
3523 5271 3708 5339 quiest
3734 5271 3937 5343 pignus

2328 5340 2636 5399 haereditatis
2673 5358 2891 5417 nostrae,
2928 5355 2981 5407 in
3018 5354 3417 5426 redemptionem
3457 5340 3838 5433 acquisitionis,
3878 5365 3939 5421 in

2396 5503 2480 5570 (1)
2502 5502 2662 5558 Anno
2690 5503 2823 5571 275,
2855 5508 3089 5564 nondum
3121 5509 3374 5568 defuncto
3404 5513 3603 5574 Felice.

1869 5588 2251 5674 LECTIONES
2288 5616 2701 5677 VARIANTES.

2400 5711 2845 5787 flbialenhieriinps
2859 5727 2911 5787 et
2928 5733 3013 5786 qq.
3039 5723 3121 5776 alii
3145 5724 3363 5780 Ciciliam
3388 5725 3537 5782 Labb‘

2394 5773 2421 5813 ά
2443 5773 2740 5831 Gratiﬂcavit
2760 5782 2904 5833 Labb.
