4158 6260
613 275 717 331 175

1413 276 1468 333 S.
1509 272 1929 334 EUTYCUIANI
1968 272 2171 330 ΡΑΡΛΕ
2211 271 2301 328 ΕΤ
2339 270 2690 331 MAli'l'YlllS
2734 271 3065 332 EPISTOLA
3104 272 3170 330 Il.

3809 270 3908 328 176

611 424 657 468 et
681 413 805 467 milii
829 430 913 468 eos
924 412 1129 483 dedisti,
1157 423 1203 470 et
1227 429 1507 469 sermonem
1522 426 1666 469 tuum
1681 424 2024 469 servaverunt.
2049 409 2098 464 Ν
2106 425 2203 464 unc
2233 412 2285 471 Α
2312 427 2403 464 nos
2428 427 2602 465 sumus
2629 411 2683 466 in
2711 411 2806 465 hoc
2841 410 3055 466 mundo.
3083 409 3265 465 Timor
3293 424 3396 464 non
3423 419 3498 465 est
3526 408 3578 464 in
3619 407 3867 467 charitate
3888 453 3906 480 ,

611 518 957 579 cognoverunt
977 509 1096 579 quia
1125 510 1294 564 omnia
1323 525 1439 580 qua:
1465 510 1652 565 dedisti
1679 509 1824 573 milii,
1856 508 1946 562 abs
1972 518 2020 563 te
2046 515 2164 561 sunt
2187 523 2206 560 :

608 603 730 669 quia
753 601 903 655 verba
919 617 1033 670 qua:
1051 603 1236 658 dedisti
1252 604 1397 669 mihi,
1428 604 1546 658 dedi
1570 605 1662 668 eis,
1679 614 1727 658 et
1743 605 1842 674 ipsi
1865 611 2166 675 acceperunt
2189 618 2208 654 :

610 707 657 750 et
686 707 1031 768 cognoverunt
1055 713 1169 751 vere
1185 697 1305 762 quia
1333 715 1364 750 a
1391 708 1438 750 te
1467 697 1634 764 exivi,
1664 707 1711 751 et
1737 695 2064 751 crediderunt
2087 695 2208 763 quia

611 797 665 841 tu
695 805 774 842 me
800 789 1000 844 misisti.
1025 788 1133 860 Ego
1155 805 1247 857 pro
1263 790 1334 844 eis
1347 807 1490 861 rogo,
1517 807 1618 844 non
1641 807 1732 861 pro
1755 789 1943 844 mundo
1956 805 2099 861 rogo,
2119 787 2208 842 sed

612 897 706 947 pro
731 881 802 934 eis
827 897 953 951 quos
983 880 1166 936 dedisti
1195 883 1321 936 mihi
1343 923 1358 949 ,
1387 884 1506 950 quia
1532 884 1604 936 tui
1635 891 1772 936 sunt.
1801 879 1869 934 Et
1897 898 2007 935 mea
2035 881 2208 935 omnia

609 985 700 1028 tua
720 985 862 1042 sunt,
891 985 939 1030 et
968 985 1056 1029 tua
1078 992 1188 1030 mea
1212 986 1352 1043 sunt,
1381 985 1428 1030 et
1458 976 1772 1045 clariﬁcatus
1799 992 1912 1029 sum
1937 975 1990 1030 in
2017 975 2108 1030 eis.
2140 973 2209 1028 Et

599 1071 717 1140 jam
745 1087 848 1124 non
878 1087 991 1125 sum
1017 1072 1068 1124 in
1098 1072 1322 1138 mundo,
1352 1081 1398 1124 et
1423 1071 1476 1125 hi
1501 1072 1553 1125 in
1598 1070 1788 1125 mundo
1819 1080 1976 1135 sunt,
2029 1079 2076 1124 et
2118 1085 2209 1140 ego

611 1163 680 1215 ad
705 1175 754 1217 te
781 1164 944 1216 venio.
982 1162 1142 1216 Pater
1185 1173 1389 1227 sancte,
1423 1179 1567 1217 serva
1611 1178 1695 1217 eos
1745 1163 1799 1216 in
1847 1162 2049 1216 nomine
2097 1171 2206 1228 tuo,

608 1273 736 1327 quos
768 1257 958 1312 dedisti
1003 1258 1162 1323 mihi,
1205 1269 1252 1312 et
1302 1274 1460 1312 unum
1497 1259 1618 1324 sint,
1670 1258 1798 1312 sicut
1840 1267 1886 1311 et
1925 1275 2038 1312 nos.
2081 1256 2209 1312 Cum

606 1365 768 1404 essem
793 1349 1118 1418 cumeis,ego
1133 1349 1393 1403 servabam
1410 1365 1496 1403 eos
1523 1349 1576 1402 in
1599 1349 1802 1403 nomine
1817 1358 1922 1402 tuo.
1953 1348 2096 1416 Quos
2121 1348 2210 1402 de-

607 1433 740 1494 disti
753 1440 898 1504 mihi,
919 1441 1166 1496 custodivi
1190 1457 1208 1494 :
1231 1452 1276 1496 et
1294 1458 1441 1495 nemo
1457 1457 1520 1496 es:
1541 1441 1618 1496 his
1636 1442 1808 1510 periit,
1828 1441 1928 1495 nisi
1941 1442 2080 1510 filius
2095 1458 2210 1512 per-

607 1533 837 1600 ditionis,
859 1544 913 1588 ut
933 1533 1205 1604 Scriptura
1221 1535 1514 1605 impleatur.
1542 1533 1699 1589 Nunc
1719 1545 1889 1591 autem
1903 1536 1972 1589 ad
1983 1546 2032 1590 te
2042 1537 2209 1605 venio,

606 1638 653 1679 et
675 1626 782 1680 litec
805 1629 986 1698 loquor
1009 1628 1064 1680 in
1089 1627 1302 1691 mundo,
1325 1637 1379 1680 ut
1402 1626 1622 1680 habeant
1647 1627 1892 1696 gaudium
1918 1643 2084 1681 meum
2106 1628 2206 1680 im-

607 1721 797 1788 pletum
825 1720 880 1772 in
909 1720 1214 1787 semetipsis.
1262 1719 1369 1789 Ego
1395 1719 1514 1774 dedi
1536 1721 1611 1773 eis
1645 1735 1928 1773 sermonem
1955 1728 2098 1773 tuum
2123 1735 2141 1774 :
2162 1731 2211 1774 et

2309 503 2400 558 sed
2421 506 2648 574 perfecta
2675 502 2900 557 charitas
2926 506 3069 576 foras
3103 503 3256 558 mittit
3290 503 3522 558 timorem
3538 543 3554 569 ,
3579 503 3822 572 quoniam
3847 504 3915 560 ti-

2285 611 2422 649 .mor
2446 612 2647 666 plenam
2679 594 2846 651 habet.
2881 595 2984 663 Qui
3027 605 3193 651 autem
3220 597 3393 665 timet,
3427 613 3528 652 non
3558 607 3633 652 est
3659 597 3914 669 perfectus

2308 688 2361 741 in
2391 688 2660 743 charitate.
2697 686 2811 743 Nos
2832 704 2952 760 ergo
2981 687 3258 760 diligamus
3289 687 3472 757 Deum,
3499 689 3745 761 quoniam
3771 688 3914 746 Deus

2310 781 2453 851 prior
2471 780 2652 836 dilexit
2681 797 2794 836 nos.
2827 781 2890 837 Si
2907 781 3021 852 quis
3040 782 3247 849 dixerit,
3270 783 3510 854 quoniant
3533 781 3695 853 diligo
3724 781 3910 850 Deum,

2311 883 2358 928 et
2389 875 2601 945 fratrem
2626 892 2776 931 suum
2799 877 2984 944 oderit,
3013 877 3238 932 mendas:
3261 887 3354 932 est.
3383 877 3486 946 Qui
3503 887 3674 933 autem
3704 895 3806 932 non
3831 876 3918 934 di-

2313 968 2430 1039 ligit
2462 973 2675 1040 fratrem
2701 986 2852 1025 suum
2889 987 3038 1042 quem
3062 971 3221 1040 videt,
3251 969 3421 1026 Deum
3449 987 3595 1040 quem
3623 987 3726 1026 non
3757 970 3916 1040 videt,

2310 1060 2562 1128 quomodo
2592 1071 2752 1130 potest
2777 1061 3028 1134 diligere?
3058 1061 3123 1116 Et
3166 1063 3262 1117 hoc
3289 1062 3586 1117 mandatum
3612 1062 3856 1118 habemus
3883 1081 3919 1119 a

2313 1149 2454 1219 Deo,
2489 1164 2544 1206 ut
2587 1155 2674 1225 qui
2714 1153 2882 1226 diligit
2923 1153 3126 1222 Deum,
3173 1155 3355 1227 diligat
3397 1165 3444 1209 et
3489 1157 3701 1228 fratrem
3741 1173 3914 1212 suum.

2316 1243 2495 1300 Omnis
2519 1247 2608 1316 qui
2631 1247 2821 1312 credit,
2852 1247 3092 1318 quoniam
3119 1247 3271 1303 Iesus
3310 1255 3385 1303 est
3423 1247 3654 1304 Christus
3672 1291 3688 1316 ,
3718 1265 3782 1304 ex
3806 1247 3921 1305 Deo

2313 1345 2465 1390 natus
2495 1347 2589 1392 est.
2623 1336 2690 1392 Et
2715 1338 2881 1393 onmis
2903 1338 2992 1410 qui
3020 1339 3188 1411 diligit
3214 1356 3350 1408 eum,
3381 1339 3470 1420 qui
3504 1341 3714 1412 genuit,
3744 1341 3922 1414 diligit

2313 1439 2358 1484 et
2387 1446 2524 1496 eum,
2557 1432 2646 1502 qui
2673 1441 2827 1488 natus
2855 1444 2929 1487 est
2953 1449 3018 1488 ex
3044 1449 3122 1488 eo.
3153 1431 3222 1488 In
3247 1433 3344 1488 hoc
3372 1435 3744 1506 cognoscimus,
3785 1451 3921 1507 quo-

2315 1524 2456 1578 niam
2495 1524 2766 1596 diligemus
2812 1537 2960 1581 natos
3001 1525 3129 1594 Dei,
3168 1543 3284 1582 cum
3328 1525 3492 1582 Deum
3529 1527 3843 1600 diligamus,
3873 1534 3924 1581 et

2315 1618 2561 1672 mandata
2589 1620 2703 1690 ejus
2728 1620 3000 1691 faciamus.
3037 1618 3165 1675 Hatc
3191 1629 3264 1676 est
3289 1621 3422 1676 enim
3451 1619 3678 1675 charitas
3707 1618 3835 1686 Dei,
3864 1628 3925 1676 ut

2314 1711 2560 1766 mandata
2589 1716 2700 1784 ejus
2726 1715 3073 1790 custodiamus
3097 1731 3117 1770 :
3141 1724 3188 1770 et
3211 1714 3454 1770 mandata
3477 1717 3589 1786 ejus
3608 1715 3788 1786 gravia
3816 1730 3922 1770 non

608 1812 826 1866 mundus
845 1812 962 1866 odio
976 1812 1152 1866 habuit
1173 1829 1274 1877 eos,
1293 1814 1413 1882 quia
1436 1828 1537 1866 non
1563 1822 1680 1866 sunt
1696 1812 1760 1865 de
1782 1812 2140 1875 mundo,sicut
2163 1821 2209 1866 et
2239 1823 2288 1884 Β
2313 1815 2431 1861 sunt
2457 1807 2503 1878 (Ι
2531 1807 2716 1877 Ιοαη.,
2747 1808 2825 1882 v).
2859 1810 2926 1866 Et
2969 1825 3066 1882 per
3093 1810 3447 1883 prophetam,
3479 1809 3758 1877 Dominus,
3797 1824 3919 1866 m0-

605 1922 699 1976 ego
720 1921 822 1958 n'm
838 1921 952 1958 sum
973 1905 1036 1958 de
1060 1904 1272 1958 mundo.
1299 1902 1421 1958 Non
1444 1920 1568 1976 rogo
1586 1914 1641 1958 ut
1657 1905 1810 1958 tollas
1823 1921 1905 1958 eos
1919 1905 1983 1958 de
1995 1903 2207 1972 mundo,

600 1998 690 2051 sed
718 2007 773 2052 ut
798 2013 962 2052 serves
995 2014 1081 2052 eos
1106 2015 1139 2051 a
1165 1997 1320 2052 malo.
1353 1996 1430 2051 De
1457 2000 1648 2052 mundo
1687 2015 1788 2052 non
1828 2008 1980 2062 sunt,
2009 1998 2140 2052 sicut
2164 2008 2212 2052 et

602 2108 694 2162 ego
716 2108 818 2146 non
840 2110 954 2147 sum
975 2093 1038 2146 de
1058 2094 1264 2147 mundo.
1294 2093 1578 2162 Sancti/ica
1597 2109 1681 2147 eos
1699 2093 1752 2146 in
1778 2094 2001 2147 veritate.
2028 2091 2210 2149 Sermo

601 2195 718 2239 tuus
743 2187 927 2240 veritas
953 2196 1043 2240 est.
1081 2185 1229 2241 Sicut
1253 2197 1309 2240 tu
1338 2203 1419 2241 me
1447 2187 1630 2241 misisti
1654 2187 1708 2240 in
1745 2186 2013 2253 mundum,
2041 2196 2088 2239 et
2118 2203 2210 2258 ego

604 2278 720 2332 misi
749 2295 834 2333 eos
857 2280 910 2332 in
940 2279 1204 2363 mupdum.
1231 2278 1298 2334 Et
1320 2296 1412 2350 pro
1433 2281 1504 2334 eis
1525 2296 1616 2350 ego
1645 2281 1910 2347 sancti/ica
1935 2281 2206 2350 meipsum,

603 2381 656 2422 ut
681 2370 784 2424 sint
810 2379 858 2424 et
885 2371 986 2440 ipsi
1009 2372 1314 2440 saneti/icati
1335 2373 1392 2426 in
1415 2373 1640 2427 veritate.
1675 2371 1796 2428 Non
1819 2390 1912 2442 pro
1934 2374 2006 2428 eis
2042 2385 2210 2427 autem

600 2481 726 2535 rogo
753 2475 973 2534 tantum,
1005 2467 1095 2521 sed
1133 2477 1179 2521 et
1207 2484 1302 2538 pro
1327 2469 1400 2522 eis
1431 2469 1520 2540 qui
1543 2469 1790 2523 credituri
1818 2480 1937 2524 sunt
1967 2487 2058 2541 per
2097 2486 2209 2525 ver-

603 2559 722 2612 bum
749 2575 922 2614 eorum
951 2561 1005 2614 in
1035 2576 1129 2627 me,
1155 2571 1210 2614 ut
1231 2578 1405 2616 omnes
1432 2579 1594 2616 unum
1622 2563 1745 2630 sint,
1774 2574 1821 2618 et
1849 2566 2068 2621 mundus
2097 2583 2209 2622 cre-

600 2653 687 2706 dat
721 2654 842 2724 quia
880 2663 934 2708 tu
963 2671 1041 2709 me
1071 2656 1273 2710 misisti.
1299 2655 1368 2709 Et
1391 2673 1484 2728 ego
1507 2657 1812 2727 claritatem,
1840 2678 1994 2731 quant
2023 2663 2210 2717 dedisti

600 2748 756 2813 mihi,
791 2747 908 2802 dedi
935 2749 1027 2814 eis,
1058 2760 1112 2803 ut
1133 2749 1236 2805 sint
1263 2766 1442 2817 unum,
1469 2752 1599 2806 sicut
1626 2761 1674 2806 et
1700 2769 1791 2808 nos
1821 2771 1978 2808 unum
2006 2772 2202 2810 sumus.

601 2839 713 2910 Ego
746 2841 796 2894 in
825 2841 914 2909 eis,
951 2850 996 2896 et
1025 2853 1079 2895 tu
1123 2843 1176 2896 in
1205 2860 1303 2909 me,
1338 2853 1392 2897 ut
1419 2845 1522 2898 sint
1559 2849 1896 2901 consummati
1924 2848 1979 2902 in
2006 2866 2166 2903 unum
2185 2890 2203 2917 ,

600 2945 653 2986 ut
683 2947 954 3005 cognoscat
979 2937 1220 3003 mundus,
1247 2940 1368 3006 quia
1395 2949 1450 2993 tu
1475 2957 1554 2994 me
1583 2941 1797 3008 misisti,
1833 2953 1880 2996 et
1909 2942 2069 2998 dilexi
2097 2961 2202 3009 eos,

596 3026 727 3080 sicut
752 3037 802 3082 et
826 3045 905 3083 me
928 3015 1174 3083 dilexisti.
1211 3029 1387 3099 Pater,
1417 3049 1541 3098 quos
1582 3033 1765 3088 dedisti
1794 3036 1950 3104 mihi,
1984 3037 2119 3106 volo,
2152 3049 2206 3094 ut

597 3122 686 3176 ubi
713 3139 805 3194 ego
842 3139 956 3176 sum
975 3165 990 3190 ,
1020 3133 1066 3177 et
1091 3123 1168 3178 illi
1193 3124 1295 3178 sint
1333 3141 1556 3194 mecum,
1592 3137 1647 3180 ut
1688 3129 1890 3182 videant
1917 3131 2203 3186 claritatem

2315 1901 2528 1966 uendo,
2577 1917 2646 1960 ne
2685 1902 2952 1960 laedantur
2987 1904 3238 1976 discipuli
3290 1904 3407 1970 sui,
3441 1903 3752 1976 horumque
3790 1918 3924 1961 suc-

2313 2007 2584 2061 cessores,
2616 1995 2790 2068 inquit
2817 1994 3014 2068 (Psal.,
3051 2013 3222 2064 χχχιι,
3255 2014 3317 2053 es:
3342 2013 3474 2054 vers.
3509 1996 3572 2053 S.
3616 1995 3927 2070 Hieronymi

2313 2105 2468 2158 quam
2485 2104 2601 2143 cum
2623 2100 2784 2145 vetere
2807 2101 2854 2146 et
2873 2089 3060 2147 Italica
3076 2089 3368 2164 permiscet)
3397 2108 3416 2148 :
3445 2091 3744 2148 Circumdat
3764 2110 3928 2167 ange-

2279 2227 2286 2232 .
2315 2181 2396 2236 lus
2415 2179 2625 2238 Domini
2648 2184 2703 2238 in
2725 2201 2854 2256 gyra
2869 2185 3100 2241 timentes
3116 2203 3250 2254 eum,
3279 2196 3327 2242 et
3343 2195 3482 2243 eruet
3507 2203 3614 2245 eos.
3636 2185 3856 2244 Gustate
3877 2199 3926 2244 et

2315 2273 2496 2343 videte,
2522 2277 2764 2347 quoniam
2792 2278 2955 2334 bonus
2973 2288 3046 2335 est
3071 2278 3346 2336 Dominus.
3375 2279 3568 2336 Beatus
3592 2282 3670 2338 vir
3693 2283 3783 2354 qui
3803 2300 3927 2356 spe-

2314 2379 2394 2423 rat
2419 2369 2473 2424 in
2498 2386 2576 2425 eo.
2611 2369 2805 2427 Timete
2827 2371 3122 2443 Dominum,
3143 2392 3317 2432 omnes
3335 2376 3500 2431 sancti
3522 2377 3657 2448 ejus,
3679 2377 3926 2449 quoniam

2313 2477 2417 2516 non
2442 2472 2516 2517 est
2539 2463 2717 2536 inopia
2751 2465 3043 2522 timentibus
3084 2484 3219 2522 eum.
3252 2466 3449 2524 Leones
3477 2468 3842 2542 indiguerunt,
3875 2481 3926 2527 et

2313 2556 2596 2611 esurierunt
2629 2573 2650 2612 :
2688 2559 3029 2629 quwrentibus
3065 2558 3376 2628 Dominum,
3417 2579 3523 2617 non
3569 2563 3728 2619 deerit
3770 2581 3924 2621 omne

2313 2648 2523 2704 bonum.
2568 2651 2869 2722 Ambulate,
2897 2653 3025 2725 filii,
3068 2655 3242 2710 audite
3286 2672 3367 2712 me
3387 2700 3402 2724 ,
3434 2657 3666 2713 timorem
3713 2657 3924 2714 Domini

2313 2742 2501 2798 docebo
2527 2759 2634 2799 vos.
2669 2744 2799 2814 Quis
2825 2756 2898 2802 est
2927 2747 3004 2802 vir
3025 2749 3115 2820 qui
3139 2749 3257 2804 velit
3300 2751 3476 2818 vitam,
3507 2751 3674 2824 diligit
3702 2750 3809 2807 dies
3839 2753 3923 2808 vi-

2312 2833 2431 2888 dere
2455 2833 2612 2891 bonos
2629 2836 2656 2889 ?
2684 2835 2896 2892 Custodi
2921 2839 3153 2912 linguam
3173 2848 3314 2896 tuam
3343 2858 3375 2896 a
3403 2842 3561 2909 malo,
3593 2854 3641 2898 et
3666 2843 3800 2898 labia
3825 2853 3923 2900 tua

2311 2945 2374 2983 ne
2404 2930 2680 3002 loquantur
2724 2933 2920 2990 dolum.
2954 2933 3158 2993 Recede
3197 2955 3230 2993 a
3273 2938 3444 3006 malo,
3474 2950 3526 2996 et
3574 2943 3658 3013 fac
3686 2940 3878 2997 bonum
3901 2958 3923 3000 :

2311 3041 2483 3097 qurere
2509 3043 2719 3097 pacem,
2749 3039 2796 3084 et
2824 3046 3126 3102 persequere
3161 3048 3297 3088 eam.
3335 3033 3488 3088 Oculi
3513 3031 3724 3090 Domini
3761 3051 3924 3107 super

2303 3118 2496 3188 justos,
2524 3128 2572 3174 et
2597 3137 2748 3176 aures
2769 3123 2880 3193 ejus
2902 3123 2972 3178 ad
2999 3123 3276 3180 clamorem
3297 3142 3490 3180 eorum.
3538 3125 3716 3183 Vultus
3743 3138 3923 3184 autem

601 3235 784 3285 nteant,
812 3235 965 3289 quam
1002 3218 1188 3274 dedisti
1227 3219 1388 3285 mihi,
1417 3222 1539 3290 quia
1565 3223 1791 3277 dilexisti
1823 3239 1900 3278 me
1939 3236 2058 3280 ante
2083 3243 2202 3282 cort-

2311 3209 2524 3267 Domini
2549 3214 2602 3268 in
2639 3213 2881 3285 facientes
2907 3217 3102 3272 malum
3122 3260 3139 3287 ,
3169 3229 3225 3273 ut
3253 3220 3436 3291 perdat
3468 3220 3533 3275 de
3560 3231 3696 3276 terra
3721 3239 3924 3280 memo-

598 3312 911 3366 stitutionem
950 3313 1146 3368 mundi.
1183 3311 1342 3368 Pater
1357 3316 1522 3386 juste,
1554 3318 1773 3372 mundus
1801 3328 1849 3373 te
1875 3336 1976 3374 non
2018 3337 2207 3393 cogno-

599 3406 689 3471 vit,
720 3422 810 3476 ego
831 3414 998 3460 autem
1025 3415 1074 3460 te
1091 3409 1334 3478 cognovi,
1361 3418 1410 3462 et
1432 3409 1486 3462 lii
1505 3421 1864 3481 cognoverunt,
1896 3414 2017 3479 quia
2048 3426 2102 3470 tu
2127 3433 2207 3472 me

600 3499 802 3554 misisti.
831 3498 899 3553 Et
915 3511 1090 3554 notum
1113 3501 1209 3568 feci
1232 3501 1304 3556 eis
1329 3519 1510 3557 nomen
1535 3515 1701 3572 tuum,
1725 3515 1772 3559 et
1792 3517 1968 3561 notum
1991 3508 2202 3577 faciam,

598 3601 651 3644 ut
677 3591 912 3660 dilectio,
942 3610 1043 3663 qua
1071 3593 1296 3649 dilexisti
1322 3611 1420 3661 me,
1443 3596 1498 3650 in
1523 3598 1649 3664 ipsis
1670 3600 1754 3666 sit,
1785 3610 1832 3653 et
1857 3617 1950 3671 ego
1973 3601 2026 3656 in
2055 3604 2200 3671 ipsis.

599 3684 670 3739 Et
697 3685 838 3742 idem
881 3685 1119 3741 Joannes
1150 3689 1425 3758 apostolus
1453 3699 1508 3744 et
1543 3691 1900 3764 evangelista,
1932 3696 1984 3749 in
2032 3696 2204 3765 prima

597 3793 691 3833 sua
715 3779 960 3848 epistola,
992 3780 1449 3852 loquitur,dicens
1475 3782 1521 3857 (l
1543 3783 1702 3839 loan.
1736 3783 1811 3856 Iv)
1837 3805 1851 3840 :
1878 3787 2200 3857 Charissimi,

595 3873 872 3943 diligamus
889 3874 1121 3940 invicem,
1138 3875 1258 3944 quia
1273 3875 1415 3930 chari
1422 3887 1499 3930 tas
1515 3894 1578 3931 ea:
1605 3877 1709 3934 Deo
1737 3888 1808 3934 est
1834 3898 1847 3934 :
1872 3890 1919 3935 et
1939 3883 2104 3937 onmis
2117 3885 2204 3951 qui

596 3967 784 4038 diligit,
818 3983 881 4022 es:
910 3966 1019 4022 Deo
1063 3977 1212 4023 natus
1239 3978 1312 4023 est
1334 4009 1349 4035 ,
1377 3979 1426 4024 et
1452 3972 1712 4042 cognoscit
1741 3969 1929 4029 Deum.
1967 3973 2070 4042 Qui
2099 3993 2202 4031 non

597 4066 786 4137 diligit,
817 4083 920 4122 non
949 4069 1088 4122 novit
1113 4066 1298 4134 Deum,
1328 4068 1449 4136 quia
1481 4067 1617 4122 Deus
1633 4069 1858 4125 charitas
1881 4081 1973 4126 est.
2006 4070 2074 4126 In
2104 4073 2202 4127 hoc

595 4161 837 4232 apparuit
871 4163 1095 4217 charitas
1127 4161 1222 4216 Dei
1267 4164 1320 4216 in
1356 4162 1526 4229 nobis,
1559 4165 1799 4234 quoniam
1831 4163 1876 4218 F
1879 4165 2025 4219 ilium
2051 4183 2201 4221 suum

592 4257 1066 4327 unigenitummisit
1089 4256 1226 4311 Deus
1243 4258 1294 4311 in
1322 4258 1589 4321 mundum,
1615 4270 1671 4312 ut
1697 4259 1922 4314 vivamus
1947 4276 2036 4328 per
2057 4276 2192 4314 eum.

594 4350 624 4403 1
633 4369 665 4405 n
688 4351 784 4408 hoc
803 4360 875 4404 est
895 4351 1138 4415 charitas,
1163 4366 1264 4405 non
1283 4352 1430 4421 quasi
1444 4368 1535 4405 nos
1553 4351 1882 4408 dilexerimus
1900 4352 2085 4421 Deum,
2109 4357 2200 4410 sed

593 4444 836 4512 quoniam
853 4445 962 4514 ipse
976 4443 1154 4497 dilexit
1172 4460 1287 4507 nos,
1303 4454 1351 4497 et
1366 4445 1503 4498 misit
1518 4438 1851 4512 filiunt'suum
1871 4447 2198 4519 propitiatio-

594 4553 709 4591 nem
732 4555 750 4606 ι.
766 4553 824 4590 ro
845 4537 1061 4602 peccatis
1090 4537 1294 4591 nostris.
1315 4535 1616 4590 Charissimi
1632 4579 1646 4600 ,
1677 4538 1723 4591 si
1745 4539 1817 4591 sic
1846 4537 1984 4593 Deus
2009 4539 2190 4594 dilexit

2311 3304 2443 3360 riam
2467 3323 2663 3364 eorum.
2696 3308 3054 3367 Clamaverunt
3088 3313 3251 3384 justi,
3281 3322 3329 3368 et
3366 3311 3618 3371 Dominus
3657 3318 3926 3374 exaudivit

2311 3415 2416 3461 eos.
2447 3409 2494 3454 et
2521 3417 2584 3456 ea:
2609 3401 2845 3457 omnibus
2886 3403 3301 3460 tribulationibus
3342 3423 3516 3462 eorum
3551 3409 3780 3465 liberavit
3805 3428 3921 3469 eos.

2309 3495 2475 3550 Juxta
2505 3507 2579 3552 est
2601 3495 2856 3554 Dominus
2881 3499 3115 3556 contritis
3137 3501 3311 3568 corde,
3341 3511 3387 3557 et
3410 3501 3703 3574 confractos
3728 3506 3924 3576 spiritu

2309 3588 2545 3644 salvabit.
2579 3588 2747 3645 Multa
2777 3593 2914 3646 mala
2931 3595 3098 3665 justo,
3125 3604 3175 3650 et
3197 3610 3262 3650 ea:
3285 3597 3517 3652 omnibus
3550 3597 3655 3652 illis
3684 3596 3926 3656 liberabit

2310 3697 2424 3735 eum
2441 3679 2709 3739 Dominus.
2733 3681 2966 3740 Custodit
2994 3683 3248 3743 Dominus
3267 3688 3440 3744 omnia
3459 3705 3576 3745 ossa
3599 3690 3734 3762 ejus,
3758 3709 3924 3750 unum

2309 3791 2374 3830 ex
2396 3775 2474 3831 his
2499 3793 2601 3832 non
2635 3779 3006 3852 eonfringetur.
3044 3779 3329 3853 Interficiet
3353 3783 3569 3856 impium
3595 3787 3793 3843 malitia
3815 3831 3836 3856 ,
3872 3799 3925 3849 es

2309 3869 2531 3926 odientes
2547 3873 2749 3944 justum
2773 3873 3134 3946 culpabuntur.
3164 3874 3399 3933 Redimet
3433 3876 3681 3935 Dominus
3706 3881 3923 3940 animas

2308 3978 2568 4018 servorum
2608 3982 2818 4022 suorum
2838 4009 2855 4035 ,
2901 3977 2948 4023 et
2993 3967 3225 4024 liberabit
3265 3987 3368 4026 eos.
3418 3969 3521 4027 Vos
3547 3989 3664 4044 ergo
3684 4015 3700 4040 ,
3727 3973 3923 4043 fratres

2309 4055 2505 4126 (Psal.,
2550 4061 2694 4130 Liv),
2738 4077 2892 4134 super
2923 4060 3200 4118 Dominum
3243 4065 3418 4136 ponite
3454 4065 3613 4120 corda
3636 4077 3840 4134 vestra,
3870 4077 3923 4126 et

2306 4150 2416 4222 ipse
2444 4155 2662 4209 enutriet
2685 4169 2794 4222 vos,
2825 4157 2949 4227 quia
2977 4173 3080 4212 non
3110 4156 3250 4212 dabit
3277 4157 3332 4212 in
3351 4166 3596 4213 veternum
3625 4160 3924 4230 ﬂuctuatio-

2305 4261 2423 4300 nem
2444 4249 2620 4317 justis.
2653 4246 2796 4304 Deus
2820 4257 2989 4305 autem
3022 4248 3274 4306 Dominus
3303 4261 3474 4306 noster
3496 4251 3712 4308 deducet
3739 4253 3923 4310 inimi-

2311 4355 2398 4394 cos
2419 4351 2639 4410 nostros,
2660 4342 2811 4412 juxta
2835 4342 3119 4414 Propheta:
3141 4358 3348 4412 vocem,
3368 4344 3422 4399 in
3445 4354 3652 4413 puteum
3678 4346 3922 4406 interitus

2305 4433 2547 4502 quoniam
2577 4434 2672 4488 viri
2697 4437 3005 4505 sanguinum
3027 4446 3074 4492 et
3101 4436 3268 4492 dolosi
3294 4454 3397 4492 non
3425 4437 3772 4495 dimidiabunt
3797 4439 3917 4498 dies

2310 4541 2450 4581 suos.
2490 4524 2600 4582 Vox
2623 4539 2792 4584 autem
2809 4547 3009 4602 semper
3023 4542 3226 4602 sperate
3243 4531 3300 4586 in
3325 4530 3572 4600 Domino,
3591 4542 3642 4588 et
3666 4532 3922 4604 ﬁduciam

595 4649 709 4697 nos,
735 4643 783 4686 et
808 4648 901 4686 nos
927 4631 1162 4687 debemus
1187 4631 1488 4684 alterutrum
1514 4631 1746 4701 diligere.
1773 4631 1939 4686 Deum
1963 4650 2110 4688 nemo
2131 4633 2200 4688 vi-

2307 4619 2538 4675 tiabetote
2562 4623 2618 4676 in
2646 4638 2728 4690 eo,
2751 4623 2873 4695 quia
2901 4624 3012 4696 ipse
3034 4624 3268 4682 liberabit
3293 4643 3406 4684 nos.
3431 4625 3555 4701 Ipse
3577 4640 3652 4685 est
3672 4629 3805 4684 enim
3825 4630 3920 4686 be-

594 4726 668 4781 dit
696 4742 958 4795 umquam.
988 4726 1047 4782 Si
1069 4725 1343 4797 diligamus
1363 4726 1594 4791 invicem,
1629 4725 1765 4780 Deus
1782 4726 1834 4781 in
1849 4729 1991 4782 nobis
2023 4739 2193 4785 manet

591 4830 639 4874 et
655 4819 878 4874 charitas
891 4821 1000 4890 ejus
1023 4819 1075 4873 in
1101 4817 1244 4872 nobis
1270 4821 1494 4890 perfecta
1511 4828 1603 4872 est.
1624 4817 1650 4870 I
1659 4837 1690 4872 n
1709 4819 1804 4873 hoc
1830 4821 2186 4894 intelligimus,

594 4912 834 4980 quoniam
868 4914 921 4967 in
967 4930 1025 4968 eo
1054 4927 1336 4976 manemus,
1365 4920 1412 4964 et
1436 4912 1546 4980 ipse
1575 4911 1628 4965 in
1668 4911 1828 4977 nobis,
1860 4915 2101 4984 quoniam
2129 4916 2194 4970 de

594 5008 779 5078 spiritu
817 5024 909 5062 suo
935 5007 1072 5061 dedit
1097 5005 1258 5060 nobis.
1294 5003 1361 5058 Et
1397 5020 1489 5059 nos
1514 5005 1733 5060 vidimus
1759 5014 1807 5060 et
1838 5007 2187 5077 testi/icamur,

593 5105 832 5173 quoniam
862 5100 1018 5155 Pater
1052 5100 1185 5154 misit
1217 5098 1411 5154 Filium
1455 5116 1602 5154 suum
1643 5099 1945 5155 salvatorem
1988 5102 2188 5157 mundi.

594 5198 835 5269 Quisquis
856 5196 1114 5265 confessus
1140 5195 1325 5265 fuerit,
1349 5195 1588 5264 quoniam
1611 5193 1764 5249 Iesus
1799 5205 1872 5250 est
1891 5196 2032 5264 filius
2052 5193 2186 5264 Dei,

592 5291 730 5346 Deus
760 5292 812 5346 in
835 5307 892 5345 eo
916 5298 1082 5344 manet
1112 5299 1158 5342 et
1183 5292 1294 5358 ipse
1317 5289 1370 5342 in
1399 5286 1525 5342 Deo.
1560 5286 1626 5341 Et
1648 5304 1740 5342 nos
1763 5289 1982 5344 vidimus
2008 5300 2055 5344 et
2085 5307 2193 5344 cre-

587 5385 812 5438 didimus
831 5383 1096 5472 cltaritati,
1117 5398 1268 5452 quam
1294 5380 1440 5434 habet
1463 5378 1604 5435 Deus
1629 5382 1683 5435 in
1714 5380 1877 5448 nobis,
1906 5381 2044 5437 Deus
2066 5383 2193 5437 cha—

585 5478 710 5532 ritas
739 5487 850 5531 est:
871 5489 918 5531 et
952 5476 1038 5547 qui
1073 5485 1239 5530 manet
1273 5475 1328 5528 in
1370 5473 1642 5534 charitate.
1679 5473 1734 5527 in
1771 5473 1876 5529 Deo
1901 5484 2112 5542 manet,
2143 5484 2192 5530 et

586 5568 756 5624 Deum
787 5569 840 5622 in
866 5583 943 5623 eo.
975 5565 1042 5622 In
1069 5569 1164 5622 hoc
1199 5566 1423 5636 perfecta
1449 5574 1523 5621 est
1547 5564 1773 5620 charitas
1804 5565 2100 5634 nobiscum,
2135 5577 2194 5623 ut

586 5665 830 5739 fiduciam
859 5662 1134 5718 habeamus
1157 5663 1213 5717 in
1241 5661 1324 5717 die
1339 5659 1556 5732 judicii,
1583 5659 1705 5731 quia
1732 5660 1865 5717 sicut
1890 5661 1980 5719 ille
2018 5672 2120 5738 est,|
2146 5671 2195 5718 et

2303 4712 2534 4769 nedictus
2578 4731 2611 4769 a
2647 4716 2838 4772 saeculo
2893 4733 3053 4789 usque
3094 4719 3150 4773 in
3185 4719 3469 4790 steculum,
3523 4729 3572 4775 et
3616 4719 3762 4793 regni
3798 4719 3920 4793 ejus

2301 4821 2405 4859 non
2450 4806 2544 4860 erit
2590 4807 2711 4874 finis
2739 4807 2891 4881 (Luc,
2922 4806 2982 4882 ι).
3019 4809 3148 4866 Data
3188 4810 3402 4869 decimo
3440 4813 3600 4870 tertio
3648 4809 3918 4870 kalendas

2299 4897 2536 4954 octobris
2568 4899 2748 4972 (ωιηο
2773 4900 2953 4973 283),
2984 4900 3125 4958 Caro
3164 4902 3417 4962 Secundo
3444 4914 3500 4963 et
3547 4904 3748 4963 Casino
3775 4902 3916 4963 viris

2300 4991 2619 5048 clarissimis
2650 4994 2969 5051 consulibus
3001 4995 3105 5069 (l).

2371 5107 2453 5180 (i)
2496 5110 2567 5165 15
2596 5110 2798 5166 kalend.
2831 5113 2998 5167 octob.
3051 5111 3185 5169 Caro
3215 5157 3231 5182 ,
3285 5124 3392 5172 etc.
3446 5115 3584 5174 Hinc
3614 5115 3915 5174 conﬁrma-

2296 5182 2574 5262 ιιξιςμιμοό
2604 5197 2770 5262 supra
2813 5182 3066 5262 diximus_
3106 5186 3158 5262 in
3214 5185 3357 5262 notis
3406 5186 3680 5262 ad_Vitam
3731 5187 3911 5262 Euty-

2298 5252 2536 5330 (ξριίίιιιίλ,Δ
2559 5252 2738 5308 verbis
2770 5272 2786 5310 :
2829 5265 2998 5330 octav.
3046 5254 3514 5330 kalendaugusti,
3549 5262 3730 5316 verius
3757 5252 3909 5324 esse.

2304 5322 2702 5397 Eutychianum
2734 5336 2890 5381 sexto
2921 5327 3042 5384 idus
3069 5322 3397 5397 decembris,
3431 5322 3539 5389 non
3563 5342 3747 5388 autem
3774 5322 3904 5390 octo

2299 5391 2559 5450 kalendas
2578 5398 2784 5466 augusti
2801 5439 2819 5464 ,
2847 5397 3169 5476 decessisse.
3198 5391 3573 5476 Recepistola
3601 5404 3750 5476 enim
3779 5411 3909 5476 post

2299 5476 2584 5544 augustum
2638 5483 2825 5525 mense
2879 5470 3170 5544 septembri
3228 5470 3429 5541 scripia
3469 5484 3556 5530 est
3600 5493 3616 5530 :
3666 5470 3900 5544 ideoque

2299 5539 2663 5618 certissimum
2695 5550 2799 5618 est,
2833 5539 2958 5618 eum
2985 5543 3199 5618 saltem,
3223 5539 3368 5613 quod
3394 5545 3582 5602 scribit
3613 5539 3906 5618 pontiﬁca-

2299 5607 2397 5735 gs,
2431 5624 2619 5668 mense
2639 5610 2778 5683 julio
2803 5626 2871 5670 ex
2896 5613 2999 5671 hac
3027 5613 3132 5671 vita
3180 5607 3312 5691 non
3340 5607 3656 5688 emisi-asse.
3695 5616 3904 5682 Sinin.

2346 5695 2506 5735 unus.

2346 5695 2506 5737 ιδιιυσ.
