4230 6212
350 273 455 334 17Ἰ

1165 278 1222 334 S.
1267 277 1688 338 EUTYCHIANI
1725 278 1928 339 PAPIE
1971 283 2056 342 ET
2094 285 2456 346 MARTYRIS
2484 289 2826 348 DECRETA.

3547 303 3648 358 178

337 397 3642 447 Mm

589 499 1471 620 DEGBETA
1562 509 1959 626 ΕΗΓ

2030 512 2735 636 renum
2803 525 3345 644 rem:
3375 605 3422 682 ,

339 731 410 827 st
457 767 526 825 IN
580 768 732 828 IPSO
787 768 1209 828 nuncnum
1264 771 1521 828 NOMINE
1581 773 1816 830 ennou
1876 775 2010 832 non
2067 777 2218 846 EST,
2271 781 2437 850 oua:
2495 783 2634 842 NON
2691 788 3067 848 HABENTUR
3133 794 3200 850 IN
3259 796 3647 870 PRIORIBUS,

914 869 960 922 A
1015 865 1286 924 LABBEO
1341 867 1708 926 DESUMPTA
1770 868 1865 925 EX
1926 870 2283 931 GBATIANO
2335 877 2427 932 ET
2485 878 2696 936 WONE
2749 881 2838 940 ET
2879 886 3078 944 ALllS.

1033 1086 1254 1127 Ριιιιιωι.

339 1168 468 1227 Non
497 1179 570 1226 est
589 1167 926 1224 obediendum
955 1167 1212 1238 episcOpo,
1235 1166 1324 1238 qui
1348 1181 1441 1238 pro
1464 1165 1716 1221 Itwreticis
1737 1166 1946 1221 missam

965 1279 1146 1319 canere
1165 1265 1325 1330 iubet.

414 1379 469 1436 Si
495 1380 619 1450 quis
645 1379 954 1452 episcopus,
985 1389 1078 1436 aut
1113 1381 1315 1446 abbas,
1349 1381 1670 1456 presbytero
1695 1389 1786 1436 aut
1825 1394 1943 1435 mo-

343 1475 522 1531 nacbo
547 1489 650 1532 suo
681 1474 902 1548 jusserit
929 1477 1122 1532 missas
1161 1493 1257 1546 pro
1285 1477 1552 1534 bmreticis
1578 1476 1657 1548 (t)
1683 1483 1939 1544 cantare,

333 1583 444 1626 non
471 1568 611 1626 licet.
647 1566 762 1625 Non
791 1568 932 1627 enim
958 1571 1174 1643 expedit
1200 1572 1278 1630 eis
1304 1571 1538 1632 obedire.

983 1703 1283 1746 SECUNDUM.

370 1779 635 1836 Abbatissa
662 1795 974 1852 prazsumcns
1013 1783 1180 1839 uelare
1218 1785 1460 1856 virginem
1479 1827 1494 1852 ,
1526 1784 1603 1839 vel
1628 1785 1831 1841 uiduam
1849 1829 1864 1853 ,

911 1876 1398 1930 excommunicetur.

409 1965 768 2024 Nihilominus
791 1969 956 2024 etiam
977 1969 1031 2024 in
1055 1969 1377 2039 quibusdam
1400 1970 1535 2026 locis
1563 1971 1836 2028 insolitum
1854 1973 1934 2028 iu-

340 2058 590 2114 venimus
615 2075 770 2115 usum
799 2060 1043 2116 stultitia:
1071 2061 1314 2131 plenum,
1341 2071 1396 2117 ct
1423 2062 1807 2120 ecclesiasticae
1831 2080 1931 2120 au-

338 2151 572 2206 ctoritati
600 2155 950 2220 contrarium,
986 2169 1052 2208 eo
1081 2155 1222 2225 quod
1256 2154 1514 2210 videlicet
1540 2158 1816 2212 nonnulla:
1837 2157 1934 2213 ab-

332 2243 584 2307 batissae.
615 2255 670 2301 et
710 2246 907 2318 aliqua
951 2263 1016 2303 ex
1063 2248 1606 2315 sanctimonialibus,
1651 2250 1828 2305 viduis
1877 2261 1934 2307 et

334 2337 531 2408 puellis
560 2339 881 2410 virginibus,
909 2352 1097 2396 contra
1127 2340 1227 2407 l'as,
1257 2340 1436 2397 velum
1479 2342 1759 2414 imponere
1790 2359 1929 2413 prae-

335 2442 588 2498 sumant,
615 2443 671 2489 et
699 2433 822 2490 ideo
852 2437 1124 2492 nonnulla:
1154 2436 1354 2507 injuste
1395 2437 1588 2492 velatae
1634 2447 1824 2508 putant
1871 2452 1931 2494 se

338 2527 565 2584 liberius
592 2530 703 2584 suis
739 2531 1047 2586 carnalibus
1084 2530 1369 2587 desideriis
1411 2546 1572 2603 posse
1601 2533 1842 2602 servire,
1876 2542 1933 2588 et

342 2635 471 2676 suas
500 2621 793 2678 voluntates
821 2624 1064 2695 explere.
1090 2623 1434 2697 Quapropter
1454 2626 1766 2692 statuimus,
1801 2636 1858 2681 ut
1885 2628 1932 2682 si

337 2713 606 2769 abbatissa
635 2725 726 2771 aut
749 2717 1004 2788 quaelibet
1031 2718 1481 2787 sanctimonialis,
1516 2729 1637 2789 post
1664 2719 1806 2774 banc
1833 2719 1929 2776 dc-

338 2806 634 2863 liuitionem
656 2849 672 2872 ,
706 2810 758 2864 in
804 2817 1006 2865 tantam
1053 2811 1331 2867 audaciam
1378 2813 1680 2883 proruperit
1703 2857 1718 2881 ,
1753 2825 1808 2868 ut
1837 2824 1934 2869 aut

338 2900 554 2954 viduam
576 2912 668 2955 aut
693 2901 928 2973 puellam
956 2904 1212 2975 virginem
1238 2906 1418 2961 velare
1445 2917 1762 2975 prtcsuutat,
1787 2906 1934 2978 judi-

340 2993 428 3047 cio
457 2993 714 3048 canonico
741 3009 916 3066 usque
958 2995 1024 3050 ad
1064 2997 1490 3054 satisfactionem
1529 2997 1790 3054 subdatur
1821 2997 1930 3070 (In

337 3089 520 3145 duret.
543 3088 657 3146 luo.
683 3090 771 3146 lib.
799 3105 880 3160 tu,
903 3089 992 3158 ΞΟ,
1024 3109 1075 3164 q.
1098 3091 1152 3147 2.
1180 3091 1466 3148 Statuimus
1487 3103 1542 3148 ut
1568 3094 1612 3148 si
1628 3093 1928 3165 abbatissa.)

1001 3222 1257 3265 TERTIUM.

332 3299 597 3357 Fidelium
644 3301 899 3357 consortio
942 3311 1153 3372 careat,
1200 3304 1289 3374 qui
1326 3305 1676 3377 paenitentiam
1713 3306 1929 3378 perjurii

926 3414 1074 3468 agere
1096 3398 1335 3454 noluerit.

404 3513 810 3570 Prmdicandum
842 3523 926 3570 est
951 3514 1145 3583 etiam,
1175 3527 1230 3570 ut
1263 3515 1556 3586 perjurium
1604 3516 1792 3572 tideles
1833 3531 1927 3572 ca-

331 3616 516 3675 veant,
544 3619 596 3664 et
625 3609 695 3664 ab
717 3607 820 3664 hoc
843 3623 1186 3680 summopere
1206 3609 1535 3677 abstineant,
1560 3609 1794 3666 scientes
1825 3609 1929 3666 hoc

332 3701 540 3772 grande
567 3701 750 3758 scelus
778 3716 923 3768 esse,
957 3711 1011 3757 et
1052 3702 1104 3757 in
1139 3703 1257 3774 lege
1295 3713 1348 3758 et
1378 3703 1429 3758 in
1465 3703 1744 3774 prophetis
1789 3713 1842 3758 ct
1872 3704 1928 3759 in

329 3799 685 3870 Evangelium
701 3799 1024 3869 prohibitum
1047 3799 1255 3872 (Levit.,
1275 3816 1350 3864 vt;
1372 3799 1555 3867 Iosue,
1575 3815 1648 3863 tx;
1665 3799 1922 3868 Malacin,

329 3909 432 3959 tu;
459 3892 671 3961 Mutua,
700 3893 771 3966 v).
807 3892 1124 3948 Audivimus
1153 3901 1330 3948 autem
1356 3893 1617 3964 quosdam
1639 3893 1924 3964 parvipen-
1950 3891 1994 3954 C

333 3988 470 4043 dere
487 3988 588 4044 boc
599 3988 792 4053 scelus,
808 3997 863 4043 et
877 3988 1048 4042 levem
1064 3970 1463 4057 quodammodo
1482 3987 1729 4057 perjuriis
1753 3987 1926 4056 poeni-

331 4080 521 4135 tentia:
537 4080 750 4136 modum
769 4082 1064 4150 imponere.
1087 4080 1187 4149 Qui
1217 4094 1377 4134 nosse
1402 4078 1624 4144 debent,
1659 4080 1822 4134 talem
1853 4079 1924 4136 de

325 4173 569 4247 perjurio
597 4175 964 4245 pceniteutiam
996 4172 1195 4242 imponi
1235 4172 1464 4236 debere,
1497 4173 1708 4244 qualem
1755 4183 1811 4229 et
1853 4172 1924 4230 de

325 4267 620 4334 adulterio,
653 4277 708 4323 et
731 4267 798 4323 de
829 4267 1204 4333 fornicatione,
1228 4275 1282 4321 et
1312 4263 1380 4321 de
1409 4265 1700 4322 homicidio
1728 4274 1923 4336 sponte

324 4362 621 4419 commisso
642 4405 658 4427 ,
685 4370 740 4416 et
767 4360 834 4415 de
876 4359 1086 4415 caeteris
1112 4358 1484 4414 criminalibus
1523 4358 1686 4414 vitiis.
1716 4358 1774 4414 Si
1803 4359 1923 4429 quis

324 4473 458 4513 vero
485 4464 797 4527 perpetrato
828 4455 1082 4526 perjurio,
1113 4463 1206 4509 aut
1234 4454 1476 4525 quolibet.
1500 4453 1764 4510 criminali
1797 4468 1916 4524 pec-

324 4562 470 4616 cato,
503 4551 701 4605 timens
742 4550 1111 4620 paenitentiam
1144 4549 1390 4619 longam,
1421 4546 1489 4602 ad
1517 4545 1918 4602 confessionem

325 4645 516 4700 vcuire
545 4643 808 4708 voluerit,
839 4643 906 4698 ab
946 4641 1186 4700 Ecclesia
1225 4640 1568 4712 repellendus
1591 4649 1676 4696 est
1695 4683 1711 4709 ,
1743 4639 1858 4696 sive
1887 4657 1919 4696 a

323 4735 707 4793 communione
733 4744 786 4791 et
810 4735 1083 4790 consortio
1111 4732 1368 4799 ﬁdelium,
1403 4743 1464 4788 ut
1490 4732 1669 4788 nullus
1699 4749 1821 4788 cum
1845 4749 1913 4790 eo

324 4831 614 4900 comedat,
645 4847 819 4903 neque
849 4830 1028 4900 bibat,
1066 4845 1242 4902 neque
1274 4839 1391 4886 oret
1417 4871 1433 4900 ,
1467 4843 1645 4901 neque
1674 4829 1726 4885 in
1757 4828 1920 4886 domo

335 4940 433 4980 sua
457 4941 581 4982 eum
613 4925 856 4996 recipiat.

845 5036 866 5048 ‘
969 5037 1238 5087 QUARTUM.

342 5111 570 5169 Membra
595 5116 919 5180 detruncans,
950 5115 1124 5170 domos
1153 5113 1447 5185 incendens,
1478 5116 1670 5187 absque
1685 5115 1921 5185 iudiciali

720 5209 1017 5264 auctoritate
1043 5208 1522 5264 excommunicetur.

413 5320 473 5378 Si
500 5323 610 5394 quis
631 5325 996 5382 membrorum
1027 5323 1411 5390 truncationes,
1435 5332 1490 5380 et
1513 5323 1796 5380 domorum
1827 5322 1911 5378 in-
1941 5294 1997 5358 Ῑ)

1961 2487 2009 2548 Β

1973 1078 2026 1133 Α
2052 1071 2239 1127 cendia
2266 1073 2474 1143 fecerit,
2498 1077 2612 1134 sive
2635 1079 2752 1136 ﬁeri
2771 1083 3014 1153 jusserit,
3050 1098 3140 1142 ant
3172 1089 3387 1146 facienti
3417 1110 3648 1154 consen-

2051 1165 2202 1230 serit,
2235 1181 2514 1241 quousque
2541 1172 2608 1226 dc
2636 1172 2719 1229 bis
2762 1177 3049 1251 unicuique
3089 1182 3333 1252 lc-galiter
3362 1197 3416 1240 et
3443 1190 3646 1245 amica.

2051 1259 2231 1316 bilitcr
2254 1277 2435 1318 coram
2462 1265 2722 1339 episcopo
2745 1271 3000 1338 civitatis,
3032 1276 3256 1348 aliisque
3283 1281 3511 1352 civibus,
3541 1302 3646 1341 non

2050 1355 2442 1421 emendaverit,
2475 1359 2544 1414 ab
2571 1361 2810 1418 Ecclesia
2845 1382 2904 1421 se
2934 1369 3199 1436 privatum
3232 1387 3546 1444 cognoscat.
3576 1380 3632 1434 Si

2048 1465 2177 1506 vero
2205 1463 2324 1521 post
2353 1455 2641 1511 secundam
2669 1466 2723 1513 et
2743 1461 2953 1515 tertiam
2982 1467 3420 1533 conventionem,
3450 1483 3640 1526 cuncta

2046 1545 2103 1598 in
2125 1545 2322 1615 quibus
2343 1547 2607 1617 arguitur,
2634 1565 2739 1605 non
2763 1553 3150 1620 emendaverit,
3177 1566 3445 1630 tamquam
3469 1565 3647 1618 etimi-

2045 1651 2142 1692 cus
2178 1648 2233 1692 et
2262 1639 2598 1710 publicanus,
2638 1643 2706 1699 ab
2748 1646 2895 1701 oumi
2943 1648 3368 1708 christianorum
3413 1655 3642 1727 collegio

2044 1741 2346 1801 separetur.

2720 1868 2976 1918 ρυιΝτυιι.

2139 1962 2207 2018 In
2235 1975 2480 2034 potestate
2509 1967 2678 2037 ﬁdelis
2703 1970 2801 2038 sit,
2831 1981 2946 2040 post
2975 1973 3280 2043 baptismum
3309 1977 3536 2046 recipere

2425 2079 2637 2119 uxorem
2663 2081 2816 2134 quam
2841 2077 2959 2122 ante
2985 2068 3269 2126 dimiserat.

2115 2180 2169 2234 Si
2211 2179 2332 2250 quis
2378 2181 2594 2250 gentilis
2640 2184 2898 2253 gentilem
2945 2201 3169 2242 uxorem
3206 2189 3474 2247 dimiserit
3511 2203 3638 2251 ante

2037 2272 2401 2342 baptismum;
2449 2286 2570 2346 post
2602 2277 2925 2348 baptismum
2969 2279 3022 2336 in
3068 2291 3335 2352 potestate
3364 2288 3480 2357 ejus
3509 2291 3612 2344 erit

2036 2381 2156 2424 eam
2188 2365 2408 2434 habere,
2438 2369 2524 2426 vel
2554 2384 2659 2425 non
2688 2370 2913 2429 habere.

2723 2505 2949 2545 SEXTUM.

2136 2599 2333 2654 Fidelis
2360 2602 2622 2669 inﬁdelem
2648 2605 2989 2661 discedentem
3017 2612 3158 2680 sequi
3181 2591 3283 2666 non
3311 2615 3527 2683 cogitur.

2045 2773 2052 2780 η
2111 2714 2286 2770 Simili
2314 2717 2495 2784 modo,
2527 2719 2570 2772 si
2601 2735 2737 2775 unus
2768 2735 2833 2775 ex
2858 2722 3158 2793 conjugatis
3189 2725 3488 2795 baptizatus
3519 2742 3633 2796 eSt,

2037 2819 2091 2862 ct
2119 2810 2257 2865 alter
2283 2813 2525 2880 gentilis,
2559 2824 2612 2869 et
2643 2815 2792 2887 sequi
2826 2831 2932 2871 non
2965 2818 3072 2872 vult
3093 2859 3108 2879 .
3136 2820 3274 2876 sicut
3300 2822 3429 2877 dicit
3455 2826 3630 2896 Apos~

2037 2901 2177 2959 tolus
2209 2920 2222 2959 :
2254 2902 2490 2974 Inﬁdelis
2516 2907 2560 2962 si
2589 2908 2825 2972 discedit,
2859 2912 3091 2966 discedat
3123 2914 3168 2983 (l
3194 2913 3339 2982 Cain,
3376 2918 3495 2990 vn).

2694 3041 2981 3083 SEPTIMUM.

2501 3141 2763 3212 Synodale
2783 3146 3150 3216 juramentum.

2106 3277 2408 3351 Episcopus
2466 3281 2516 3336 in
2574 3281 2783 3354 synodo
2832 3285 3110 3354 residens,
3164 3299 3284 3360 post
3335 3308 3626 3365 congruam

2033 3370 2414 3428 allocutionem
2459 3384 2667 3445 septem
2694 3391 2758 3432 ex
2799 3378 2953 3448 plebe
2993 3381 3110 3451 ejus
3157 3391 3182 3419 τι
3212 3386 3512 3453 parocltim,
3546 3389 3629 3444 vel

2033 3481 2100 3522 eo
2126 3468 2376 3538 amplius,
2412 3479 2571 3540 prout
2603 3470 2797 3527 viderit
2823 3475 3107 3545 expedire,
3140 3479 3494 3548 maturiores,
3527 3482 3627 3538 lto-

2033 3560 2298 3616 nestiores
2319 3603 2333 3627 ,
2367 3573 2532 3632 atque
2558 3563 2864 3622 vcraciores
2891 3568 3069 3638 viros,
3107 3571 3158 3625 in
3202 3571 3436 3627 medium
3471 3575 3630 3631 debet

2032 3651 2297 3709 advocare
2327 3672 2339 3708 :
2374 3663 2430 3708 et
2455 3655 2616 3710 illatis
2636 3654 2662 3694 ι’
2707 3671 3016 3715 sanctorum
3052 3663 3363 3732 pignoribus
3384 3707 3398 3731 ,
3429 3682 3625 3722 unum-

2031 3759 2298 3816 quemque
2341 3746 2553 3802 illorum
2600 3748 2689 3803 tali
2735 3761 3076 3808 sacramento
3121 3757 3528 3828 constringere,
3570 3771 3630 3816 ut

2033 3837 2228 3892 amodo
2274 3838 2328 3892 in
2371 3849 2545 3895 antec
2589 3840 2849 3913 quidquid
2893 3846 3063 3911 nosti,
3117 3857 3208 3902 aut
3260 3849 3485 3917 audisti,
3535 3865 3628 3907 aut

2030 3931 2370 4001 postmodum
2396 3932 2748 4004 inquisiturus
2787 3952 2867 4004 es,
2903 3939 3044 4007 quod
3072 3951 3254 3995 contra
3288 3943 3621 3999 voluntatem

2030 4030 2124 4086 Dei
2153 4041 2207 4086 et
2236 4040 2438 4086 rectam
2471 4031 2916 4088 cliristianitatem
2950 4037 3002 4089 in
3043 4036 3141 4090 ista
3181 4037 3465 4107 parocltia,
3506 4038 3620 4093 fac-

2029 4133 2141 4180 tum
2171 4124 2271 4192 sit,
2302 4135 2393 4178 aut
2421 4123 2654 4179 futurum
2685 4125 2820 4188 erit,
2852 4129 2895 4181 si
2924 4126 2977 4181 in
3000 4127 3189 4183 diebus
3221 4130 3324 4184 tuis
3345 4133 3618 4197 evenerit,

2029 4229 2234 4275 tantum
2280 4232 2336 4276 ιιι
2367 4223 2433 4277 ad
2475 4233 2618 4278 tuam
2659 4227 3020 4297 cognitionem
3070 4243 3414 4298 quocumque
3463 4231 3623 4287 modo

2026 4314 2338 4384 perveniat,
2372 4317 2416 4370 si
2447 4317 2552 4372 scis
2573 4359 2588 4385 ,
2621 4327 2713 4372 aut
2756 4319 3046 4374 indicatum
3091 4319 3252 4376 fuerit
3295 4322 3420 4386 tibi,
3454 4339 3621 4396 syno-

2027 4406 2202 4462 dalem
2230 4424 2446 4464 causam
2477 4425 2626 4475 esse,
2657 4421 2709 4468 et
2738 4411 2804 4468 ad
2843 4414 3198 4470 ministerium
3240 4417 3476 4488 episcOpi
3502 4434 3623 4490 pcr-

2027 4505 2226 4569 tinere,
2274 4504 2419 4575 quod
2462 4514 2516 4560 tu
2558 4521 2656 4562 nec
2703 4517 2921 4577 propter
2958 4525 3233 4577 amorem,
3279 4529 3377 4568 nec
3405 4523 3624 4584 propter

2027 4595 2299 4656 timorem.
2333 4611 2435 4652 nec
2462 4606 2684 4669 propter
2716 4600 3017 4670 praemium,
3049 4616 3148 4656 nec
3175 4614 3394 4676 propter
3424 4620 3618 4674 paren-

2027 4687 2186 4742 telam
2208 4729 2223 4752 ,
2255 4689 2522 4746 ullatenus
2555 4691 2698 4746 celes
2721 4692 3009 4762 episcopo,
3044 4700 3137 4746 aut
3157 4694 3274 4763 ejus
3304 4695 3503 4759 misso,
3531 4695 3618 4748 cui

2024 4779 2130 4836 hoc
2176 4782 2448 4854 inquirere
2491 4783 2744 4852 jusserit,
2805 4783 3252 4854 quandocumque
3299 4800 3365 4839 ex
3417 4784 3519 4841 hoc
3565 4793 3618 4840 te

2025 4876 2438 4945 interrogaverit
2480 4876 2600 4930 :sic
2644 4887 2696 4930 te
2747 4875 2886 4930 Deus
2911 4875 3167 4944 adjuvet,
3211 4887 3264 4931 et
3291 4877 3405 4931 istm
3435 4886 3621 4932 sancto

2024 4986 2141 5027 rum
2170 4969 2410 5040 reliquis:
2431 5012 2444 5035 ,
2487 4978 2542 5025 et
2580 4968 2708 5023 illud
2735 4965 2762 5005 ἀ
2795 4978 3187 5023 sacramentum
3208 5012 3222 5035 ,
3255 4970 3396 5041 quod
3419 4971 3564 5039 juste
3593 4981 3619 5008 ο

2018 5063 2219 5135 juravit
2253 5062 2322 5118 de
2370 5061 2613 5134 synodali
2657 5075 2817 5116 causa
2838 5104 2853 5128 ,
2899 5060 3041 5132 quod
3074 5068 3128 5115 ιιι
3159 5061 3289 5117 illud
3319 5077 3383 5118 ex
3424 5071 3510 5122 te.
3544 5062 3618 5116 ita

2023 5156 2358 5220 observabis,
2382 5154 2434 5209 in
2455 5163 2714 5224 quantum
2742 5155 2910 5226 sapis,
2936 5162 3028 5209 aut
3053 5153 3274 5222 audisti,
3295 5165 3385 5210 aut
3411 5154 3479 5208 ab
3507 5152 3610 5210 hac

2023 5249 2113 5306 die
2143 5249 2195 5305 in
2224 5256 2379 5304 antea
2410 5247 2764 5320 inquisiturus
2793 5263 2874 5315 es,
2903 5249 2985 5304 sic
3016 5258 3069 5305 te
3097 5249 3238 5306 Deus
3265 5248 3502 5318 adjuvet.

2027 5389 2170 5445 enim
2201 5396 2254 5444 et
2277 5387 2402 5468 aliis
2428 5385 2583 5443 malis
2611 5385 2775 5443 etiam
2797 5385 3012 5468 speciali
3037 5384 3278 5441 oratione
3304 5382 3508 5441 licitum
3537 5395 3622 5442 est

404 5457 491 5533 (t)
527 5458 716 5518 Cteteri
766 5459 1082 5519 collectores
1118 5460 1320 5518 addunt
1358 5460 1622 5518 mortuis:
1650 5475 1752 5533 pro
1779 5461 1917 5519 vivis
2020 5475 2198 5517 orare.
2274 5458 2436 5516 ιω.

1566 5603 1946 5667 LECTIONES
1981 5602 2397 5664 VARIANTES.

389 5723 418 5750 δ
445 5719 605 5773 Ipsius
628 5719 772 5771 Labb.

390 5781 786 5835 nmmum».

387 5851 415 5879 ο
444 5846 601 5897 Antea
631 5843 765 5896 Labb.

2087 5719 2114 5758 ἀ
2142 5719 2464 5774 Burcltardas
2501 5715 2635 5788 legit,
2659 5722 2826 5783 istud;
2867 5727 2913 5770 et
2952 5723 3194 5783 prtepomt
3217 5715 3340 5769 hanc
3364 5714 3618 5770 rubricam

2021 5782 2365 5839 levamentum
2396 5782 2703 5837 acterbrum.
2795 5782 2842 5843 ρ

2097 5850 2135 5930 θ’
2149 5849 2248 5902 lstc
2277 5850 2417 5904 Labb.
