4196 6246
498 319 603 376 179

1164 457 1430 500 OCTAVUII.

496 576 593 642 (Ex
613 577 847 655 decreto,
871 579 1007 647 quod
1044 586 1121 630 est
1144 566 1381 631 “rerum
1421 574 1708 643 sexdecim,
1736 574 1863 635 libro
1885 577 2096 649 pscium

973 664 1164 727 Quarto,
1189 666 1350 728 capite
1375 665 1634 731 secundo.)

772 770 840 825 Et
859 769 1051 845 malum
1077 769 1330 826 ebrietatis
1355 771 1561 827 omnino
1590 771 1792 827 vitetur.

502 888 516 896 "
573 883 769 941 Malum
807 900 1057 956 magnum
1088 885 1369 943 ebrietatis
1390 927 1406 951 ,
1433 887 1579 943 unde
1605 889 1788 943 omnia
1821 890 1951 946 vitia
1976 890 2097 961 pulo

501 979 693 1047 lulant,
712 977 1035 1035 Christianis
1058 978 1233 1033 modis
1254 979 1506 1035 onmibus
1523 995 1715 1037 cavere
1736 983 2097 1052 prmcipimus.

501 1073 602 1143 Qui
644 1082 825 1126 autem
855 1070 957 1125 hoc
995 1071 1164 1125 vitare
1212 1071 1474 1139 noluerit,
1524 1076 2099 1131 excomutunicandum

502 1181 624 1224 esse
650 1166 1007 1233 decrevimus,
1036 1180 1203 1237 usque
1224 1165 1291 1220 ad
1314 1182 1610 1236 congruam
1637 1168 2097 1228 emendationem.

1208 1274 1407 1315 NONUM.

944 1372 1042 1437 (Ex
1068 1375 1264 1439 eodem,
1291 1376 1455 1439 capite
1479 1376 1674 1441 tertio.)

505 1476 657 1545 Quod
705 1478 931 1551 episcopi
974 1488 1022 1534 et
1063 1479 1160 1536 Dei
1200 1480 1423 1537 ministri
1467 1480 1711 1538 ebrietate
1746 1498 1852 1537 non
1889 1481 2108 1538 debeant

1199 1590 1426 1646 gravari.

576 1728 826 1801 Episcopi
854 1738 909 1786 et
945 1729 1037 1786 Dei
1069 1729 1339 1798 ministri,
1386 1746 1495 1786 non
1525 1730 1725 1787 debent
1750 1732 2107 1787 comessatio-

506 1825 666 1881 nibus
690 1833 747 1881 et
775 1825 1086 1881 vinolentiis
1115 1825 1297 1881 nimiis
1338 1825 1675 1892 incumbere,
1711 1825 1807 1881 sed
1848 1826 2103 1880 conside-

506 1928 629 1976 rent
681 1920 1004 1974 sententiam
1063 1920 1309 1987 Domini,
1360 1916 1655 1975 dicentes:
1698 1918 1990 1982 Attendite,
2044 1935 2107 1971 ne

513 2023 787 2086 graventur
834 2014 994 2069 corda
1031 2024 1198 2069 vestra
1230 2015 1283 2068 in
1322 2015 1540 2085 crapula
1569 2022 1616 2068 et
1659 2014 1899 2068 ebrietate
1927 2012 2105 2083 (Luc.,

514 2124 643 2175 xxr;
676 2108 696 2162 ι
724 2106 926 2175 Ἥρωι,
958 2105 1063 2179 tu).
1095 2108 1370 2164 Moderate
1417 2107 1563 2163 enim
1593 2107 1769 2163 cibum
1789 2150 1803 2173 ,
1844 2116 1899 2161 et
1929 2121 2114 2161 neces-

1485 323 1573 380 DE
1603 322 1874 382 SANCTO
1910 324 2074 384 CAlO
2112 315 2401 385 ROMANO
2437 324 2823 386 PONTIFICE.

2119 442 2174 508 Α
2200 447 2399 501 sarium
2430 456 2700 518 sumptum
2733 456 2967 516 sumant,
3000 457 3057 504 ut
3081 450 3231 519 juxta
3263 449 3590 529 apostolum,
3623 452 3798 510 sobrii

2201 543 2329 610 sint,
2363 544 2417 603 et
2444 544 2617 619 parati
2647 542 2713 596 ad
2744 534 3154 600 servitiomDel.

3692 287 3822 393 tto"

3802 412 3827 421 α.

2866 672 3119 713 DECIMUH.

2610 774 2707 840 (Ex
2732 774 2929 837 eodem,
2964 777 3126 839 capite
3159 775 3398 840 decano.)

2206 885 2400 953 Quales
2433 899 2664 956 persona
2705 887 3026 941 sacerdotum
3067 886 3235 955 sputis
3279 887 3522 940 interesse
3568 885 3801 941 debeant.

2206 1006 2231 1039 Α-
2276 980 2686 1036 Observandum
2708 988 2792 1034 est
2809 978 2985 1046 nobis,
3004 986 3132 1033 utet
3151 992 3246 1031 vos
3271 977 3339 1032 ab
3359 978 3620 1032 ebrietate
3641 978 3800 1033 absti-

2210 1079 2382 1130 neatis
2404 1116 2419 1142 ,
2450 1084 2505 1129 et
2534 1083 2587 1127 ut
2623 1073 2808 1143 plebes
2845 1072 3073 1127 subditas
3102 1072 3435 1137 abstineant,
3477 1073 3803 1142 pra-dicetis.

2208 1169 2278 1225 Et
2304 1184 2477 1239 neque
2498 1183 2594 1238 per
2616 1167 2868 1223 tabernas
2886 1168 3025 1222 eatis
3048 1166 3299 1231 bibendo,
3324 1174 3421 1221 aut
3442 1167 3829 1232 comedendi»,

2210 1277 2385 1331 neque
2410 1260 2601 1314 domos
2617 1269 2707 1313 aut
2730 1260 2879 1314 vicos
2899 1258 3211 1329 curiositate
3231 1258 3471 1328 qualibet
3491 1259 3806 1329 peragretis,

2211 1368 2386 1424 neque
2424 1368 2545 1407 cum
2587 1350 2834 1415 feminis,
2888 1359 2980 1404 aut
3014 1365 3135 1405 cum
3194 1349 3523 1416 quibuslibet
3563 1350 3812 1419 personis

2210 1445 2456 1517 impuris,
2487 1444 2730 1499 convivia
2755 1443 3075 1509 exerceatis,
3112 1441 3214 1499 nisi
3246 1439 3386 1497 forte
3425 1440 3814 1512 paterfamilias

2212 1539 2436 1611 quilibet
2480 1548 2576 1593 Vos
2619 1535 3032 1605 invitaveritad
3076 1534 3295 1588 domum
3346 1550 3534 1613 suam,
3582 1543 3641 1590 et
3680 1552 3803 1613 cum
3839 1599 3845 1603 ,

2132 1698 2136 1702 ,
2212 1610 2443 1705 conjuge
2485 1648 2614 1699 sua,
2662 1642 2715 1687 et
2760 1646 2879 1685 cum
2924 1630 3078 1699 plebe
3104 1614 3236 1683 velit
3262 1610 3539 1683 vobiscum
3586 1610 3814 1698 spiritali

2214 1729 2410 1801 gaudio
2459 1727 2629 1781 Itetari
2652 1769 2666 1794 ,
2701 1735 2755 1781 et
2786 1726 3072 1779 verborum
3109 1728 3415 1778 vestrorum
3459 1722 3811 1777 refectionem

2216 1823 2494 1891 accipere,
2527 1830 2583 1875 et
2622 1819 2773 1874 Vobis
2823 1816 3172 1873 refectionem
3221 1815 3491 1871 carnalem
3536 1814 3816 1869 charitatis

2216 1914 2397 1971 officio
2426 1912 2711 1969 exhibere.
2734 1912 2962 1982 Oportet
2988 1911 3130 1965 enim
3152 1954 3164 1974 ,
3192 1917 3250 1964 at
3270 1909 3318 1963 si
3347 1908 3564 1987 quando
3591 1907 3819 1978 quilibet

2218 2009 2453 2064 fidelium
2498 2005 2806 2061 carnalibus
2848 2017 2944 2058 vos
2992 2002 3168 2058 reficit
3193 2001 3405 2071 epulis,
3433 2015 3463 2053 a
3493 2000 3646 2054 vobis
3686 1998 3816 2053 reti-

2218 2105 2390 2159 ciatur
2418 2100 2788 2172 spiritualibus
2816 2098 3010 2169 epulis.

515 2200 3814 2236 WMM

1393 2302 1755 2367 SYNODUS
1814 2302 2451 2367 MESOPOTAMICA
2497 2296 2929 2364 ARCHELAI.

580 2427 832 2500 Synodus
877 2426 1060 2482 divina
1088 2436 1143 2482 et
1171 2440 1324 2482 sacra
1370 2427 1745 2497 particularis,
1793 2427 2018 2483 collecta
2050 2427 2103 2483 in

2281 2425 2493 2488 Σύνοδος
2539 2430 2644 2483 θεία
2683 2429 2768 2482 καὶ
2808 2427 2923 2505 ἱερά
2979 2432 3155 2505 μερική
3207 2430 3627 2503 συναθροισθεῖσα
3667 2428 3713 2483 ἰν
3753 2439 3818 2505 τῇ

508 2520 891 2590 Mesopotamia
924 2519 992 2574 ab
1023 2519 1290 2575 Archelao
1309 2518 1706 2577 Carcltarorum
1739 2522 2026 2592 episcopo,
2056 2530 2111 2576 et

2223 2526 2599 2595 Μεσοποταμία,
2633 2523 2734 2578 ἀπὸ
2763 2522 3035 2597 Δρχελάου
3074 2522 3357 2578 ἐπισκόπου
3386 2524 3704 2599 καρχάρων,
3737 2508 3819 2577 καί

511 2615 749 2671 Diodoro
792 2614 1108 2683 sacerdote,
1156 2624 1346 2671 contra
1391 2615 1600 2672 Manem
1651 2614 2006 2681 infernalem,
2056 2627 2112 2669 et

2223 2614 2465 2693 Διοδώρου
2514 2618 2711 2694 ἱερέως,
2763 2618 2891 2672 κατὰ
2944 2616 3194 2678 Matuta-ro;
3250 2621 3344 2675 τοῦ
3394 2614 3690 2691 ἐρεϐὠδοις,
3737 2621 3859 2673 καὶ,

512 2707 881 2764 Diodonadem
928 2708 1303 2780 presbyterum
1336 2727 1347 2761 ε
1382 2724 1504 2780 qua:
1549 2708 1736 2765 multis
1779 2709 1955 2764 modis
1983 2723 2113 2765 con-

513 2802 708 2859 futatos
734 2801 899 2858 hosce
929 2803 1219 2859 abdicavit.

2214 2708 2554 2787 Διοδωριάδου
2613 2712 2998 2793 πρεο-ϐυτέρου·
3048 2710 3160 2771 ἥτις
3222 2709 3561 2784 πολυτρόπως
3614 2713 3818 2774 τούτοις

2223 2806 2463 2879 ἐλέγξασα
2492 2806 2765 2881 ἀπεκέρυξε
2776 2848 2789 2860 .

516 2968 3783 3000 Ww—

714 3102 956 3216 ΒΕ
1032 3098 1175 3223 8-
1254 3087 1687 3225 CAIO
1765 3095 2563 3212 ROMANO
2635 3094 3627 3211 PONTIPIGE

1557 3300 2049 3385 ΝΟΤΙΤΙΑ
2118 3299 2793 3386 HISTORICA.

614 3494 727 3551 (ςοῆ
751 3507 904 3567 papa;
932 3488 1263 3563 pontiﬁcatus
1289 3495 1335 3542 et
1362 3485 1549 3545 obitus.
1570 3513 1643 3527 ——
1664 3483 1895 3539 Sanctus
1922 3482 2080 3538 Caius
2101 3522 2117 3549 ,
2146 3483 2192 3546 C
2225 3484 2429 3549 quievit.
2462 3482 2608 3539 lnter
2636 3494 2906 3556 martyres
2950 3494 3128 3540 tamen
3167 3486 3284 3553 ejus
3328 3489 3582 3543 memoria
3609 3488 3663 3542 iu
3688 3504 3823 3543 nou-

520 3605 679 3662 quem
728 3583 1044 3642 Pontiﬁcale
1072 3580 1285 3637 Damasi
1332 3576 1513 3641 tradit,
1548 3575 1763 3631 natione
1804 3573 1969 3629 fuisse
1998 3572 2125 3631 Dal-
2158 3626 2163 3631 ,

522 3693 744 3745 malem,
770 3694 835 3735 ex
860 3690 1060 3749 genere
1081 3672 1416 3739 Diocletiani,
1443 3686 1505 3727 ex
1533 3670 1690 3725 Patre
1714 3668 1865 3737 Caio,
1900 3675 1957 3722 ut
1976 3676 2128 3738 putat

522 3772 842 3830 Coutantius
865 3812 882 3836 ,
919 3783 1079 3839 quem
1125 3773 1422 3835 sequuntur
1447 3765 1709 3819 Auctores
1737 3759 1890 3815 L‘Art
1915 3760 1979 3819 de
2008 3761 2130 3815 reri.

526 3868 623 3937 fier
651 3867 723 3920 tes
749 3864 912 3926 dates,
948 3863 1002 3914 iu
1028 3860 1205 3917 locum
1237 3854 1553 3927 Eutycbiani
1583 3852 1838 3911 sttﬂ’ectus
1867 3852 1966 3907 fuit
1985 3867 2130 3908 anno

524 3956 743 4017 Domini
774 3957 903 4022 18⁷),
929 3953 1018 4009 die
1068 3967 1185 4008 xvn
1213 3947 1550 4014 decembris,
1605 3945 1734 4003 feria
1762 3944 1995 4009 secunda
2026 3942 2128 4018 (1).

527 4052 660 4109 Erat
698 4051 777 4106 vir
803 4062 1005 4121 magna:
1030 4045 1333 4117 prudentiae,
1364 4054 1661 4113 magnaque
1698 4038 1916 4100 virtutis,
1964 4046 2022 4092 ut
2051 4050 2134 4091 est

527 4150 583 4204 in
631 4144 781 4203 Actis
809 4143 842 4199 8
871 4138 1174 4200 Sebastiani
1200 4137 1300 4210 (2).
1333 4136 1418 4193 Ab
1444 4150 1511 4191 eo
1537 4133 1911 4190 conﬁrmatum
1941 4130 2133 4186 dicitur

528 4230 828 4295 institutum
858 4233 1117 4289 Ecclesia:
1144 4240 1321 4295 vetus,
1353 4240 1414 4284 ut
1452 4226 1645 4283 Clerici
1686 4241 1781 4297 per
1809 4234 2016 4296 septem
2044 4240 2135 4279 or-

532 4332 718 4389 dinum
742 4324 943 4400 gradus
983 4324 1367 4381 documentum
1401 4319 1473 4375 fui
1500 4321 1723 4385 dantes;
1754 4317 2039 4374 tenderent
2065 4317 2134 4372 ad

534 4424 904 4496 episcopatum
956 4415 1060 4490 (5).
1112 4416 1243 4484 Qua:
1289 4421 1550 4487 prteterea
1610 4412 1780 4482 gessit
1823 4410 2131 4484 pontificem

535 4527 705 4587 agens
727 4527 821 4583 per
850 4524 1022 4564 annos
1050 4505 1356 4575 duodecim,
1389 4518 1603 4563 menses
1631 4513 1885 4575 quatuor,
1924 4515 1976 4559 et
2019 4503 2136 4560 dies

539 4607 799 4680 quinque,
831 4604 999 4663 latent
1041 4599 1276 4656 tenebris
1302 4600 1490 4655 obruta
1519 4598 1817 4663 vetustatis,
1844 4598 2026 4654 vivere
2051 4597 2139 4654 de-

538 4703 629 4759 siit
670 4716 700 4755 x
739 4694 999 4755 kalendas
1045 4694 1207 4757 tuaii,
1249 4693 1580 4750 Diocletiano
1623 4691 1690 4749 Vl
1720 4701 1776 4747 et
1822 4689 2138 4755 Constantio

2230 3576 2388 3631 nullis
2421 3576 2815 3648 martyralogiis
2861 3592 3193 3635 recensetur.
3228 3580 3335 3634 Nec
3366 3581 3580 3648 mirum,
3611 3599 3731 3641 cum
3764 3566 3828 3638 eo

2233 3669 2382 3723 titulo
2425 3670 2459 3723 ii
2482 3672 2643 3725 etiam
2691 3670 2981 3740 aliquando
3024 3684 3439 3739 exornarentur,
3486 3674 3575 3747 qui
3603 3677 3703 3731 etsi
3733 3694 3827 3748 pro

2230 3758 2426 3814 Christi
2462 3760 2565 3816 fide
2590 3771 2879 3827 certantes,
2909 3763 3071 3817 vitam
3102 3780 3220 3819 cum
3253 3779 3422 3822 morte
3447 3784 3551 3821 non
3581 3784 3825 3823 eorumn-

2234 3863 2459 3919 tassent,
2496 3855 2841 3911 nihilominus
2883 3872 2981 3928 pro
3008 3857 3224 3926 pietate,
3255 3860 3381 3915 dum
3413 3862 3673 3932 viverent,
3702 3879 3828 3936 per-

2241 3949 2568 4013 secutiones,
2601 3947 2848 4017 ludibria,
2895 3948 3110 4005 labores
3153 3954 3415 4022 perpessi,
3444 3954 3496 4007 in
3528 3970 3656 4025 pace
3683 3956 3834 4028 quie-

2234 4056 2423 4101 verant
2461 4066 2473 4100 :
2512 4040 2654 4119 quod
2687 4046 2817 4105 Caio
2860 4048 3097 4120 pontifici
3125 4047 3413 4120 Conligisse
3450 4050 3681 4105 dubitari
3725 4067 3831 4107 non

2237 4150 2434 4213 potest,
2455 4141 2543 4210 qui
2562 4140 2658 4195 sub
2675 4140 3090 4210 imperatoribus
3106 4138 3430 4197 Diocletiano
3447 4151 3501 4197 et
3517 4142 3834 4198 Maximiano

2239 4235 2601 4304 pontiﬁcatum
2635 4237 2822 4293 tenuit.
2852 4235 3023 4293 Minus
3048 4236 3207 4291 etiam
3236 4248 3485 4293 accurata
3511 4251 3593 4293 ρει
3618 4239 3835 4295 Eusebii

2237 4327 2596 4399 Chronologia
2640 4328 2720 4401 (l)
2779 4330 2906 4385 dum
2962 4331 3118 4385 annis
3165 4331 3470 4401 quindecim
3521 4335 3736 4390 circiter
3781 4347 3839 4393 et

2239 4438 2408 4494 usque
2456 4423 2523 4479 ad
2569 4438 2664 4477 sua
2707 4424 2817 4481 fere
2870 4437 3108 4495 tempora
3146 4442 3421 4482 romanam
3454 4431 3636 4485 sedem
3669 4448 3831 4489 occu-

2241 4533 2399 4589 passe
2421 4520 2494 4573 ait
2514 4535 2529 4584 ;
2556 4534 2714 4590 quem
2738 4535 2936 4575 annum
2959 4520 3223 4576 decimum
3255 4523 3469 4578 tertium
3487 4526 3572 4580 vix
3593 4527 3837 4599 attigisse

2242 4621 2473 4667 constat.

2315 4706 2426 4759 (ἰαὶὶ
2475 4706 2752 4763 Dect-etalis
2796 4708 3019 4766 subdita.
3048 4741 3122 4751 —
3151 4710 3374 4768 Unicam
3414 4704 3551 4769 Caio
3610 4730 3838 4772 romano

541 4795 760 4851 Caesare
784 4790 832 4846 ll
855 4787 1186 4855 consulibus,
1213 4794 1269 4842 ut
1300 4786 1352 4840 in
1382 4785 1624 4857 catalogo
1648 4783 1985 4841 Bucberiano
2010 4782 2125 4854 legi-

2248 4800 2481 4872 poutifici
2512 4803 2869 4871 decretalem,
2903 4803 3065 4859 Felici
3106 4807 3360 4878 episcopo
3408 4807 3608 4873 datam,
3643 4809 3839 4865 inscri-

539 4897 629 4943 tur
661 4904 675 4943 :
707 4885 776 4941 de
803 4897 912 4954 quo
941 4880 1101 4937 etiam
1128 4878 1395 4938 iudiculus
1422 4876 1772 4949 depositionis
1802 4876 1950 4933 addit
1979 4897 1992 4933 :
2031 4876 2137 4933 De-

543 4980 677 5034 cimo
717 4976 821 5033 Ital.
846 4974 987 5038 maii,
1038 4974 1150 5029 Caii
1183 4973 1235 5026 in
1262 4969 1483 5028 Callisti.
1524 4970 1790 5027 Caeterum
1821 4973 1868 5026 si
1893 4972 2026 5027 fides
2052 4988 2142 5028 ca-

544 5070 735 5143 talogis
751 5083 1099 5127 romanorum
1125 5066 1435 5147 pontificum
1467 5065 1711 5125 habenda
1737 5063 1926 5123 :Caius
1940 5065 2142 5138 fugiens

549 5164 948 5234 persecutionem
973 5160 1280 5227 Diocletiani
1313 5160 1367 5213 in
1402 5160 1594 5231 cryptis
1608 5160 1845 5217 habitans
1880 5162 2143 5232 confessor

623 5342 701 5415 (i)
729 5341 1003 5415 Coutant.,
1054 5338 1397 5415 Epistarom.
1419 5336 1649 5415 _pontif.,
1690 5346 1825 5415 tom.
1858 5352 1896 5415 ι,
1923 5333 2136 5415 p._"506,

549 5406 645 5498 cui
665 5406 828 5469 etiam
856 5406 1211 5483 adstipulatur
1230 5406 1470 5465 Mansiin
1500 5419 1612 5465 not.
1637 5407 1706 5463 ad
1733 5407 1957 5465 annales
1976 5406 2142 5463 Baro—

552 5502 702 5630 ῐιιι(2)
734 5556 850 5630 Act.
876 5552 1220 5621 Sanctorum,
1260 5551 1399 5623 apud
1425 5549 1696 5616 Bolland.,
1718 5549 1805 5606 die
1826 5549 1896 5606 20
1914 5550 2143 5621 januarii

540 5629 1075 5828 gizéfgeptenarius
1127 5697 1359 5755 0dinum
1409 5710 1666 5777 numerus
1693 5705 1780 5752 est
1821 5693 1875 5749 in
1907 5693 2143 5775 Epistula

588 5770 783 5825 ornelu
828 5769 989 5828 Papae
1030 5773 1169 5828 apud
1229 5768 1458 5828 Euseb..
1522 5764 1661 5823 Hist.
1715 5766 1863 5828 εστι..
1915 5762 2013 5822 ιιι).
2066 5781 2141 5828 γι,

540 5762 989 5910 ῦῖἰνηὲὶίᾫυρω
1030 5773 1169 5838 apud
1229 5768 1458 5839 Euseb.,
1522 5764 1661 5823 Hist.
1715 5766 1863 5834 ecct.,
1915 5762 2013 5822 lib.
2066 5781 2141 5835 Vl,

526 5857 598 5902 ca
645 5878 659 5894 .
760 5881 775 5893 .

2247 4894 2350 4962 psit
2393 4892 2662 4958 Isidorus,
2714 4910 2804 4950 sex
2847 4898 3021 4964 ctpita
3069 4898 3538 4966 Complectentetn.
3578 4900 3836 4971 Primum,

2246 5003 2485 5058 paganos
2507 4999 2561 5042 et
2587 4988 2871 5043 haereticos
2895 5004 2998 5043 non
3028 5004 3186 5061 posse
3206 4983 3462 5047 accus'are
3490 4991 3837 5050 christianos.

2246 5080 2591 5147 Secundum,
2632 5084 2943 5152 cpiscolium
2976 5086 3090 5135 ‘nou
3136 5098 3260 5138 esse
3289 5085 3650 5140 accusandum
3698 5086 3844 5159 apud

2244 5173 2453 5243 judiccs
2482 5173 2787 5227 saeculares.
2822 5166 3060 5228 Tertium
3106 5174 3174 5229 dc
3202 5177 3477 5246 CpiSCOpO,
3528 5177 3843 5249 presbytero

2250 5277 2303 5323 et
2331 5266 2580 5330 diacono,
2612 5266 2699 5320 vel
2731 5267 2948 5337 reliquis
2996 5268 3232 5336 clericis,
3280 5270 3418 5340 apud
3450 5272 3730 5344 episcopos
3753 5289 3845 5329 ac-

2244 5359 2517 5413 cusandis.
2542 5358 2802 5425 Quartum
2832 5358 2902 5415 de
2945 5359 3052 5425 bis,
3097 5361 3190 5431 qui
3220 5371 3421 5432 negant.
3452 5363 3611 5420 Verbi
3647 5364 3739 5421 Dei
3769 5368 3845 5421 in-

2245 5452 2631 5511 carnationem.
2667 5451 2954 5521 Quintum,
2984 5453 3125 5527 quod
3166 5453 3234 5511 ad
3277 5471 3429 5526 spem
3461 5457 3585 5513 vita:
3622 5468 3843 5519 aeternae

2248 5544 2517 5615 perveniri
2570 5560 2675 5599 non
2731 5548 2920 5616 possit,
2952 5548 3052 5601 nisi
3112 5564 3207 5617 per
3252 5549 3604 5607 mediatorem
3639 5552 3733 5607 Dei
3787 5562 3847 5609 et

2249 5638 2526 5698 hominum
2552 5638 2733 5695 JL-sum
2760 5641 3053 5697 Christum.
3086 5641 3327 5712 Sextum,
3356 5644 3423 5700 de
3450 5645 3728 5706 ordinibus
3749 5659 3845 5702 ec-

2325 5839 2404 5916 (1)
2428 5822 2663 5915 Euseb,
2689 5844 2825 5903 Hist.
2854 5847 3004 5917 εδει,
3037 5846 3130 5906 lib.
3157 5862 3252 5916 vn,
3281 5861 3400 5919 cap.
3430 5842 3520 5903 53.
