4196 6246
263 247 365 306 181

1017 251 1105 309 DE
1143 251 1464 317 DECRETO
1500 254 1664 321 CAIO
1702 255 2093 321 ADSCBIPTO
2116 257 2327 317 CIBCA
2352 256 2810 325 0RDINAND06.

3472 265 3575 322 189.

255 364 598 454 clesiasticis.
620 366 747 425 Data
773 374 857 425 est
876 366 1123 431 kalendis
1145 370 1345 438 martii,
1378 368 1705 447 diocletiano
1731 369 1872 435 Vict
1896 375 1949 437 Α
1976 375 2323 444 testimoniis,
2355 378 2551 448 quibus
2580 379 2664 435 ‘ad
2709 380 2945 436 Leonem
2992 382 3294 454 Augustum
3356 391 3584 438 constat

254 452 582 513 Constantio
615 456 659 513 ll
685 456 815 521 viris
833 459 1150 523 clarissimis
1178 476 1319 525 coss.
1338 461 1470 529 Qua:
1502 462 1581 529 vel
1604 477 1712 531 una
1736 462 1865 525 sub-v

256 549 481 621 scriptio
502 550 745 613 fraudem
778 553 975 624 prodit.
1000 554 1116 611 ‘Sed
1159 554 1521 624 imprudentia
1552 556 1869 626 itnpostoris

256 658 385 730 cum
417 644 684 723 pravitate
708 656 899 713 certat,
929 657 1112 717 utpote
1137 649 1227 719 qui
1248 648 1517 718 integrum
1538 648 1735 707 Leonis
1752 647 1865 707 Μίλ-

255 736 351 809 gni
381 748 559 809 caput,
594 741 735 811 quod
764 742 818 795 in
854 742 1089 815 Epistula
1112 742 1204 807 97,
1235 742 1531 807 secundum
1561 751 1667 809 est.
1705 758 1864 805 suum

256 830 487 900 fecerit,
526 842 584 890 et
622 833 844 897 totidem
892 837 1074 907 verbis
1116 837 1170 895 in
1219 836 1555 899 Decretalem
1602 835 1863 905 intulerit.

255 925 395 1003 Qua:
420 928 464 991 si
494 926 663 999 Leoni
703 927 878 1007 Magni
925 929 1084 991 Caius
1120 930 1474 1001 fmeerasset,
1510 931 1561 989 in
1610 938 1854 991 veterum

275 1044 602 1067 —-—-g

1975 466 2211 538 Epistula
2237 509 2254 534 ,
2286 485 2347 524 ea
2377 470 2543 525 dubio
2569 473 2755 541 procul
2805 473 2914 528 Leo
2964 488 3100 544 papa
3143 483 3574 531 annumerasset.

1976 560 2142 617 Multo
2171 564 2341 634 magis
2367 564 2512 619 enim
2540 564 2726 621 Caium
2753 575 2807 622 et
2827 567 3187 633 decessorem,
3234 576 3288 623 et
3314 568 3580 641 antiquio-

1976 668 2091 715 rem
2122 670 2424 711 memorare
2453 656 2655 726 debuit,
2697 673 2858 730 quam
2906 659 3259 715 Athanasium
3282 702 3298 727 ,
3344 657 3576 715 Ambro—

1973 748 2135 813 sium,
2167 750 2519 821 Augustinum
2538 790 2554 813 .
2583 766 2808 822 quorum
2839 752 3210 808 auctoritatem
3238 760 3462 824 usurpat
3487 751 3581 809 de-

1971 839 2232 900 bellandi:
2255 842 2542 900 haereticis.
2567 843 2808 900 Laurea.

690 1048 731 1059 _
775 1049 812 1059 _.
871 1038 3556 1071 .._—-———-—-—-—-———-————-—-——-—————-—-———-—-——-—————-———o.

1021 1139 1265 1275 tu:
1339 1064 2196 1273 osculato
2268 1064 2833 1269 πιιηοο

1085 1337 1274 1407 QUOD
1311 1337 1474 1394 CAIO
1516 1336 2004 1415 ADSCRIBITUB,
2046 1336 2253 1394 CIBCA
2298 1336 2761 1415 ORDINANDOS.

326 1459 377 1515 1.
420 1456 585 1529 Papa:
614 1456 772 1528 hujus
809 1472 913 1515 n0n
949 1457 1108 1516 modo
1141 1458 1283 1513 nulla
1313 1456 1379 1511 ad
1414 1472 1511 1512 nos
1544 1456 1860 1512 transmissa
1889 1458 1940 1518 B
1970 1454 2237 1523 Ecclesia,
2266 1471 2329 1512 ac
2366 1457 2682 1513 nominatim
2721 1458 2996 1528 Romana,
3031 1460 3100 1523 ab
3130 1462 3385 1518 omnibus
3413 1477 3577 1518 exae-

247 1559 338 1607 est
354 1551 567 1606 sincera
596 1551 846 1622 cpistola,
872 1548 967 1608 sed
999 1567 1097 1607 nec
1125 1551 1227 1606 ulla
1252 1566 1477 1625 usquam
1508 1556 1855 1605 memoratur.

254 1646 490 1703 Tantum
520 1644 573 1703 in
618 1645 912 1717 pontiﬁcali
946 1647 1084 1702 libro
1115 1646 1309 1701 dicitur
1336 1644 1715 1708 constituisse;
1750 1662 1769 1695 ι
1807 1654 1865 1697 ttt

249 1756 446 1798 omnes
490 1741 713 1796 ordines
738 1740 792 1795 in
820 1738 1061 1795 Ecclesia
1094 1740 1170 1795 sic
1199 1737 1596 1797 ascenderem:
1643 1736 1698 1794 Si
1743 1736 1865 1809 quis

249 1837 539 1908 episcopus
567 1835 685 1891 fieri
727 1843 1051 1900 mereretur,
1084 1847 1139 1889 ut
1177 1843 1324 1890 esset
1352 1832 1635 1899 ostiarius,
1670 1830 1859 1901 lector,

250 1928 548 1995 exorcista,
575 1927 882 1999 acolythus,
909 1943 1142 1997 sequens
1170 1923 1554 1990 subdiaconus,
1584 1923 1866 2003 diaconus,

250 2020 559 2094 presbyter,
593 2028 645 2075 et
671 2020 869 2076 exind‘e
895 2020 1181 2090 episcopus
1207 2017 1570 2075 ordinaretur.
1613 2036 1631 2069 ι

331 2115 388 2169 2.
420 2112 536 2181 Quo
564 2111 780 2168 decreto
808 2116 851 2166 si
891 2113 1240 2167 constituisse
1280 2110 1611 2187 intelligatur
1649 2108 1867 2173 decere,

250 2215 311 2261 ut
334 2206 557 2278 quisque
588 2220 683 2274 per
711 2205 1079 2261 ecclesiastica
1109 2204 1196 2259 illa
1226 2203 1423 2277 oflicia,
1458 2218 1562 2258 non
1601 2201 1867 2275 przecipiti

247 2300 417 2365 saltu,
449 2300 515 2353 ad
547 2300 917 2369 episcopatum
956 2295 1281 2363 adscendal;
1321 2295 1431 2368 jam
1464 2296 1568 2352 hoc
1597 2306 1720 2350 ante
1750 2292 1865 2351 Caii

251 2404 499 2463 tempora
546 2406 645 2446 usu
678 2402 954 2462 receptum
996 2390 1165 2446 fuisse
1192 2388 1353 2446 ﬁdem
1391 2388 1516 2445 facit
1542 2389 1863 2462 Cyprianus,

253 2503 383 2542 cum
434 2486 670 2542 Cornelii
727 2486 1126 2540 ordinationem
1180 2484 1472 2554 legitimam
1522 2483 1685 2537 fuisse
1740 2481 1865 2545 itide

257 2578 457 2651 probat
504 2577 750 2650 (Cornel.,
794 2595 877 2651 ep.
934 2577 1022 2641 l0,
1065 2594 1120 2632 η.
1152 2576 1228 2647 7),
1272 2575 1411 2647 quod
1440 2592 1460 2627 ι
1500 2591 1605 2631 non
1654 2576 1754 2629 iste
1797 2574 1865 2628 ad

259 2674 634 2743 episcopatum
662 2671 840 2725 subito
868 2671 1237 2747 pervenisset,
1252 2669 1345 2731 sed
1366 2686 1467 2753 per
1486 2669 1669 2753 emilio
1691 2669 1866 2749 ﬁcale-

259 2687 634 2743 episcopatum
662 2687 840 2725 SUDIlO
868 2687 1237 2747 pCfYCmSOLQ,
1252 2687 1345 2731 Seu
1407 2687 1467 2724 Cl‘
1486 2687 1669 2749 ρωιιιτι
1691 2687 1865 2749 ρεσκα-

254 2765 477 2819 sinstica
510 2763 684 2817 ofﬁcia
717 2771 1013 2833 promotus.
1046 2771 1100 2821 et
1130 2764 1185 2821 in
1210 2687 1411 2820 δινῑηει
1437 2742 1865 2817 administratio-

256 2858 420 2911 nibus
444 2856 609 2910 Deum
638 2870 783 2924 saepe
813 2855 1159 2923 promeritus,
1204 2853 1269 2908 ad
1313 2854 1600 2909 sacerdotii
1639 2854 1869 2910 sublime

254 2947 527 3018 fastigium
555 2948 766 3003 cunctis
794 2948 1070 3017 religionis
1095 2947 1354 3016 gradibus
1380 2946 1679 3003 adscendit.
1722 2964 1739 2998 ι
1767 2946 1870 3015 Qttl

1970 1560 2083 1605 tum
2128 1565 2234 1605 non
2262 1565 2383 1605 esse
2422 1551 2746 1623 probemus,
2776 1563 2833 1607 ut
2877 1564 3087 1624 septem
3123 1554 3416 1624 praedictos
3452 1570 3584 1625 grue

1972 1641 2073 1695 dus
2127 1640 2275 1723 prius
2327 1641 2557 1712 obeant,
2605 1659 2766 1716 quam
2821 1644 2891 1701 ad
2943 1646 3312 1717 episcopatum
3368 1646 3585 1711 valeant

1972 1732 2172 1789 efferri.

2044 1827 2102 1884 4.
2135 1826 2355 1885 Siricius
2383 1830 2545 1902 epist.
2576 1832 2630 1898 l,
2662 1830 2730 1889 ad
2759 1830 3080 1901 Himerium,
3110 1848 3166 1893 η.
3200 1832 3234 1888 9
3264 1841 3319 1898 et
3343 1832 3430 1902 10,
3460 1846 3588 1897 nec-

1977 1938 2083 1981 non
2112 1923 2360 1985 Zosimus
2387 1924 2550 1996 epist.
2580 1922 2636 1990 9,
2665 1922 2733 1987 ad
2763 1924 3113 1999 Hesychium,
3139 1943 3193 1985 η.
3224 1926 3262 1987 2
3287 1934 3342 1983 et
3374 1927 3429 1993 5,
3455 1928 3578 1998 qni-

1978 2016 2082 2097 bus
2136 2019 2361 2092 quisque
2412 2019 2668 2097 gradibus
2722 2019 2788 2087 ad
2835 2021 3074 2092 episcopi
3125 2028 3220 2079 aut
3274 2019 3575 2093 presbyteri

1979 2110 2292 2187 dignitatem
2340 2111 2721 2183 provehendus
2769 2098 2915 2171 esset
2965 2111 3322 2178 deﬁnientes,
3373 2127 3480 2169 non
3519 2111 3576 2171 in

1979 2202 2206 2265 ostiarii.
2231 2202 2326 2261 sed
2355 2225 2373 2261 ι
2402 2203 2454 2263 in
2484 2204 2746 2267 laetorum
2773 2204 3019 2275 primitus
3043 2204 3233 2276 gradu,
3265 2222 3285 2267 ι
3314 2215 3373 2265 ut
3399 2203 3576 2263 verbis

1978 2308 2192 2359 utamur
2236 2299 2473 2365 Zosimi,
2512 2318 2531 2351 ‹
2579 2298 2748 2357 divini
2800 2299 3102 2357 rudimenta
3152 2299 3354 2355 servitii
3396 2315 3418 2352 ι
3454 2297 3580 2371 poni

1976 2391 2312 2463 praecipiunt.
2336 2390 2507 2449 Immo
2534 2391 2661 2456 dum
2691 2391 2916 2448 Siricius
2935 2392 3002 2447 dc
3029 2406 3117 2458 eo,
3141 2392 3229 2461 qui
3255 2390 3579 2462 grandaevus

1974 2483 2297 2554 baptizatur,
2327 2484 2630 2549 constituit,
2666 2492 2725 2539 ut
2754 2485 2797 2537 si
2830 2484 2896 2538 ad
2928 2498 3136 2538 sacram
3170 2483 3413 2539 militiam
3449 2498 3573 2554 per-

1977 2576 2159 2631 venire
2187 2574 2426 2644 festinat,
2461 2576 2641 2631 statim
2690 2573 2740 2648 (a
2771 2585 3023 2647 suscepto
3074 2573 3365 2647 baptismo)
3409 2556 3575 2630 lecto-

1972 2684 2094 2733 rum
2120 2679 2212 2739 aut
2239 2668 2629 2743 exui-cistarum
2672 2683 2903 2737 numero
2927 2668 3181 2743 societur,
3225 2686 3244 2719 ι
3282 2682 3387 2722 non
3417 2667 3485 2722 ab
3509 2682 3575 2722 eo

1973 2772 2260 2831 utrumque
2308 2742 2558 2832 gradum,
2595 2759 2690 2814 sed
2736 2742 3055 2815 alterutrum
3105 2769 3315 2816 tantum
3358 2758 3574 2814 videtur

1975 2857 2211 2921 exigere.
2246 2853 2341 2917 Cui
2382 2855 2675 2912 concinens
2713 2854 2964 2910 Zosimus
2994 2854 3062 2910 de
3089 2854 3279 2909 eodem
3311 2853 3574 2919 decernit,

1983 2899 2059 2921 μ...
2101 2899 2211 2911 νη.
2249 2899 2341 2917 ν...
2384 2899 2675 2912 -..............,
2714 2899 2964 2910 ..ν........-
2995 2899 3061 2910 ..ν
3091 2899 3279 2909 νην...
3314 2899 3574 2919 ν-ν-.--..,

1983 2969 2000 3003 ι
2039 2899 2098 3006 ιιῖ
2129 2960 2248 3021 post
2275 2949 2600 3020 baptismum
2629 2951 2835 3016 statim,
2882 2949 2925 3003 si
2949 2948 3144 3003 divina:
3184 2947 3391 3003 militi-.c
3431 2945 3579 3001 desi-

255 3041 651 3097 autemsintilli
671 3039 892 3111 gradus,
917 3042 1029 3111 ipse
1049 3055 1146 3094 nos
1162 3041 1321 3094 docet
1336 3037 1642 3100 Cornelius,
1666 3054 1786 3093 cum
1812 3041 1867 3094 in
1896 3053 1941 3115 ί]
1977 3046 2131 3102 derat
2156 3046 2486 3121 mancipari,
2512 3046 2628 3115 sive
2657 3043 2801 3117 inter
2843 3043 3075 3117 lectores
3101 3045 3215 3099 sive
3245 3027 3386 3111 inter
3418 3056 3580 3111 exor-

255 3132 489 3190 ecclesia
514 3148 611 3188 sua
638 3144 762 3187 tunc
784 3134 1028 3187 extitisse
1048 3131 1452 3203 memorat(Ep.
1473 3130 1527 3200 9,
1549 3150 1602 3187 ιι.
1626 3132 1680 3205 4)
1704 3152 1721 3184 ι
1750 3147 1871 3201 prc-

254 3232 507 3304 sbyteros
529 3230 623 3296 46,
648 3230 906 3285 diaconos
936 3230 990 3295 7,
1026 3228 1389 3284 subdiaconus
1419 3230 1659 3295 totidem,
1684 3229 1870 3308 acoly-

255 3324 381 3378 thus
423 3323 517 3386 42,
553 3323 851 3378 cxorcistas
896 3331 950 3377 et
1000 3321 1232 3377 lectores
1277 3337 1398 3376 cum
1449 3321 1683 3375 ostiariis
1713 3320 1804 3377 5'2.
1842 3341 1861 3374 ι

253 3413 572 3471 Cornelium
606 3421 786 3470 tamen
830 3413 1071 3468 omnium
1112 3413 1326 3471 illorum
1357 3414 1619 3493 graduum
1652 3413 1866 3482 officiis,

256 3508 414 3564 nullo
445 3517 707 3576 excepto,
742 3507 983 3561 functum
1016 3522 1135 3560 esse
1156 3549 1169 3571 ,
1214 3522 1320 3561 non
1353 3505 1523 3562 ausim
1568 3505 1864 3562 affirmare.

255 3626 261 3631 -
338 3600 395 3656 5.
423 3598 479 3655 Si
516 3616 641 3656 vero
670 3600 921 3670 superius
950 3599 1298 3653 constitutum
1333 3598 1498 3655 veluti
1533 3599 1619 3653 lex
1648 3614 1870 3667 censea-

261 3704 359 3750 tnr
398 3693 785 3758 ecclesiastica,
816 3710 844 3748 a
876 3708 976 3764 qua
1020 3710 1200 3759 nemo,
1228 3694 1327 3753 nisi
1362 3710 1456 3775 per
1501 3710 1624 3748 cum
1655 3693 1742 3771 qui
1789 3692 1869 3759 le-

256 3804 389 3862 gem
430 3786 590 3851 tulit,
625 3788 878 3842 immunis
922 3787 1044 3853 fiat,
1076 3786 1207 3841 illttd
1252 3786 1382 3841 Caio
1413 3787 1572 3857 longe
1602 3788 1873 3843 recentius

260 3898 393 3937 esse
437 3880 681 3951 pluribus
708 3880 971 3952 exemplis
1022 3878 1178 3933 facile
1224 3879 1648 3939 demonstratur.
1680 3878 1871 3934 I‘oste-

263 3976 388 4031 rius
446 3982 528 4028 est
573 3973 675 4027 hoc
731 3987 862 4043 papa
919 3970 1205 4027 concilium
1265 3969 1624 4034 Sardicense,
1688 3979 1873 4039 utpote

258 4084 414 4124 anno
445 4068 572 4133 557,
601 4066 868 4134 habitum,
914 4067 1066 4137 cujus
1108 4082 1319 4121 canone
1360 4064 1425 4119 ἑο
1470 4064 1698 4139 (Isidoro
1728 4062 1872 4118 Mer-

252 4163 428 4219 catari
450 4163 566 4229 l5),
583 4162 844 4227 sancitur,
875 4180 892 4212 ‹
921 4170 976 4215 ut
997 4160 1043 4214 si
1064 4161 1184 4232 quis
1207 4176 1273 4213 ex
1299 4156 1419 4221 foro
1436 4161 1548 4216 sive
1570 4158 1742 4225 dives,
1763 4156 1875 4223 sive

254 4258 657 4323 scholasticus,
703 4256 988 4326 episcopus
1031 4254 1148 4308 lieri
1195 4252 1389 4324 dignus
1433 4250 1715 4319 habeatur,
1769 4266 1875 4306 non

253 4355 414 4425 prius
446 4351 829 4415 constituatur,
877 4365 1033 4420 quam
1064 4347 1284 4401 lectoris
1311 4355 1366 4409 et
1404 4345 1614 4399 diaconi
1648 4355 1699 4399 ct
1726 4358 1875 4415 prcs-

1977 3140 2141 3199 cistas
2167 3148 2433 3197 teneatur.
2463 3156 2483 3193 ι
2511 3137 2849 3209 Quamquam
2878 3138 2979 3203 iste
3005 3135 3208 3207 Zosimi
3229 3135 3384 3209 locus
3405 3132 3578 3207 expli-

1975 3232 2112 3298 cari,
2164 3230 2242 3286 sic
2298 3239 2504 3301 potest.
2563 3236 2620 3283 ut
2671 3228 2895 3305 perinde
2944 3231 3043 3307 ipsi
3093 3228 3165 3285 sit
3205 3247 3225 3295 ς
3269 3228 3385 3291 sive
3437 3226 3578 3299 inter

1974 3325 2227 3393 lectores,
2261 3325 2374 3379 sive
2422 3324 2563 3379 inter
2609 3324 2925 3389 exorcistas,
2965 3345 2984 3378 ι
3020 3333 3180 3395 atque
3211 3342 3227 3373 ι
3279 3333 3388 3387 tum
3438 3320 3580 3376 inter

1972 3420 2206 3477 lectores
2260 3428 2368 3475 tum
2392 3460 2407 3489 ,
2453 3426 2586 3485 etc.,
2618 3435 2639 3475 ι
2672 3417 2905 3479 maxime
2956 3434 3080 3477 cum
3131 3416 3216 3471 his
3243 3414 3531 3497 praemittat
3562 3429 3577 3465 :

1980 3531 1998 3565 ε
2036 3514 2332 3577 Assuescat
2361 3513 2413 3568 iu
2445 3511 2653 3579 Domini
2689 3510 2914 3580 castris,
2956 3510 3010 3579 in
3040 3509 3300 3569 lectorum
3332 3504 3577 3576 primitus

1975 3606 2141 3661 divini
2172 3606 2474 3661 rudimenta
2501 3604 2740 3672 servitii;
2772 3621 2871 3660 nec
2894 3604 2968 3658 illi
2999 3604 3101 3658 vile
3129 3603 3197 3655 sit
3222 3596 3577 3664 exorcistam,

1976 3699 2318 3773 acolythnm,
2376 3697 2801 3765 subdiaconutn,
2855 3697 3139 3767 diaconum
3193 3708 3286 3768 per
3332 3691 3576 3748 ordinem

1978 3794 2117 3848 ﬁeri.
2153 3812 2172 3845 ›
2206 3792 2340 3847 [llud
2371 3793 2584 3857 mirum,
2635 3791 2778 3864 quod
2806 3807 2927 3849 cum
2971 3785 3196 3857 Siricius
3231 3796 3286 3843 et
3332 3785 3578 3843 Zosimtts

1980 3886 2032 3939 in
2062 3885 2294 3940 laudatis
2323 3885 2569 3957 epistolis
2594 3884 2837 3955 singulos
2866 3892 2973 3939 tam
3000 3890 3250 3938 accurate
3272 3877 3579 3937 describant

1980 3977 2199 4049 gradus,
2229 3978 2424 4053 quibus
2451 3977 2519 4033 ad
2550 3978 2837 4043 sacerdotii
2858 3977 3068 4048 apicem
3094 3973 3365 4047 perveniri
3388 3969 3574 4034 velint,

1982 4070 2261 4133 ostiarium
2293 4081 2469 4127 tamen
2511 4079 2823 4127 constanter
2864 4077 3101 4131 taceant.
3132 4066 3287 4123 Hunc
3311 4080 3443 4121 sane
3468 4079 3576 4131 non

1983 4162 2372 4236 prmteriissent
2412 4162 2659 4229 silentio,
2693 4162 2736 4218 si
2779 4178 2810 4217 a
2853 4159 2982 4225 Caio
3021 4161 3300 4217 decretum
3332 4156 3579 4228 superius

1982 4258 2290 4329 prodiisset.
2318 4256 2452 4311 Cum
2480 4257 2610 4326 ipsis
2630 4270 2693 4312 ea
2723 4255 2773 4311 in
2797 4272 2856 4312 re
2882 4253 3153 4310 consentit
3179 4248 3577 4323 supposititium

1983 4352 2201 4425 quidem
2223 4390 2238 4414 ,
2266 4348 2363 4405 sed
2394 4359 2572 4405 tamen
2602 4349 2883 4421 antiquum
2910 4347 3156 4405 Silvestri
3181 4342 3540 4400 Constitutum
3565 4383 3581 4408 ,

253 4412 438 4518 byteri
493 4442 854 4498 ministerium
902 4441 1205 4511 peregerit;
1257 4459 1275 4490 ι
1334 4438 1553 4509 vultque
1605 4456 1623 4489 ‹
1683 4412 1955 4495 haheatD
1982 4412 2079 4502 seu
2134 4412 2436 4502 Romanum
2488 4442 2555 4511 ll,
2606 4444 2706 4503 sub
2738 4412 3018 4509 'Silvestro
3069 4437 3377 4506 concilium,
3430 4434 3583 4506 cuius

251 4539 693 4609 uniuscujusque
739 4537 939 4591 ordinis
969 4535 1166 4606 gradus
1220 4550 1324 4588 non
1372 4532 1577 4589 minimi
1618 4530 1876 4604 temporis

257 4630 685 4703 longitudinem,
714 4644 809 4699 per
835 4622 976 4699 quod
1006 4637 1059 4681 et
1092 4623 1225 4679 fides
1251 4636 1303 4679 et
1328 4642 1535 4681 morum
1564 4624 1871 4693 probitas...

254 4725 437 4795 possit
457 4720 739 4793 cognosci.
767 4741 786 4773 ι
811 4718 1006 4775 Tribus
1029 4717 1134 4771 illis
1154 4716 1408 4789 gradibus
1430 4715 1871 4770 subtliaconattnn

255 4818 528 4887 adjiciunt
578 4812 790 4881 ϐπερὶ,
824 4816 912 4885 qui
960 4822 1166 4866 tantum
1216 4810 1315 4865 hos
1350 4818 1581 4879 quatuor
1623 4808 1873 4863 ordinum

261 4911 468 4981 gradus
495 4924 620 4964 cum
664 4909 976 4978 episcopatu
1019 4912 1341 4976 agnoscunt,
1375 4910 1431 4956 nt
1462 4916 1528 4957 ex
1558 4899 1724 4955 variis
1763 4916 1878 4955 mo-

268 5005 528 5058 nimentis
567 5001 775 5071 liquet,
829 5015 892 5054 ac
937 4999 1253 5062 nominatim
1297 5012 1363 5050 ex
1411 4996 1494 5049 his
1531 4993 1720 5067 synodi
1771 4993 1875 5067 0c-

272 5108 436 5159 tam,
458 5110 562 5152 act.
584 5095 675 5160 10,
708 5110 829 5175 cap.
863 5093 897 5149 5
931 5111 943 5146 :
982 5112 1000 5145 ‹
1034 5092 1089 5148 Si
1121 5093 1242 5163 quis
1271 5131 1309 5146 ..
1348 5107 1441 5173 per
1467 5106 1655 5145 omnes
1682 5089 1878 5171 gradus

269 5191 675 5249 ecclesiasticos
720 5187 954 5243 definitis
991 5186 1324 5255 temporibus
1349 5186 1510 5239 vitam
1552 5180 1876 5253 incnlpatam

265 5287 539 5345 transisse
562 5282 884 5353 reperiatur,
910 5283 981 5335 ita
1012 5288 1068 5334 ut
1099 5281 1151 5333 in
1181 5279 1397 5334 lectoris
1429 5293 1652 5333 munere
1681 5293 1875 5343 unum,

1980 4541 2157 4613 capite
2208 4539 2301 4603 11,
2345 4544 2607 4599 statutum
2636 4544 2722 4597 est
2761 4553 2775 4590 :
2810 4555 2831 4588 ι
2868 4533 2939 4603 Ut
2981 4532 3159 4595 nullus
3198 4547 3264 4589 ex
3295 4530 3427 4589 laiCa
3455 4543 3582 4600 per-

1981 4646 2114 4687 sona
2141 4631 2224 4686 .ad
2270 4633 2533 4694 honorem
2574 4628 2862 4702 acolythus
2886 4638 2912 4667 ει
2939 4642 3108 4701 usque
3129 4625 3196 4685 ad
3218 4624 3583 4698 episcopatum

1983 4724 2379 4792 sublevaretur,
2442 4725 2545 4795 nisi
2591 4724 2740 4796 prius
2793 4721 2982 4779 fuisset
3032 4721 3202 4779 lector
3249 4718 3406 4775 annis
3452 4731 3584 4797 xxx,

1982 4819 2179 4874 deinde
2205 4834 2311 4873 una
2337 4817 2426 4874 die
2451 4817 2738 4881 exorcista,
2765 4824 2820 4873 et
2844 4823 3033 4887 postea
3060 4821 3279 4881 caperet
3307 4823 3443 4867 onus
3469 4822 3592 4875 aco.

1985 4904 2142 4979 lythi,
2175 4916 2229 4959 et
2258 4902 2462 4959 faceret
2492 4903 2544 4958 in
2574 4902 2763 4957 eodem
2788 4899 2978 4955 ordine
3016 4896 3248 4970 acolythi
3276 4908 3449 4950 annos
3485 4891 3553 4947 de
3577 4918 3590 4933 -

1984 5005 2126 5064 cem,
2156 5006 2213 5052 nt
2243 4996 2512 5070 acciperet
2539 5010 2675 5069 onus
2696 4990 3031 5059 subdiaconi,
3050 4989 3174 5045 etin
3197 4987 3587 5046 subdiaconatu

1985 5102 2130 5149 esset
2174 5104 2345 5146 annos
2386 5089 2643 5163 quinque,
2676 5098 2779 5144 etc.
2817 5104 2837 5147 ι
2870 5083 2943 5141 Ut
2982 5083 3069 5138 hic
3093 5082 3294 5151 nullum
3324 5087 3585 5153 praeterea

1985 5186 2054 5242 de
2081 5183 2304 5257 ostiario
2331 5182 2392 5239 fit
2419 5182 2663 5252 verbum,
2691 5180 2763 5236 ita
2802 5194 2902 5235 nec
2928 5176 2981 5234 in
3009 5176 3076 5235 iis
3104 5175 3343 5248 ejusdem
3371 5168 3584 5231 Consti-

1987 5279 2121 5359 tuti,
2167 5294 2286 5348 cap.
2317 5276 2388 5335 7:
2450 5295 2469 5328 ί
2507 5275 2578 5333 Ut
2622 5291 2653 5330 a
2705 5272 3034 5331 subdiacono
3077 5284 3261 5359 usque
3291 5264 3581 5359 adiecto-

258 5382 321 5437 in
378 5375 698 5437 eubdiaco'ni
750 5374 908 5438 duos,
958 5374 1014 5426 in
1047 5372 1258 5427 diaconi
1302 5381 1431 5437 tres,
1484 5373 1536 5424 in
1588 5368 1882 5426 sacerdotii
1985 5356 2100 5429 rem
2141 5384 2329 5445 onines
2384 5368 2585 5424 subditi
2634 5375 2821 5424 essent
2861 5365 3091 5421 diacono
3140 5358 3400 5437 cardinali
3432 5356 3586 5415 urbis

255 5459 513 5547 quatuor
560 5452 736 5525 annos
774 5466 1105 5539 expleverit,
1137 5465 1201 5522 ad
1249 5464 1590 5536 episcopatus
1618 5464 1880 5525 honorem

1988 5462 2279 5529 Romze,in
2306 5461 2549 5521 Ecclesia
2599 5461 2862 5517 honorem
2912 5461 3311 5528 reprzesentans
3352 5460 3584 5517 tantum,

253 5544 563 5629 revehatur.
602 5582 623 5615 ι
658 5560 811 5616 Nunc
856 5560 1018 5631 igitur
1062 5570 1261 5625 restat,
1312 5569 1369 5613 ut
1412 5557 1573 5614 etiam
1620 5558 1673 5612 in
1720 5559 1911 5635 latina,
1987 5554 2229 5626 pontifici
2277 5571 2414 5613 vero
2440 5553 2770 5627 presbyteri,
2799 5546 3145 5615 subdiaconi,
3198 5544 3437 5610 diaconi,
3463 5552 3589 5611 aco-

1524 5672 1906 5739 LECTIONES
1942 5670 2358 5739 VARIANTES.

326 5788 418 5856 (³)
457 5788 614 5837 Forte
637 5780 951 5848 Acolythatus
972 5774 1197 5830 Gallund.
