4196 6246
268 245 374 304 ηδ

1080 253 1416 314 EPISTULA
1451 251 1585 310 CAII
1627 252 1831 310 PAPIE
1868 251 1962 310 AD
1999 252 2302 313 FELICEM
2344 253 2752 315 EPISCOPUM.

3447 258 3552 316 186

340 371 404 429 ll.
443 371 646 429 Deinde
669 388 830 429 nemo
860 390 1110 446 umquam
1141 375 1451 446 episcopum
1482 373 1621 445 apud
1642 373 1851 445 jndices
1875 376 1928 434 Λ
1958 373 2056 430 Dei
2081 375 2303 448 aequalis
2328 387 2413 432 est
2438 375 2582 432 Patri
2635 374 2926 448 (Philipp.,
2966 377 3028 448 tt)
3072 377 3126 434 in
3179 374 3351 434 forma
3405 378 3550 434 servi

255 465 572 531 saeculares,
604 477 695 522 aut
720 466 855 522 alios
881 467 1132 535 clericos,
1161 483 1414 524 accusare
1446 476 1755 538 przcsumat.

335 561 422 617 Ill.
451 562 519 617 Et
544 562 591 618 si
619 562 740 632 quis
769 564 1075 634 episcopus,
1103 564 1405 636 presbyter,
1438 575 1530 619 aut
1559 565 1819 619 diaconus
1838 604 1854 628 ,

253 655 345 712 vel
388 656 609 726 quilibet
657 656 864 722 clerici,
890 658 1033 726 apud
1073 659 1356 730 episcopos
1395 658 1538 733 (quia
1587 658 1715 713 alibi
1747 674 1853 714 non

253 758 474 819 Oportet
499 765 530 803 a
555 749 796 819 qualibet
824 765 1050 819 persona
1081 767 1202 822 qum
1248 753 1349 808 rite
1389 753 1693 823 recipienda
1747 755 1856 826 est)

255 841 455 900 fuerint
501 845 739 899 accusati
769 843 912 918 (haec
951 855 1005 900 et
1048 847 1241 901 similia
1292 864 1358 903 ex
1405 849 1526 904 cod.
1558 847 1768 905 Theod.
1801 859 1856 905 ct

251 937 470 994 Aniauo
501 939 688 1004 lladr.,
720 953 842 1009 cap.
883 938 1000 1010 22),
1047 941 1372 1012 quicumque
1399 941 1578 1007 fuerit,
1621 944 1734 998 sive
1763 941 1854 998 ille

253 1034 331 1088 sit
360 1034 604 1089 sublimis
620 1035 702 1089 vir
723 1033 963 1096 honoris.
993 1035 1106 1090 sive
1134 1035 1294 1091 ullius
1313 1035 1534 1091 alterius
1557 1034 1850 1106 dignitatis,

251 1130 349 1200 qui
379 1127 480 1184 hoc
507 1144 680 1200 genus
706 1127 1026 1183 illaudahilis
1046 1127 1360 1184 intentionis
1385 1129 1676 1198 arripuerit
1703 1145 1718 1195 ;
1754 1143 1853 1182 no-

251 1222 414 1290 verit,
461 1223 792 1292 probationis
839 1221 1163 1278 documenta
1207 1239 1267 1278 se
1295 1222 1495 1279 debere
1543 1222 1762 1278 inferre.
1795 1224 1850 1280 Si

251 1318 377 1387 quis
417 1332 550 1389 ergo
590 1317 732 1372 circa
779 1316 1085 1385 huiusmodi
1133 1331 1394 1388 personas
1434 1332 1542 1372 non
1573 1316 1849 1388 probanda

249 1410 535 1475 detulerit,
593 1412 907 1467 auctoritate
952 1411 1112 1481 hujus
1140 1412 1437 1468 sanctionis
1483 1412 1745 1481 intelligat
1791 1426 1850 1467 se

245 1505 521 1576 jacturam
553 1505 782 1560 infamiae
802 1505 1096 1572 sustinere,
1123 1513 1182 1559 ut
1205 1503 1404 1559 damno
1430 1504 1670 1576 pudoris,
1699 1506 1848 1560 msti-

252 1599 510 1654 mationis
549 1598 832 1668 dispendio
873 1598 1083 1663 discat,
1135 1597 1236 1654 sibi
1270 1599 1461 1654 aliena:
1510 1597 1848 1654 verecundia:

251 1690 472 1759 impune
495 1689 738 1746 insidiari
757 1730 775 1757 ,
816 1691 1008 1747 saltem
1039 1689 1109 1746 de
1133 1700 1336 1747 ctetero
1363 1707 1468 1747 non
1488 1691 1679 1747 licere.
1714 1691 1846 1747 Nam

1961 469 2228 540 particeps
2255 479 2479 527 essetet
2501 471 2696 536 nostri,
2729 480 2788 525 ut
2815 471 3005 528 mortis
3055 470 3361 533 vinculum.
3387 474 3551 530 unius

1960 562 2398 631 praevaricatione
2435 571 2796 626 contractum,
2828 563 2988 619 unius
3014 576 3192 621 morte
3237 564 3352 638 (qui
3397 566 3548 624 solus

1960 651 2120 707 morti
2165 653 2296 709 nihil
2348 653 2555 726 debuit)
2602 655 2943 711 solveretur?
2973 656 3175 712 Eﬂusio
3219 659 3363 714 enim
3404 659 3538 728 jttsti

1960 746 2238 816 sanguinis
2285 745 2484 802 Christi
2512 790 2528 815 ,
2579 759 2684 804 tam
2719 748 2818 804 fuit
2847 749 2998 806 dives
3039 749 3104 805 ad
3137 751 3390 821 pretium,
3421 758 3479 806 ιιι
3500 751 3548 808 si

1958 839 2282 898 universitas
2306 841 2642 909 captivorum
2675 842 2726 896 in
2756 841 3151 912 redemptorem
3178 857 3332 898 suum
3361 842 3551 900 crede-

1957 942 2059 995 ret,
2094 934 2295 988 nullum
2327 934 2526 991 diaboli
2558 936 2769 994 vincula
2797 936 3126 994 retinerent:
3153 938 3431 1008 quoniam,
3475 937 3551 994 si-

1954 1035 2048 1082 cut
2079 1028 2370 1098 Apostolus
2405 1028 2482 1084 ait
2513 1046 2525 1082 :
2565 1028 2666 1084 Ubi
2699 1030 2974 1086 abundauit
3003 1042 3269 1102 peccatum
3290 1074 3305 1099 ,
3336 1049 3550 1104 superno

1954 1119 2197 1174 bundavit
2222 1129 2268 1176 et
2292 1123 2461 1191 gratia
2487 1120 2688 1194 (Rom,
2715 1127 2793 1195 ν).
2816 1123 3021 1179 Etcum
3051 1126 3151 1181 sub
3180 1127 3383 1196 peccati
3409 1141 3549 1196 prte-

1948 1213 2152 1284 judicio
2183 1216 2292 1270 nati
2320 1259 2336 1281 ,
2373 1226 2695 1286 potestatem
2744 1219 3055 1288 acceperint
3081 1219 3149 1274 ad
3171 1219 3434 1290 justitiam
3462 1235 3547 1276 re-

1953 1309 2231 1377 nascendi,
2264 1296 2490 1366 validius
2511 1311 2710 1367 factum
2739 1322 2823 1368 est
2842 1312 3043 1369 donum
3075 1313 3357 1379 libertatis,
3387 1329 3548 1388 quam

1952 1403 2191 1460 debitum
2218 1407 2513 1463 servitutis.
2541 1405 2714 1473 Quam
2747 1407 2930 1479 itaque
2961 1409 3064 1466 sibi
3099 1409 3152 1464 in
3182 1409 3342 1480 hujus
3370 1425 3552 1467 sacra-

1951 1497 2120 1554 menti
2170 1499 2421 1568 prtesidio
2463 1514 2617 1571 spem
2661 1500 2998 1572 relinquunt,
3031 1503 3123 1574 qui
3172 1503 3227 1559 in
3269 1503 3551 1560 Salvatore

1952 1602 2140 1648 nostro
2163 1604 2362 1664 negant
2379 1593 2599 1649 humani
2626 1594 2871 1664 corporis
2883 1595 3166 1652 veritatem
3183 1597 3207 1651 ?
3237 1595 3423 1653 Dicant
3441 1611 3549 1668 quo

1949 1687 2218 1743 sacriﬁcio
2249 1688 2609 1745 reconciliati:
2645 1688 2828 1744 dicant
2870 1704 2976 1760 quo
3004 1687 3266 1762 sanguine
3311 1690 3418 1746 sint
3453 1704 3544 1746 re-

248 1782 484 1854 qualiter
527 1784 596 1839 ad
621 1785 911 1839 concilium
960 1783 1227 1851 veniatur,
1257 1794 1351 1841 aut
1389 1784 1618 1856 qualiter
1644 1784 1711 1840 de
1737 1785 1850 1840 suis
1877 1775 1926 1837 B
1953 1780 2178 1852 dempti.
2211 1781 2338 1848 Quis
2364 1792 2462 1848 est,
2495 1791 2550 1837 ut
2581 1783 2656 1838 ait
2678 1784 2988 1856 Apostolus,
3016 1784 3103 1855 qui
3123 1783 3336 1839 tradidit
3361 1795 3549 1840 semet-

248 1877 417 1932 rebus
462 1877 719 1948 cxpoliati
772 1877 850 1950 (ὅ.
880 1895 934 1950 q.
961 1879 1013 1934 1.
1045 1879 1339 1950 Episcopus
1371 1881 1479 1934 suis
1511 1879 1661 1934 rebus
1689 1895 1849 1950 expo-

254 1972 458 2046 liatus),
489 1974 570 2028 vel
601 1973 756 2044 cjecti
788 1991 819 2030 a
846 1974 1065 2030 sedibus
1090 1975 1352 2046 propriis,
1390 1985 1481 2029 aut
1507 1975 1598 2045 qui
1621 1989 1846 2031 accusa-

252 2074 410 2120 tores
447 2067 554 2121 sint
599 2067 911 2137 reeipiendi,
962 2068 1122 2139 quive
1179 2082 1286 2122 non
1315 2059 1442 2134 siitt,
1485 2078 1575 2122 aut
1619 2067 1848 2139 qualiter

250 2160 449 2230 ejectis
470 2168 524 2214 et
549 2160 828 2230 expoliatis
849 2161 959 2216 sint
977 2161 1158 2216 omnia
1183 2161 1392 2231 legibus
1412 2159 1842 2232 redintegranda,

250 2268 378 2324 qua:
403 2253 481 2309 eis
508 2253 682 2308 ablata
723 2264 884 2309 sunt:
929 2263 985 2309 et
1024 2255 1148 2325 quia
1179 2255 1487 2324 priusquam
1516 2253 1618 2309 hoc
1647 2253 1846 2309 factum

251 2346 435 2415 fuerit,
479 2349 686 2403 nullum
716 2350 918 2404 crimen
950 2348 1031 2404 eis
1065 2348 1225 2420 objici
1270 2349 1508 2418 poterit,
1539 2357 1595 2404 et
1619 2349 1848 2418 qualiter

250 2438 368 2493 illis
400 2439 631 2495 inducis:
655 2450 780 2512 post
804 2441 1066 2512 integram
1101 2442 1562 2498 instaurationem.
1589 2440 1847 2496 anniver-

250 2534 440 2600 sarias,
463 2535 550 2590 vel
570 2549 667 2590 sex
693 2535 982 2602 mensium,
1009 2533 1352 2606 indulgendze
1377 2535 1504 2600 sint,
1536 2543 1591 2588 et
1620 2535 1848 2605 qualiter

252 2640 356 2680 sua
386 2627 561 2680 omnia
608 2627 835 2682 licenter
875 2639 931 2682 et
961 2628 1205 2699 paciﬁce,
1241 2628 1446 2698 absque
1492 2627 1648 2682 ullius
1696 2628 1845 2698 gravi

251 2719 641 2790 impedimento
661 2720 985 2792 disponere,
1014 2730 1069 2776 et
1092 2736 1310 2776 suorum
1340 2721 1636 2777 amicormn
1674 2730 1730 2776 et
1757 2736 1846 2776 ec-

246 2811 680 2868 clesiasticorum
701 2824 912 2884 patrum
930 2814 1177 2870 conciliis
1197 2815 1274 2869 uti
1301 2813 1554 2880 debeant,
1576 2812 1848 2870 sufﬁcien-

246 2915 339 2961 ter
367 2905 435 2960 ab
457 2907 738 2976 apostolis,
771 2921 1070 2978 eorumque
1099 2907 1527 2975 successoribus,
1557 2921 1621 2962 ac
1645 2909 1846 2965 nostris

247 2999 746 3070 przedecessoribus
784 3009 1042 3056 statutum
1083 3015 1204 3056 esse
1234 3012 1504 3070 putamus.
1551 2999 1725 3072 Super
1759 3001 1844 3058 his

244 3103 426 3151 autem
449 3109 561 3149 non
584 3108 712 3150 reor
730 3094 960 3164 amplius
982 3109 1128 3150 nunc
1154 3093 1272 3149 fore
1290 3093 1674 3165 diaputandum
1691 3137 1706 3162 ,
1737 3095 1840 3152 nisi

1950 1875 2120 1946 ipsum
2164 1892 2258 1946 pro
2286 1876 2432 1930 nobis
2467 1877 2773 1933 oblationem
2800 1889 2847 1932 et
2874 1878 3096 1933 hostiam
3129 1877 3236 1933 Deo
3265 1879 3319 1932 in
3341 1877 3548 1933 odorem

1949 1969 2214 2024 suavitatis
2249 1967 2494 2042 (Ephes.,
2529 1967 2582 2042 v)
2606 1971 2628 2024 ?
2659 1973 2764 2026 Aut
2793 1971 3200 2046 quodlunquam
3224 1971 3548 2030 sacriﬁcium

1949 2063 2216 2118 sacratius
2245 2061 2367 2128 fuit,
2394 2079 2554 2132 quam
2580 2063 2724 2134 quod
2751 2079 2910 2120 verus
2959 2073 3015 2121 et
3052 2074 3286 2122 aeternus
3312 2063 3551 2136 pontifex

1949 2155 2107 2210 altari
2134 2157 2313 2211 crucis
2341 2173 2436 2227 per
2464 2157 2885 2214 immolationem
2915 2173 3027 2212 sua:
3048 2158 3230 2214 carnis
3257 2157 3548 2228 imposuit?

1952 2249 2102 2306 Licet
2131 2249 2185 2303 in
2209 2261 2484 2320 conspectu
2513 2249 2725 2304 Domini
2753 2253 2973 2317 pretiosa
3007 2251 3264 2319 iustorum
3289 2266 3426 2305 mors
3451 2249 3548 2314 fuit

1951 2344 2120 2418 (Psal.
2154 2343 2277 2417 (διν)
2303 2388 2319 2412 ,
2357 2346 2556 2400 nullius
2583 2355 2760 2402 tamen
2787 2346 3015 2401 insontis
3042 2345 3261 2411 occisio,
3293 2343 3546 2416 redemp-

1952 2443 2026 2496 tio
2051 2439 2154 2496 fuit
2181 2439 2386 2496 mundi.
2421 2440 2758 2510 Acceperunt
2781 2439 2946 2510 justi,
2980 2454 3086 2495 non
3130 2437 3429 2506 dederunt,
3455 2452 3549 2496 co-

1951 2550 2135 2591 ronas.
2168 2535 2244 2590 De
2275 2532 2591 2590 fortitudine
2617 2533 2854 2590 ﬁdelium
2882 2533 3128 2604 exempla
3155 2542 3279 2588 nata
3304 2541 3430 2588 sunt
3452 2547 3548 2604 pa-

1953 2630 2176 2696 tientiae,
2206 2644 2313 2684 non
2341 2629 2480 2684 dona
2507 2627 2746 2700 iustitiae.
2777 2627 3089 2699 Singulares
3114 2629 3311 2699 quippe
3346 2627 3399 2682 in
3429 2627 3544 2684 sin-

1949 2724 2090 2794 gulis
2118 2725 2307 2778 mortis
2335 2723 2581 2790 fuerunt,
2616 2736 2716 2778 nec
2741 2721 2965 2777 alterius
2994 2721 3276 2791 quisquam
3307 2718 3542 2775 debitum

1949 2833 2051 2874 suo
2096 2818 2202 2874 ﬁne
2230 2818 2527 2890 persolvit,
2579 2832 2700 2872 cum
2745 2815 2887 2872 ﬁlius
2916 2814 3150 2870 hominis
3171 2857 3188 2882 ,
3222 2829 3362 2871 unus
3395 2813 3546 2871 solus

1952 2911 2212 2967 Dominus
2233 2919 2418 2967 noster
2441 2910 2601 2967 .Iesns
2632 2909 2903 2976 Christus,
2933 2910 3023 2980 qui
3063 2923 3190 2964 vere
3213 2918 3332 2964 erat
3355 2907 3546 2979 Agnus

1949 3005 2350 3069 immaculatus,
2376 3002 2633 3070 extiterit,
2659 3001 2712 3057 in
2733 3017 2840 3073 quo
2861 3015 3051 3056 omnes
3065 2999 3333 3065 cruciﬁxi,
3355 3012 3546 3055 omnes

1948 3101 2168 3164 mortui,
2208 3114 2399 3155 omnes
2438 3097 2672 3170 sepulti,
2702 3112 2894 3152 omnes
2925 3095 3086 3152 etiam
3130 3105 3256 3151 sunt
3280 3093 3545 3150 suscitati.

241 3189 291 3244 si
320 3189 660 3245 surrexerint
691 3188 850 3254 talia,
884 3201 1006 3258 quae
1033 3187 1210 3244 adhuc
1241 3203 1346 3243 non
1385 3199 1511 3244 sunt
1538 3189 1840 3247 manifesta.
1871 3175 1916 3239 ί)
1952 3194 2027 3250 De
2052 3194 2247 3263 quibus
2276 3193 2392 3261 ipse
2418 3190 2632 3247 dicebat
2663 3207 2683 3246 :
2713 3188 2842 3244 Cum
2871 3188 3124 3244 excitatus
3160 3193 3303 3258 juero
3328 3204 3361 3241 a
3387 3196 3540 3254 terra,

241 3281 298 3337 Si
328 3296 524 3338 eorum
550 3294 735 3337 autem
783 3289 981 3337 statuta
1019 3296 1127 3337 non
1159 3281 1458 3338 habueritis
1487 3283 1683 3339 mittite
1711 3283 1845 3340 lide-

239 3376 484 3433 lissimos
512 3377 831 3447 scriptores,
860 3378 951 3448 qui
980 3376 1096 3433 haec
1121 3393 1304 3433 coram
1338 3377 1588 3436 ﬁdelibus
1617 3379 1843 3436 testibus

240 3473 516 3538 excipere,
532 3471 800 3543 vobisque
820 3483 1097 3543 reportare
1117 3471 1220 3528 sub
1233 3472 1582 3543 stipulatione
1605 3474 1838 3530 valeant.

315 3565 410 3621 IV.
441 3563 734 3632 Caeterum,
761 3575 820 3620 ut
838 3566 1168 3622 satisfaciam
1199 3567 1462 3622 consultis
1494 3569 1600 3621 tuis
1629 3567 1698 3623 de
1721 3585 1842 3624 ver-

237 3661 317 3718 bo
345 3660 731 3717 incarnationis
754 3669 811 3716 et
830 3660 1074 3716 veritatis
1094 3703 1108 3723 ,
1153 3660 1479 3732 quicumque
1506 3661 1582 3716 illi
1612 3660 1690 3735 (l)
1717 3671 1842 3718 sunt

237 3755 314 3811 ita
337 3754 596 3809 obcaecati
619 3752 721 3828 (2),
746 3765 802 3810 et
821 3769 852 3809 a
879 3754 1083 3809 lumine
1112 3756 1358 3810 Veritatis
1385 3754 1567 3820 alieni,
1601 3767 1656 3810 ut
1681 3756 1839 3812 Verbi

237 3847 340 3903 Dei
372 3863 403 3900 a
432 3856 675 3918 tempore
704 3848 1092 3903 incarnationis
1115 3849 1386 3920 denegeut
1418 3853 1721 3919 veritatem,
1750 3869 1840 3909 os-

238 3941 475 3996 tendant
497 3942 553 3995 in
577 3957 684 4013 quo
708 3942 810 3998 sibi
835 3942 1191 3999 christianum
1239 3959 1435 4000 nomen
1469 3958 1754 4017 usurpeut,
1785 3959 1840 4006 et

239 4049 370 4088 cum
400 4033 695 4105 Evangelio
721 4036 965 4092 veritatis
995 4052 1098 4107 qua
1139 4037 1350 4093 ratione
1395 4040 1753 4106 concordent,
1791 4042 1837 4097 si

234 4128 415 4182 beata:
448 4126 675 4195 Virginis
693 4140 872 4200 partu,
899 4139 992 4184 aut
1006 4144 1134 4184 caro
1155 4131 1273 4185 sine
1295 4132 1517 4198 deitate,
1545 4143 1638 4188 aut
1665 4133 1837 4190 deitas

235 4235 322 4279 est
351 4234 471 4278 orta
499 4223 618 4278 sine
647 4239 834 4280 carne.
877 4225 1027 4280 Sicut
1057 4226 1202 4280 enim
1233 4226 1418 4297 negari
1461 4243 1566 4283 non
1616 4239 1833 4299 potest,

233 4317 567 4387 evangelista
599 4317 832 4380 dicente.
864 4319 1006 4388 quod
1046 4317 1268 4372 Verbum
1297 4337 1416 4374 caro
1446 4321 1640 4390 factum
1660 4332 1756 4388 est,
1790 4332 1838 4377 et

231 4411 480 4465 habitavit
528 4411 583 4464 in
630 4410 775 4464 nobis
820 4411 1025 4481 (10am.
1053 4410 1119 4478 ι),
1155 4413 1226 4467 ita
1272 4415 1452 4486 negari
1504 4431 1608 4471 non
1661 4427 1838 4486 potest

231 4505 396 4561 beato
422 4504 672 4574 apostolo
699 4504 864 4559 Paulo
900 4505 1262 4576 praedicante,
1295 4507 1435 4577 quod
1481 4508 1618 4563 Deus
1646 4519 1752 4564 erat
1781 4511 1836 4564 in

1950 3286 2124 3342 omnia
2153 3285 2356 3339 traham
2405 3285 2475 3338 ad
2524 3283 2774 3351 meipsum
2824 3282 3031 3354 (Joan.,
3060 3278 3181 3351 xu).
3216 3279 3378 3337 Fides
3426 3290 3544 3337 ete-

1947 3387 2056 3441 nim
2083 3384 2392 3456 justiﬁeaus
2421 3383 2634 3453 impios,
2666 3392 2720 3438 et
2745 3396 2939 3437 creans
2962 3380 3160 3450 justos,
3193 3381 3260 3436 ad
3299 3380 3544 3436 humani-

1950 3481 2074 3537 tatis
2097 3490 2332 3537 retracta
2363 3478 2728 3551 participium,
2782 3477 2836 3531 in
2881 3475 2976 3530 illo
3005 3474 3235 3546 acquirit
3265 3474 3497 3530 salutem
3521 3515 3540 3541 ,

1945 3578 1998 3632 iu
2028 3591 2135 3647 quo
2160 3575 2278 3632 solo
2308 3575 2471 3630 homo
2495 3589 2554 3628 se
2581 3571 2783 3626 invenit
2801 3571 3165 3632 innocentem,
3192 3567 3420 3624 liberum
3447 3565 3546 3624 ha-

1947 3672 2081 3727 bens
2110 3686 2203 3740 per
2227 3669 2455 3740 gratiam
2503 3667 2598 3723 Dei
2627 3665 2695 3722 de
2725 3667 2846 3735 ejus
2875 3665 3112 3738 potentia
3156 3662 3406 3735 gloriari,
3449 3663 3542 3736 qui

1944 3772 2134 3819 contra
2163 3762 2375 3817 hostem
2409 3761 2628 3816 humani
2667 3759 2884 3830 generis
2913 3759 2967 3813 in
3005 3756 3185 3814 carnis
3211 3766 3410 3812 nostra:
3437 3755 3541 3812 hu-

1945 3859 2175 3914 militate
2218 3870 2540 3926 congressus
2561 3895 2578 3919 ,
2610 3853 2695 3908 his
2721 3853 3000 3908 victoriam
3032 3867 3184 3914 suam
3234 3851 3458 3918 tribuit,
3484 3853 3541 3906 in

1947 3969 2178 4028 quorum
2210 3966 2441 4023 corpore
2473 3949 2844 4019 triumphavit.
2875 3948 3029 4004 Licet
3057 3961 3188 4018 ergo
3218 3946 3272 4001 in
3296 3961 3402 4002 uno
3429 3945 3540 4001 Do-

1945 4052 2091 4106 mino
2133 4061 2322 4104 nostro
2359 4047 2486 4102 Jesu
2535 4044 2775 4108 Christo,
2805 4057 2934 4098 vero
2979 4043 3072 4096 Dei
3115 4049 3280 4112 atque
3308 4040 3539 4095 hominis

1944 4145 2100 4208 Filio,
2127 4142 2289 4198 Verbi
2316 4151 2369 4196 et
2396 4138 2577 4194 carnis
2602 4153 2707 4192 una
2731 4149 2960 4207 persona
2991 4135 3083 4203 sit,
3111 4148 3232 4205 qua:
3263 4135 3538 4205 insepara-

1943 4236 2126 4291 biliter
2169 4244 2329 4302 atque
2385 4230 2616 4286 indivise
2665 4243 2980 4286 communes
3026 4227 3218 4284 habeat
3259 4227 3537 4294 actiones,

1944 4329 2302 4400 intelligenda:
2331 4338 2507 4385 tamen
2535 4337 2661 4382 sunt
2690 4328 2929 4399 ipsorum
2959 4340 3181 4396 operum
3211 4325 3497 4396 qualitates
3516 4366 3534 4391 ,

1941 4436 1994 4480 et
2025 4427 2254 4479 sincera:
2300 4422 2422 4478 ﬁdei
2465 4421 2930 4493 contemplatione
2957 4419 3288 4476 cernendum
3316 4429 3400 4474 est
3419 4460 3436 4486 ,
3467 4417 3536 4475 ad

1941 4535 2062 4591 quin
2097 4518 2426 4589 provehatur
2449 4517 2725 4574 humilitas
2754 4517 2953 4582 carnis,
2980 4525 3034 4572 et
3060 4515 3126 4571 ad
3159 4531 3277 4586 qua:
3305 4514 3534 4572 incline-

231 4597 455 4665 Clm'sto,
499 4599 744 4652 mundum
786 4599 1124 4655 reconcilians
1161 4599 1257 4654 sibi
1302 4599 1372 4672 (ll
1399 4598 1546 4667 Cor.,
1578 4600 1654 4674 v).
1701 4603 1834 4671 Quae

1946 4580 2025 4669 tur
2053 4580 2280 4668 altitudo
2308 4611 2524 4668 deitatis
2556 4630 2572 4668 :
2600 4611 2727 4680 quid
2762 4611 2852 4674 sit,
2883 4580 3027 4680 quod
3057 4580 3188 4665 caro
3210 4608 3327 4664 sine
3359 4607 3535 4665 Verbo

229 4698 412 4746 autem
456 4690 826 4746 reconciliatio
854 4703 1035 4761 posset
1062 4707 1184 4746 esse
1233 4707 1337 4763 qua
1385 4693 1621 4749 humano
1645 4696 1832 4762 generi

229 4785 679 4855 repropitiaretur
725 4786 889 4851 Deus,
938 4786 984 4840 si
1031 4785 1265 4842 hominis
1305 4802 1522 4843 causam
1567 4789 1833 4845 mediator

231 4877 333 4934 Dei
357 4878 746 4950 hominumque
790 4895 898 4936 non
944 4881 1277 4950 susciperet?
1303 4879 1418 4948 Qua
1461 4897 1592 4939 vero
1617 4882 1828 4940 ratione

233 4978 516 5036 veritatem
565 4980 882 5037 mediatoris
913 4981 1202 5054 impleret,
1255 4981 1360 5038 nisi
1407 4984 1500 5054 qui
1549 4984 1601 5039 in
1653 4983 1827 5041 forma

316 5112 398 5184 (1)
453 5116 762 5194 Quicumque
803 5120 883 5173 illi
918 5131 1052 5194 sunt.
1084 5119 1210 5176 Haec
1257 5123 1419 5194 verba
1457 5125 1648 5194 quibus
1675 5125 1827 5181 Pauli

229 5185 571 5243 Samosatcui
603 5185 941 5259 aliorumque
973 5191 1349 5248 haereticorum
1379 5185 1495 5248 Filii
1532 5197 1622 5250 Det
1650 5197 1825 5251 incar-

227 5259 509 5336 nationem
525 5262 826 5336 negantium
849 5264 1112 5336 sententia
1129 5263 1442 5320 doctissime
1459 5281 1525 5320 ex
1548 5267 1824 5336 Scriptura

223 5331 568 5408 convincitur
589 5349 651 5408 ac
681 5333 966 5408 refutatur.
1001 5334 1125 5391 hinc
1153 5353 1323 5403 usque
1348 5339 1416 5392 ad
1446 5336 1604 5393 ﬁnem
1629 5331 1821 5408 episto-

323 5401 530 5482 __haberi
570 5405 793 5482 epistola
839 5423 854 5482 ι
903 5407 1096 5482 [monis
1124 5409 1190 5482 ad
1224 5401 1458 5464 Lecttem
1499 5401 1820 5482 Augustum,

221 5478 280 5603 gi
313 5476 554 5618 margine
585 5476 742 5546 hujus
771 5479 1013 5546 epistolae
1044 5479 1233 5536 Surius
1260 5481 1555 5536 annotavit.
1587 5476 1820 5555 (Seven.

271 5561 436 5605 imus.

271 5561 436 5605 INIUS.

297 5621 384 5693 (9.)
411 5620 465 5695 S_.
495 5619 628 5695 Leti,
657 5623 867 5695 ep._97,
894 5638 960 5678 ex
995 5639 1096 5693 qua
1134 5622 1243 5691 jam
1267 5639 1428 5695 supra
1446 5625 1692 5695 quaedam
1721 5628 1820 5685 de-

219 5688 919 5833 :Iigigtagm’lciiutychiauo
947 5688 1098 5768 papae
1135 5688 1347 5753 tributa"
1392 5688 1644 5770 epistola.
1684 5698 1823 5760 Vide

1937 4726 2045 4765 non
2083 4712 2229 4783 agit;
2265 4719 2321 4764 et
2351 4707 2477 4779 quid
2513 4708 2601 4772 sit,
2631 4705 2774 4778 quod
2809 4702 3042 4759 Verbum
3087 4703 3205 4757 sine
3234 4717 3398 4757 carne
3425 4717 3533 4756 non

1935 4804 2119 4861 el'ﬁrit.
2148 4802 2276 4858 Sine
2307 4800 2466 4856 Verbi
2494 4801 2638 4854 enim
2673 4797 2906 4868 potentia
2937 4809 3035 4849 nec
3065 4793 3374 4863 conciperet
3399 4789 3527 4846 Vir-

1935 4912 2025 4968 go,
2073 4909 2170 4950 nec
2197 4901 2444 4963 pareret.
2493 4898 2550 4945 et
2595 4889 2712 4944 sine
2756 4885 2985 4941 veritate
3028 4884 3230 4950 carnis,
3277 4881 3531 4938 obvoluta

1936 4991 2129 5064 pannis
2160 4986 2384 5044 infantia
2410 5000 2517 5040 non
2537 4983 2776 5054 jaceret;
2801 4980 2918 5034 sine
2938 4977 3102 5034 Verbi
3130 4975 3386 5048 potentia,
3421 4990 3529 5031 non

1932 5085 2220 5142 adorarent
2250 5078 2390 5150 magi
2437 5091 2660 5148 puerum
2685 5118 2702 5142 ,
2749 5073 2903 5130 stella
2945 5071 3119 5127 indice
3146 5071 3521 5136 declaratum;

1931 5183 2050 5238 sine
2075 5182 2299 5237 veritate
2316 5173 2517 5238 carnis,
2534 5187 2639 5227 non
2652 5170 2934 5241 juberetur
2950 5165 3224 5222 transferri
3245 5165 3297 5218 in
3317 5162 3526 5234 Egyp-

1933 5285 2043 5331 tum
2075 5289 2225 5342 puer,
2254 5280 2308 5327 et
2334 5270 2403 5326 ab
2431 5267 2666 5324 llerodio
2696 5263 3074 5336 persecutione
3121 5258 3340 5316 subduci
3367 5273 3384 5324 ;
3410 5257 3530 5312 sine

1931 5369 2096 5425 Verbi
2137 5364 2372 5438 potentia
2424 5379 2529 5417 non
2580 5361 2787 5416 diceret
2834 5374 2937 5413 vox
2987 5354 3195 5417 Patris,
3244 5351 3412 5407 missa
3458 5351 3528 5408 de

1927 5462 2067 5519 caelo
2095 5478 2109 5516 :
2145 5459 2247 5513 Hic
2274 5466 2348 5512 est
2380 5455 2554 5510 Filius
2580 5468 2722 5508 meus
2748 5452 2962 5506 dilectus
2984 5491 2998 5514 ,
3027 5448 3080 5501 in
3109 5463 3209 5519 quo
3233 5445 3359 5500 mihi
3387 5461 3530 5499 com-

1928 5554 2121 5629 placui,
2152 5554 2322 5625 ipsum
2354 5549 2528 5606 audite
2557 5546 2772 5622 (Matth.
2803 5561 2859 5601 ιιι
2891 5555 2936 5597 et
2965 5539 3127 5612 xvu),
3157 5547 3211 5594 et
3229 5538 3349 5595 sine
3375 5537 3524 5629 veri-

1927 5627 2035 5710 tate
2055 5650 2231 5705 carnis
2246 5663 2354 5704 non
2372 5650 2767 5718 protestaretur
2787 5638 3025 5693 Joannes
3045 5651 3060 5689 :
3091 5632 3223 5688 Ecce
3242 5646 3413 5705 agnus
3434 5627 3535 5683 Dei

1927 5763 2040 5807 ecce
2091 5744 2180 5818 qui
2222 5742 2356 5801 tollit
2406 5747 2612 5814 peccata
2639 5733 2821 5790 mundi
2873 5729 3086 5803 (leam,
3116 5725 3181 5798 t).
3211 5725 3352 5785 Sine
3373 5720 3543 5779 Verbi
