4158 6260
620 346 725 412 is?

1458 346 1788 408 EPISTOLA
1826 346 1967 406 (ΞΑΙί
1996 344 2203 406 ΡΔΡΒ
2234 345 2328 402 AD
2366 345 2665 405 FELICEII
2704 343 3115 405 EPISGOPUM.

3807 348 3914 408 188

622 470 860 543 potentia
884 483 993 526 non
1021 469 1177 525 fleret
1206 467 1587 539 redintegratio
1613 464 1895 535 debilium,
1940 450 2011 521 et.
2039 463 2215 525 vivill-
2241 464 2291 526 Α
2318 463 2617 536 eademque
2662 478 2893 535 persona
2923 463 3017 529 sit,
3048 464 3432 521 exultationem
3480 472 3684 530 tamen,
3714 480 3823 539 qua
3854 469 3917 523 il-

620 565 763 620 catlo
789 573 1121 619 mortuorum
1141 605 1155 628 ,
1191 572 1246 618 et
1269 562 1392 618 sine
1428 561 1655 616 veritate
1691 563 1872 617 carnis
1895 601 1910 626 ,
1941 574 2041 615 nec
2065 558 2219 614 cibus

615 657 823 729 jejuno,
850 671 949 713 nec
974 669 1196 713 somnus
1222 664 1369 711 esset
1398 656 1735 712 necessarius
1753 655 1973 725 Fatigato
1997 652 2214 727 (Matth.

621 749 910 817 tv;.loan.,
942 763 1035 813 XI;
1069 747 1264 814 llam,
1301 761 1385 812 tv;
1413 746 1599 813 leam,
1631 763 1662 802 x
1711 758 1759 802 et
1802 746 1943 820 xlv).
1996 745 2215 801 Postre-

621 850 749 908 tuo;
809 842 927 897 sine
984 842 1140 901 Verbi
1195 844 1427 912 potentia
1493 856 1599 896 non
1656 857 1715 896 se
1766 840 2023 895 Dominus
2071 839 2215 894 Patri

619 932 965 1008 proﬁteretur
991 936 1292 1005 aequalem,
1345 945 1400 991 et
1440 937 1558 991 sine
1603 936 1831 991 veritate
1881 934 2061 989 carnis
2107 948 2216 988 non

617 1028 759 1084 idem
782 1028 991 1087 diceret
1021 1030 1232 1087 Patrem
1278 1043 1339 1084 se
1378 1043 1505 1085 esse
1535 1030 1818 1100 majorem,
1850 1042 1969 1083 cum
1992 1028 2221 1083 catholi-

618 1138 682 1180 ca
736 1122 876 1179 ﬁdes
922 1131 1209 1195 utrumque
1249 1126 1544 1195 suscipiat,
1596 1135 1884 1197 utrumque
1926 1122 2212 1193 defendat,

619 1231 741 1288 quae
786 1217 1086 1275 secundum
1130 1217 1528 1274 conlessiouem
1579 1218 1721 1277 beati
1768 1219 1912 1274 Petri
1944 1219 2172 1289 apostoli
2199 1258 2213 1282 ,

618 1323 779 1365 unum
817 1306 1081 1365 Christum
1105 1308 1207 1365 Dei
1232 1311 1414 1380 ﬁlium,
1457 1324 1503 1366 et
1536 1313 1791 1366 hominem
1816 1311 1974 1366 credit
2000 1322 2047 1365 et
2092 1308 2215 1365 Ver.

620 1404 742 1459 bunt
781 1400 1028 1479 (Matth,
1065 1404 1197 1474 stu).
1226 1404 1490 1473 Quamvis
1520 1406 1698 1475 itaque
1750 1405 1819 1460 ab
1870 1404 1966 1460 illo
2024 1402 2214 1468 initio,

618 1499 791 1568 quoin
807 1508 965 1553 utero
984 1496 1218 1570 Virginis
1249 1498 1465 1579 Verbum
1491 1514 1612 1554 caro
1638 1501 1832 1570 factum
1855 1511 1928 1555 est
1953 1498 2156 1572 (lnam,
2177 1498 2215 1572 t)

618 1590 1037 1663 nihiliuraquam
1070 1592 1211 1653 inter
1239 1601 1526 1664 utramque
1557 1592 1784 1649 formant
1814 1593 2094 1651 divisionis
2117 1608 2217 1648 eit-

619 1685 808 1747 titerit.
827 1695 878 1739 et
905 1699 1002 1755 per
1027 1686 1203 1740 omnia
1236 1685 1565 1741 incrementa
1595 1700 1876 1757 corporea,
1908 1688 2067 1741 unius
2089 1696 2216 1756 per-

621 1792 770 1833 sona:
796 1777 993 1833 fuerint
1022 1778 1187 1832 totius
1212 1780 1470 1849 temporis
1493 1781 1737 1835 actiones
1758 1795 1772 1841 ;
1796 1793 1858 1835 ea
1889 1780 2002 1850 ipsa
2032 1788 2212 1833 tamen

2322 561 2430 614 lum
2461 560 2621 632 (sicut
2658 560 2854 615 doctor
2880 561 3121 631 gentium
3150 560 3309 633 dixit)
3340 577 3353 612 :
3386 558 3651 616 suum:
3678 561 3838 627 Dens,
3871 574 3919 619 et

2322 654 2528 709 donavit
2548 654 2628 709 illi
2658 655 3015 725 nomen,quod
3031 663 3107 709 est
3134 670 3288 725 super
3311 670 3460 710 omne
3506 672 3696 711 nomen
3715 654 3911 731 (Pliil.,

2324 747 2409 817 ιι),
2437 747 2505 802 ad
2532 763 2650 803 eam
2699 748 3049 818 intelligimus
3093 749 3363 819 pertinere
3395 747 3644 814 formam,
3677 765 3801 821 qtttn
3836 750 3919 805 di-

2324 841 2483 896 tantla
2520 849 2635 895 erat
2680 849 2843 896 tanta:
2867 840 3275 911 gloriliealionis
3308 852 3622 913 augmento.
3652 843 3712 899 In
3745 845 3919 903 forma

2321 936 2518 1004 quippe
2567 935 2657 990 Dei
2708 934 2933 1005 aequalis
2981 946 3102 990 erat
3133 934 3302 990 Filius
3356 936 3499 990 Patri
3529 936 3549 1009 (
3580 936 3772 1003 lum,
3801 956 3839 994 κ
3870 940 3913 1013 ),

2320 1039 2377 1082 et
2428 1028 2569 1084 inter
2612 1029 2919 1100 genitorem
2969 1037 3132 1098 atque
3161 1029 3491 1100 unigenitum
3524 1030 3671 1087 nulla
3700 1042 3822 1089 erat
3862 1035 3916 1089 in

2321 1120 2557 1175 essentia
2599 1119 2877 1183 discretio.
2907 1119 3125 1175 nullaiu
3149 1120 3433 1190 majestate
3457 1122 3782 1179 diVersitas:
3816 1141 3921 1182 nec

2323 1226 2417 1281 per
2432 1210 2825 1268 lncaruationis
2840 1214 3156 1283 mysterium
3182 1212 3385 1283 aliquid
3399 1214 3915 1287 decesseratVerbo,

2321 1302 2463 1374 quod
2516 1304 2565 1358 ei
2623 1304 2799 1361 Patris
2834 1318 3062 1361 mulcere
3112 1305 3451 1363 redderetur.
3512 1307 3706 1364 Forata
3733 1322 3918 1367 autem

2321 1396 2486 1458 servi.
2539 1411 2633 1466 per
2688 1413 2853 1467 quam
2904 1398 3250 1467 intpassiltilis
3295 1399 3466 1456 deitas
3518 1412 3916 1472 sacramentum

2322 1507 2531 1563 magnae
2557 1493 2772 1562 pietatis
2796 1493 3059 1566 implevit,
3092 1493 3328 1551 humana
3360 1495 3635 1552 humilitas
3661 1504 3761 1563 est,
3791 1514 3920 1568 quas

2324 1586 2375 1639 in
2413 1587 2638 1655 gloriam
2694 1586 2889 1643 divinae
2936 1589 3220 1657 potestatis
3260 1589 3439 1645 evicta
3461 1631 3476 1655 ,
3509 1598 3595 1645 est
3629 1590 3684 1645 in
3714 1600 3918 1647 tantam

2323 1681 2607 1746 unitatem,
2639 1680 2708 1736 ab
2746 1682 2865 1751 ipso
2887 1692 3154 1752 conceptu
3183 1681 3444 1754 Virginis,
3473 1683 3689 1740 deitstis
3730 1695 3787 1741 et
3810 1686 3918 1741 hu.

2322 1775 2599 1830 suauitatis
2637 1786 2910 1841 conserta,
2941 1786 3000 1831 ut
3033 1792 3135 1833 nee
3181 1779 3302 1834 sine
3340 1780 3559 1839 homine
3586 1780 3783 1847 divina,
3817 1797 3921 1839 nec

619 1870 783 1927 ut'lta
810 1871 1009 1937 dicam,
1044 1885 1165 1942 qute
1192 1872 1623 1942 inseparabiliter
1668 1871 1807 1928 uicta
1858 1873 2216 1959 sunt,'nulla
2244 1865 2440 1926 Bsine
2492 1870 2601 1925 Deo
2652 1882 2944 1940 agerentur
2999 1872 3252 1927 lnnnana.
3288 1872 3520 1943 Propter
3561 1875 3727 1945 quod,
3778 1875 3923 1932 sicut

618 1965 983 2037 permixtione
1008 1966 1419 2034 contundimus,
1452 1966 1549 2022 sed
1575 1966 1701 2038 quid
1737 1967 1997 2038 cujusque
2027 1966 2219 2023 formae

617 2059 709 2123 sit,
754 2073 822 2114 es
862 2073 1089 2129 operum
1117 2059 1377 2131 qualitate
1420 2061 1706 2115 sentimus.
1741 2060 1932 2119 Dicant
1970 2074 2101 2131 ergo
2130 2062 2216 2115 isti

618 2151 938 2226 hypocrita},
987 2154 1077 2222 qui
1128 2155 1288 2209 caecis
1337 2150 1608 2211 mentibus
1641 2154 1821 2209 lumen
1852 2154 2044 2209 nolunt
2074 2156 2217 2210 reci-

616 2260 747 2317 pere
777 2247 1047 2312 veritatis,
1097 2248 1150 2303 in
1199 2262 1304 2319 qua
1342 2246 1509 2304 forma
1549 2248 1727 2320 cruris
1766 2251 1913 2320 ligno
1957 2250 2219 2306 Dominus

618 2342 918 2409 maiestatis
960 2340 1210 2397 Christus
1251 2341 1444 2396 amans
1484 2342 1575 2406 sit,
1608 2342 1735 2412 quid
1763 2342 1991 2411 jacuerit
2026 2344 2076 2396 in
2124 2358 2216 2398 se-

617 2436 868 2509 pulchro,
896 2437 1214 2493 etrevoluto
1236 2437 1414 2509 lapide
1441 2436 1795 2502 monumenti,
1822 2439 2221 2509 quietertiadie

617 2542 748 2586 caro
790 2531 1189 2594 resnrrcxerit,
1243 2540 1297 2586 et
1348 2531 1399 2585 in
1448 2545 1550 2603 qua
1598 2540 1721 2601 post
1764 2532 2216 2587 resurrectionem

616 2634 770 2681 suam
797 2637 904 2678 non
927 2622 1216 2679 credentes
1243 2623 1507 2695 quosdam
1540 2623 1838 2695 discipulos
1862 2623 2137 2695 arguebat,
2162 2633 2221 2678 et

616 2712 1012 2778 haesitationem
1046 2718 1412 2773 cunctantium
1456 2713 1790 2784 confutabat,
1815 2733 1939 2773 cum
1965 2717 2169 2775 diceret
2199 2735 2213 2772 :

616 2807 842 2880 Palpate
867 2820 913 2864 et
941 2810 1126 2876 uidete,
1156 2812 1276 2878 quia
1297 2810 1509 2881 spiritus
1530 2828 1747 2879 carnem
1774 2822 1821 2867 et
1844 2826 1963 2867 ossa
1983 2827 2086 2866 non
2123 2811 2218 2866 ba-

616 2902 715 2968 bet,
773 2906 907 2959 sicut
959 2921 1039 2960 me
1088 2905 1272 2960 uidetis
1320 2906 1504 2960 habere
1556 2904 1761 2980 (Joan.,
1818 2920 1933 2969 xta;
1995 2905 2213 2971 lauta,

615 2997 834 3071 xxvut);
866 3007 922 3055 et
962 3001 1211 3070 apostolo
1237 3000 1462 3056 'l‘homte
1497 3017 1510 3054 :
1561 2998 1712 3072 Inter
1758 3014 1966 3055 omnum
1997 3010 2134 3053 tuam
2161 3000 2217 3053 in

616 3094 751 3148 latus
791 3110 979 3158 mettm,
1016 3104 1064 3148 et
1102 3096 1218 3150 vide
1244 3111 1429 3149 manus
1457 3110 1592 3149 meas
1623 3104 1668 3148 et
1696 3095 1880 3165 pedes,
1910 3103 1958 3148 et
1978 3094 2086 3147 noli
2108 3108 2217 3148 esse

615 3184 957 3250 incredulus,
1010 3188 1099 3242 sed
1144 3187 1311 3256 ﬁdelis
1375 3188 1558 3262 (l.uc.,
1620 3202 1778 3254 :mv;
1831 3186 2034 3253 duom,
2088 3184 2213 3259 xx);

2324 1962 2584 2019 Dominus
2602 1964 2903 2034 maiestatis
2920 1965 3119 2023 dieitur
3142 1966 3455 2034 cruciﬁxus,
3476 1968 3547 2022 ita
3564 1970 3655 2039 qui
3677 1984 3743 2023 ex
3769 1985 3920 2025 sem-

2323 2055 2635 2126 piteraitate
2679 2057 2906 2128 aequalis
2926 2070 3018 2121 est
3064 2059 3194 2125 Deo,
3236 2060 3433 2115 dicitur
3455 2061 3726 2116 excitatus
3756 2079 3769 2116 :
3794 2063 3922 2132 quia

2322 2149 2758 2219 inseparabiliter
2787 2162 3041 2207 manente
3073 2152 3276 2208 unitate
3309 2168 3574 2223 personae,
3596 2171 3733 2209 unus
3757 2163 3926 2225 omne

2322 2240 2464 2297 idem
2477 2252 2622 2298 estet
2644 2250 2788 2298 totus
2801 2242 3034 2300 heminis
3052 2244 3219 2300 Filius
3233 2254 3452 2317 propter
3462 2261 3681 2305 carnem
3698 2257 3751 2304 et
3776 2257 3924 2304 totus

2324 2333 2416 2390 Dei
2444 2334 2614 2390 Filius
2641 2346 2864 2407 propter
2893 2353 3054 2393 unam
3082 2353 3204 2407 cum
3233 2338 3395 2394 Patre
3441 2339 3721 2395 deitatem.
3752 2341 3923 2409 Quid-

2321 2431 2447 2498 quid
2474 2446 2606 2503 ergo
2645 2434 2697 2487 in
2751 2444 2995 2504 tempore
3022 2433 3231 2503 accepit
3285 2433 3567 2500 Christus,
3616 2435 3923 2495 secundum

2322 2523 2596 2580 hominem
2624 2528 2834 2596 accepit
2855 2568 2872 2592 ,
2905 2528 2990 2582 cui
3010 2571 3026 2593 ,
3058 2543 3182 2598 quae
3223 2542 3331 2587 non
3360 2528 3576 2593 habuit,
3606 2527 3926 2585 conferrent

2323 2628 2429 2674 tur.
2484 2617 2617 2691 Nam
2667 2619 2968 2676 secundum
3010 2621 3304 2690 potentiam
3361 2621 3678 2688 divinitatis,
3710 2622 3926 2681 inditis-

2320 2722 2506 2768 renter
2558 2714 2761 2780 omnia,
2806 2731 2927 2787 quae
2980 2716 3165 2799 habet
3196 2716 3377 2795 Pater,
3423 2717 3586 2771 etiam
3643 2716 3805 2773 habet
3832 2717 3928 2773 Fi-

2320 2806 2424 2860 lius
2478 2805 2714 2876 (Joan.,
2746 2808 2802 2880 ν)
2859 2828 2875 2865 :
2923 2819 2981 2865 et
3017 2825 3140 2879 qua:
3179 2812 3231 2864 in
3274 2808 3447 2865 forma
3475 2810 3617 2865 servi
3669 2825 3698 2862 ιι
3755 2809 3927 2873 Patre

2319 2902 2550 2971 accepit,
2583 2904 2773 2959 eadem
2805 2906 2857 2958 in
2887 2903 3059 2958 forma
3088 2905 3182 2959 Dei
3211 2905 3375 2960 etiam
3404 2905 3521 2974 ipse
3547 2904 3785 2959 donavit.
3813 2903 3921 2960 Se-

2319 2995 2556 3051 cundum
2591 2997 2682 3053 Dei
2723 3000 2866 3053 enim
2914 2999 3174 3064 formam,
3207 3001 3316 3070 ipse
3340 3008 3391 3054 et
3417 2996 3578 3053 Pater
3605 3014 3767 3057 unum
3800 3010 3927 3054 sunt

2321 3087 2544 3160 (leam.
2600 3089 2718 3162 x);
2772 3092 3068 3149 secundum
3127 3090 3353 3146 formam
3400 3100 3579 3145 autem
3619 3092 3783 3155 servi,
3815 3106 3927 3146 non

2321 3184 2457 3238 venit
2485 3189 2657 3255 facere
2683 3179 2999 3240 uoluntatem
3042 3202 3214 3251 suam,
3247 3186 3336 3240 sed
3363 3188 3673 3240 roluntutsm
3700 3185 3815 3255 eius
3834 3188 3927 3256 qui

616 3293 721 3349 qua
746 3280 928 3350 utique
950 3280 1384 3335 manifestntione
1403 3281 1646 3351 corporis
1668 3279 1775 3343 sui,
1799 3280 1909 3349 jam
1935 3280 2216 3334 haeretico-
2240 3262 2289 3329 Ω
2323 3278 2460 3332 misit
2505 3295 2621 3332 eum
2666 3278 2864 3351 (Joan.
2890 3321 2905 3345 ,
2934 3294 3019 3346 tv,
3065 3296 3124 3347 ν,
3152 3294 3208 3335 vn
3240 3279 3281 3353 ).
3332 3278 3640 3337 Secundum
3693 3279 3926 3334 formam

618 3389 737 3429 rum
796 3373 1072 3430 mendacia
1130 3375 1480 3441 destruebat,
1550 3383 1607 3431 ut
1674 3375 1931 3430 universa
1974 3373 2214 3429 Ecclesia
2320 3370 2440 3437 Dei,
2472 3371 2607 3426 sicut
2636 3371 2800 3427 Pater
2843 3373 2993 3428 habet
3016 3374 3172 3428 uitam
3202 3375 3256 3428 in
3282 3375 3578 3444 semetipso,
3609 3374 3689 3427 sic
3712 3374 3856 3427 dedit
3877 3382 3927 3427 et

618 3467 816 3524 Christi
847 3469 1148 3525 innovanda
1182 3478 1209 3507 ι
1236 3469 1500 3525 doctrinis
1520 3510 1535 3536 ,
1567 3469 1670 3524 hoc
1690 3467 1789 3525 sibi
1818 3484 1924 3523 non
1948 3468 2218 3522 dubitaret
2320 3463 2462 3519 Filio
2489 3466 2643 3518 vitam
2671 3466 2859 3521 habere
2886 3469 2938 3521 in
2964 3468 3231 3537 ssnzetipss
3258 3466 3460 3539 ωορκ..
3497 3466 3590 3538 v):
3621 3465 3924 3523 secundum

617 3561 967 3626 credendum,
992 3563 1134 3632 quod
1158 3564 1384 3633 apostoli
1411 3570 1763 3632 susceperant
1788 3559 2211 3631 praedicandum.

690 3658 758 3713 ν.
786 3659 857 3713 At
883 3659 928 3713 si
958 3658 1013 3713 in
1059 3666 1205 3713 tanta
1248 3658 1371 3714 luce
1408 3658 1649 3713 veritatis
1678 3655 1931 3712 tenebras
1952 3669 2080 3711 suas
2104 3654 2216 3708 lite~

618 3753 787 3807 retica
835 3751 1122 3807 obduratio
1149 3766 1254 3806 non
1284 3751 1561 3822 relinquit,
1596 3749 1885 3806 ostendant
1946 3748 2089 3807 unde
2114 3747 2216 3803 sibi

619 3862 770 3919 spem
815 3848 939 3903 vitae
980 3846 1338 3918 polliceantur
1377 3856 1617 3911 aeternas,
1669 3844 1736 3900 ad
1781 3859 1943 3915 quam
1988 3843 2088 3898 nisi
2124 3856 2219 3912 per

621 3940 951 3996 mediatorem
972 3940 1064 3995 Dei
1091 3949 1140 3995 et
1167 3938 1493 4011 laciniatim“
1518 3938 1680 4005 Tim.,
1714 3936 1811 4008 tv),
1832 3937 2103 3992 hominem
2126 3934 2218 3991 Je-

621 4048 741 4089 snm
769 4033 1068 4102 Christum,
1101 4049 1208 4089 non
1240 4042 1418 4102 potest
1449 4032 1740 4103 perveniri.
1769 4034 1920 4090 Sicut
1959 4033 2103 4087 enim
2144 4032 2221 4087 ait

624 4131 815 4187 beatus
837 4130 1033 4186 Petrus
1059 4130 1337 4200 apostolus
1373 4145 1388 4183 :
1417 4126 1540 4184 Non
1559 4136 1634 4183 est
1663 4128 1809 4182 aliud
1837 4142 2020 4182 nomen
2040 4127 2220 4181 datum

623 4221 912 4278 hominibus
956 4222 1049 4277 sub
1077 4222 1224 4290 calo,
1255 4224 1309 4276 in
1350 4237 1451 4291 quo
1498 4229 1730 4291 oporteat
1760 4235 1852 4274 nos
1894 4218 2064 4274 salvos
2104 4218 2221 4285 ﬁeri

628 4318 788 4389 (Aea,
819 4319 896 4389 tv)
927 4333 942 4381 ;
995 4332 1093 4373 nec
1120 4328 1204 4373 est
1232 4316 1537 4386 redemptio
1578 4314 1901 4383 captivitatis
1947 4312 2218 4379 humanm,

624 4413 727 4468 nisi
750 4413 804 4467 in
828 4412 1089 4482 sanguine
1115 4411 1249 4482 ejus,
1269 4412 1358 4481 qui
1386 4410 1528 4465 dedit
1555 4411 1885 4478 semetipsum
1909 4407 2218 4475 redemptio-

624 4520 739 4560 nam
778 4522 871 4577 pro
913 4504 1166 4565 omnibus.
1206 4512 1262 4558 et
1287 4504 1397 4573 qui,
1452 4503 1592 4559 sicut
1628 4502 1886 4571 praedicat
1924 4499 2218 4571 Apostolus

2319 3556 2548 3613 {ornum
2577 3561 2752 3623 servi,
2781 3558 2969 3621 Tristis
2994 3571 3071 3615 est
3094 3563 3267 3615 animo
3293 3561 3405 3625 eius
3430 3575 3587 3630 usque
3612 3560 3681 3613 ad
3711 3571 3928 3613 mortem

2322 3648 2565 3723 (Matllt.,
2587 3652 2757 3723 xxvi).
2790 3653 2856 3708 Et
2877 3653 3019 3708 idem
3050 3654 3167 3724 ipse
3182 3663 3283 3721 est,
3313 3653 3763 3722 sicutApostolus
3780 3662 3926 3722 pste-

2322 3744 2484 3812 dicat,
2508 3755 2555 3799 et
2584 3748 2721 3803 dives
2734 3757 2782 3802 et
2804 3764 3003 3818 pauper
3021 3748 3083 3818 (ll
3099 3748 3245 3813 Con,
3264 3746 3403 3818 vni).
3422 3746 3595 3813 Diues,
3618 3747 3738 3817 quia
3758 3762 3931 3801 evan-

2320 3836 2508 3907 gelista
2537 3838 2754 3894 dicente
2786 3856 2800 3892 :
2833 3838 2898 3894 In
2924 3840 3176 3910 principio
3200 3850 3308 3895 erat
3360 3837 3595 3905 Verbum,
3617 3848 3663 3893 st
3700 3835 3930 3894 Verbum

2322 3941 2429 3987 erat
2442 3932 2582 4002 apud
2609 3930 2797 3998 Deum,
2826 3943 2874 3987 et
2893 3930 3033 3988 Deus
3053 3943 3162 3989 erat
3192 3931 3555 3987 Verbum:hoc
3579 3931 3755 3991 eratin
3779 3934 3932 4001 prin-

2322 4028 2458 4099 cipio
2480 4027 2621 4099 apud
2652 4027 2836 4084 Deum.
2869 4028 3057 4084 Omnia
3082 4044 3172 4100 per
3199 4030 3369 4098 ipsum
3390 4027 3532 4098 facta
3557 4036 3674 4083 sunt
3695 4066 3712 4094 ,
3745 4036 3790 4081 et
3817 4026 3934 4081 sine

2322 4125 2435 4195 ipso
2464 4123 2659 4193 factum
2686 4124 2923 4179 estnihil
2961 4121 3169 4193 (10am,
3217 4123 3281 4193 t).
3334 4120 3546 4193 Pauper
3594 4135 3744 4185 vero,
3796 4120 3929 4188 quia

2323 4229 2546 4289 propter
2572 4231 2670 4272 nos
2708 4215 2927 4272 Verbum
2965 4233 3085 4270 caro
3132 4220 3331 4287 factum
3360 4224 3455 4282 est,
3501 4223 3552 4269 et
3598 4213 3844 4268 habitavit
3872 4214 3932 4267 in

2324 4311 2469 4366 nobis
2486 4308 2755 4383 (Ibidem).
2772 4310 2904 4377 Quae
2925 4319 3110 4366 autem
3140 4318 3223 4363 est
3250 4309 3547 4365 esinanitio
3570 4308 3710 4379 ejus,
3736 4321 3931 4377 quasve

2326 4417 2637 4477 paupertas.
2672 4406 2773 4461 nisi
2815 4405 3001 4461 formae
3054 4404 3274 4461 servilis
3307 4404 3574 4474 acceptio,
3610 4418 3707 4474 per
3735 4417 3927 4474 quam,

2328 4486 2491 4557 Verbi
2515 4501 2798 4572 majestate
2827 4500 3025 4564 velata.
3047 4499 3382 4570 dispensatio
3401 4498 3651 4554 humanm
3671 4498 3933 4569 redemp-

625 4599 670 4671 (Ι
690 4596 850 4665 Tim.,
876 4614 911 4653 ιι
939 4614 954 4659 :
987 4597 1155 4665 Phil.,
1180 4600 1279 4663 tt),
1326 4613 1444 4651 cum
1484 4597 1538 4650 iu
1574 4600 1742 4666 farina
1796 4594 1892 4650 Dei
1935 4604 2089 4659 esset,
2120 4610 2223 4648 non
2246 4664 2289 4671 _
2327 4597 2491 4653 tionis
2532 4597 2750 4667 impleta
2783 4596 2911 4652 est?
2937 4595 3072 4652 Nam
3104 4597 3228 4667 quia
3255 4595 3579 4666 captivitatis
3607 4604 3811 4650 nostra:
3839 4609 3933 4651 re-

624 4664 863 4762 rapinom
887 4664 1167 4746 arbitratus
1194 4699 1268 4745 est
1294 4706 1402 4745 esse
1422 4706 1477 4744 se
1500 4664 1749 4761 atqualem
1776 4686 1907 4751 Deo,
1927 4688 2017 4741 sed
2038 4696 2223 4741 semct—
2245 4664 2302 4727 D
2325 4691 2465 4745 solvi
2495 4664 2780 4761 originalis
2829 4688 3045 4745 vincula
3077 4664 3186 4745 non
3232 4664 3502 4760 poterant,
3531 4687 3637 4743 nisi
3664 4688 3932 4744 existeret

624 4786 795 4853 ipsum
824 4786 1123 4853 exinanioit,
1164 4788 1384 4856 formam
1414 4782 1545 4837 serui
1593 4782 1871 4850 accipiens,
1898 4781 1954 4833 in
1980 4780 2223 4834 similitu-

626 4881 795 4934 dinem
833 4881 1020 4951 fuctus,
1049 4891 1097 4934 et
1128 4879 1305 4933 habitu
1347 4878 1583 4933 inventus
1632 4886 1687 4930 ut
1730 4876 1903 4940 homo,
1934 4874 2224 4930 ltumiliavit

625 4973 974 5042 semetipsum,
1000 4975 1167 5045 factus
1211 4973 1446 5027 obediens
1497 4970 1648 5025 Patri
1677 4987 1835 5042 usque
1887 4972 1956 5026 ad
1982 4981 2218 5035 mortem,

626 5075 840 5120 mortem
874 5076 1045 5120 autem
1085 5066 1250 5122 crucis
1271 5084 1290 5122 :
1313 5078 1524 5139 propter
1552 5066 1689 5136 quod
1734 5076 1780 5121 et
1817 5064 1955 5122 Deus
1982 5065 2224 5123 exultavit

625 5163 776 5217 illum
800 5171 850 5215 et
875 5161 1079 5215 donavit
1121 5161 1201 5216 illi
1240 5178 1444 5225 nomen.
1490 5163 1624 5233 quod
1653 5172 1725 5216 est
1754 5178 1907 5230 super
1940 5177 2088 5214 omne
2121 5177 2219 5215 no—

626 5272 763 5322 men,
792 5262 849 5310 ut
865 5256 918 5309 in
939 5255 1144 5309 nomine
1162 5253 1293 5308 Jesu
1317 5271 1465 5309 omne
1484 5272 1617 5325 genu
1639 5256 1896 5326 ﬂectatur,
1916 5255 2219 5322 caelestium,

629 5352 965 5415 terrestrium,
1006 5356 1055 5402 et
1083 5349 1434 5416 infernarum,
1462 5357 1510 5401 et
1556 5350 1721 5403 omnis
1765 5350 1944 5422 lingua
1974 5350 2220 5419 conﬁtea-

626 5450 711 5494 tur
736 5442 856 5507 quia
874 5440 1123 5497 Dominus
1142 5439 1176 5494 ,Ι
1182 5456 1270 5495 esu
1297 5437 1529 5496 Christus
1542 5444 1595 5495 in
1611 5443 1777 5512 gloria
1801 5453 1873 5499 est
1900 5444 1996 5521 Dei
2022 5443 2218 5501 Patris.

625 5530 759 5589 Cum
790 5548 918 5604 ergo
944 5551 1082 5591 unus
1108 5536 1178 5590 sit
1227 5535 1486 5590 Dominus
1512 5534 1671 5591 Jesus
1696 5535 1967 5605 Christus,
1996 5548 2052 5594 et
2080 5555 2223 5596 verte

625 5626 863 5694 deitatis,
915 5642 1166 5700 veraeque
1222 5628 1568 5685 humanitatis
1615 5630 1667 5687 in
1705 5630 1824 5699 ipso
1856 5647 1965 5688 una
1998 5651 2220 5703 prorsus

2325 4787 2489 4842 homo
2519 4787 2692 4842 nostri
2731 4786 2951 4857 generis
2995 4792 3304 4854 nostraeque
3331 4792 3556 4847 naturae,
3589 4797 3748 4853 quem
3797 4794 3934 4851 pee-

2325 4883 2429 4935 cati
2464 4879 2775 4950 pra-judicia
2807 4894 2914 4934 non
2945 4886 3213 4939 tenerent,
3240 4887 3293 4932 et
3318 4877 3409 4948 qui
3432 4875 3776 4931 immaculato
3792 4889 3929 4929 san-

2325 4974 2487 5046 guine
2541 4988 2641 5028 suo
2669 4971 3088 5044 chirographum
3140 4971 3339 5028 lethale
3384 4970 3638 5037 dilueret,
3685 4971 3825 5024 sicut
3854 4967 3932 5023 ab

2327 5069 2481 5125 initio
2510 5078 2627 5123 erat
2650 5067 2909 5124 divinitus
2938 5065 3380 5138 prmordinatum,
3406 5065 3476 5119 ita
3497 5074 3581 5120 est
3609 5064 3662 5119 in
3690 5063 3931 5134 plenitue

2326 5163 2452 5219 dine
2480 5159 2740 5232 temporis
2762 5162 3082 5230 perlectum,
3113 5170 3175 5214 ut
3201 5158 3384 5214 multis
3415 5158 3590 5212 modis
3620 5156 3925 5229 significata

2327 5255 2613 5327 promissio
2663 5254 2715 5310 in
2745 5254 2837 5311 diu
2881 5262 3222 5326 expectatum
3271 5252 3480 5308 veniret
3505 5248 3931 5308 clfectumznec

2327 5361 2513 5423 posset
2536 5362 2658 5406 esse
2685 5348 3016 5418 ambiguum,
3044 5346 3189 5417 quod
3228 5346 3492 5403 continuit
3533 5344 3929 5401 testiﬁcationi-

2325 5452 2425 5506 bus
2458 5462 2675 5519 semper
2721 5444 2898 5502 fuerat
2947 5444 3273 5500 nuntiatum.
3304 5442 3362 5498 lu
3407 5459 3602 5515 magno
3626 5453 3809 5498 autem
3833 5454 3926 5497 sa-

2326 5542 2552 5614 crilegio
2576 5556 2636 5596 se
2662 5539 2867 5596 versari
2898 5536 3279 5594 haereticorum
3307 5535 3622 5593 manifestat
3652 5536 3924 5607 impietas,

2327 5652 2450 5693 cum
2507 5634 2608 5689 sub
2660 5632 2842 5704 specie
2889 5628 3190 5686 divinitatis
3240 5627 3623 5685 honorandaeb
3674 5628 3928 5685 humana:

1869 5767 2252 5834 LECTIONES
2287 5769 2700 5837 VARIANTES.

626 5954 627 5957 η
692 5887 719 5917 ⁸
756 5885 1027 5936 Imbuenda
1052 5884 1195 5937 Labb.

2324 5896 2339 5955 ι
2389 5887 2583 5955 1tilium
2605 5888 2828 5950 speciem
2849 5885 3050 5938 deitatis
3070 5885 3353 5938 honorando
3376 5881 3520 5936 Labb.
