4196 6246
247 343 363 410 189

1175 341 1264 399 ΒΕ
1292 337 1756 403 .CMIDDIANO
1792 334 2068 402 GAZJ‘EO,
2108 333 2387 402 OﬂlGlNE
2428 334 2631 393 ΑΕΗΘ.

3454 333 3556 392 190

239 470 432 528 carnis
464 470 523 525 in
575 466 798 525 Christo
846 461 1447 533 denegamuu’stueu
1471 478 1485 515 :
1510 456 1852 531 «religiose
1876 458 1926 518 A
1956 456 2042 521 lis,
2070 455 2502 527 praedicatum“:
2528 453 2782 525 gentibus,
2816 449 3067 513 creditum
3111 460 3187 529 est
3234 451 3291 508 in
3337 454 3554 524 munda,

237 565 567 623 existimant
582 560 751 628 cretii,
772 559 825 616 si
840 557 1051 615 dicatur
1064 557 1123 611 in
1144 555 1437 617 ωωοτα
1452 563 1640 609 metro
1661 566 1848 608 verum

236 676 356 717 non
383 672 528 724 esse,
569 654 714 727 quod
739 653 958 718 salvat;
990 666 1116 706 cum
1150 651 1223 705 ita
1250 646 1576 719 tutandum
1610 646 1845 717 prornis-

236 758 458 813 sionem
505 749 691 806 omnia
745 747 940 802 sarcula
986 746 1411 815 praecurrentia)
1434 751 1484 809 ι,
1516 740 1741 801 mundus
1782 742 1851 794 sit

238 851 364 905 Deo
390 846 753 903 reconciliatus
789 844 843 896 in
883 841 1083 896 Christo
1108 838 1155 911 (l
1180 837 1326 902 ϐοτη
1359 836 1437 909 v),
1472 847 1530 892 ut
1576 836 1681 892 nisi
1708 833 1849 891 Ver-

233 944 372 1000 bum
399 943 717 1015 dignaretur
741 952 872 993 caro
901 935 1041 997 ﬁeri.
1071 934 1217 993 nulla
1258 933 1431 1004 possit
1470 947 1599 988 caro
1626 930 1844 986 salvari.

234 1042 420 1099 Omne
470 1040 616 1095 enim
664 1041 1062 1091 sacramentum
1110 1032 1423 1088 christiana
1471 1031 1614 1096 ﬁdei,
1648 1044 1847 1099 magno

232 1135 327 1208 (ut
353 1132 597 1189 lmrctici
626 1129 838 1199 volunt)
879 1127 1221 1185 decoloratur
1244 1126 1498 1191 obscuro,
1523 1126 1566 1179 si
1595 1124 1688 1179 lux
1713 1124 1848 1180 verb

236 1230 371 1285 tatis
397 1227 498 1284 sub
518 1224 803 1281 mendacio
824 1221 1283 1292 putaturlatnissa
1300 1218 1712 1290 pbantasmatis.
1726 1217 1844 1273 Non

233 1335 371 1391 ergo
395 1320 684 1389 quisquam
711 1316 808 1370 sibi
836 1313 1266 1373 erubescendum
1280 1312 1558 1369 existimet
1579 1310 1846 1365 Christia-

233 1430 345 1471 nus
370 1413 440 1469 de
455 1412 631 1468 nostri
656 1412 713 1465 in
724 1408 943 1465 Christo
962 1410 1209 1478 corporis
1235 1408 1479 1474 veritate,
1510 1406 1635 1477 quia
1653 1420 1843 1461 omnes

232 1506 498 1577 apostoli,
531 1498 1008 1574 apostolorumque
1038 1500 1289 1570 discipuli
1318 1510 1371 1555 et
1395 1496 1640 1569 praeclari
1661 1497 1841 1553 eccleo

233 1601 442 1654 siarum
487 1598 688 1667 quique
713 1595 992 1660 doctores,
1014 1594 1107 1664 qui
1159 1593 1225 1648 ad
1278 1592 1523 1663 martyrii
1555 1604 1835 1656 coronam,

229 1690 323 1745 vel
347 1689 416 1744 ad
443 1686 811 1745 confessionis
840 1691 1158 1741 meruerunt
1194 1684 1420 1755 gloriam
1452 1684 1756 1753 pervenire,
1786 1683 1839 1737 in

1951 562 2272 623 assumptum
2301 560 2372 607 ut
2407 552 2461 605 in
2492 551 2659 623 gloria
2691 548 2791 623 (l).
3532 621 3547 636 Ἰ

2029 645 2117 702 Ἣ.
2149 647 2226 703 De
2253 648 2567 718 episcopum
2612 661 2764 711 vero,
2797 653 2851 700 et
2894 642 3559 715 presbyterorumdiaco-u

1960 754 2281 811 noruntque,
2312 748 2367 794 et
2390 738 2729 809 sequentium
2747 736 3071 807 clericorum
3096 735 3552 804 ordinationibus,

1963 840 2182 889 sanctos
2210 830 2486 904 apostolos
2514 841 2569 886 et
2591 844 2939 887 successores
2959 844 3169 894 eorum,
3201 837 3257 885 et
3280 830 3558 900 praecipue

1949 923 2267 980 Anacletum
2299 924 2573 995 (Epistolis
2601 925 2655 981 2.
2697 923 2911 980 Nullius
2961 923 3248 993 ﬁdeiapttd
3299 922 3546 999 doctos),

1949 1025 2004 1071 et
2047 1027 2311 1086 praeterea
2362 1017 2523 1083 alios,
2574 1015 2908 1073 sufﬁcienter
2960 1016 3214 1072 statuisse
3266 1016 3554 1088 cognosci-

1949 1123 2069 1169 mus
2115 1127 2129 1165 τ
2174 1118 2231 1167 et
2284 1110 2486 1167 idcirco
2536 1126 2644 1167 noti
2689 1118 2776 1167 est
2858 1123 3084 1167 necesse
3186 1126 3331 1167 nunc
3382 1112 3584 1181 repit—.-

1947 1202 2059 1257 cari
2091 1199 2141 1266 lt,
2179 1202 2283 1261 nisi
2333 1201 2476 1271 quod
2528 1202 2605 1257 illi
2662 1218 2770 1259 non
2802 1212 3133 1275 statuerunt.
3176 1201 3313 1261 Illud
3371 1214 3553 1261 tamen

1946 1306 2047 1359 nos
2074 1303 2380 1355 statuentes
2407 1294 2487 1366 (‘3)
2518 1294 2671 1351 vobis
2702 1303 2763 1350 et
2779 1295 3031 1355 erunibus
3054 1309 3276 1355 servare
3328 1297 3553 1353 manda-

1946 1400 2092 1451 mus.
2123 1397 2182 1447 ut
2228 1387 2295 1445 ad
2349 1386 2569 1445 ordines
2597 1386 3004 1461 ecclesiasticos
3044 1388 3124 1444 sic
3170 1389 3467 1447 ascendant
3494 1392 3551 1446 in

1946 1479 2187 1539 Ecclesia
2215 1498 2234 1544 ς
2260 1480 2355 1550 qui
2379 1480 2619 1539 ordinari
2653 1489 2950 1544 merentur,
2984 1479 3036 1547 id
3087 1489 3191 1547 est,
3222 1484 3266 1537 si
3289 1483 3408 1552 quis
3431 1484 3550 1551 epi-

1945 1572 2247 1651 scopusw)
2274 1588 2395 1631 esse
2438 1583 2696 1638 tueretur,
2731 1575 2799 1631 sit
2843 1575 3019 1643 primo
3072 1575 3553 1643 ostiarnspdeinde

1944 1668 2138 1734 lector,
2194 1680 2381 1739 postea
2435 1668 2729 1732 exorcista,
2779 1668 2903 1724 inde
2954 1678 3202 1725 sacratur
3239 1669 3547 1741 acolythus,

229 1784 404 1855 huius
440 1782 571 1837 ﬁdei
614 1782 819 1836 lumine
862 1779 1253 1851 splenduerunt
1281 1821 1297 1843 ,
1356 1775 1614 1834 consonis
1643 1776 1829 1848 ubique

1942 1760 2159 1821 demum
2187 1776 2320 1821 vero
2355 1761 2745 1828 subdiaconus,
2767 1760 2964 1821 deinde
2986 1762 3271 1829 diaconus,
3288 1772 3340 1821 et
3363 1773 3551 1833 postea

227 1853 522 1933 sententiis
560 1876 895 1941 intonantes,
923 1873 1068 1946 quod
1112 1875 1167 1929 in
1211 1874 1439 1929 Domino
1464 1873 1591 1929 Jesu
1615 1871 1837 1931 Christo
1868 1862 1915 1924 Β
1941 1853 2252 1926 presbyter.
2283 1863 2339 1909 ει
2367 1853 2586 1921 exinde.
2620 1853 2667 1909 si
2716 1865 2979 1921 meretur.
3010 1856 3300 1925 episcopus
3330 1858 3553 1914 ordine

226 1969 456 2025 deitatis
483 1977 536 2023 ct
556 1968 735 2023 carnis
757 1982 863 2023 una
894 1966 1293 2025 sitconﬂtenda
1319 1982 1568 2037 persona.
1600 1968 1714 2035 Qua
1743 1982 1829 2021 an.

1941 1957 2044 2003 tur.
2095 1949 2162 2009 Et
2208 1949 2479 2019 regiones,
2533 1949 2676 2011 sicut
2719 1948 2773 2007 in
2825 1947 2926 2013 hac
2976 1947 3109 2011 urbe
3155 1949 3407 2018 fecimus,
3450 1967 3550 2025 per

230 2070 352 2118 tem
383 2062 606 2117 rationis
626 2061 999 2127 similitudine,
1035 2076 1140 2133 qua
1168 2060 1475 2117 divinorum
1505 2062 1835 2116 voluminum

229 2156 495 2226 portione
542 2152 787 2211 bteretica
833 2156 1083 2226 impietas
1152 2172 1213 2211 se
1251 2157 1521 2211 existimat
1568 2156 1834 2226 adjuvari,

233 2265 361 2321 qua:
387 2249 668 2305 veritatem
697 2261 857 2321 negat
887 2251 1134 2320 corporis
1161 2248 1385 2313 Christi,
1418 2262 1540 2304 cum
1567 2249 1703 2303 hanc
1729 2263 1834 2303 non

227 2342 322 2399 lex
352 2342 634 2398 testiﬁcari
660 2386 675 2407 ,
722 2358 829 2398 non
862 2343 1125 2414 propheta
1155 2342 1471 2414 pra-cluere,
1520 2356 1625 2396 non
1661 2342 1835 2397 Evan-

229 2437 369 2510 gelia
396 2437 617 2501 docere,
649 2452 756 2493 non
790 2437 904 2508 ipse
930 2437 1195 2493 destiterit
1221 2436 1470 2492 Christus
1498 2437 1834 2492 ostendere?

229 2531 493 2599 Quaerant
517 2546 617 2601 per
636 2544 853 2587 omnem
873 2531 1068 2587 seriem
1095 2530 1520 2601 Scripturarum,
1548 2543 1659 2599 quo
1685 2539 1834 2584 tene-

229 2624 367 2680 bras
388 2604 536 2690 suas,
562 2624 784 2695 fugiant,
808 2638 917 2679 non
944 2639 1053 2695 quo
1073 2639 1261 2681 verum
1293 2624 1472 2679 lumen
1498 2624 1829 2681 obscurent:

228 2727 289 2775 et
319 2734 418 2788 per
462 2721 643 2773 omnia
682 2720 881 2774 arcula
925 2719 996 2774 ita
1046 2720 1330 2776 veritatem
1374 2720 1650 2776 invenient
1675 2734 1833 2776 coru-

224 2818 497 2879 scantem,
525 2824 587 2869 ut
637 2830 890 2887 magnum
926 2815 1029 2871 hoc
1059 2827 1115 2871 et
1142 2817 1389 2873 mirabile
1430 2828 1828 2874 sacramentum

223 2908 298 2962 ab
325 2908 484 2962 initio
506 2907 725 2964 videant
748 2910 1040 2977 creditum,
1067 2911 1210 2982 quod
1241 2920 1325 2966 est
1353 2912 1406 2966 in
1437 2912 1555 2969 line
1591 2913 1830 2983 comple-

224 3013 363 3056 tum.
398 3001 474 3057 De
518 3018 625 3072 quo
673 3019 795 3058 cum
844 3016 1155 3061 sanctarum
1185 3005 1482 3062 litterarum
1512 3008 1654 3062 nulla
1704 3023 1829 3078 pars

218 3095 401 3160 sileat,
430 3094 635 3151 sufﬁcit
683 3096 928 3166 quaedam
978 3112 1217 3153 consona
1266 3100 1509 3153 veritatis
1537 3100 1687 3171 signa
1743 3117 1829 3171 po-

1946 2040 2186 2111 singulas
2224 2039 2415 2109 urbes,
2446 2055 2569 2112 quae
2624 2041 2901 2111 populosa:
2950 2040 3175 2108 fuerint,
3228 2042 3548 2102 diaconibus

1937 2131 2269 2197 dividantur.
2308 2133 2377 2195 Et
2404 2148 2761 2204 quaecumque
2789 2133 3044 2195 difﬁciles
3090 2136 3422 2206 quaestiones
3450 2151 3575 2207 per

1940 2225 2182 2297 singulas
2197 2227 2503 2297 provincias
2514 2236 2722 2287 exortus
2737 2226 2937 2289 iuerint
2955 2226 3005 2299 (l
3014 2230 3333 2295 runcandus,
3354 2247 3437 2300 ep.
3455 2230 3543 2304 tt),
3576 2224 3583 2279 ζ

1946 2332 2165 2389 semper
2195 2317 2263 2385 ad
2293 2318 2477 2383 sedem
2522 2318 2877 2389 apostolicam
2927 2320 3232 2379 referantur
3278 2319 3368 2390 (S.
3400 2322 3539 2392 Leo,

1938 2426 2022 2479 ep.
2053 2426 2279 2478 Lxxnv,
2308 2426 2359 2466 c.
2389 2412 2446 2477 7;
2480 2410 2696 2482 Yigt'litts
2724 2450 2741 2478 ,
2765 2428 2845 2483 ep.
2875 2411 2958 2483 ιι).
2993 2412 3139 2475 Bene
3166 2413 3308 2481 vale,
3348 2414 3539 2483 frater,

1941 2512 1995 2556 et
2037 2517 2128 2561 ora
2174 2519 2269 2573 pro
2299 2502 2473 2569 nobis.
2510 2504 2637 2571 Data
2670 2501 2918 2573 kalendis
2961 2506 3162 2571 tuartii,
3206 2505 3543 2569 Diocletiano

1936 2604 2092 2673 serto,
2137 2594 2221 2671 (4)
2270 2609 2321 2652 et
2378 2596 2699 2661 Constantio
2761 2598 3004 2657 secundo
3056 2600 3186 2663 viris
3227 2601 3540 2661 clarissimis

1935 2693 2267 2748 consulibus.

2010 2828 2240 2904 (tiliae
2266 2845 2436 2901 usque
2464 2829 2626 2886 verba
2654 2830 2711 2887 S.
2740 2828 2937 2888 Leonis
2957 2874 2972 2900 ,
3025 2848 3091 2888 ex
3133 2833 3327 2904 quibus
3358 2831 3538 2891 videas

1935 2901 2093 2957 aliter
2118 2903 2271 2958 olere
2290 2904 2519 2957 catulos.
3038 2940 3041 2947 ς

2006 2972 2087 3047 (2)
2120 2973 2262 3031 Illud
2294 2985 2461 3047 tamen
2508 2992 2616 3047 nos.
2649 2975 2801 3044 Quod
2834 2976 2923 3032 hic
2942 2985 2999 3033 et
3017 2992 3178 3045 supra
3200 2977 3254 3037 iu
3284 2978 3392 3039 vita
3422 2978 3537 3041 Caii

1934 3044 2002 3127 de
2015 3044 2238 3127 hierarc
2251 3047 2334 3127 hia
2350 3044 2714 3102 ecclesiastica
2730 3050 3041 3127 constituta,
3063 3044 3097 3103 a7
3115 3050 3246 3127 Gaio
3271 3050 3534 3127 pontilice

1936 3116 2179 3192 instituta
2233 3119 2502 3192 dicantur,
2536 3135 2871 3188 nequaquam
2904 3121 2982 3175 sic
3005 3116 3128 3175 sunt
3154 3116 3525 3192 intelligenda,
3568 3124 3571 3127 ’

214 3191 393 3245 suisse
416 3233 431 3255 ,
474 3190 672 3263 quibus
726 3190 1004 3262 diligentia
1052 3191 1172 3246 fidei
1230 3197 1280 3247 in
1335 3193 1826 3263 splendidissimum
1855 3181 1900 3243 C
1933 3190 2085 3258 quasi
2116 3191 2229 3258 ipse
2262 3191 2463 3258 primus
2491 3181 2802 3256 instituerit,
2822 3202 2879 3245 ut
2904 3194 2968 3245 ad
2988 3208 3254 3246 summum
3287 3181 3533 3249 oFdinem

215 3283 561 3339 latitudinem
612 3283 880 3354 dirigatur
909 3325 924 3350 ,
978 3294 1033 3340 et
1061 3285 1285 3340 sincerae
1316 3285 1682 3356 intelligentia:
1710 3288 1829 3344 luce

216 3379 558 3449 perspiciat,
592 3378 735 3448 quod
766 3381 819 3433 in
875 3378 1015 3434 Filio
1053 3378 1164 3445 Dei,
1200 3381 1298 3451 'qui
1330 3396 1389 3435 se
1436 3381 1830 3438 incessabiliter

216 3472 414 3527 Filium
440 3472 705 3537 hominis,
730 3484 784 3530 et
809 3474 1083 3529 hominem
1110 3474 1409 3546 prolltetur,
1435 3491 1541 3530 non
1574 3477 1644 3530 sit
1669 3475 1825 3533 Chri-

214 3565 411 3617 stianis
428 3564 875 3631 erubescendum,
896 3565 988 3621 sed
1004 3569 1444 3624 constantissime
1461 3569 1818 3639 gloriandum:

216 3656 500 3725 quoniam,
545 3659 683 3712 sicut
727 3659 804 3713 ait
852 3661 1040 3713 beatus
1080 3660 1370 3730 Apostolus
1424 3662 1469 3731 (ι
1497 3660 1654 3727 Tim.,
1689 3661 1769 3735 tu)
1802 3679 1815 3715 :

215 3748 478 3821 Magnam
501 3760 569 3804 est
591 3752 793 3822 pietatis
823 3764 1201 3807 sacramentum
1234 3795 1246 3819 ,
1275 3754 1411 3822 quod
1438 3752 1821 3823 manifestatum

209 3853 288 3897 est
314 3844 371 3896 in
392 3859 568 3911 carne,
591 3846 934 3915 justi/iculum
958 3856 1028 3900 est
1047 3847 1108 3900 in
1137 3845 1361 3916 Spiritu,
1389 3849 1629 3917 apparuit
1656 3862 1813 3919 ange-

1935 3276 2281 3337 ascctisttt‘us.
2314 3277 2407 3329 per
2451 3263 2763 3337 interiorum
2793 3263 3040 3325 ordinum
3070 3265 3269 3337 gradus
3295 3267 3529 3323 sublime

1939 3331 2226 3404 sacerdotii
2272 3335 2696 3387 conscenderet:
2735 3351 2854 3388 nam
2908 3331 3173 3404 ejusmodi
3204 3336 3527 3401 lticrarchizn

1935 3402 2204 3476 ordinem.
2234 3405 2565 3470 temporibus
2592 3402 2956 3476 apostolorum
3009 3409 3059 3460 in
3095 3405 3337 3462 Ecclesia
3370 3409 3532 3462 stabi-

1933 3473 2085 3530 litum
2119 3475 2306 3537 fuisse,
2324 3489 2483 3544 supra
2514 3473 2760 3546 pluribus
2789 3480 2919 3534 locis
2949 3489 3031 3533 cst
3051 3490 3385 3533 enarratum.
3411 3480 3529 3533 Caii

1928 3546 2089 3620 igitur
2106 3546 2381 3620 decretum
2412 3547 2546 3611 nihil
2578 3549 2722 3604 aliud
2750 3552 3096 3611 constituisse
3117 3551 3349 3616 videtur,
3368 3566 3567 3620 quamo

1925 3617 2068 3692 quod
2114 3619 2180 3672 ad
2230 3628 2446 3673 tronum
2506 3621 2869 3691 episcopalem
2911 3638 3072 3678 nemo
3101 3617 3526 3692 provclteretur,

1926 3689 2026 3743 nisi
2053 3692 2143 3759 qui
2174 3692 2227 3745 in
2258 3692 2484 3761 singulis
2531 3689 2875 3747 inl'eribrilms
2925 3689 3227 3756 ordinibus,
3258 3693 3445 3748 debito
3465 3710 3527 3749 ac

1923 3772 2186 3833 consueto
2232 3774 2479 3831 tempore
2531 3765 2913 3823 ministrassct.
2951 3765 3083 3822 Vide
3130 3766 3353 3833 Baron.,
3382 3781 3526 3820 anuo

1921 3831 2048 3893 296,
2075 3850 2300 3889 numero
2339 3834 2392 3887 Ξ.
2440 3835 2641 3890 Seven.
2686 3837 2889 3893 BINIUS.

1994 3904 2076 3973 (5)
2107 3898 2279 3958 Verba
2308 3902 2664 3961 Pontilicalis.

1990 3974 2066 4047 (4)
2097 3977 2200 4031 An.
2226 3975 2429 4033 Christi
2451 3976 2559 4034 896

1448 4077 1828 4142 LECTIONES
1866 4086 2287 4150 VABIANTES.

266 4190 298 4225 ⁸
328 4187 727 4240 Percurrentem
751 4189 898 4241 Labb.

602 4382 762 4465 DE
822 4380 1643 4483 COMMODIANO
1694 4393 2167 4500 GAZ/EO,
2206 4400 2715 4489 ORIGINE
2774 4406 2921 4495 AF
2927 4408 3124 4519 ΒΟ,

1996 4200 2028 4240 τ’
2060 4202 2160 4255 Nos
2182 4208 2424 4271 replicare
2447 4207 2543 4262 nisi
2569 4207 2712 4277 Lablt.

1144 4568 2580 4713 PROLEGOMENA.

819 4768 1112 4811 ARTICULUS
1151 4770 1190 4811 ι.

709 4882 843 4954 Ejus
877 4883 1010 4941 Vitas
1037 4885 1308 4960 Synopsis.

282 5020 367 5076 De
398 5021 755 5078 Cammodiano
790 5024 912 5096 quid
950 5032 1135 5081 ueteres
1174 5029 1525 5087 meminerint?
1544 5062 1615 5074 --
1640 5033 1803 5091 Com-

195 5115 446 5173 modiani
470 5119 663 5187 primus
686 5130 926 5175 veterum
951 5122 1193 5177 meminit
1213 5122 1557 5192 Gennadius,
1580 5128 1805 5202 ejusque

192 5212 566 5266 characterem
590 5213 719 5267 satis
740 5214 878 5266 bene
903 5212 985 5267 his
1002 5214 1178 5269 verbis
1197 5219 1463 5283 expressit
1481 5219 1556 5292 (1)
1574 5238 1586 5274 :
1613 5220 1804 5277 «Corn.
1840 5212 1845 5221 ’

188 5306 515 5370 modianus,
545 5309 735 5400 inquit,
768 5309 895 5366 dum
923 5311 1065 5366 inter
1092 5314 1382 5369 sarcularcs
1409 5315 1611 5375 litteras
1634 5320 1797 5375 etiam

184 5412 419 5457 nostras
446 5402 599 5475 legit,
626 5407 969 5464 occasionem
998 5411 1206 5479 accepit
1232 5410 1374 5466 iidei.
1400 5411 1594 5469 Factus
1620 5413 1799 5487 itaque

183 5495 552 5562 christianos,
581 5508 636 5553 et
658 5500 846 5555 volens
872 5500 1072 5572 aliquid
1101 5502 1402 5557 studiorum
1432 5520 1652 5561 suorum
1683 5524 1798 5564 mu-

182 5589 339 5643 neris
361 5587 555 5644 oll’crre
576 5589 813 5653 Christo,
833 5608 945 5646 sua:
968 5592 1157 5649 salutis
1183 5595 1420 5662 auctori,
1448 5599 1664 5672 scripsit
1690 5617 1801 5658 mc—

179 5679 365 5739 diocri
389 5696 682 5753 sermone,
713 5684 872 5756 quasi
897 5701 1058 5744 versu
1089 5687 1285 5745 librum
1312 5689 1600 5751 adversum
1631 5711 1796 5769 paga-

264 5835 365 5910 (i)
397 5836 675 5907 Gennad.,
703 5840 769 5899 de
799 5840 1052 5914 Scriptor.
1087 5843 1312 5915 Esaias,
1341 5862 1460 5920 cap.
1494 5849 1585 5907 l5.

1820 4764 1879 4826 D
1904 4778 2024 4821 nos.
2066 4766 2132 4822 Et
2158 4770 2281 4839 quia
2316 4786 2503 4840 parum
2537 4781 2845 4830 nostrarum
2881 4777 3133 4849 attigerat
3174 4779 3472 4836 litterarum
3495 4821 3511 4845 ,

1912 4859 2080 4929 magis
2107 4857 2320 4915 illorum
2346 4863 2626 4921 destruere
2653 4866 2823 4935 potuit
2844 4866 3089 4939 dogmata
3108 4912 3123 4936 ,
3149 4887 3306 4941 quatn
3331 4882 3511 4929 nostra

1908 4948 2148 5007 ﬁrmare.
2182 4950 2337 5009 Unde
2367 4963 2424 5009 et
2452 4955 2519 5010 de
2548 4956 2747 5011 divinis
2778 4960 3284 5029 rcpromissiouibns
3321 4964 3515 5019 adver-

1908 5056 2028 5099 sum
2070 5044 2195 5100 illos
2235 5047 2325 5100 vili
2367 5049 2500 5102 satis
2527 5059 2581 5103 et
2608 5063 2797 5105 crasso
2817 5093 2832 5119 ,
2864 5061 2922 5107 ut
2953 5055 3023 5108 ila
3054 5054 3280 5111 dixerim
3303 5098 3316 5120 ,
3348 5072 3512 5112 sensu

1907 5135 2196 5205 disseruit,
2220 5139 2324 5196 illis
2353 5149 2627 5213 stuporem
2657 5156 2710 5198 et.
2731 5145 2887 5201 nobis
2909 5147 3339 5223 desperationem
3360 5150 3512 5205 incu-

1907 5227 2063 5298 tiens,
2100 5228 2483 5287 Tertullianunn
2514 5247 2568 5305 et
2593 5234 2927 5295 Lactantium
2948 5281 2961 5307 ,
3005 5252 3057 5298 et
3080 5240 3296 5312 Papiam
3325 5252 3512 5300 aucto-

1904 5337 1993 5377 res
2023 5335 2240 5379 secutus
2263 5325 2363 5400 (1).
2390 5326 2646 5384 Moralem
2671 5345 2803 5385 sane
2829 5332 3165 5400 doctrinam,
3197 5345 3250 5389 et
3276 5336 3510 5393 maxime

1961 5432 2057 5558 ﬁt)
2091 5438 2166 5489 Ac
2194 5452 2325 5491 sane
2356 5436 2572 5511 Papiam
2615 5444 2882 5514 sequitur,
2930 5444 3162 5516 probans
3201 5444 3395 5520 dogma
3440 5451 3510 5507 de

1962 5523 1972 5557 l
2003 5507 2049 5558 '0
2075 5508 2232 5558 annis
2253 5524 2371 5558 can.
2406 5511 2594 5558 nliimn
2642 5513 3034 5558 Tprlnliinnnm
3064 5533 3190 5558 vom
3218 5522 3268 5558 in
3298 5522 3482 5558 ιηιιΙιία

1902 5507 2049 5558 mille
2072 5508 2232 5587 annis
2253 5524 2371 5587 cap.
2406 5507 2616 5587 ultimo.
2642 5507 3034 5572 Tertullianum
3064 5533 3190 5574 vero
3218 5507 3506 5587 in'tnttltis,

1903 5590 2031 5661 quae.
2046 5577 2389 5661 degentium
2419 5583 2521 5661 diis
2547 5583 2806 5661 disputat.
2843 5588 2918 5642 De
2948 5588 3227 5661 Lactantio
3256 5577 3509 5661 equidem

1905 5646 2093 5723 dubito
2122 5646 2336 5723 (inquit
2364 5646 2658 5723 perducto;
2690 5659 2950 5714 Allicrtus
2982 5657 3257 5716 Fabricius
3288 5646 3340 5716 iit
3370 5646 3510 5718 Bibl.

1904 5720 2039 5799 med.
2071 5720 2602 5799 etin/imrlatinqtis,
2630 5737 2763 5781 tom.
2794 5745 2840 5789 ι,
2872 5745 2997 5799 pag.
3028 5728 3160 5798 406,
3192 5732 3322 5788 edit.
3353 5732 3515 5787 Pata-

1902 5792 2068 5873 vinae,
2105 5794 2293 5866 1754),
2326 5798 2450 5873 licet
2480 5792 2765 5873 Gennadio
2793 5792 2894 5873 hac
2924 5792 2977 5858 in
3011 5792 3162 5870 parte
3190 5801 3518 5873 suﬂ'ragatus

1908 5865 2145 5937 primum
2183 5865 2270 5927 est
2306 5870 2476 5927 etiam
2516 5869 2785 5942 Rigaltius
2809 5871 2974 5946 (nam
3002 5865 3058 5930 in
3086 5873 3235 5932 curis
3261 5865 3525 5935 secundis
