4142 6262
634 416 732 476 191

1554 419 1644 480 ne
1680 417 2138 481 COMMODIANO
2173 392 2448 494 Gazae.
2488 421 2769 484 ORIGINE
2794 423 3001 483 anno.

3822 427 3924 487 192

627 513 944 616 voluntaria:
984 535 1312 609 paupertatis
1340 550 1580 593 amorem
1611 537 1812 608 optime
1858 550 2179 610 prosecutus
2200 583 2214 607 ,
2246 543 2292 602 Δ
2321 539 2630 598 christiana
2655 555 2884 612 expers,
2913 541 3145 601 ethnieat
3172 557 3301 601 vero
3328 544 3701 618 superstitioni
3741 547 3921 607 adhuc

631 625 972 684 studentibus
1016 627 1301 684 inculcavit
1335 647 1381 684 ι.
1427 628 1555 686 Haec
1598 629 1955 687 Gennadius:
2001 649 2070 691 ex
2111 650 2223 703 quo

627 719 853 790 paucula
897 718 1164 777 Honorius
1191 736 1407 793 quoque
1434 723 1939 795 Augustodunensis
1967 725 2071 799 (l).
2115 726 2222 784 Sed

628 819 754 882 post
783 812 1169 869 massiliensem
1201 816 1576 889 presbyterum
1605 817 1848 875 meminit
1875 820 2036 876 etiam
2059 821 2221 877 Com-

629 901 864 959 modiani
889 902 1139 962 Gelasius
1161 922 1420 966 romanus
1445 911 1686 981 pontifex
1702 953 1717 977 ,
1747 912 1891 969 illius
1918 928 2056 987 opus
2081 915 2224 973 inter

627 998 960 1071 aproerypha
987 1001 1041 1054 in
1069 1014 1170 1055 suo
1195 1001 1422 1059 decreto
1447 1019 1762 1062 recensens.

699 1089 892 1146 Auctor
915 1090 1157 1149 Gnaeum
1179 1111 1232 1150 se
1256 1095 1518 1166 nominat,
1541 1113 1632 1152 cur
1657 1113 1772 1153 vero
1786 1097 1813 1152 ?
1829 1125 1901 1139 --
1915 1097 2076 1172 Cujas
2095 1117 2224 1160 vero

626 1183 787 1243 fuerit
808 1185 897 1244 hic
923 1198 1129 1256 auctor,
1161 1190 1318 1262 plane
1347 1191 1772 1264 incompertum,
1815 1196 2116 1252 tacentibus
2153 1197 2224 1255 de

625 1278 796 1350 patria
826 1279 945 1350 ejus
973 1281 1211 1354 antiquis
1238 1283 1614 1355 scriptoribus.
1643 1284 1896 1342 Nonnulli
1923 1302 2047 1344 eum
2078 1288 2225 1347 Italis

624 1387 689 1428 ac
718 1371 974 1431 Romanis
998 1375 1294 1433 ascribunt.
1319 1377 1420 1446 Qui
1446 1392 1570 1434 eum
1593 1376 1779 1434 Afrum
1807 1378 1974 1436 fuisse
1999 1391 2222 1453 putant,

624 1466 989 1536 conjecturam
1015 1467 1277 1526 adhibent
1305 1484 1412 1526 non
1442 1470 1599 1543 plane
1623 1473 2097 1532 contemnendam.
2121 1473 2226 1530 Ga-

631 1573 794 1614 zteum
831 1559 1046 1631 quidem
1087 1576 1147 1618 se
1187 1563 1364 1634 ipsum
1407 1574 1564 1620 vocat
1605 1563 1683 1639 (2)
1712 1582 1726 1620 :
1756 1575 1935 1622 utrum
1971 1576 2152 1624 autem
2192 1583 2224 1624 a

623 1651 767 1709 Gaza
810 1653 1108 1711 Palaestinae
1151 1656 1320 1720 urbe.
1361 1658 1483 1728 quis
1523 1667 1640 1714 tuto
1680 1659 2018 1719 adtirmarit?
2059 1663 2224 1737 Atqui

622 1759 756 1802 vero
781 1747 1001 1818 prapius
1027 1747 1252 1805 eruditis
1276 1749 1489 1807 videtur
1513 1750 1618 1825 (3),
1649 1753 1821 1825 ipsum
1847 1763 2130 1827 propterea
2153 1755 2226 1812 ita

625 1853 687 1896 se
711 1840 1052 1912 appellasse,
1083 1842 1227 1913 quod
1257 1842 1310 1900 in
1341 1843 1758 1902 christianorum
1787 1858 1988 1904 emtum
2018 1848 2223 1907 admis-

2323 636 2570 694 addietus
2593 646 2738 694 esset
2754 635 3194 708 Commodianus,
3221 648 3275 696 et
3300 641 3356 698 in
3384 639 3626 698 tenebris
3652 644 3919 714 supersti-

2325 729 2578 786 tiosarum
2604 739 2658 787 et
2681 731 2966 804 impiarum
2989 732 3229 803 gentium
3248 742 3578 802 versaretur,
3609 735 3704 792 Dei
3728 751 3920 794 mune.

2323 840 2384 882 re
2402 825 2628 893 accidit,
2657 835 2716 882 ut
2737 826 2905 884 sacris
2928 826 3124 884 litteris
3145 827 3458 884 evolvendis
3479 828 3804 887 incumbens
3821 872 3835 897 ,
3857 846 3926 889 ex

2323 934 2507 976 earum
2536 920 2770 977 lectione
2793 937 2826 977 e
2851 930 3012 978 nocte
3037 921 3128 978 illa
3149 925 3353 980 sensim
3373 934 3708 996 emergeret,
3728 939 3795 982 ac
3818 941 3930 986 cm-

2325 1013 2444 1071 lesti
2477 1015 2680 1072 lumine
2715 1014 3094 1084 eollustratus,
3125 1015 3345 1072 Christo
3371 1032 3569 1073 nomen
3607 1017 3766 1076 daret
3805 1018 3926 1094 (l):

2323 1106 2469 1178 quod
2489 1107 2708 1180 quidem
2733 1109 2984 1166 evenisse
3005 1110 3134 1170 item
3161 1109 3373 1166 Justino
3397 1110 3618 1184 Martyri
3633 1153 3650 1179 .
3677 1111 3926 1180 Tatiano,

2325 1200 2580 1274 aliisque,
2608 1217 2675 1258 ex
2699 1216 2889 1259 eorum
2918 1203 3284 1259 monumentis
3311 1203 3481 1274 probe
3508 1205 3778 1263 novimus.
3812 1206 3925 1264 Do-

2325 1293 2500 1350 ctrina
2537 1294 2722 1367 itaque
2750 1295 2970 1352 salutari
3001 1295 3355 1353 conﬁrmatus
3374 1337 3391 1362 ,
3423 1296 3654 1370 ﬁdeique
3681 1299 3802 1357 zelo
3832 1315 3928 1358 ac-

2325 1403 2555 1457 census,
2593 1389 2663 1444 ad
2698 1390 3084 1463 expugnandos
3127 1391 3396 1464 imprimis
3439 1392 3636 1451 divinze
3679 1396 3928 1454 veritatis

2327 1481 2560 1538 hostium
2603 1497 2821 1540 errores
2861 1499 2922 1539 se
2960 1486 3262 1552 convertit,
3308 1500 3642 1560 operamque
3677 1503 3830 1544 suam
3874 1489 3930 1547 in

2327 1573 2636 1631 refellendis
2667 1576 2881 1632 illorum
2907 1577 3190 1633 erroribus
3216 1578 3431 1650 posuit;
3464 1577 3627 1649 hujus
3653 1578 3812 1651 igitur
3839 1581 3932 1636 in-

2326 1665 2498 1722 stituti
2526 1680 2688 1722 causa
2719 1665 2960 1723 libellum
2989 1667 3312 1739 conscripsit
3339 1667 3444 1724 sub
3485 1669 3671 1726 titulo:
3723 1668 3932 1726 Instru-

2327 1758 2517 1814 ctiones
2533 1759 2780 1814 adversus
2799 1762 3025 1830 gentium
3045 1757 3186 1814 Deos
3209 1776 3304 1828 pro
3326 1759 3609 1816 christiana
3628 1761 3928 1832 disciplina.

2327 1849 2652 1906 Perstrinxit
2692 1851 2749 1905 in
2792 1865 2856 1906 ea
2895 1849 3030 1907 falsa
3065 1851 3307 1924 gentium
3338 1853 3592 1921 numina,
3625 1869 3932 1926 pravosque

623 1948 716 1988 sus
734 1975 750 2001 ,
799 1949 832 1990 e
869 1934 1260 2008 gazophylaeio
1280 1979 1296 2005 ,
1325 1953 1422 1994 seu
1452 1937 1714 1996 Ecclesiae
1741 1940 1996 1999 thesauro
2023 1943 2224 2002 victum
2253 1946 2304 2008 B
2329 1943 2527 2012 cultus,
2549 1954 2606 2000 et
2624 1944 2871 2016 quamvis
2898 1944 3098 2016 ingenii
3126 1957 3291 2017 atque
3309 1947 3445 2004 artis
3471 1951 3785 2018 praestantia
3811 1948 3937 2005 heic

623 2027 916 2100 acciperet.
951 2033 1121 2098 Quam
1153 2031 1372 2103 quidem
1411 2032 1778 2104 conjecturam
1818 2036 2048 2108 ipsemet
2085 2052 2221 2094 eon-

624 2119 840 2178 ﬁrmare
863 2134 1140 2190 censetur,
1168 2122 1300 2180 dum
1325 2125 1615 2182 mendicum
1640 2127 1830 2183 Christi
1853 2143 1916 2186 se
1942 2130 2220 2197 nominat,

627 2213 706 2270 uti
736 2229 803 2272 ex
832 2214 1205 2272 instructionis
1241 2217 1447 2275 ultima:
1481 2219 1710 2289 litteris,
1740 2238 1861 2293 qua:
1904 2238 2095 2281 versus
2139 2224 2224 2281 in-

624 2305 827 2365 choent
849 2350 865 2377 ,
897 2320 1045 2366 retro
1073 2325 1290 2367 sursum
1322 2313 1596 2386 legendis,
1627 2319 2008 2389 comperimus.

695 2399 822 2471 Afer
845 2401 1184 2459 existimatur.
1213 2402 1343 2461 Utut
1367 2406 1470 2475 sit,
1502 2407 1819 2467 Dodwellus
1842 2409 2029 2468 Afrum
2059 2414 2225 2473 fuisse

623 2494 1071 2552 Commodianum
1094 2513 1165 2554 ex
1189 2513 1257 2555 eo
1283 2501 1504 2572 conjicit
1527 2503 1611 2575 (ι)
1639 2503 1782 2576 quod
1811 2506 1980 2562 multa
2006 2507 2118 2564 suis
2143 2509 2226 2565 in-

622 2587 1009 2646 structionibus
1031 2590 1229 2648 habeat
1247 2607 1371 2650 cum
1392 2605 1582 2652 saneto
1600 2597 1873 2672 Cypriane
1894 2603 2224 2671 communia.

625 2678 686 2738 ln
707 2681 954 2739 eamdem
979 2699 1144 2756 porro
1162 2689 1486 2746 sententiam
1510 2692 1794 2762 praiverat
1819 2693 2079 2766 Rigaltius
2108 2697 2225 2772 (5):

626 2789 738 2846 quo
762 2774 946 2847 judice
966 2818 983 2844 ,
1013 2779 1190 2847 stylus
1217 2782 1458 2838 auctoris
1484 2781 1740 2841 africanze
1766 2787 1981 2845 ferocia:
2010 2789 2228 2846 rustici-

626 2880 792 2928 tatem
820 2873 996 2944 sapit;
1023 2889 1145 2946 qua:
1177 2886 1356 2933 tamen
1387 2877 1455 2934 ad
1485 2880 1734 2936 acumina
1763 2880 2098 2950 Tertulliani,
2124 2883 2230 2957 Cy-

627 2967 838 3040 priani,
889 2967 1104 3026 Minucii
1156 2986 1264 3028 non
1316 2971 1686 3044 infrequenter
1726 2975 1938 3033 alludit.
1988 2977 2230 3037 Suadere

629 3060 850 3133 insuper
874 3061 1126 3120 videntur
1149 3063 1334 3135 judice
1370 3066 1551 3125 Caveo
1581 3067 1698 3140 (6),
1726 3085 1848 3142 qua:
1876 3083 2105 3144 usurpat
2133 3088 2230 3129 vo—

628 3156 841 3226 cabula,
871 3158 1006 3216 afris
1032 3159 1386 3234 scriptoribus
1411 3177 1552 3236 pene
1577 3164 1814 3236 propria,
1844 3164 2101 3236 Zabulus,
2130 3168 2230 3226 Za-

627 3264 794 3308 cones
816 3293 834 3321 ,
869 3261 974 3311 etc.

2329 2037 2510 2096 minus
2547 2046 2840 2110 appareat,
2885 2038 3019 2095 satis
3059 2048 3237 2096 tamen
3268 2038 3600 2111 singularem
3629 2041 3928 2098 sanctimoo

2329 2132 2474 2189 niam
2490 2173 2508 2200 ,
2531 2147 2845 2205 verumque,
2875 2147 2976 2190 nec
2999 2131 3308 2190 simulatum
3335 2147 3462 2205 erga
3489 2133 3661 2191 Deum
3686 2148 3932 2192 amorem

2329 2224 2646 2281 declaravit.

2329 2344 2340 2378 ι
2400 2315 2622 2390 Tempus
2650 2318 2947 2388 inquiritur,
2975 2334 3075 2388 quo
3103 2317 3292 2374 claruit
3321 2317 3741 2376 Cammodianus.
3763 2349 3837 2362 —
3859 2320 3933 2378 De

2328 2420 2510 2477 astate,
2541 2428 2646 2483 qua
2672 2413 2868 2470 vixerit
2891 2413 3346 2481 Commodianus,
3373 2413 3571 2470 eruditi
3599 2429 3709 2471 non
3735 2428 3937 2472 conve-

2331 2506 2506 2562 niunt.
2539 2505 2800 2579 Rigaltius
2832 2505 2936 2581 (ἒ),
2967 2505 3225 2578 Dupinius
3253 2507 3360 2580 (3),
3391 2506 3700 2564 Ceillierius
3727 2509 3809 2582 (4)
3839 2509 3939 2566 ﬁo-

2331 2599 2509 2655 ruisse
2535 2612 2661 2654 eum
2693 2606 2882 2668 putant
2911 2597 3251 2654 Constantini
3281 2597 3458 2671 Magni
3498 2599 3748 2671 imperio,
3775 2610 3939 2672 atque

2332 2691 2434 2747 sub
2474 2691 2792 2763 pontiﬁcatu
2830 2693 3004 2748 sancti
3042 2690 3339 2764 Sylvestri,
3385 2693 3542 2763 cujus
3577 2691 3845 2764 pontiﬁcis
3883 2695 3938 2750 in

2331 2781 2547 2853 scriptis
2597 2783 2710 2838 suis
2761 2781 3206 2839 Commodianum
3258 2783 3570 2840 meminisse
3594 2825 3610 2851 ,
3660 2785 3939 2842 communi

2332 2876 2664 2932 eruditorum
2703 2876 2956 2948 opinione
2999 2875 3192 2933 fertur.
3239 2877 3612 2949 Antiquiorem
3655 2887 3832 2934 tamen
3873 2893 3939 2934 ac

2331 2970 2604 3044 Cypriano
2627 2970 2714 3027 vel
2737 2970 3000 3042 aqualem
3018 3012 3034 3037 ,
3062 2969 3149 3026 vel
3177 2984 3466 3043 supparem
3495 2970 3662 3028 fuisse
3689 2970 3942 3030 Dodwel-

2334 3065 2422 3122 lus
2462 3065 2669 3122 censuit
2708 3065 2824 3137 (5);
2867 3079 3035 3137 quare
3062 3063 3306 3132 Cavetts,
3339 3079 3462 3120 cum
3489 3064 3545 3120 in
3575 3065 3746 3136 prima
3774 3064 3941 3122 Com-

2333 3158 2584 3216 mentarii
2624 3159 2708 3214 sui
2745 3157 2817 3214 de
2853 3156 3206 3228 scriptoribus
3244 3156 3626 3213 ecclesiasticis
3665 3155 3938 3224 editione,

2334 3251 2476 3309 inter
2511 3253 2688 3324 quarti
2725 3250 2909 3308 steculi
2949 3249 3244 3321 scriptores
3269 3247 3718 3306 Commodianum
3747 3264 3943 3306 recen-

708 3343 792 3400 Ea:
817 3347 1020 3404 ethnici:
1047 3351 1408 3422 superstitione
1432 3355 1502 3408 ad
1529 3355 1684 3425 ﬁdem
1708 3353 1903 3413 c/m'm'
1924 3374 2198 3416 conum“
2213 3399 2230 3428 ,
2257 3348 2304 3413 C
2337 3344 2566 3412 suisset,
2594 3344 2648 3401 in
2676 3344 2844 3400 altera
2871 3342 3164 3399 Oxoniensi
3191 3341 3429 3400 editione
3461 3341 3724 3399 Dodvvelli
3749 3342 3941 3414 conje-

631 3435 857 3494 libellum
878 3441 1182 3513 composuit.
1201 3441 1579 3503 Instructiones
1593 3447 1838 3504 adversus
1855 3451 2080 3522 gentium
2097 3449 2234 3508 Deos

628 3530 950 3606 inscriptum.
973 3565 1047 3578 --
1064 3535 1198 3594 Ortu
1223 3547 1275 3596 et
1302 3540 1450 3596 cultu
1476 3539 1648 3600 fuisse
1670 3544 1968 3608 ethnicum,
1993 3546 2126 3601 satis
2151 3547 2234 3604 in-

630 3625 776 3683 dicat
801 3627 916 3700 ipse
940 3645 1066 3686 cum
1095 3630 1148 3686 in
1178 3633 1496 3704 praefatione
1520 3634 1624 3708 (7),
1652 3643 1765 3693 tum
1790 3634 1919 3694 dum
1943 3637 2074 3695 alibi
2095 3653 2230 3712 gen-

630 3719 753 3776 tiles
781 3721 860 3782 sic
888 3721 1182 3794 alloquitur
1211 3723 1293 3799 (8)
1319 3744 1332 3782 :

809 3837 871 3890 Et
893 3852 1008 3904 ego,
1035 3842 1119 3905 qui
1140 3854 1339 3907 moueo,
1362 3845 1495 3896 idem
1515 3845 1614 3909 fui,
1640 3846 1843 3896 nescius
1865 3857 2054 3897 errans.

632 3943 765 4004 Inde
793 3946 1153 4006 lustructione
1183 3967 1307 4020 ut,
1339 3968 1394 4007 se
1421 3953 1487 4007 de
1513 3953 1692 4008 cloaca
1720 3953 1944 4009 levatum
1979 3953 2147 4019 dicit,
2178 3953 2232 4010 id

632 4049 736 4110 est,
779 4040 850 4100 de
880 4047 1081 4101 sarculo
1099 4085 1116 4112 ,
1144 4043 1215 4103 de
1245 4045 1574 4104 idololatria.
1608 4047 1740 4105 Cum
1769 4047 1931 4119 igitur
1955 4048 2233 4121 religionis

633 4179 699 4256 ad
711 4181 956 4256 instruct.
976 4197 1168 4256 smn,
1186 4181 1310 4239 huic
1321 4183 1604 4240 sententia:
1625 4185 1741 4256 ipse
1759 4198 1864 4239 non
1884 4185 2113 4256 multum
2135 4186 2233 4242 tri-

635 4251 801 4325 ltuit)
838 4254 930 4322 qui
973 4255 1236 4327 Sylvestri
1285 4257 1556 4326 pontiﬁcis
1599 4251 1928 4312 mentionem
1976 4255 2093 4312 fieri
2145 4258 2230 4313 in-

633 4333 813 4379 struct.
839 4326 1038 4391 xxxm,
1058 4341 1111 4380 v.
1136 4326 1192 4392 5,
1214 4341 1320 4382 non
1348 4327 1643 4389 dubitavit:
1674 4329 1742 4382 ita
1762 4328 1907 4383 enim
1927 4327 2074 4384 illum
2104 4344 2229 4384 ver-

634 4410 753 4472 sum
795 4395 921 4472 legit
937 4413 956 4472 ε
987 4395 1190 4472 In_trate
1213 4399 1430 4472 stabulis
1457 4399 1713 4472 Sylvestri
1737 4399 1808 4454 ad
1832 4416 2062 4472 prwsepe
2089 4398 2226 4456 Pas-

634 4467 778 4520 toris.
810 4467 1015 4523 Confer
1042 4467 1246 4524 Barthii
1276 4467 1568 4527 Adversar.
1600 4486 1688 4527 Llll
1707 4512 1723 4536 ,
1754 4472 1810 4528 5.

741 4538 789 4614 l)
820 4537 1023 4614 ﬂottor.
1046 4541 1368 4614 Augustam,
1390 4542 1456 4598 de
1483 4543 1740 4614 Scriptor.
1759 4544 1914 4612 eccl.,
1933 4543 1972 4600 l.
1991 4560 2048 4611 ιι,
2069 4559 2120 4601 e.
2138 4545 2228 4602 15.

733 4609 791 4680 2)
819 4607 1410 4680 Cgimtnod.,'lnstruct.
1442 4607 1621 4671 Lxxx.

733 4679 790 4747 3)
833 4679 1076 4757 Comm
1116 4697 1177 4738 se
1218 4696 1404 4748 vocat,
1450 4703 1556 4742 non
1586 4686 1655 4742 ab
1681 4685 1816 4742 urbe
1841 4687 2050 4757 aliqua,
2087 4687 2230 4746 Gaza

2335 3440 2505 3496 eturis
2532 3450 2710 3496 motus
2734 3440 2788 3494 in
2810 3438 3000 3495 eadem
3025 3453 3150 3494 cum
3178 3437 3297 3510 ipso
3320 3439 3643 3496 sententiam
3672 3439 3825 3495 abiit.
3857 3437 3940 3495 Ad

2339 3543 2580 3604 tempora
2626 3533 2809 3589 smculi
2859 3531 3084 3590 secundi
3133 3533 3433 3605 vergentis,
3485 3533 3600 3590 sive
3645 3533 3942 3590 desinentis

2335 3626 2586 3683 eumdem
2618 3627 2780 3682 refert
2811 3625 3148 3682 Sebastianus
3180 3623 3340 3680 Pauli
3369 3626 3488 3700 (6),
3517 3625 3751 3684 clericus
3778 3643 3941 3699 regu-

2335 3719 2464 3776 laris
2491 3720 2543 3775 in
2571 3720 2950 3776 dissertatione
2975 3718 3156 3775 italice
3179 3717 3322 3776 edita
3343 3717 3592 3792 Neapoli,
3617 3720 3780 3787 1714,
3804 3721 3863 3777 in
3884 3721 3941 3778 8"

2336 3817 2400 3870 de
2432 3812 2582 3869 Poesi
2608 3812 2718 3869 SS.
2752 3811 2971 3868 Patrum
2995 3829 3311 3886 grwcorum,
3345 3812 3718 3884 latinorutnqtte
3743 3814 3802 3870 in
3829 3816 3942 3886 prio

2335 3911 2429 3966 mis
2457 3908 2700 3964 Ecclesia
2721 3905 2914 3963 Christi
2933 3909 3153 3964 siccatis.

2407 4003 2702 4061 Gennadius
2730 4020 3001 4074 expensus.
3029 4034 3101 4046 —
3127 4003 3183 4060 Si
3212 4019 3339 4060 vero
3367 4002 3706 4061 Genuadium
3749 4003 3942 4061 audia-

2335 4114 2486 4165 mus,
2539 4097 2880 4154 statueudum
2935 4097 3146 4155 videtur
3192 4099 3391 4154 saeculo
3439 4115 3516 4166 tv,
3569 4108 3628 4154 ut
3675 4099 3938 4168 nimium,

2335 4194 2530 4250 vixisse
2549 4193 2995 4249 Commodianum
3014 4211 3032 4248 :
3052 4193 3126 4248 ait
3145 4193 3289 4248 enim
3307 4235 3324 4260 ,
3354 4194 3530 4264 ipsum
3563 4191 3942 4250 Tertullianunt

2334 4300 2381 4346 et
2412 4289 2766 4362 Lactantiunt,
2795 4297 2843 4343 et
2873 4285 3095 4358 Papiam
3124 4297 3355 4341 auctores
3381 4287 3541 4358 fuisse
3565 4299 3814 4342 secutum.
3846 4290 3942 4344 At-

2333 4399 2440 4455 que
2465 4365 2612 4439 hatic
2636 4382 2802 4439 fuisse
2829 4380 3048 4454 quidem
3070 4379 3332 4437 Geunadii
3353 4379 3674 4436 sententiam
3699 4379 3942 4452 plerique

2334 4477 2726 4534 existimarunt.
2755 4476 2953 4533 Verum
2985 4475 3030 4530 si
3057 4473 3174 4546 ejus
3196 4473 3360 4530 verba
3385 4473 3616 4543 penitius
3642 4473 3940 4545 inspiciun-

2336 4582 2442 4638 tur,
2471 4588 2580 4628 non
2607 4581 2733 4628 sunt
2758 4570 2990 4628 fortasse
3010 4571 3080 4626 de
3103 4569 3270 4626 nostri
3300 4568 3579 4640 scriptoris
3600 4575 3762 4624 :etate
3783 4566 3944 4624 intel-

2333 4666 2548 4740 ligenda
2565 4708 2582 4734 ,
2604 4667 2701 4724 sed
2729 4668 2910 4739 potius
2935 4667 3003 4723 de
3029 4665 3238 4738 placitis
3261 4663 3555 4730 nonnullis,
3579 4678 3702 4734 qua
3728 4678 3788 4718 re
3811 4677 3943 4718 vera

635 4752 777 4825 dic—la
798 4768 815 4818 ς
833 4755 939 4825 §8d
965 4769 992 4806 τι
1020 4769 1175 4824 gazu,
1222 4771 1316 4812 seu
1347 4757 1603 4813 Ecclesia:
1631 4757 1906 4825 thesauro,
1934 4752 1999 4814 ut
2023 4752 2051 4814 a
2080 4777 2232 4816 com-
2253 4753 2308 4814 D
2333 4779 2456 4820 cum
2486 4762 2552 4818 iis
2575 4763 2886 4818 auctoribus
2913 4759 3164 4816 habuisse
3189 4758 3493 4815 communia
3517 4755 3943 4813 Commodianus

636 4824 798 4903 modo
821 4823 1238 4903 Commodianum
1261 4828 1560 4903 dicebatur.
1593 4829 1707 4903 Hoc
1735 4823 1930 4887 nomen
1958 4843 2074 4887 erat
2101 4849 2232 4903 gen-

637 4896 844 4973 tilium;
888 4897 1057 4973 illud,
1107 4898 1436 4973 christianos
1477 4900 1590 4971 jam
1637 4901 1812 4957 factus
1850 4904 1952 4958 sibi
1993 4896 2227 4973 indidit;

638 4969 798 5046 idque
830 4984 936 5025 non
967 4969 1068 5026 alia
1099 4970 1283 5046 forsan
1314 4969 1526 5030 ratione
1549 5015 1564 5036 .
1591 4988 1750 5045 quam
1777 4975 1921 5046 quod
1952 4986 2072 5046 post
2100 4969 2231 5032 con;

635 5041 942 5097 versionem
974 5057 1175 5112 pauper
1200 5043 1391 5111 factus,
1417 5061 1484 5102 ex
1505 5041 2067 5108 communi'Ecelésia:
2095 5063 2230 5102 :era-

638 5113 721 5168 rio
748 5115 1064 5170 nutriretur.
1092 5113 1248 5172 Unde
1273 5127 1330 5174 et
1355 5117 1644 5172 mendicum
1663 5116 1864 5174 Christi
1879 5133 1940 5175 se
1967 5119 2226 5176 nominat.

637 5182 793 5258 ρειγν
827 5183 965 5258 ῌὶει.
996 5185 1238 5258 [ἐπει-αι’..
1267 5198 1405 5245 ῑοιιι.
1435 5205 1484 5253 ι,
1517 5204 1638 5258 pag.
1672 5189 1775 5245 156
1801 5198 1858 5245 et
1883 5189 2012 5245 257.

825 5255 1109 5333 godvvellq
1141 5258 1398 5333 dissertat.
1423 5260 1494 5333 de
1519 5255 1695 5333 Etet.
1727 5260 2018 5330 Commod.,
2050 5260 2080 5333 ᾗ
2107 5261 2163 5319 9.

714 5260 796 5395 (ιζ
825 5260 1109 5325 Dodwell.,
1141 5260 1398 5314 dissertat.
1429 5260 1494 5314 de
1522 5260 1694 5316 rEtnt.

714 5329 770 5402 (εξ
829 5327 1048 5402 Βεεηιιη
1081 5331 1286 5402 praefat.
1317 5332 1386 5386 ad
1413 5330 1694 5387 Commod.

709 5397 793 5467 (6)
822 5399 1027 5456 Caveus
1045 5442 1063 5468 ,
1082 5397 1215 5456 loco
1241 5403 1334 5457 cit.

726 5487 800 5550 (7)
886 5489 999 5555 _Ego
1019 5489 1246 5543 similiter
1269 5494 1430 5543 erravi
1456 5499 1680 5555 tempore
1710 5494 1865 5546 multo

886 5550 1032 5602 Fama
1052 5555 1435 5664 prosequendo:
1461 5550 1746 5618 parentibus
1770 5559 1956 5609 insiciis
1976 5561 2097 5624 ipsis

894 5612 1048 5667 Abstu
1071 5618 1087 5667 i
1111 5630 1193 5687 me
1204 5619 1416 5687 tandem
1440 5619 1554 5687 inde
1571 5617 1828 5687 ,legendo
1850 5621 1917 5670 de
1942 5622 2078 5687 lege.

1173 5681 1476 5751 (Commod.
1506 5681 1560 5737 in
1594 5681 1841 5755 Priefat.,
1874 5699 1931 5740 v.
1961 5681 2096 5740 4⁷-
2117 5686 2200 5760 6.)

711 5767 792 5842 (8)
815 5766 1100 5847 Commod.
1129 5773 1364 5832 instruct.
1409 5789 1624 5847 χχχιιι,
1655 5790 1708 5833 v.
1733 5774 1862 5845 491,
1910 5785 1968 5834 et
1997 5778 2233 5838 instruct.

643 5841 853 5910 ιιιιινι,
882 5855 938 5897 v.
968 5841 1108 5899 374:

892 5931 1032 5990 Gens
1054 5941 1110 5986 et
1131 5949 1229 6000 ego
1249 5941 1324 5992 sui
1345 5953 1580 6005 perversa
1603 5949 1773 5998 mente
1795 5947 2032 6010 moratus,
2139 5945 2207 5994 sai
2219 5981 2266 6025 ,Γ

2332 4855 2700 4926 comperitur:
2743 4853 2977 4925 alioquin
3023 4851 3282 4908 dicendus
3327 4859 3476 4907 esset
3520 4850 3805 4922 presbyter
3843 4849 3942 4908 ille

2334 4949 2687 5006 massiliensis
2731 4948 3046 5015 censuisse,
3097 4946 3314 5018 Papiam
3363 4944 3696 5001 Tertulliano
3731 4952 3786 5000 et
3829 4942 3940 5000 La-

2333 5043 2537 5099 ctantio
2555 5041 2719 5098 fuisse
2741 5041 3119 5112 posteriorem,
3139 5055 3299 5111 quem
3319 5038 3565 5095 videlicet
3584 5037 3940 5108 scriptoribus

2332 5139 2440 5196 illis
2479 5137 2755 5209 subjiciat;
2797 5135 2942 5208 quod
2981 5151 3114 5192 sane
3157 5134 3432 5192 afﬁrmare
3477 5151 3584 5191 non
3627 5135 3835 5191 ausim:
3881 5145 3941 5191 ut

2334 5230 2590 5305 proinde,
2621 5243 2748 5286 meo
2773 5228 2989 5302 quidem
3017 5227 3250 5300 judicio,
3291 5227 3426 5284 illud
3456 5227 3633 5284 solum
3663 5227 3727 5284 iis
3755 5225 3938 5284 verbis

2443 5431 2496 5500 l)
2523 5429 2805 5486 Commod.
2836 5429 2890 5484 in
2928 5427 3166 5500 Prwfat.,
3192 5427 3396 5500 Versus
3420 5430 3454 5484 4
3480 5459 3553 5472 -—
3576 5427 3634 5488 6.

2443 5433 2464 5488 l
2523 5431 2805 5486 Commod.
2836 5431 2890 5484 in
2928 5431 3166 5500 Prwfat.,
3192 5431 3396 5484 Versus
3420 5431 3454 5484 li
3480 5459 3553 5472 -—

2413 5431 2496 5648 (εξ
2523 5503 2745 5573 Rigalt.,
2779 5501 2996 5572 Prtefat.
3024 5501 3078 5556 in
3104 5498 3574 5557 Commodianum.

2414 5576 2472 5648 (3
2515 5576 2751 5648 ,Dupin”
2793 5573 2946 5648 Bibl:
2968 5573 3056 5648 des
3095 5574 3334 5648 Auteurs,
3376 5583 3508 5629 tom.
3552 5591 3568 5630 ι

2377 5571 2496 5703 2g3)
2531 5571 2751 5644 Dupin.,
2793 5573 2928 5629 Bibl.
2968 5573 3056 5627 des
3095 5574 3334 5639 Auteurs,
3376 5583 3508 5629 tom.
3552 5591 3600 5641 ι,
3641 5589 3698 5646 p.
3736 5571 3844 5631 326
3880 5582 3940 5631 et

2469 5689 2485 5703 .
2513 5647 2565 5701 in
2590 5645 2715 5702 Not.
2746 5647 2879 5703 edit.
2907 5643 3098 5700 Colon.
3131 5644 3331 5700 latime.

2341 5645 2485 5707 328.
2513 5647 2565 5701 in
2590 5645 2715 5702 Not.
2746 5647 2879 5703 edit.
2907 5645 3098 5700 Colon.
3131 5645 3331 5700 latime.
3644 5645 3659 5646 ί

2416 5717 2497 5790 (4)
2521 5718 2783 5790 Ceillier.,
2807 5715 2943 5790 "ist.
2969 5714 3239 5790 (ἔθρεψα,
3256 5725 3387 5771 tom.
3413 5732 3490 5780 tv,
3513 5732 3634 5789 cap.
3653 5716 3709 5785 6,
3733 5733 3770 5790 p
3805 5716 3936 5790 179.

2439 5719 2472 5773 4
2521 5718 2783 5780 Ceillier.,
2807 5718 2943 5772 "ist.
2969 5718 3236 5782 Geite'ral.,
3256 5725 3387 5771 tom.
3413 5732 3490 5780 tv,
3513 5732 3634 5789 cap.
3653 5718 3709 5785 6,
3733 5733 3770 5790 p
3809 5718 3936 5776 179,

2514 5789 2840 5881 Βερνιιῶ
2859 5786 3077 5844 Dissert.
3107 5788 3173 5844 de
3199 5787 3553 5846 Commodiani
3581 5799 3763 5858 (ante,
3791 5789 3940 5847 Oxo-

2342 5861 2448 5927 nii',
2476 5861 2652 5929 1698,
2683 5861 2862 5918 iii-8°.

2415 5935 2494 6008 (6)
2518 5935 2735 5992 Sebast.
2755 5931 2908 5993 Pauli
2927 5975 2942 6004 ,
2962 5930 3182 5992 Dissert.
3201 5932 3266 5992 de
3281 5930 3436 5988 Poesi
3452 5931 3563 5992 SS.
3588 5931 3703 5991 PP.
3726 5949 3781 6005 p.
3802 5931 3928 5990 180.
