4142 6262
242 187 355 246 193

237 395 368 451 cubi
406 404 668 453 sectatqu
712 392 909 469 fuisse,
950 418 1072 475 quae
1114 405 1304 477 Papias
1345 411 1608 481 primttm,
1651 414 1848 471 deinde

236 487 602 547 Tertulliauus
624 531 641 558 ,
666 507 730 548 ac
757 502 945 564 postea
974 495 1282 557 Lactantius
1306 504 1482 560 minus
1508 515 1654 562 recte
1679 508 1847 565 tradi-

232 579 462 638 derunt.

306 671 533 746 Rigaltii
556 680 805 735 sententia
831 681 999 739 minus
1027 684 1291 755 probatur.
1315 719 1387 731 -—
1408 690 1709 765 Utcumque
1738 695 1842 761 sit,

230 766 506 838 Rigaltins
532 769 798 830 Gennadii
828 776 1169 847 auctoritate,
1194 781 1267 836 uti
1289 782 1521 851 videtur,
1546 797 1841 858 permotus,

228 860 465 933 ejusque
503 865 670 922 verba
699 867 769 925 de
798 869 1171 929 Commodiani
1209 885 1367 935 aetate
1394 880 1695 952 accipiens;
1723 900 1843 941 eam

228 964 499 1026 prteter'ea
544 975 614 1016 ex
659 962 828 1033 ipsius
872 967 1112 1023 auctoris
1159 968 1597 1032 instructionibus
1641 980 1843 1036 conﬁr-

226 1065 386 1107 mare
431 1068 721 1124 aggressus
769 1067 855 1114 est
899 1059 1020 1133 (l):
1075 1070 1225 1120 ratus
1278 1067 1532 1124 nimirum
1585 1074 1844 1143 temporis

227 1148 573 1205 notationem
614 1150 717 1206 sibi
746 1150 919 1211 fuisse
950 1155 1217 1215 detectam
1249 1176 1352 1230 qua
1383 1163 1532 1221 illum
1565 1166 1843 1239 Sylvestro

226 1251 464 1294 romano
519 1243 797 1318 pontiﬁci,
850 1254 1013 1319 atque
1060 1249 1197 1307 adeo
1243 1251 1597 1314 Constantino
1649 1258 1844 1332 Magno

226 1343 478 1389 catmum
512 1342 789 1391 statueret.
824 1336 881 1393 In
912 1354 1072 1410 quam
1103 1342 1319 1414 quidem
1349 1345 1682 1419 rigaltianam
1711 1368 1839 1410 sen-

228 1424 462 1483 tentiam
516 1435 719 1485 tantum
767 1445 878 1488 non
927 1446 1120 1492 omnes
1167 1437 1361 1497 eruditi
1410 1441 1666 1516 deinceps
1713 1461 1842 1504 con-

225 1529 479 1574 cessere.

298 1607 668 1669 Dodtoellisna
721 1618 889 1688 potior
951 1620 1173 1677 videtur.
1212 1654 1283 1666 -—
1318 1624 1519 1684 Verum
1572 1630 1841 1689 Henricus

225 1701 552 1763 Dodvvellus
576 1707 631 1763 in
653 1710 989 1782 antiquitatis
1014 1713 1357 1787 indagatione
1386 1720 1611 1780 rimator
1638 1725 1837 1783 accrri-
1864 1728 1913 1790 B

222 1812 351 1854 mus
376 1839 397 1862 ,
447 1810 735 1873 postquam
791 1820 934 1860 vera:
994 1805 1248 1875 lectioni,
1314 1811 1606 1872 Sirmondo
1652 1827 1837 1877 tamen

223 1901 533 1961 praeuate,
560 1894 935 1954 Commodiani
962 1899 1140 1958 locum
1171 1903 1519 1978 restituisset,
1550 1925 1580 1965 a
1608 1911 1839 1983 Rigaltio

225 1986 615 2055 sollicitatum,
666 2006 777 2061 quo
824 2008 939 2049 sua:
968 2009 1145 2053 causa:
1196 2000 1505 2069 praesidium
1538 2018 1835 2077 quaereret;

227 2080 504 2153 integrum
530 2082 732 2141 deinde
760 2088 1098 2157 perlustrans
1118 2094 1435 2163 opusculum
1453 2139 1468 2163 ,
1493 2100 1839 2159 savientibus

222 2173 419 2230 adhuc
447 2176 698 2234 Ecclesiae
732 2182 1201 2251 persecutionibus
1232 2186 1358 2245 illud
1402 2188 1569 2250 fuisse
1596 2196 1839 2252 conscri-

223 2275 388 2336 ptum
432 2271 741 2340 perspexit;
790 2272 1037 2345 adeoque
1078 2274 1523 2338 Commodianum
1566 2282 1838 2357 Cypriane

221 2361 416 2429 potius
432 2400 449 2425 ,
478 2377 636 2432 quam
664 2363 946 2435 Sylvestro
970 2368 1219 2427 extitisse
1242 2374 1575 2444 propriorem
1600 2377 1836 2435 edocuit.

222 2453 296 2509 Et
321 2455 428 2511 viri
453 2457 664 2528 quidem
690 2457 874 2515 Critici
906 2461 1162 2536 pleraque
1190 2477 1504 2537 argumenta
1535 2480 1662 2525 sunt
1689 2471 1839 2542 ejus-

218 2546 420 2613 modi,
460 2564 578 2618 qua:
625 2548 690 2605 ad
741 2566 1026 2609 assensum
1073 2557 1502 2627 extorquendum
1549 2559 1838 2631 plurimum

225 2642 431 2700 valere
463 2642 767 2702 videantur:
808 2661 983 2719 eaque
1019 2649 1249 2706 strictim
1282 2652 1475 2710 saltem
1507 2653 1560 2709 in
1601 2655 1837 2714 medium

220 2736 484 2807 proferre
517 2739 718 2794 animus
755 2751 874 2805 est,
906 2756 1028 2798 cum
1069 2743 1316 2814 plurimis
1353 2746 1494 2803 haud
1533 2760 1732 2820 praesto
1769 2753 1841 2809 sit

218 2830 543 2887 dissertatio
569 2832 633 2888 de
662 2831 1021 2891 Commodiani
1051 2846 1232 2906 aetate,
1263 2854 1423 2910 quam
1455 2838 1519 2895 ν.
1552 2839 1615 2897 C.
1657 2843 1840 2901 Anna-

102 2970 107 2977 .
218 2923 380 2980 libus
406 2924 725 2993 Velleianis,
757 2927 1167 2997 Quintiliaueis,
1218 2940 1272 2988 et
1313 2932 1571 2991 Statianis
1609 2937 1842 3009 subjecit

220 3019 427 3075 Oxonii
444 3061 462 3086 ,
493 3020 652 3089 (698,
684 3022 853 3079 in~8°.

1204 191 1294 258 DE
1323 191 1773 264 COMMODIANO
1804 196 2080 281 GAZEO,
2120 208 2406 277 ORICINE
2441 217 2649 281 AFRO.

242 299 546 357 insinuasse
588 300 900 362 Gennadius
942 305 1201 377 videatur,
1256 314 1698 375 Commodianum
1744 321 1849 377 ali-
1873 327 1926 386 Α
1952 335 2119 384 ειι-υηι
2152 329 2290 388 imm
2322 335 2463 391 [erm
2494 336 2680 394 sum;

243 395 368 417 ,ηιξ
408 404 662 417 __-n-._--,-
712 392 864 417 0,_'L_,
1114 405 1152 417 -ι
1228 407 1240 417 .
1410 411 1423 417 -
1670 414 1682 417 _
1725 415 1734 417 _
1798 415 1807 417 -
2114 414 2117 417 .

3442 231 3544 295 i9lv

2733 337 2934 399 limites
2988 357 3112 401 esse
3160 348 3540 406 coercendum.

2027 461 2045 495 ι
2073 442 2297 515 Scripsit
2342 438 2757 509 Commodianus
2802 455 2886 512 vel
2937 471 3068 527 pace
3118 458 3335 515 vixdum
3388 458 3546 533 plene

1948 534 2157 592 reddita
2178 579 2194 604 ,
2225 539 2309 593 vel
2341 544 2713 611 persecutione
2742 562 2866 603 mox
2897 552 3248 621 expectanda.
3284 539 3545 626 llinc’pa-

1946 643 2054 682 cem
2084 630 2349 686 subdolam
2381 645 2557 704 vocat,
2586 637 2837 697 Instruet.
2867 657 2997 708 va;
3030 653 3085 699 et
3114 644 3541 725 perseeutionem

1946 718 2150 777 instare
2175 722 2334 780 dicit:
2364 729 2550 799 agonia
2575 747 2769 789 summe
2795 736 3099 808 propinqua,
3133 737 3389 797 lnstrnct.‘
3416 719 3507 799 mn
3525 784 3543 811 ,

1946 829 2002 868 v.
2029 815 2116 872 10.
2150 817 2366 877 Fideles
2396 834 2611 889 monet,
2644 836 2699 881 ut
2730 831 3057 901 martyribus
3085 834 3376 903 assistant,
3410 852 3506 893 seu
3526 881 3541 906 ,

1946 917 2005 962 ut
2044 908 2209 980 ipsius
2248 914 2417 969 verbo
2458 926 2593 985 utar,
2635 919 3057 995 admartgrizent,
3098 925 3349 984 lnstruct.
3391 945 3543 999 Lvnt,

1944 1014 1998 1053 v.
2036 1001 2135 1066 i9,
2178 1004 2265 1059 ubi
2296 1008 2460 1063 etiam
2499 1009 2755 1068 describit
2793 1032 3019 1086 pugnam
3054 1035 3171 1074 cum
3209 1021 3451 1086 tristitia,
3491 1032 3547 1081 et

1946 1096 2193 1164 palmam,
2222 1115 2342 1169 quze
2367 1102 2589 1159 rictorite
2610 1105 2861 1176 donatur,
2893 1110 3139 1168 Instruct.
3171 1129 3301 1169 an.
3329 1114 3452 1187 Agit
3477 1115 3547 1174 de

1945 1186 2031 1253 iis,
2047 1188 2135 1259 qui
2162 1194 2477 1264 martyrium
2503 1195 2757 1255 affectare
2784 1217 2893 1272 prae
2916 1218 2976 1259 se
2995 1203 3257 1273 ferebant,
3285 1186 3542 1266 lnstruct.

1945 1292 2039 1345 ιχ,
2068 1296 2120 1334 v.
2152 1282 2178 1337 1
2207 1300 2219 1337 ;
2253 1282 2445 1340 Pastor
2470 1287 2516 1341 si
2542 1294 2804 1361 confessus
2833 1294 3028 1364 fuerit,
3058 1296 3109 1352 id
3142 1306 3246 1359 est.
3280 1300 3547 1373 interpre-

1946 1380 2092 1427 tante
2121 1371 2384 1447 Rigaltio,
2416 1378 2463 1434 si
2501 1380 2568 1436 de
2610 1384 2825 1441 nomine
2864 1386 3260 1461 interrogatus,
3304 1371 3449 1450 clare
3490 1404 3547 1450 et

1943 1475 2258 1525 constanter
2308 1474 2684 1543 resiionderit,
2718 1478 2847 1535 Sum
2899 1479 3270 1549 Christianus;
3325 1487 3370 1543 si
3422 1488 3544 1546 thus

1944 1575 2116 1616 acerzn
2166 1562 2514 1632 profanorum
2577 1567 2857 1641 imponere
2903 1574 3129 1645 jussus,
3182 1578 3395 1638 fortiter
3444 1582 3544 1639 ab-

1944 1653 2162 1709 nuendo
2194 1655 2529 1725 clamaverit,
2568 1676 2674 1716 non
2705 1663 2862 1726 facio.
2886 1670 3162 1738 geminavit
3189 1689 3423 1744 agonem.
3454 1676 3543 1747 Et,

1942 1760 2009 1800 ne
2036 1745 2184 1815 plura
2212 1764 2502 1822 congeram
2522 1795 2540 1820 ,
2570 1753 2837 1814 Caesarem
2872 1758 3169 1832 Tyrannum
3194 1775 3351 1823 vocat
3380 1768 3543 1828 lnstr.

1942 1852 2081 1894 xxtn
2099 1881 2113 1903 ,
2139 1856 2193 1897 v.
2229 1842 2318 1897 lt.
2351 1841 2477 1901 Haec
2502 1846 2711 1919 aliaque
2737 1850 2889 1923 plura
2918 1857 3118 1912 saeculo
3147 1858 3305 1915 tertio
3333 1860 3535 1933 optime

1942 1944 2283 2003 congruunt,
2316 1938 2536 2007 quando
2562 1952 2814 2000 cessante
2854 1949 3230 2017 persecutione
3273 1952 3540 2024 Deciana,

1941 2040 2129 2096 pacem
2158 2030 2258 2086 sub
2288 2029 2535 2090 Gallieno
2566 2036 2833 2095 redditam
2855 2080 2871 2105 ,
2902 2041 3169 2100 inﬁrmam
3198 2046 3416 2118 quidem
3438 2090 3455 2117 ,
3486 2059 3544 2107 et

1942 2120 2276 2191 instabilem,
2302 2129 2613 2197 persecutio
2636 2132 2737 2188 sub
2754 2134 3051 2194 Aureliano
3072 2156 3199 2197 mox
3226 2143 3540 2215 interrupit;

1942 2213 2205 2286 Sylvestri
2234 2235 2366 2277 vero
2393 2226 2731 2295 temporibus
2755 2232 3054 2289 convenire
3082 2248 3378 2307 nequeunt.
3403 2213 3545 2297 Con-

1942 2311 2180 2366 stantino
2217 2314 2362 2370 enim
2396 2331 2577 2373 rerum
2610 2319 2662 2375 in
2694 2319 2988 2381 Occidente
3020 2326 3197 2397 potito
3217 2371 3233 2395 ,
3266 2329 3448 2400 quieta
3477 2348 3543 2389 ac

1941 2404 2230 2473 tranquilla
2270 2418 2427 2464 erant
2465 2411 2684 2478 omnia;
2727 2413 2910 2471 nullus
2940 2433 2969 2470 a
3016 2419 3332 2489 gentilibus‘
3350 2438 3541 2495 perse-

1941 2499 2175 2555 cutionis
2214 2513 2413 2559 metus.
2448 2504 2718 2562 Vivebant
2746 2507 3039 2569 Christiani
3081 2513 3181 2571 sub
3211 2514 3328 2588 ejus
3357 2529 3543 2590 patro-

1941 2591 2086 2649 cinio
2111 2594 2245 2662 tuti,
2275 2594 2484 2669 legibus
2511 2600 2742 2667 muniti,
2766 2603 3065 2676 privilegiis
3090 2608 3269 2663 ornati
3293 2651 3308 2674 ,
3335 2608 3541 2669 divitiis

1942 2692 1999 2741 et
2018 2685 2373 2758 dignitatibus
2389 2693 2554 2759 aucti,
2578 2694 2926 2766 magistratus
2952 2699 3172 2772 ubique,
3195 2701 3541 2775 imperatoris

1942 2781 2193 2856 exemplo
2214 2828 2228 2853 ,
2257 2786 2518 2857 propitios
2546 2797 2603 2844 et
2630 2788 2923 2847 benevolos
2951 2795 3186 2869 experti.

2019 2912 2040 2949 ί
2071 2893 2205 2951 Tota
2250 2897 2520 2955 scribendi
2569 2901 2707 2957 ratio
2755 2902 2857 2959 aevi
2903 2902 3160 2978 Cypriani
3213 2908 3487 2981 ingenium
3518 2951 3537 2982 ,

1942 3004 2125 3047 mores
2152 3032 2168 3057 ,
2210 3001 2266 3048 et
2303 2992 2643 3061 disciplinam
2697 2997 2957 3055 imitatur.
2989 2999 3183 3058 Iisdem
3230 3019 3369 3075 pene
3414 3022 3537 3064 cum

302 3084 552 3170 WE
588 3084 838 3173 sententia
874 3121 1169 3176 summatim
1204 3138 1238 3178 ι
1278 3121 1443 3180 Careo
1479 3128 1729 3198 exposita.
1762 3159 1834 3170 —
1861 3132 1908 3197 C
1941 3084 2294 3198 I?rt_u|lia_no.
2317 3096 2378 3193 ξι
2421 3088 2991 3198 ΟῩΡήδηοΑιὲᾳυῗῃρί
3036 3096 3211 3198 is
3235 3114 3375 3198 ,ΜΨ
3404 3116 3540 3198 ,η’το

222 3205 496 3263 ῡοάπειιὶ
542 3211 869 3268 sententiam
921 3215 1228 3270 summatim
1276 3219 1497 3289 exponit
1544 3220 1835 3291 perdoctus

218 3297 435 3356 Caseus
458 3299 534 3356 ita
558 3301 837 3362 disserens
862 3304 944 3378 (2)
976 3325 991 3362 :
1020 3324 1041 3359 ι
1064 3305 1369 3366 Notandum
1410 3311 1572 3383 igitur
1596 3314 1653 3370 1⁸
1679 3312 1838 3373 Com-

218 3392 544 3452 modianum
556 3395 802 3454 decernas
820 3407 1028 3457 tantum
1047 3416 1077 3458 a
1097 3402 1316 3459 Christo
1333 3420 1506 3463 annos
1525 3422 1831 3467 numerare.

218 3485 477 3547 instruct.
513 3506 588 3558 vi,
619 3507 761 3549 vers.
791 3492 858 3560 2,
898 3494 1125 3567 gentiles
1163 3497 1235 3553 ita
1273 3498 1599 3573 alloquitur:

408 3609 475 3661 Et
498 3612 541 3661 si
564 3610 830 3675 parvulitas
850 3613 923 3663 sic
942 3614 1130 3673 sensit,
1149 3628 1238 3666 cur
1259 3616 1401 3667 annis
1419 3617 1650 3670 ducentis

410 3692 601 3745 Fuistis
622 3693 838 3747 infantes
852 3693 879 3745 ?
904 3696 1142 3761 numquid
1168 3704 1222 3750 et
1243 3712 1443 3763 semper
1467 3701 1645 3752 eritis?

223 3797 525 3855 Fatendum
553 3806 667 3867 est,
698 3799 963 3857 ducentos
993 3800 1097 3857 hoc
1136 3802 1255 3860 loco
1290 3818 1461 3861 annos
1497 3820 1605 3862 non
1645 3808 1832 3865 stricte

220 3909 352 3950 esse
376 3893 771 3967 intelligendos,
800 3895 954 3966 quasi
978 3912 1084 3951 non
1111 3897 1307 3953 fuerint
1323 3899 1487 3970 paulo
1507 3901 1706 3971 plures.
1727 3902 1830 3958 Ve-

222 3988 487 4044 resenim
511 3989 740 4045 nondum
766 3990 1056 4047 adinventa
1077 4006 1327 4047 accurata
1360 4008 1488 4048 tera:
1516 3992 1829 4050 christiana:

224 4079 485 4153 Epoeha,
518 4098 684 4140 annos
711 4099 740 4137 a
771 4081 991 4139 Christo
1024 4093 1149 4140 nato
1185 4083 1253 4140 ad
1291 4099 1445 4140 suam
1487 4099 1655 4155 usque
1693 4094 1826 4141 :eta-

221 4185 336 4232 tem
375 4185 777 4248 eomputantes,
809 4192 1036 4233 numero
1064 4176 1381 4250 plerumque
1411 4177 1644 4234 rotundo
1680 4178 1827 4250 loqui

215 4269 430 4337 solent,
470 4280 523 4325 et
560 4271 613 4326 in
649 4270 757 4327 ﬁne
795 4271 962 4327 seculi
1004 4271 1248 4342 proxime
1286 4271 1454 4341 elapsi
1491 4270 1823 4339 subsistere,

218 4370 435 4419 resecto
454 4403 473 4425 ,
504 4363 625 4433 plus
652 4364 941 4434 minusque
980 4361 1174 4430 fuerit,
1204 4362 1344 4433 quod
1381 4363 1652 4429 excurrit,
1685 4372 1824 4419 temo

216 4467 368 4525 pore.
399 4453 738 4526 Quandoque
764 4464 821 4511 et
850 4455 923 4510 ita
952 4468 1014 4511 se
1044 4454 1280 4525 explicat
1308 4453 1601 4521 Arnobius,
1641 4454 1736 4511 lib.
1767 4470 1821 4522 ι,

220 4562 337 4619 pag.
368 4546 443 4601 9:
481 4545 715 4601 Trecenti
749 4555 869 4603 sunt
904 4547 1030 4601 anni
1056 4546 1245 4618 ferme,
1277 4547 1448 4602 minus
1473 4548 1552 4603 uel
1581 4547 1697 4617 plus
1724 4545 1822 4601 alio
1850 4538 1903 4601 Ι)

220 4642 341 4709 quid
357 4684 373 4708 ,
406 4658 476 4697 ex
501 4659 605 4713 quo
640 4642 884 4712 capimus
910 4658 1018 4699 esse
1054 4641 1340 4696 christiani.
1366 4640 1478 4698 Nec
1514 4641 1669 4696 aliter
1693 4639 1823 4697 olim

223 4733 426 4791 Ennius
443 4778 462 4803 ,
490 4735 799 4808 septingenti
824 4746 975 4803 sunt,
1011 4737 1165 4805 paulo
1195 4734 1309 4804 plus
1335 4744 1422 4790 aut
1450 4736 1645 4802 minus,
1677 4734 1820 4790 anni.

223 4824 416 4883 Verum
446 4826 552 4884 hoc
581 4844 876 4901 numquam
905 4828 976 4886 ab
1005 4828 1074 4884 iis
1104 4828 1300 4883 factum
1328 4835 1444 4892 est,
1479 4825 1567 4881 ttbi
1602 4826 1693 4897 qui
1732 4841 1823 4881 su-

224 4938 314 4995 pra
342 4939 628 4979 numerum
660 4933 955 4981 excurrunt
978 4924 1105 4979 anni
1125 4964 1141 4988 ,
1170 4923 1434 4995 integrum
1463 4922 1615 4977 istius
1640 4921 1820 4977 δεξιουιί

227 5020 450 5088 spatium
487 5028 792 5089 occupant;
831 5019 1003 5074 multo
1030 5019 1241 5084 minus,
1281 5016 1369 5072 ubi
1399 5016 1628 5072 alterum
1657 5015 1822 5071 etiam

231 5110 708 5181 comprehendunt.
736 5110 957 5168 Etiamsi
981 5111 1141 5183 igitur
1160 5108 1397 5166 nondum
1418 5115 1611 5165 exacto
1626 5106 1825 5163 saeculo

230 5204 419 5270 tertio,
446 5202 709 5261 ducentos
744 5218 917 5260 annos
955 5203 1135 5259 dicere
1167 5201 1341 5273 potuit
1367 5199 1817 5267 Commudianus,

228 5305 405 5354 tamen
432 5298 566 5355 ultra
596 5299 865 5356 labentem
894 5298 1161 5355 currentis
1189 5296 1372 5355 saxculi
1406 5305 1612 5368 partem
1634 5337 1649 5362 ,
1681 5293 1824 5349 nulla

224 5396 432 5453 ratione
477 5395 699 5454 extendi
760 5404 986 5467 queunt.
1047 5393 1251 5450 Invicto
1311 5391 1476 5464 plane
1534 5404 1823 5461 argumen-

224 5497 308 5559 to,
361 5491 625 5564 nulloque
672 5489 1004 5561 sophismate
1050 5485 1347 5553 eludendo,
1395 5490 1670 5539 auctorem
1721 5496 1855 5557 ηο-Δ

316 5627 367 5697 t)
395 5624 725 5701 ltigalt.Lad
754 5624 1008 5701 Instruat.
1037 5614 1583 5701 xxxnt_._\_rers._.§9§‘.

285 5629 367 5775 ﬁt)
395 5629 626 5699 Rigalt,
655 5629 725 5710 ad
754 5629 1008 5711 Instruat.
1037 5636 1215 5679 xxxm
1236 5662 1251 5683 .
1280 5629 1609 5745 versata/6.x
1802 5713 1823 5727 .

285 5695 746 5841 [getiazgigtst
780 5696 1028 5764 litteram
1059 5709 1182 5769 pag.
1212 5691 1338 5805 i31,
1368 5687 1499 5747 edit.
1612 5700 1706 5745 on.
1729 5698 1793 5744 se

1940 3180 2129 3248 utitur,
2159 3190 2217 3237 ut
2242 3181 2441 3255 ubique
2468 3185 2724 3242 observat
2754 3186 3033 3259 Rigaltius.
3058 3189 3250 3247 Novati
3300 3195 3539 3258 schisma

1938 3285 2165 3344 carpere
2205 3273 2445 3341 videtur,
2499 3274 2753 3335 lnstruct.
2805 3295 2934 3337 χιιι.
2986 3280 3357 3353 Reprehendit
3401 3303 3533 3357 eos,

1938 3363 2191 3423 lnstruct.
2225 3384 2341 3435 th,
2364 3370 2454 3440 qui
2481 3368 2609 3427 dum
2636 3370 2830 3430 fratres
2857 3374 3161 3434 aduersante
3188 3381 3401 3451 mundo,
3434 3384 3540 3441 sub

1935 3457 2100 3513 armis
2122 3457 2453 3527 laborarent,
2486 3461 2587 3532 ipsi
2617 3465 2743 3538 farti
2760 3465 2963 3535 opibus,
2992 3485 3083 3524 nec
3104 3483 3413 3543 pugnarent,
3442 3492 3535 3531 nec

1937 3553 2187 3621 pugnanti
2228 3569 2284 3608 se
2301 3553 2555 3618 sisterent,
2584 3564 2639 3612 et
2679 3572 2801 3615 cum
2831 3559 3080 3618 viderent
3123 3563 3343 3621 fratrem
3373 3581 3537 3625 causa

1936 3643 2241 3703 schismatis
2283 3647 2629 3714 absteutum,
2662 3654 2923 3723 optabant
2947 3655 3298 3716 nihilominus
3327 3660 3380 3716 in
3413 3678 3536 3719 cas-

1935 3736 2034 3793 tris
2061 3752 2271 3807 pacem,
2302 3739 2691 3813 indulgentiam
2721 3760 2916 3817 nempe
2947 3746 3113 3819 lapsis
3142 3750 3375 3810 dandam
3397 3796 3413 3821 ,
3439 3770 3537 3811 an-

1934 3838 2148 3900 tequam
2176 3845 2279 3902 pax
2309 3832 2566 3890 Ecclesiae
2593 3834 2933 3894 redderetur.
2970 3839 3229 3901 Instruct.
3255 3860 3384 3912 Lvn,
3416 3847 3532 3904 dis-

1931 3922 2182 3993 ciplinam
2220 3940 2330 3980 non
2374 3942 2500 3983 esse
2539 3928 2700 3985 nimia
2724 3929 3057 4004 indulgentia
3088 3935 3373 3994 laxandam
3402 3954 3534 3995 con-

1931 4016 2122 4075 tendit.
2148 4017 2399 4076 lnstruct.
2428 4036 2521 4086 ut,
2565 4021 2672 4078 duo
2713 4025 3053 4083 desertorum
3092 4044 3292 4098 genera
3329 4032 3534 4089 consti-

1931 4110 2033 4167 tuit
2062 4127 2078 4166 :
2107 4110 2205 4167 Est
2229 4113 2366 4168 alius
2410 4130 2647 4185 nequam,
2674 4116 2765 4188 qui
2802 4118 3009 4177 scilicet
3033 4122 3306 4179 sacriﬁcat
3348 4124 3527 4192 idolo;

1929 4204 2063 4262 alius
2084 4206 2135 4261 in
2157 4217 2303 4279 parte
2325 4208 2535 4273 recedit,
2565 4210 2653 4280 qui
2682 4210 2897 4281 prasidi
2919 4212 3079 4270 olfert
3108 4214 3368 4283 libellum,
3391 4232 3529 4274 cono

1927 4302 2138 4359 cussori
2185 4301 2468 4372 pecuniam
2495 4344 2511 4368 ,
2566 4319 2635 4359 ne
2659 4304 2714 4358 in
2761 4304 3088 4376 Capitolium
3122 4308 3529 4367 sacriﬁcaturus

1926 4394 2290 4467 pertrahstur.
2321 4395 2582 4468 Respicit,
2618 4397 2791 4470 inquit
2818 4398 3116 4473 Rigaltius,
3158 4403 3479 4474 tlturiﬁcatos
3505 4444 3523 4473 ,

1927 4497 1984 4545 et
2023 4489 2362 4559 libeltatieos;
2402 4499 2462 4549 et.
2504 4490 2559 4549 hi
2604 4493 2824 4564 quidem
2871 4497 3203 4566 posteriores
3250 4499 3339 4556 vix
3379 4499 3526 4568 alio,

1926 4599 2088 4656 quam
2109 4601 2226 4642 aevo
2255 4585 2599 4660 Cyprianico,
2630 4599 3020 4649 memorantur.
3052 4591 3298 4651 lnﬁnitus
3324 4610 3525 4667 essem,

1925 4677 1973 4734 si
1998 4678 2176 4736 omnia
2207 4695 2573 4749 recenserem,
2602 4698 2725 4756 qua:
2750 4684 2820 4740 de
2849 4685 3249 4756 pmnitentibus,
3281 4688 3351 4744 de
3380 4704 3527 4745 mar-

1927 4772 2050 4844 tyrii
2074 4773 2216 4843 zelo,
2245 4774 2314 4832 de
2340 4776 2463 4848 fuga
2490 4777 2545 4835 in
2571 4779 2949 4849 persecutione
2972 4823 2987 4848 ,
3033 4780 3104 4838 de
3147 4782 3524 4839 schismatico-

1928 4884 2047 4924 rum
2069 4869 2293 4937 studiis,
2324 4872 2392 4927 de
2423 4887 2618 4944 pompa
2656 4874 2906 4931 funerum
2934 4917 2951 4942 ,
2981 4876 3053 4933 de
3068 4877 3190 4931 ﬁliis
3218 4879 3319 4934 sub
3335 4894 3524 4950 perse-

1928 4961 2147 5019 cutione
2170 4963 2440 5021 defunctis
2469 4980 2576 5021 non
2606 4965 2873 5038 lugendis,
2892 4968 3197 5037 deludtcis,
3227 4980 3362 5041 etc.,
3396 4988 3521 5030 cum

1928 5052 2200 5127 Cypriano
2224 5057 2531 5113 communia
2550 5057 2731 5115 habet.

2004 5189 2025 5224 α
2052 5169 2241 5238 Nulla,
2284 5186 2353 5228 ne
2404 5170 2619 5244 quidem
2661 5173 2935 5233 levissima
2985 5176 3040 5235 in
3072 5187 3186 5238 toto
3208 5181 3311 5239 hoc
3337 5182 3523 5241 libello

1929 5265 2169 5323 victoria
2193 5282 2223 5321 a
2249 5265 2626 5337 Constantino,
2645 5268 2715 5327 de
2730 5269 3004 5329 Maxentio
3019 5290 3192 5344 nuper
3210 5286 3519 5348 reportatae,

1934 5358 2084 5415 nulla
2126 5358 2265 5431 signi
2314 5361 2495 5417 crucis
2530 5362 2585 5418 in
2634 5364 2779 5422 celo
2817 5367 3144 5425 miraculose
3178 5372 3522 5443 apparentis,

1929 5452 2075 5509 nulla
2118 5452 2304 5524 gloriae
2331 5462 2387 5510 et
2424 5453 2689 5512 felicitatis
2706 5454 3064 5527 Constantini,
3094 5460 3179 5515 vel
3206 5459 3524 5519 immunita-
3616 5506 3623 5513 ς

1930 5554 2042 5601 tum
2080 5544 2336 5603 Ecclesiae
2381 5561 2760 5606 concessarum
2793 5551 3016 5619 mentio,
3055 5552 3200 5624 quod
3243 5563 3426 5614 tamen
3454 5557 3524 5613 ab

1930 5638 2148 5698 homine
2186 5640 2457 5700 immenso
2484 5658 2601 5701 sua:
2627 5643 2901 5715 religionis
2925 5644 3044 5702 zelo
3072 5644 3333 5721 ﬂagrante
3355 5691 3372 5717 ,
3406 5666 3524 5706 me-

1924 5731 2034 5791 rito
2071 5733 2350 5806 expectari
2388 5744 2622 5807 poterat.
2664 5734 3058 5809 Argumentum
3096 5737 3271 5799 lateor
3314 5739 3524 5813 negati-
