4142 6262
673 261 746 317 99
1514 264 1605 324 DE
1651 264 2106 326 COMMODIANO
2143 267 2443 340 GAZEU,
2484 271 2766 332 ORIGINE
2812 274 3016 332 AFRO.

3833 275 3950 331 9.00

641 384 910 450 tamquam
937 393 1006 437 ex
1034 379 1266 438 vinculis
1287 393 1352 436 ac
1377 379 1585 438 diutino
1613 382 1755 454 apud
1786 383 2052 439 Barbaros
2081 384 2186 440 situ
2210 428 2224 452 ,
2255 388 2307 450 Α
2337 388 2674 460 propriisque
2749 375 2979 446 Subinde
3059 387 3621 448 ammadversionibus
3689 389 3947 462 adjectis.

638 471 902 529 vindicias
930 488 1182 544 poscens.
1224 473 1334 532 Nec
1373 475 1642 534 vindicem
1673 493 1808 535 sane
1843 478 2005 533 alium
2039 489 2234 549 optare

638 563 812 635 potuit
844 568 1276 638 prastantiorcm
1308 566 1620 626 Sirmondo.
1654 569 1789 626 Nam
1821 571 2014 628 exinde
2052 581 2235 628 osten-

634 673 728 715 sus
751 668 808 715 et
830 660 1264 719 communicatos
1280 663 1492 730 amicis,
1517 665 1749 737 benigne
1771 667 1945 736 excipi
1972 681 2036 722 ac
2060 667 2232 724 foveri

632 754 819 826 coepit.
843 755 1026 828 Neque
1049 756 1223 828 ipsum
1246 757 1348 815 hac
1371 759 1610 817 editione
1631 776 1854 832 sperare
1874 761 2019 817 aliud
2044 763 2228 829 velim,

629 864 790 920 quam
836 860 894 904 ut
939 849 1153 907 oblatus
1200 853 1396 909 iterum
1429 853 1760 926 Sirmondo,
1811 853 1964 924 plena
2013 854 2228 910 demunt

627 960 693 1000 ac
726 943 880 1017 juxta
908 945 1050 1016 apud
1095 962 1220 1002 eum
1261 947 1688 1005 manumissione
1725 948 1986 1019 prodeat,
2020 949 2228 1006 liberali

627 1038 904 1097 schemate
953 1049 1132 1097 tersus
1178 1057 1245 1099 ac
1291 1042 1511 1098 nitidus.
1573 1043 1781 1099 Interea
1830 1059 1960 1098 vero
2000 1043 2128 1100 dum
2174 1043 2226 1098 id

624 1142 965 1205 properatur,
1007 1149 1215 1206 magna:
1255 1135 1596 1192 auctoritatis
1639 1135 2088 1192 manumissorem
2131 1151 2227 1191 ex.

624 1232 836 1280 oratum
859 1225 1053 1296 cupio;
1083 1241 1169 1294 ac,
1197 1241 1297 1299 pro
1325 1227 1426 1282 viri
1452 1225 1808 1298 benignitate,
1837 1227 2052 1283 confido
2083 1225 2221 1296 fore,

621 1321 796 1376 bonas
831 1331 890 1376 ut
922 1319 975 1375 in
1015 1329 1196 1392 partes
1231 1321 1481 1393 accipiat,
1527 1321 1690 1378 horas
1727 1321 1980 1393 aliquota
2007 1337 2095 1378 me
2121 1321 2225 1376 im-

618 1429 816 1486 pensas
842 1413 1048 1472 homini
1082 1415 1394 1472 christiana:
1426 1416 1645 1487 pietatis
1677 1431 1744 1472 ac
1767 1416 2070 1487 disciplina:
2098 1431 2226 1472 san-

616 1506 822 1563 cienda:
867 1508 1304 1566 studiosissimo:
1346 1509 1600 1565 nimirum
1651 1518 1711 1564 ut
1758 1518 2017 1582 appareat
2059 1509 2223 1566 hodie

616 1601 906 1673 Cypriano,
937 1600 1082 1656 sicut
1106 1601 1373 1656 Minucius
1401 1617 1575 1670 nuper
1595 1601 1806 1657 adstitit
1832 1601 2170 1658 Tertulliano
2203 1621 2218 1658 :

615 1704 672 1752 et
697 1693 806 1765 jam
833 1703 1060 1766 uterque
1100 1695 1294 1750 doctor
1321 1709 1420 1752 suo
1448 1694 1682 1767 gaudeat
1699 1696 1913 1766 sequaci
1941 1713 1955 1750 :
1991 1703 2220 1766 uterque

613 1787 742 1842 item
787 1787 1032 1844 minister
1069 1803 1169 1843 suo
1210 1788 1410 1843 serviat
1454 1788 1742 1858 magistro,
1773 1788 1888 1843 sive
1924 1787 2214 1844 sacerdoti.
2247 1790 2295 1852 B

615 1879 884 1937 Szeculum
929 1881 1031 1936 iste
1062 1895 1220 1935 suum
1251 1879 1408 1936 malis
1435 1879 1679 1935 moribus
1721 1879 2212 1951 inquinatissimum

611 1973 871 2046 castigat,
913 1987 1040 2029 acer
1085 1973 1282 2044 ubique
1321 1982 1377 2028 et
1418 1972 1672 2028 horridus
1720 1972 1956 2028 monitor
1999 1992 2011 2027 :
2063 1973 2213 2043 quasi

612 2064 934 2139 prophetico
961 2065 1142 2121 furore
1167 2064 1470 2120 carminum
1496 2080 1662 2120 sonos
1690 2064 1898 2130 fundit,
1931 2064 2211 2136 negligens

609 2159 816 2216 ordinis
837 2201 853 2226 ,
883 2160 1160 2230 negligens
1207 2149 1594 2231 elegantiarum
1615 2199 1632 2224 ,
1679 2158 1938 2231 asyndeta
1970 2159 2049 2214 vel
2078 2173 2209 2215 ana-

607 2253 784 2311 coluta
814 2253 1032 2322 passim,
1065 2263 1121 2308 ut
1149 2263 1327 2309 tamen
1354 2254 1551 2309 existat
1582 2257 1634 2308 in
1662 2253 1780 2324 ipso
1809 2253 2056 2322 neglectu
2081 2269 2209 2308 cura

606 2355 663 2403 ct
691 2343 948 2412 facultas,
979 2356 1033 2402 et
1062 2346 1350 2418 visvaliqua
1381 2345 1617 2402 dicendi.
1637 2377 1706 2385 —
1731 2345 2210 2402 Observationibus

604 2440 741 2495 meis
792 2438 894 2494 hoc
943 2439 1242 2510 prmsertim
1299 2439 1514 2505 studui,
1566 2439 1636 2496 de
1686 2439 2044 2510 scriptoribus
2091 2456 2208 2496 aevo

601 2533 976 2592 Commodiani
1006 2533 1268 2604 proximis
1290 2548 1586 2605 apponere,
1619 2533 1763 2604 quod
1791 2534 2035 2590 obscuris
2056 2533 2208 2590 daret

600 2625 795 2684 lucem.
826 2625 1178 2698 Coniecturas
1209 2626 1496 2698 proposui,
1543 2626 1732 2699 quales
1775 2627 1983 2699 absque
2023 2643 2205 2684 exem-

601 2719 841 2792 plaribus
897 2720 1132 2792 antiquis
1188 2729 1449 2790 praestare
1503 2736 1665 2776 nemo
1720 2718 1952 2784 debeat;
2010 2720 2204 2791 quibus

600 2822 783 2870 tamen
809 2813 884 2868 uti
909 2811 1134 2868 minime
1155 2811 1356 2882 pudeat
1373 2853 1390 2879 ,
1417 2811 1674 2883 quamdiu
1697 2827 1803 2866 non
1831 2811 2207 2868 contradicent

597 2904 950 2978 exemplaria.
989 2924 1009 2958 ι
1039 2905 1329 2976 Hucusque
1362 2904 1643 2976 ltigaltius.

668 3001 918 3058 Recensio
949 3000 1230 3055 editionum
1265 2999 1422 3069 hujus
1465 2997 1647 3054 libelli.
1675 3029 1742 3040 --
1767 2999 1982 3057 Primus
2021 3001 2200 3071 itaque

595 3091 1046 3148 Commodianum
1070 3106 1102 3145 e
1129 3089 1316 3146 Jacobi
1364 3090 1640 3146 Sirmondi
1675 3093 1986 3163 apographo
2014 3092 2200 3149 admo-

596 3183 724 3240 dum
754 3181 1018 3240 mendoso
1045 3179 1216 3238 edidit
1251 3181 1506 3239 Nicolaus
1543 3181 1806 3254 Rigaltius
1825 3225 1842 3252 ,
1874 3184 2015 3240 Tulli
2058 3186 2197 3242 Leu-
2223 3193 2268 3258 C

593 3292 780 3334 corum
821 3275 962 3346 apud
991 3275 1050 3331 S.
1079 3275 1344 3346 Belgrand
1373 3283 1430 3331 et
1461 3274 1514 3330 J.
1545 3275 1891 3332 Laurentium
1934 3286 2188 3350 typogra-

590 3370 827 3445 grapbos
855 3370 1071 3442 regios,
1113 3384 1259 3425 anno
1289 3368 1451 3438 1650,
1483 3370 1624 3426 indio
1655 3368 1759 3442 (1),
1808 3369 2008 3427 additis
2052 3373 2194 3429 notis

591 3466 840 3524 eruditis.
884 3461 1090 3521 Deinde
1127 3462 1406 3535 subjectus
1432 3472 1518 3521 est
1545 3464 1614 3519 ad
1649 3463 1856 3520 calcem
1899 3464 2190 3536 Cypriani,

591 3561 806 3619 Minucii
827 3601 844 3629 ,
870 3559 1126 3627 Arnobii,
1163 3567 1220 3614 et
1253 3558 1382 3614 Julii
1418 3557 1673 3625 Firmici,
1704 3558 1799 3628 qui
1823 3557 2067 3628 ejusdem
2097 3559 2192 3614 Ri-

588 3655 736 3728 galtii
766 3663 824 3712 et
851 3653 1083 3724 Philippi
1123 3651 1318 3708 Priorii
1356 3667 1486 3708 cura
1539 3650 1791 3707 illustrati
1840 3651 2188 3722 prodierunt,

588 3747 848 3813 Parisiis,
881 3745 1044 3813 1666,
1075 3745 1257 3802 in—fol.
1296 3736 1501 3802 Deinde
1526 3745 1744 3800 omissis
1777 3744 1989 3816 Rigaltii
2013 3744 2186 3812 notis,

587 3853 724 3901 tom.
776 3857 920 3899 xxvn
973 3839 1305 3896 Bibliotheca
1364 3837 1616 3903 Patrum,
1685 3837 1963 3910 Lugduni,
2027 3839 2187 3903 1677,

585 3939 755 3997 in-lol.
773 3939 858 3995 Ab
877 3952 946 3994 eo
968 3949 1211 4008 tempore
1230 3949 1356 3991 cum
1373 3933 1588 4006 Rigaltii
1609 3933 2180 4000 animadversionibus,

583 4030 957 4097 Dodwellique
992 4029 1393 4093 dissertatione,
1439 4035 1496 4082 et
1533 4025 1850 4098 praefatione
1881 4026 1945 4081 D.
1970 4025 2184 4082 Henrici

583 4124 854 4185 Leonardi
909 4119 1370 4182 Schurtztleischii
1421 4135 1645 4176 recusas
1681 4127 1765 4174 est
1811 4118 2181 4191 Wittebergze,

583 4219 747 4284 1705,
775 4218 941 4275 ιιι-ιο.
978 4215 1424 4288 Supplementnm
1465 4223 1713 4269 notarum
1755 4212 1810 4268 in
1838 4212 1985 4267 illum
2015 4213 2186 4284 scrip-

579 4325 754 4371 torem
773 4327 840 4369 ex
858 4308 1059 4366 Ezech.
1078 4307 1392 4380 Spanhentii
1411 4306 1550 4362 Bibl.
1570 4322 1694 4362 cum
1721 4305 1920 4362 laudati
1935 4304 2184 4362 Schurtz.

577 4405 804 4463 ﬂeischii
851 4402 1128 4460 Glossario
1167 4411 1224 4458 et
1271 4400 1448 4457 indice
1475 4402 1762 4471 separatim
1807 4415 2064 4458 excusnm
2099 4408 2184 4456 est

579 4497 967 4568 Wittehergae,
1022 4493 1185 4554 1709.
1236 4492 1406 4548 ἰιισιθ.
1457 4492 1751 4549 Posteriori
1802 4507 1916 4548 suae
1965 4491 2179 4549 Minucii

576 4590 777 4651 Felicis
807 4589 1034 4648 editioni
1073 4586 1520 4644 Commodianum
1563 4601 1778 4658 quoque
1809 4585 1950 4641 notis
1986 4587 2100 4643 suis
2126 4596 2181 4642 et
2201 4599 2256 4661 D

577 4686 796 4761 Rigaltii
824 4686 1150 4742 illustratum
1179 4682 1455 4755 snbjnnxit
1477 4685 1559 4738 vir
1583 4681 1919 4738 clarissimus
1941 4681 2175 4738 Joannes

574 4781 829 4842 Davisius
861 4779 1246 4850 Cantabrigiaa,
1296 4777 1460 4844 1711,
1504 4775 1676 4832 in-8°.
1711 4775 1970 4832 Eumdem
2001 4776 2171 4847 scrip-

573 4887 746 4935 torem
791 4873 1016 4932 exhibet
1053 4872 1216 4930 etiam
1265 4880 1544 4942 poetarum
1596 4869 1886 4925 latinorum
1926 4869 2174 4926 collectio

569 4969 901 5046 pisaurensis
920 5010 938 5037 ,
963 4978 1095 5024 tom.
1119 4983 1197 5034 vt,
1221 4981 1366 5022 anno
1398 4964 1562 5022 1756.
1589 4964 1872 5021 Postremo
1899 4963 2169 5033 Venetiis,

567 5081 712 5124 anno
768 5063 946 5132 1767,
1005 5063 1059 5118 in
1114 5058 1429 5116 Bibliotheca
1481 5069 1579 5115 oet.
1639 5055 1758 5113 PP.
1804 5067 1934 5113 tom.
1985 5073 2086 5124 ιιι,
2139 5073 2172 5114 a

568 5175 692 5232 pag.
751 5154 1060 5223 621—655,
1119 5168 1346 5210 recusus
1393 5153 1624 5210 habetur
1675 5151 2094 5208 Commodianus
2152 5169 2167 5207 :

571 5268 724 5310 suam
764 5260 946 5308 autem
976 5246 1296 5306 Gsllandius
1322 5247 1591 5318 expressit
1613 5246 1905 5304 editionem
1938 5244 2005 5301 ad
2035 5259 2165 5300 nor-

568 5364 712 5405 mam
739 5344 1056 5420 posterioris
1081 5342 1401 5415 Rigaltiana:
1428 5340 1761 5407 Parisiensis,
1790 5339 2035 5410 ejusdem
2063 5355 2163 5396 uo-

567 5443 655 5512 tis,
685 5456 804 5501 cum
835 5427 1128 5498 davisianis
1157 5437 1626 5495 observationibus
1654 5435 1822 5493 textui
1849 5434 2161 5507 suppositis,

637 5586 718 5658 (1)
748 5583 1097 5658 Clarissimtts
1135 5582 1410 5658 Remigius
1432 5580 1759 5658 Ceillierjus,
1785 5590 1996 5658 tom._tv
2018 5580 2160 5636 Hist.

564 5650 833 5722 General"
876 5672 997 5728 cap.
1022 5653 1078 5725 6,
1110 5671 1231 5728 pag.
1261 5650 1388 5721 181,
1416 5660 1566 5728 tingit
1593 5651 1885 5728 editionem
1907 5650 2163 5728 Commo-

562 5731 708 5789 diani
750 5721 1126 5801 pgisie'nsem'
1145 5721 1215 5784 de
1257 5742 1406 5801 anno
1427 5722 1591 5801 1618,
1615 5733 1673 5781 et
1695 5721 2012 5781 Gallandius
2038 5725 2160 5782 edi-

559 5791 770 5870 tioneni
791 5797 934 5860 Tulli
959 5799 1286 5867 Leucorum,
1314 5791 1478 5854 1819.
1598 5859 1608 5868 ο

2339 478 2606 536 Callandii
2651 481 2945 539 editionem
2997 493 3216 538 secutus
3269 493 3350 540 est
3408 482 3482 538 cl.
3530 479 3949 537 P.'Duminicus

2337 573 2620 630 Scltramm
2644 576 2968 634 Banthensis
2991 576 3369 634 Benedictinus
3391 578 3444 632 in
3467 576 3694 649 analysii
3717 576 3814 632 SS.
3838 575 3949 632 Pa-

2338 675 2510 736 trum,
2565 679 2697 724 tom.
2753 686 2844 735 γι,
2907 671 3164 741 Augusta:
3223 669 3626 727 Vindelicorum
3681 669 3851 731 1784,
3913 684 3944 722 a

2334 773 2458 831 pag.
2504 761 2811 818 485—518.
2860 762 2939 818 Ex
2991 762 3358 833 manuscripto
3404 761 3592 818 codice
3649 761 3708 818 S.
3756 759 3944 817 Albini

2336 854 2741 920 Andegavensis
2782 857 2895 913 loca
2941 857 3190 928 quwdam
3216 855 3591 912 Commodiani
3628 855 3944 913 emendavit

2332 947 2584 1004 Baluzius
2610 949 2677 1004 ad
2702 949 3030 1020 Cyprianum
3051 991 3066 1012 ,
3098 965 3220 1020 pag.
3253 948 3382 1014 451,
3405 949 3532 1014 455,
3563 949 3688 1004 458.
3721 948 3944 1003 Claudit

2330 1041 2706 1097 recensionem
2735 1043 2982 1112 opusculi
3011 1042 3174 1114 hujus
3198 1040 3410 1098 Cavens
3429 1039 3509 1114 (1)
3536 1039 3757 1112 optimis
3786 1040 3942 1096 hisce

2331 1134 2548 1206 Rigaltii
2605 1137 2830 1192 verbis:
2861 1155 2879 1189 ι
2933 1135 3076 1194 Usus
3112 1143 3168 1192 et
3205 1135 3446 1192 efﬁcacia
3498 1133 3666 1190 libelli
3711 1133 3942 1205 hujusce

2327 1226 2490 1285 fuerit
2509 1239 2766 1286 constans
2794 1239 2850 1286 et
2876 1241 3162 1301 perpetuus
3188 1244 3344 1284 amor
3369 1226 3600 1293 Christi;
3627 1227 3838 1284 animus
3864 1228 3938 1284 ad

2327 1324 2642 1394 martyrium
2673 1322 2858 1383 fortis:
2892 1323 3062 1393 pietas
3089 1337 3215 1394 erga
3248 1337 3511 1394 pauperes
3533 1321 3784 1378 maxima.
3816 1321 3940 1378 Hoc

2326 1425 2590 1483 praeterea
2627 1415 2771 1470 scire
2812 1414 2963 1481 vitia,
3009 1431 3127 1486 qua:
3161 1415 3458 1471 etiannmm
3500 1414 3794 1471 Ecclesiant
3828 1414 3938 1470 de-

2327 1502 2638 1572 honestant,
2661 1521 2784 1563 esse
2805 1506 3166 1564 vetustissima
3194 1525 3207 1561 :
3238 1506 3501 1562 infinitam
3528 1523 3742 1578 semper
3763 1507 3939 1564 fuisse

2325 1595 2395 1653 de
2421 1597 2583 1654 rebus
2610 1598 2809 1655 divinis
2833 1600 3225 1670 disputantium
3253 1600 3680 1671 multitudinem,
3715 1602 3936 1674 paucis-

2324 1692 2492 1746 simos
2519 1705 2648 1748 vero
2674 1691 3034 1750 Christianos.
3075 1713 3095 1746 ι

2915 1869 3207 1911 Αιιτιουιιιε
3243 1871 3297 1910 ιι*

2445 1982 2524 2038 De
2549 1984 2772 2041 Antonio
2803 1985 3060 2044 Carminis
3089 1989 3334 2044 adversus
3359 1997 3532 2061 gentes
3557 2002 3786 2047 auctore.

2389 2117 2606 2177 Cannen
2662 2121 2906 2178 adversus
2955 2133 3128 2196 gentes
3183 2121 3554 2181 Commodiano
3610 2127 3934 2199 subjectum;

2313 2231 2582 2288 perperam
2611 2215 2840 2273 Paulino
2869 2217 3080 2276 Nolano
3099 2219 3423 2276 attributum.
3447 2251 3520 2262 —
3538 2219 3932 2280 Comtnodiano

2311 2307 2620 2364 adnectitur
2647 2310 2718 2365 ob
2743 2314 3046 2383 argumenti
3098 2314 3420 2370 afﬁnitatem
3453 2330 3482 2370 a
3516 2315 3772 2386 perdocto
3803 2314 3933 2372 Gal-

2312 2399 2491 2457 landio
2541 2402 2759 2459 Carmen
2805 2406 2875 2459 ad
2925 2416 3122 2478 gentes,
3162 2407 3307 2478 quod
3355 2408 3456 2464 sub
3499 2411 3717 2465 nomine
3754 2410 3928 2466 sancti

2310 2491 2528 2550 Paulini
2557 2495 2755 2552 Nolani
2775 2500 3058 2570 superiore
3088 2501 3288 2556 saeculo
3310 2500 3616 2567 desinente,
3653 2502 3705 2556 in
3748 2502 3924 2560 lucem

2309 2588 2502 2644 extulit
2531 2589 2834 2647 Ludovicus
2881 2591 3223 2648 Muraturius.
3263 2593 3337 2649 At
3381 2610 3598 2650 carmen
3639 2594 3743 2652 hoc
3779 2595 3920 2653 Pan-

2308 2683 2474 2739 linum
2522 2695 2802 2742 auctorem
2849 2704 2956 2744 non
3004 2703 3330 2761 agnoscere,
3361 2690 3458 2746 sed
3500 2691 3667 2746 alium
3701 2691 3921 2748 nomine

2308 2776 2590 2832 Antonium
2610 2820 2626 2846 ,
2656 2795 2724 2836 ex
2761 2780 2979 2838 ethnica
3019 2782 3402 2854 superstitione
3427 2783 3494 2840 ad
3522 2783 3721 2840 Christi
3754 2784 3916 2840 tidem

2305 2884 2652 2939 conversum,
2676 2874 2886 2947 primus
2911 2886 3059 2932 recte
3081 2877 3390 2933 observavit
3410 2878 3646 2934 Joannes
3667 2879 3919 2935 Lironius

2303 2963 2686 3024 Benedictinus
2730 2969 2782 3024 in
2824 2984 2991 3041 opere
3034 2987 3177 3026 anno
3230 2972 3370 3028 1717
3403 2972 3623 3028 Parisiis
3670 2973 3815 3028 edito
3861 2983 3920 3029 et

2299 3059 2494 3131 galliae
2539 3063 2845 3135 inscripto:
2893 3064 2992 3122 Les
3035 3066 3295 3122 Aménités
3340 3067 3403 3121 de
3453 3068 3506 3122 la
3549 3068 3792 3139 critique,
3845 3084 3915 3123 ou

2301 3152 2656 3210 dissertations
2695 3166 2742 3211 et
2789 3173 3083 3230 remarques
3110 3159 3368 3214 nouvelles
3394 3177 3483 3214 sur
3525 3161 3692 3216 diuers
3741 3163 3914 3232 points

2301 3246 2364 3301 de
2403 3246 2688 3320 l’antiquité
2731 3251 3111 3323 ecclésiastique
3139 3263 3185 3307 et
3214 3257 3431 3325 profane
3451 3271 3469 3308 :
3497 3253 3566 3311 de
3585 3271 3691 3327 quo
3711 3265 3912 3327 praeter

2299 3339 2590 3398 Auctorem
2611 3342 2962 3402 Bibliotheca:
2981 3345 3251 3403 historica:
3281 3359 3336 3403 et
3357 3348 3560 3404 critica:
3586 3349 3909 3420 scriptorum

2297 3435 2732 3506 congregationis
2763 3436 2818 3494 S.
2854 3437 3020 3494 Mauri
3050 3436 3132 3511 (2)
3168 3438 3366 3496 videsis
3397 3442 3635 3497 Diarium
3665 3444 3911 3500 erudito~

2297 3539 2416 3581 rum
2443 3527 2749 3585 Parisiense
2778 3528 2881 3601 (επ

2371 3619 2498 3687 Quis
2528 3622 2683 3693 fuerit
2725 3623 2976 3698 Antonius
3015 3625 3105 3680 ille
3140 3626 3461 3699 disquiritur.
3486 3631 3709 3700 —Quis
3741 3648 3906 3702 porro

2293 3711 2456 3768 fuerit
2492 3714 2760 3770 Antonius
2820 3717 2911 3774 ille
2945 3720 3202 3776 carminis
3227 3733 3438 3788 auctor,
3472 3722 3615 3779 haud
3647 3725 3903 3798 equidem

2290 3807 2503 3877 assequi
2553 3809 2726 3866 valeo.
2771 3809 2827 3866 Si
2866 3828 3044 3884 grmce
3082 3816 3425 3888 scripsisset,
3468 3817 3622 3874 facile
3667 3819 3904 3878 fortasse

2292 3897 2427 3953 inter
2477 3899 2696 3958 Graecos
2725 3916 3071 3974 occurreret,
3101 3908 3187 3964 cui
3219 3924 3438 3966 carmen
3469 3913 3764 3970 referretur
3803 3932 3902 3971 ac-

2290 4004 2528 4063 ceptum.
2559 3995 2666 4052 Sed
2693 3998 3053 4070 requirendus
3079 4001 3282 4057 Auctor
3309 4003 3452 4060 inter
3477 4003 3723 4064 Latinos.

2359 4083 2593 4142 Fabricii
2617 4091 2910 4162 conjectura
2931 4092 2998 4148 de
3027 4093 3249 4150 Antonio
3278 4095 3586 4153 Fussalensi
3609 4101 3900 4172 rejecta.—

2288 4177 2360 4232 Et
2381 4178 2663 4237 Fabricius
2683 4181 2898 4254 quidem
2922 4201 2951 4239 a
2977 4195 3128 4258 tergo
3155 4189 3520 4262 inscriptionis
3544 4195 3628 4248 sui
3652 4195 3897 4256 delectus

2287 4283 2725 4341 argumentorum
2773 4274 3072 4351 Hamburgi
3117 4281 3350 4353 evulgati
3396 4299 3542 4340 anno
3588 4287 3727 4344 1725‘
3769 4305 3897 4346 car-

2287 4380 2444 4430 men,
2486 4366 2556 4424 de
2599 4385 2708 4440 quo
2753 4371 2993 4442 agimus,
3041 4372 3254 4431 cuidam
3303 4378 3540 4436 Antonio
3578 4380 3892 4442 Fussalensi

2283 4461 2570 4529 adscribit,
2602 4463 2743 4518 nulla
2774 4464 2980 4520 reddita
3012 4469 3222 4525 ratione
3261 4485 3358 4526 cur
3383 4471 3601 4531 demum
3640 4476 3716 4532 ita
3756 4493 3890 4535 cen-

2284 4563 2418 4609 seat.
2449 4553 2651 4623 Quodsi
2675 4573 2806 4614 vero
2846 4561 3140 4617 Antonium
3184 4560 3332 4616 illum
3361 4564 3735 4625 FusSah-nsem
3767 4587 3890 4627 res.

2282 4647 2519 4717 pexerit,
2574 4649 2729 4721 cujus
2776 4653 3022 4709 meminit
3071 4664 3290 4711 sanctus
3331 4658 3666 4730 Augustinus
3698 4661 3798 4736 (4),
3854 4681 3886 4721 a

2278 4758 2410 4800 vero
2457 4743 2615 4816 longe
2660 4748 2966 4804 aberrasset
2990 4749 3074 4805 vir
3121 4751 3384 4807 eruditus.
3435 4754 3684 4813 Nostrum
3733 4760 3883 4818 enim

2278 4838 2568 4893 Antonium
2607 4839 2918 4911 priusquam
2968 4841 3187 4900 Christo
3228 4861 3424 4903 nomen
3469 4849 3659 4919 daret,
3710 4851 3883 4926 impio

2277 4929 2534 4986 falsorum
2578 4931 2854 4988 numinum
2884 4935 3050 4991 cultui
3089 4934 3257 4994 fuisse
3284 4939 3554 4997 addictum
3579 4986 3594 5009 ,
3623 4945 3784 5000 variis
3808 4962 3882 5004 ex

2275 5022 2408 5078 locis
2427 5034 2762 5092 compertum
2791 5026 3071 5084 habemus.
3101 5029 3168 5085 Et
3190 5033 3423 5102 primum
3449 5037 3664 5107 quidem
3691 5041 3876 5098 Statim

2273 5121 2344 5178 ab
2367 5121 2518 5179 initio
2546 5123 2622 5178 ait
2651 5122 2912 5196 (Carmen,
2942 5143 3071 5183 vers.
3107 5127 3161 5200 1)
3193 5149 3206 5184 :

2397 5234 2620 5288 Discussi
2639 5274 2652 5299 ,
2680 5236 2859 5300 fateor,
2879 5249 3040 5294 sectas
3063 5243 3303 5297 Antonius
3320 5263 3510 5302 omnes.

2339 5366 2424 5510 él)
2452 5367 2701 5452 cavens...
2739 5367 2876 5424 Hist.
2927 5372 3051 5439 litt.,
3084 5383 3125 5429 t.
3171 5392 3208 5441 ι,
3237 5378 3303 5432 ad
3333 5393 3461 5436 ann.
3490 5380 3614 5448 270,
3652 5397 3703 5451 p.
3737 5387 3866 5445 138.

2363 5439 2420 5509 2)
2458 5438 2595 5495 Bibl.
2633 5439 2830 5497 Hrstor.
2879 5445 2996 5499 crit.
3024 5447 3114 5500 des
3153 5449 3374 5504 Auteatrs
3431 5452 3496 5508 de
3547 5461 3599 5509 la
3639 5457 3866 5510 Conaré-

2363 5439 2420 5529 ᾖ)
2458 5438 2830 5529 Biblz‘liistor.
2879 5445 2996 5499 crit.
3015 5438 3114 5529 tiles
3153 5438 3374 5504 Avuteatrs
3431 5452 3496 5508 de
3547 5438 3614 5509 la,
3639 5438 3870 5529 Cong—re;

2265 5512 2440 5581 gation
2462 5511 2534 5583 _de
2561 5511 2830 5581 Sl-Maur,
2864 5531 2981 5583 pag.
3007 5517 3134 5574 201.

2297 5581 2667 5709 tgf's'gvdournal
2691 5585 2781 5641 des
2811 5581 3053 5655 suvibus,
3086 5605 3217 5651 ann.
3247 5594 3409 5663 1717,
3434 5597 3570 5668 join,
3602 5615 3720 5673 pag.
3753 5601 3868 5661 654

2262 5668 2320 5711 et
2335 5668 2474 5711 smv.

2335 5723 2931 5821 ii).§289§li2;-'eze
2973 5732 3106 5821 29?.
3145 5736 3232 5821 31,-.
3268 5739 3396 5808 εδει
3436 5755 3496 5798 ιιι
3523 5741 3578 5811 δ.
3607 5755 3665 5801 ει
3699 5760 3864 5821 seqq.

2261 5812 2389 5871 Opp.
2417 5805 2554 5858 tom.
2589 5812 2647 5869 ιι,
2677 5814 2799 5874 pag.
2825 5802 2952 5872 777,
2981 5805 3114 5864 edit.
3145 5807 3250 5864 BD.
