4196 6246
309 307 418 363 209
525 308 600 384 (ν.
629 305 785 382 158.)

304 423 649 494 Repudiatus
673 425 819 481 enim
845 426 1098 485 discessit
1139 429 1263 486 inde
1289 431 1518 489 divinus.

304 515 529 572 Terruit
566 517 711 572 hunc
741 518 892 588 virgo
921 522 1136 590 specie,
1163 539 1320 594 quam
1349 526 1439 582 ille
1463 527 1708 584 deberet.

299 605 399 662 Illa
430 607 580 676 prior
603 622 724 676 qua:
754 609 1018 666 debuerat
1038 612 1198 669 deum
1227 618 1491 672 amavisse
1511 659 1526 683 ,

302 696 625 754 Lasciviens
647 701 736 770 qui
767 701 1048 771 Dapltnem
1083 707 1161 760 sic
1190 709 1352 778 carpit
1375 725 1560 765 amare
1589 728 1601 764 :

301 791 373 847 Et
404 801 584 847 tamen
625 793 948 865 insequitur,
995 796 1122 852 dum
1155 800 1268 855 vult
1297 802 1501 858 violare
1533 807 1800 874 puellam;

303 881 489 938 Gratis
518 893 664 938 amat
693 887 921 952 stultus,
951 903 1050 944 nec
1077 891 1248 960 potuit
1276 896 1533 964 consequi
1563 911 1749 953 cursu.

304 975 404 1032 Vel
427 1017 443 1043 ,
477 977 523 1031 si
553 977 690 1032 deus
721 989 875 1046 erat,
907 993 1216 1039 occurreret
1243 985 1319 1040 illi
1349 1002 1442 1056 per
1468 1004 1647 1043 auras.

312 1067 426 1124 Sub
453 1069 612 1123 tectis
638 1069 728 1124 illa
761 1069 912 1140 prior
939 1073 1116 1138 venit,
1152 1078 1411 1131 remansit
1437 1093 1542 1147 que
1574 1079 1805 1136 divinus.

306 1157 472 1215 Fallit
514 1175 611 1216 vos
643 1176 780 1231 gens
826 1160 1139 1233 hominum,
1169 1183 1292 1222 nam
1332 1169 1474 1224 victu
1505 1172 1641 1226 tristi
1668 1176 1902 1234 fuerunt.

301 1252 521 1310 Admeti
566 1269 760 1324 pecora
787 1271 1003 1328 quoque
1031 1261 1245 1328 pavisse
1275 1261 1525 1317 refertur.

300 1345 536 1401 Lusibus
566 1347 835 1417 impositis
878 1349 1007 1405 dum
1037 1351 1272 1408 mitteret
1297 1353 1504 1409 discum
1541 1355 1594 1410 in
1624 1357 1790 1412 altum
1810 1401 1825 1425 ,

303 1438 634 1508 Sublapsum
665 1456 768 1495 non
799 1443 973 1511 potuit
1011 1445 1273 1500 retinere:
1307 1448 1596 1516 prostravit
1622 1450 1856 1506 amicum
1883 1469 1896 1505 τ

300 1530 543 1588 Ultimus
564 1532 654 1589 ille
682 1533 798 1590 dies
826 1535 924 1590 fuit
957 1537 1240 1609 Hyacinthi
1269 1540 1494 1596 sodalis.

297 1625 356 1683 Si
382 1626 603 1683 divinus
633 1637 785 1696 erat,
819 1639 1050 1686 mortem
1081 1633 1386 1702 praescisset
1406 1636 1586 1692 amici.

654 1784 1007 1827 lib—LIBER
1043 1786 1234 1840 PATER,
1277 1788 1530 1830 BACCHUS.

299 1897 563 1954 Liberum
587 1906 798 1970 patrem
829 1909 978 1956 certe
1001 1901 1086 1956 bis
1109 1902 1348 1972 genitum
1371 1901 1552 1957 dicitis
1579 1902 1714 1973 ipsi,

298 1989 358 2045 ln
386 1988 534 2046 India
565 1999 724 2046 natus
751 2005 819 2047 ex
842 1990 976 2048 Jove
997 1991 1319 2064 Proserpina
1345 1992 1598 2063 primum.

1454 317 1824 377 ADVERSUS
1862 320 2175 380 GENTIUM
2219 326 2413 386 DEOS.

1925 1833 1972 1892 B

3132 339 3205 413 (v.
3238 338 3394 410 ist.)
3502 335 3611 396 ato

1930 441 1982 500 Α
2007 441 2338 514 Belligerans
2368 457 2553 504 contra
2585 450 2777 506 titanas
2806 454 3028 522 profuso
3055 470 3249 512 cruore
3273 498 3287 521 ,

2013 533 2319 604 Exspiravit
2348 538 2491 593 enim
2517 539 2653 594 sicut
2681 557 2747 598 ex
2775 546 3090 600 mortalibus
3115 562 3254 602 unus

2012 627 2219 685 Rursus
2247 630 2357 687 fato
2389 648 2488 688 suo
2517 636 2760 692 redditus
2786 638 2839 692 in
2866 639 3039 695 altero
3066 651 3253 696 ventre

2010 721 2249 787 Percipit
2277 723 2378 779 hoc
2406 723 2618 782 Semele
2652 729 2846 784 iterum
2887 729 3036 786 Jovis
3065 733 3235 786 altera
3265 732 3422 786 Maia.

2008 813 2264 870 Abscissa
2289 817 2442 887 cujus
2482 830 2656 882 utero,
2705 836 2872 892 pr0pe
2903 834 3112 891 partmn
3155 824 3446 889 defunctae,

2008 907 2258 972 Tollitur,
2287 919 2342 964 et
2365 910 2525 966 datur
2550 913 2680 969 Niso
2711 915 3027 970 nutriendus
3053 917 3322 980 alumnus,

2008 999 2085 1054 Ex
2119 1015 2184 1053 eo
2210 1001 2290 1057 bis
2323 1011 2498 1068 natus,
2529 1005 2791 1078 Dionysus
2819 1008 2911 1063 ille
2951 1019 3193 1079 vocatur,

2007 1089 2219 1160 Religio
2243 1093 2395 1161 cujus
2423 1095 2475 1150 in
2501 1111 2671 1152 vacuo
2703 1097 2829 1154 falsa
2863 1111 3102 1155 curatur.

2006 1181 2346 1240 Bacchantur
2372 1195 2426 1241 et
2464 1188 2561 1251 illi,
2589 1191 2763 1259 qualia
2798 1208 2939 1246 nunc
2968 1194 3067 1260 ipsi
3098 1193 3344 1248 videntur

2005 1277 2110 1330 Aut
2139 1279 2478 1347 periculoncs
2506 1282 3018 1356 Mimm'rmonisque
3057 1287 3286 1352 futores,

2005 1367 2328 1439 Conspirant
2355 1373 2406 1427 in
2437 1375 2599 1440 malo,
2631 1377 2915 1445 proludunt
2949 1378 3074 1433 ficto
3099 1394 3314 1446 surore,

2005 1462 2229 1517 Ceteros
2255 1475 2311 1518 ut
2337 1463 2543 1528 fallant.
2572 1467 2814 1523 dicturos
2845 1485 3045 1525 numen
3075 1470 3289 1526 adesse.

2006 1554 2142 1610 Hinc
2171 1557 2452 1614 manifeste
2479 1559 2630 1615 vides
2657 1561 2902 1617 homines
2931 1564 3110 1619 simile
3138 1564 3402 1630 viventes,

2005 1647 2143 1703 Vino
2170 1652 2450 1718 permotati
2479 1653 2684 1722 primus
2731 1654 2874 1724 quod
2892 1667 3234 1724 expresserat
3259 1657 3348 1712 ille
3368 1699 3383 1723 ,

2007 1738 2119 1795 Sub
2145 1740 2353 1798 ludicro
2377 1758 2477 1799 suo
2504 1744 2764 1800 honorem
2799 1745 2876 1800 illi
2911 1745 3129 1802 dedere.

2497 1896 2608 1936 XIII.
2651 1910 2722 1922 --
2761 1897 3023 1938 INVICTUS.

2002 2016 2234 2072 invictus
2282 2015 2349 2072 de
2381 2024 2531 2086 petra
2562 2026 2742 2083 natus,
2775 2017 2821 2072 si
2847 2016 2981 2073 deus
3007 2017 3255 2091 habetur,

1678 2152 2235 2211 COMMENTARIUS.

301 2274 426 2340 [lum
461 2265 661 2340 duplici
688 2268 856 2324 corde
884 2269 1013 2334 fuit,
1049 2268 1346 2340 fefellitque
1374 2279 1670 2326 amatorem
1702 2286 1881 2328 suum.

301 2330 427 2412 U_no
470 2330 634 2412 corde
699 2341 944 2404 promisit
996 2330 1276 2408 amplexus
1321 2357 1446 2396 suos
1495 2343 1774 2412 Apollini,
1832 2352 1889 2397 ut

299 2404 374 2482 ab
417 2421 485 2482 eo
515 2409 768 2482 disceret
801 2422 971 2466 artem
1025 2404 1340 2467 divinandi:
1369 2404 1558 2467 altero'
1573 2413 1737 2468 corde
1762 2404 1887 2482 per-

301 2473 412 2529 ﬁda
454 2478 582 2552 fuit;
637 2493 917 2551 postquam
947 2482 1167 2546 didicit.
1213 2485 1424 2552 negavit.
1454 2483 1593 2551 quod
1629 2473 1890 2550 proiiiise-

300 2557 416 2627 rat.
461 2550 680 2627 _Bicot:s,
723 2550 975 2627 ambiguo
1023 2554 1216 2627 corde,
1271 2550 1565 2627 Hesychius
1610 2555 1844 2627 Διψυχὶα
1870 2596 1887 2621 ,

306 2618 526 2694 éwopiai.
592 2618 1008 2694 Commodianus
1063 2618 1321 2686 dixisSet,
1377 2618 1648 2684 birordia.
1678 2618 1688 2627 ’
1720 2618 1787 2676 o't'
1838 2618 1890 2681 in

304 2690 555 2770 epistolis
596 2693 850 2770 Ba_rnabae
893 2705 948 2751 et
974 2695 1266 2751 Clementis
1289 2737 1303 2762 ,
1335 2695 1588 2768 διψύχος,
1622 2696 1892 2770 διγνώμος,

301 2755 611 2833 deflebam;
653 2766 773 2821 RIG.

376 2831 587 2907 Terruit
624 2839 757 2890 hunc
783 2837 925 2907 virgo
951 2838 1135 2904 specie.
1167 2837 1296 2904 Leg.
1328 2837 1550 2892 Torruil.
1584 2837 1705 2894 RIG.

380 2903 489 2958 Illa
518 2909 658 2974 prior
678 2924 792 2975 qua:
818 2903 1078 2964 debuerat.
1105 2913 1142 2962 A
1170 2903 1278 2978 quo
1302 2918 1408 2962 tam
1427 2909 1700 2964 efficacem
1727 2909 1900 2965 scien-

299 2974 433 3048 tiam
479 2974 757 3048 percipere
787 2981 1055 3045 cupiebat.
1093 2974 1209 3036 th'.
1786 3024 1788 3026 .

365 3045 493 3109 Nec
532 3045 696 3118 patuit
723 3051 961 3120 consequi
989 3067 1163 3104 cursu.
1188 3049 1358 3105 Julius
1390 3050 1656 3105 Firmicus
1686 3069 1697 3104 :
1734 3069 1753 3103 ι
1786 3051 1892 3107 Sed

301 3107 370 3174 ei
425 3102 552 3174 istor
577 3102 899 3175 itnulierutn'
931 3102 1326 3190 corruptarum”
1356 3102 1695 3191 gitégéi’uiia‘
1719 3102 1892 3190 puella
1921 3102 1965 3165 C

297 3202 602 3262 amatorem
641 3193 803 3246 deum
851 3203 901 3246 et
933 3193 1122 3247 vitavit
1151 3202 1204 3246 et
1241 3194 1384 3246 vicit.
1428 3191 1702 3262 Daphnem
1746 3195 1890 3247 enim

297 3261 558 3316 divinans
597 3263 731 3318 deus
788 3272 842 3317 et
889 3263 1062 3317 futura
1119 3262 1455 3332 prurdieens,
1513 3261 1610 3318 nec
1652 3266 1894 3320 invenire

297 3334 480 3402 potuit
523 3349 625 3388 nec
653 3344 923 3401 stuprare.
967 3354 984 3386 ι
1035 3334 1231 3389 Euseb.
1263 3333 1351 3402 qui
1381 3350 1586 3401 supra:
1625 3354 1642 3385 ι
1681 3333 1726 3389 Ο
1750 3335 1891 3403 inju-

296 3405 472 3477 riam!
517 3404 685 3473 Virgo
735 3405 806 3458 ob
846 3405 1153 3477 pudicitiam
1200 3404 1331 3474 fugit
1369 3407 1544 3477 :deus
1584 3415 1762 3460 autem
1800 3407 1890 3477 qui

295 3474 520 3540 dicitur,
549 3478 621 3531 ob
645 3491 882 3531 amorem
917 3476 1153 3531 libidinis
1179 3476 1495 3545 insequitur,
1529 3486 1582 3529 et
1609 3494 1714 3532 non
1745 3474 1892 3532 coin-

296 3547 590 3615 prehendit
615 3589 628 3607 ,
656 3557 762 3602 etc.
787 3565 806 3598 ι
830 3549 894 3601 Et
922 3549 1080 3616 paulo
1110 3555 1258 3614 post:
1284 3566 1302 3598 ε
1336 3547 1440 3600 Sed
1475 3549 1614 3602 forte
1645 3548 1888 3613 quzrdam

299 3628 465 3686 poeta
508 3618 683 3672 facilis
721 3629 775 3673 et
823 3617 1218 3673 inconsiderate
1267 3619 1489 3686 loquens
1528 3619 1780 3674 mentitus
1821 3619 1890 3674 de

303 3688 409 3759 diis
453 3699 538 3744 est
580 3690 740 3756 talia,
787 3701 842 3744 et
890 3704 994 3744 non
1049 3698 1132 3744 est
1184 3689 1455 3743 insecutus
1499 3690 1756 3759 virginem
1808 3691 1889 3746 ci-

304 3758 528 3815 tharista
549 3801 566 3825 ,
600 3770 704 3816 etc.
744 3780 762 3812 ι

377 3831 522 3884 Nam
549 3833 682 3886 victu
705 3833 837 3886 tristi
864 3834 1084 3902 fuerunt.
1112 3831 1170 3885 ln
1193 3831 1502 3902 apographo
1525 3831 1716 3902 legitur
1743 3833 1884 3900 bizo,

305 3904 660 3970 depravatum
688 3919 750 3956 ex
779 3906 930 3957 virtu.
966 3904 1083 3957 HIC.

382 3972 558 4026 Tristi.
592 3974 716 4028 Diro
736 4016 750 4035 ,
784 3973 980 4027 misero
1001 4014 1014 4034 ,
1047 3972 1250 4039 crmlo,
1279 3973 1389 4028 sive
1405 3973 1630 4028 crudeli.
1667 3975 1787 4030 th.

376 4044 584 4098 Admeti
635 4061 816 4111 pecora
863 4060 1078 4113 quoque.
1127 4043 1373 4098 Baluztus
1414 4046 1464 4098 in
1498 4045 1636 4098 notis
1665 4046 1730 4099 ad
1779 4044 1884 4116 Cy-

301 4117 555 4186 prianum
583 4116 645 4168 de
664 4116 834 4170 idolor
879 4116 1033 4168 vanit.
1056 4155 1072 4186 ,
1114 4127 1294 4168 monet
1321 4117 1370 4168 in
1391 4130 1491 4168 ms.
1514 4116 1886 4171 Commodiani

298 4185 603 4253 exemplari
637 4188 695 4242 S.
745 4186 918 4239 Albini
964 4185 1351 4255 andegavensis
1384 4186 1642 4256 scriptum
1691 4202 1812 4242 esse
1855 4204 1887 4241 a

298 4259 533 4329 primitia
567 4274 661 4321 pro
691 4257 907 4310 Admeti.
941 4257 1120 4312 DAV‘IS.

369 4329 620 4383 Liberum
670 4338 861 4398 patrem
921 4340 1052 4381 certe
1107 4329 1181 4382 bis
1233 4327 1478 4396 genitum.
1538 4327 1882 4384 Consimilem

297 4400 542 4455 fabulam
607 4407 789 4454 narrat
837 4399 1006 4453 Julius
1060 4399 1328 4469 Hyginus.
1383 4402 1598 4453 Astr0n.
1657 4415 1880 4455 CLXVII:

1991 2285 2058 2325 ex
2089 2271 2417 2345 Philostrato
2467 2271 2725 2345 colligere
2749 2281 2872 2339 est,
2919 2272 3279 2345 Nysamjesse
3306 2276 3470 2332 veluti
3512 2277 3593 2333 fe-

1993 2357 2114 2396 mur
2166 2341 2392 2397 Cancasi
2433 2360 2447 2396 :
2499 2341 2638 2396 hanc
2689 2358 2820 2398 vero
2868 2341 3073 2411 partem
3120 2343 3287 2400 fuisse
3334 2349 3598 2402 consitam

1993 2413 2118 2479 vite,
2170 2412 2417 2476 Baccho,
2466 2414 2760 2485 Dionysio;
2801 2423 2960 2482 atque
2991 2415 3114 2468 inde
3167 2415 3398 2470 fabulam
3448 2417 3596 2472 Jovis

1992 2485 2251 2552 gestantis
2293 2486 2344 2538 in
2403 2485 2635 2560 fetnore,
2687 2489 2737 2539 ἐν
2763 2494 2910 2560 μηρῷ
2977 2485 3262 2560 Bacchum.
3319 2487 3596 2560 Mensores

1994 2568 2279 2622 agrorum;
2337 2566 2392 2608 ut
2446 2556 2675 2610 vertices
2720 2567 2773 2609 et
2826 2556 3108 2625 supercilia
3162 2558 3464 2624 montium,
3515 2559 3596 2614 sic

1996 2626 2155 2678 etiam
2184 2625 2368 2700 femur
2397 2635 2452 2679 et
2495 2641 2672 2700 suram
2716 2635 2771 2680 et
2825 2627 3184 2700 crepidinem,
3217 2640 3272 2682 et
3309 2631 3595 2700 corrigiam

2003 2704 2058 2769 et
2099 2696 2285 2769 pedem
2316 2695 2533 2769 dixere_
2555 2696 2720 2751 Undae
2763 2704 2818 2750 et
2865 2707 3037 2766 poeta:
3068 2699 3359 2769 Dionysum
3404 2695 3593 2756 femori

2001 2764 2150 2820 Jovis
2179 2768 2460 2822 insertmn.
2505 2767 2623 2828 Βία.
2867 2764 2880 2766 “
3088 2823 3091 2826 ,

2075 2839 2176 2913 Aut
2207 2837 2542 2913 periculones.
2577 2837 2782 2913 Glossa;
2812 2849 3044 2904 veteres,
3059 2841 3413 2913 Ριφοκινδυνοκ,
3446 2842 3591 2913 peri-

2003 2908 2238 2979 culosus.
2267 2909 2368 2962 Alii
2391 2910 2596 2965 dixere.
2631 2911 2940 2971 naraholum
2966 2921 3018 2963 et
3047 2908 3434 2979 parabolanum
3462 2912 3597 2967 Pau-

2002 2979 2085 3032 lus
2113 2981 2178 3032 ad
2195 2978 2398 3056 _l_)hipp.
2417 2982 2931 3056 napaeolsuaapsvog
2958 2988 3020 3040 τὴ
3042 3004 3185 3056 φηχη
3209 2981 3397 3037 Versio
3428 2983 3592 3038 latina

2003 3004 2085 3032 tus
2113 3004 2177 3032 illi
2207 3004 2398 3048 rtttpp.
2417 3004 2931 3056 παραοολευσαμενος
2958 3005 3020 3040 τη
3042 3004 3185 3105 earn
3217 3004 3222 3016 ‘

2001 3059 2156 3104 vetus
2195 3050 2290 3104 Ms.
2325 3053 2652 3120 parabulatns
2674 3053 2736 3105 de
2758 3055 2931 3107 anima
2955 3069 3069 3106 sua.
3127 3058 3222 3108 ita.

2074 3121 2564 3194 Mimnermmtisque
2614 3135 2826 3179 sutores.
2881 3121 2972 3178 Sic
3017 3123 3208 3192 legitur
3252 3124 3313 3194 in,
3366 3138 3593 3194 apogra-

1999 3190 2124 3259 pho.
2161 3192 2390 3246 Fortcau
2437 3195 2728 3260 scripserat
2775 3190 3227 3259 Commodianus,
3263 3190 3596 3249 Mimnernia-

1996 3265 2222 3342 meriqne
2263 3273 2478 3342 sutores.
2508 3265 2830 3342 γελῳτρποιορ
2853 3263 3072 3342 ραςξωδοι
3099 3265 3189 3334 qui
3237 3281 3301 3318 ex
3345 3265 3596 3342 Mimner—

1997 3334 2066 3385 mi
2097 3345 2144 3388 et
2176 3334 2393 3388 Homeri
2441 3334 2768 3389 carminibus
2807 3334 2863 3390 in'
2890 3334 3050 3391 alium
3096 3349 3313 3389 sensum
3354 3337 3595 3391 consutis

1994 3411 2048 3476 et
2067 3407 2404 3476 concinnatis
2438 3407 2602 3460 risum
2641 3408 2924 3476 captabant
2950 3406 3000 3458 in
3048 3405 3289 3476 theatris.
3321 3405 3595 3462 Videmlus

1992 3474 2284 3548 Athenaeus
2327 3476 2421 3530 lib.
2463 3492 2578 3548 xttt.
2628 3474 2745 3548 pag,
2798 3478 2924 3533 620.
2974 3477 3061 3531 ubi
3110 3476 3176 3530 de
3231 3475 3490 3532 ltilarodis
3538 3488 3593 3533 et

1995 3543 2431 3615 ltilat'olragaadis
2487 3547 2605 3603 Rto.

2069 3616 2250 3672 Simile
2297 3620 2536 3690 viventes.
2578 3618 2648 3675 Ut
2691 3633 2886 3690 supra,
2939 3619 3040 3673 hac
3095 3619 3210 3688 ipsa
3264 3618 3426 3672 lustr.
3471 3618 3592 3673 bac-

1993 3691 2212 3742 chantur
2245 3689 2438 3759 qualia.
2489 3689 2801 3755 Juvenalis,
2858 3691 3189 3744 bacchanalia
3237 3691 3428 3744 vivunt.
3487 3691 3596 3746 Aut

1991 3759 2157 3813 simile
2185 3760 2558 3815 adverbialiter
2581 3761 2735 3826 dixit,
2767 3762 2906 3814 unde
2946 3760 3238 3815 simillime.
3273 3761 3391 3816 RIG.

2075 3829 2205 3884 Vino
2259 3832 2548 3903 permotati.
2599 3831 2870 3886 Motantur
2923 3833 3062 3903 bene
3108 3832 3248 3898 p0ti,
3303 3832 3589 3903 perpotati.
3671 3838 3674 3839 ⁷

1991 3900 2219 3966 Mutari,
2262 3900 2598 3968 frequenter
2663 3905 2887 3966 motari,
2946 3902 3280 3970 Frequenter
3349 3900 3588 3968 moveri;

1991 3971 2186 4095 tls‘altare
2217 3971 2349 4028 Hor.
2403 3970 2468 4026 Ut
2498 3973 2640 4043 festis
2668 3983 2903 4028 matrona
2962 3974 3149 4026 moveri
3191 3973 3344 4040 jussu
3390 3971 3587 4027 diebus.

2040 4057 2112 4095 ια.

2040 4057 2112 4098 IG.

2065 4111 2272 4167 Primus
2318 4114 2454 4183 quod
2519 4124 2836 4183 expresserat
2885 4113 2992 4167 ille.
3045 4113 3295 4183 Bacchus
3337 4113 3388 4165 itt
3443 4111 3590 4167 India

1992 4185 2194 4251 primus
2245 4182 2353 4238 vini
2379 4199 2531 4238 usum
2565 4182 2894 4239 monstrasse
2935 4184 3150 4238 dicitur.
3184 4182 3336 4238 Unde
3380 4193 3430 4238 ct
3460 4183 3589 4238 viti-

1989 4266 2155 4316 sator,
2188 4266 2242 4309 et
2272 4256 2457 4308 vitium
2507 4265 2767 4324 repertor.
2810 4255 2976 4311 αλιι..

2057 4325 2282 4380 Ludrico
2298 4343 2407 4395 suo.
2436 4325 2619 4389 Ludis,
2649 4327 2813 4395 orgiis
2844 4325 3147 4380 trietericis.
3179 4324 3298 4381 th.

2063 4398 2309 4451 Invictus.
2360 4394 2648 4451 Historiam
2695 4394 2941 4466 Agdestis
2991 4396 3212 4466 hujusce
3239 4395 3448 4459 invicti,
3495 4395 3589 4465 qui

303 4472 547 4549 ¢__Liber,
595 4469 744 4549 Jovis
785 4479 838 4524 et
883 4465 1214 4549 Proserpina:
1267 4469 1439 4549 filius.
1467 4485 1515 4549 na
1555 4470 1759 4549 Titanis
1798 4479 1882 4549 est
1908 4490 1957 4548 υ
1989 4467 2094 4549 fuit
2139 4483 2344 4549 magnae
2400 4467 2586 4549 mauis
2637 4465 2979 4549 filius..A;ttli
3015 4465 3214 4549 petrae,
3266 4468 3317 4520 in
3343 4465 3590 4549 Phrygiae

295 4544 598 4598 dietractus
617 4583 632 4606 ,
663 4541 813 4606 cujus
838 4555 931 4594 cor
955 4544 1260 4602 contritum,
1291 4538 1436 4593 Jovis
1465 4540 1693 4594 Semela:
1727 4541 1875 4595 dedit

298 4615 348 4668 in
380 4615 690 4685 pationem.
728 4612 802 4685 EX_
832 4627 897 4664 eo
928 4625 1206 4685 pra'gnans
1236 4624 1356 4664 cum
1381 4619 1526 4666 esset
1550 4610 1872 4685 factaJuno,

299 4685 350 4739 in
384 4682 619 4739 Beroen
664 4682 926 4736 nutricem
984 4682 1213 4737 Scmelze
1267 4697 1326 4736 se
1390 4684 1768 4748 commutavit,
1824 4693 1876 4736 et

297 4757 368 4809 ait
393 4773 406 4807 :
429 4757 698 4818 Alumna,
730 4763 846 4820 pete
875 4769 902 4805 a
943 4753 1108 4818 Jove,
1143 4754 1300 4806 utsic
1323 4752 1386 4805 ad
1423 4761 1473 4806 te
1500 4753 1676 4806 veniat
1701 4769 1880 4822 quem-

295 4827 595 4880 admodum
625 4825 691 4877 ad
721 4825 983 4878 Junonem
1007 4865 1023 4890 ,
1075 4834 1132 4877 ut
1172 4824 1311 4878 scias
1348 4839 1466 4892 qua:
1505 4824 1751 4892 voluptas
1797 4832 1880 4879 est

299 4913 420 4951 eum
453 4898 562 4952 deo
603 4898 978 4950 concumbere.
1025 4895 1115 4950 llla
1157 4903 1334 4947 autem
1377 4895 1620 4963 instigata
1671 4895 1805 4964 petit
1851 4911 1878 4946 a

299 4968 462 5031 Jove,
518 4979 576 5021 et
630 4966 851 5020 fulmine
896 4973 980 5019 est
1030 4968 1164 5028 icta;
1215 4981 1282 5018 ex
1333 4965 1486 5034 cujus
1536 4975 1687 5018 utero
1733 4964 1882 5020 Jovis

301 5038 556 5093 Liberum
587 5037 766 5102 exuit,
790 5047 842 5090 et
870 5035 1013 5108 Nyso
1037 5036 1182 5108 dedit
1211 5036 1572 5108 nutriendum.
1595 5035 1884 5108 unde_Dio-

304 5110 489 5178 nysius
516 5119 603 5163 est
627 5105 963 5178 appellatus,
997 5118 1048 5160 et
1080 5106 1314 5160 Bimater
1339 5117 1420 5161 est
1441 5107 1632 5178 dicms.
1675 5125 1718 5178 ιΔ
1739 5105 1882 5161 ldetn

310 5176 464 5234 num.
493 5176 714 5234 CLXXIX.
739 5177 878 5233 Non.
924 5177 1289 5248 Dionysiacor.
1325 5193 1438 5242 vm,
1484 5177 1652 5231 initio.
1691 5176 1812 5233 th.

382 5250 523 5304 Joris
562 5249 728 5304 altera
763 5249 924 5302 Maia.
971 5247 1118 5302 Jov’is
1165 5249 1251 5302 hic
1300 5250 1474 5316 primo
1501 5263 1660 5312 Casu,
1691 5257 1750 5302 ut
1790 5263 1886 5303 su-

300 5336 430 5393 pra;
462 5320 908 5393 Glossce‘lsidori.
946 5318 1076 5393 Maia
1102 5361 1116 5384 ,
1149 5320 1354 5393 medica
1379 5361 1394 5384 ,
1427 5320 1703 5373 obstetrix.
1763 5318 1884 5393 Rto.

374 5389 468 5446 Ex
498 5392 628 5446 Jove
655 5389 968 5452 Proserpina
1000 5391 1238 5454 primum.
1271 5390 1534 5458 Absorpta
1560 5399 1640 5442 est
1671 5391 1884 5444 vocula.

294 5465 434 5530 ch.
464 5481 529 5518 ea:
554 5462 687 5516 Jove
722 5472 768 5516 et
817 5460 1125 5532 Proserpina
1170 5463 1408 5532 primunt.
1458 5462 1637 5514 Davts.

371 5536 460 5591 Ea:
494 5552 555 5589 eo
607 5534 681 5588 bis
711 5543 858 5586 natus
916 5530 1190 5601 Dionysus.
1237 5533 1360 5586 Haec
1403 5533 1606 5601 poetica
1661 5530 1892 5586 nominis

290 5610 478 5676 origo.
533 5607 713 5676 Aliam,
749 5604 964 5657 tradidit
1011 5603 1390 5676 Philostratus,
1438 5601 1547 5657 Vit.
1602 5602 1778 5670 Apoll.
1826 5602 1888 5657 11.

287 5673 487 5740 Nursia;
513 5680 616 5753 γὰρ
647 5677 673 5731 ὁ
696 5675 945 5753 διονυσιίος
975 5676 1074 5728 ἀπὸ
1092 5684 1183 5735 τῆς
1272 5673 1418 5753 ἰνδὸις
1442 5678 1621 5753 work.
1642 5680 1891 5753 Arsaces,

288 5746 596 5806 Armeoize'
627 5762 718 5801 rex
751 5746 988 5814 pardaltn
1015 5748 1244 5799 sacravit
1270 5746 1473 5814 elogio:
1508 5746 1622 5798 [lex
1654 5749 1896 5800 Ansaces

293 5837 406 5880 nco
432 5820 634 5876 Νηλιῖο
661 5815 965 5885 Stephanus
1008 5831 1023 5870 :
1065 5826 1242 5890 Αεγται
1279 5821 1358 5871 καὶ
1383 5837 1545 5871 νυκεκ.
1597 5815 1708 5872 lloc
1735 5817 1898 5888 igitur

1985 4539 2179 4592 finibus
2203 4579 2218 4603 ,
2263 4539 2513 4591 inauditm
2555 4554 2652 4609 per
2678 4539 2858 4593 omnia
2890 4540 3156 4593 vastitatis
3183 4552 3349 4606 nepos
3371 4578 3392 4609 ,ξ
3409 4547 3593 4591 narrat

1980 4625 2043 4661 ex
2077 4609 2400 4663 Thintmheo
2448 4607 2726 4674 'l‘he'ologo
2779 4611 3049 4664 Arnobius
3098 4608 3191 4663 lib.
3246 4622 3301 4661 v.
3332 4607 3591 4662 adversus

1981 4678 2203 4743 Gentes,
2243 4679 2309 4734 ad
2356 4694 2582 4748 eamque
2631 4679 2907 4735 historiam
2957 4680 3379 4734 Commodianus
3407 4690 3592 4748 noster

1981 4751 2239 4820 respexit,
2294 4765 2393 4804 nec
2435 4747 2650 4805 aliunde
2693 4752 2917 4817 petenda
2957 4761 3036 4804 est
3081 4752 3202 4804 huic
3249 4747 3588 4820 instructioni

1984 4818 2094 4874 lux.
2135 4822 2296 4875 Valde
2337 4835 2514 4875 autem
2546 4821 2750 4875 abludit
2776 4823 3089 4874 Timotheus
3132 4820 3200 4870 ab
3249 4818 3334 4881 iis,
3364 4832 3484 4884 quae
3520 4819 3588 4871 de

1984 4892 2172 4947 eodem
2227 4892 2442 4962 Adgesti
2477 4891 2781 4962 referuntur
2808 4892 2858 4945 in
2888 4889 3134 4962 Achaicis
3163 4888 3437 4962 Pausaniae
3465 4901 3585 4956 pag.

1983 4962 2111 5018 225.
2133 4960 2559 5018 BtG.-—Jlttrictus
2579 4961 2640 5015 de
2668 4971 2809 5030 petra
2824 4972 2992 5023 natus,
3023 4960 3162 5013 Deus
3190 4961 3438 5030 invii-tus,
3467 4971 3591 5030 per:

1987 5047 2201 5104 petuum
2220 5033 2359 5088 Solis
2375 5043 2458 5086 est
2476 5026 2748 5104 epitheton
2767 5051 2779 5084 :
2816 5032 3166 5104 idepquenon
3181 5026 3476 5104 _Agdes_tis,'
3492 5026 3590 5081 sed

1986 5098 2206 5180 lllithras
2253 5098 2563 5180 de_uotatui'._
2603 5100 2738 5156 Vide
2780 5104 2853 5156 sis
2895 5098 3142 5180 luScript.
3171 5098 3439 5180 Grttteri._
3466 5112 3586 5180 pag.

1989 5178 2078 5250 5}.
2132 5192 2263 5250 seq.
2300 5175 2368 5229 Et
2423 5176 2600 5250 omnia
2652 5189 2810 5250 saue__
2851 5187 2970 5243 qua:
3038 5172 3106 5226 de
3171 5184 3381 5250 nmero
3428 5171 3589 5250 tradit

1988 5239 2406 5302 Cttnttttoiliantts
2431 5285 2446 5306 ,
2489 5244 2698 5299 Milht'tB
2729 5239 2966 5298 tribuunt
3005 5254 3236 5298 veteres.
3303 5239 3399 5293 Hic
3441 5240 3588 5292 enim

1992 5319 2055 5371 de
2086 5332 2226 5388 petra
2267 5327 2420 5388 natus
2445 5314 2734 5388 ferebatur,
2763 5316 3103 5388 Hieronitnus
3129 5314 3180 5367 itt
3248 5309 3586 5388 J-oviniattu‘tn

1994 5379 2096 5462 lib:
2125 5407 2136 5442 I
2164 5389 2266 5442 col.
2303 5387 2429 5462 1411.
2459 5386 2587 5462 edit.
2618 5386 2721 5462 BB.
2774 5385 3004 5462 Narrant
3054 5393 3100 5437 et
3151 5381 3372 5462 gentium
3399 5379 3590 5462 fabula

1993 5459 2207 5532 Mt'rnau
2249 5469 2295 5512 et
2338 5458 2750 5532 Erichtltoniutn,
2778 5457 2858 5512 vel
2883 5462 2932 5510 in
2966 5467 3152 5510 LAPIDE
3204 5453 3308 5532 veL
3335 5453 3386 5532 in
3415 5461 3550 5532 terra
3570 5491 3586 5512 ,

1995 5530 2060 5582 de
2132 5531 2241 5583 solo
2307 5541 2414 5584 estu
2493 5518 2878 5601 libidinis'esse
2933 5533 3214 5597 generatos.
3267 5519 3442 5601 Etiam
3507 5518 3594 5601 fur

1995 5601 2316 5655 censebatur
2354 5620 2366 5654 :
2418 5599 2556 5670 unde
2604 5592 3099 5670 Eowlémsdictus
3143 5603 3226 5648 est
3267 5592 3589 5670 Porphyrio.

1996 5676 2116 5748 περὶ
2139 5681 2237 5726 τῶν
2264 5680 2466 5745 νυμφῶν
2491 5667 2696 5748 ἄντρου,
2731 5686 2844 5738 pag.
2875 5667 3004 5748 sua.
3035 5665 3214 5748 illius.

2073 5739 2302 5799 Invictus
2327 5729 2419 5798 ’ἁα
2459 5729 2604 5816 petrn
2649 5729 2824 5816 nutus:
2879 5735 3157 5816 Arnobius
3195 5735 3334 5816 (lib.
3400 5746 3460 5816 v.

2000 5813 2116 5872 init.
2145 5819 2186 5887 ):
2225 5838 2243 5870 ι
2275 5816 2408 5873 Huic
2457 5808 2625 5869 robur
2665 5811 2961 5878 invictum,
3015 5814 3072 5864 et
3139 5808 3390 5863 ferocitas
3442 5808 3615 5858 animi
