4196 6246
262 242 377 300 ξιτ
484 248 561 317 (ν.
591 248 748 321 eos.)

267 359 428 425 Nam,
456 362 499 415 si
528 377 693 432 purus
720 365 933 421 animus
959 375 1008 422 et
1041 383 1193 426 mens
1221 385 1410 431 serena
1452 388 1725 444 maneret,

267 449 356 505 Tu
387 452 477 508 tibi
498 453 566 509 de
586 456 691 510 illis
712 457 810 526 ipsi
838 457 1115 530 disputare
1137 463 1384 522 deberes.

268 542 597 602 Excordaris
625 547 807 615 homo,
838 551 881 605 si
917 562 1093 621 putas,
1116 567 1170 610 ut
1197 557 1296 626 ipsi
1326 568 1376 614 te
1404 559 1633 616 salvent.

267 635 383 692 Seu
415 650 625 709 regant,
655 656 750 696 seu
793 643 1055 701 minuant.
1077 647 1132 702 Si
1162 651 1287 719 quid
1313 662 1366 706 tu
1393 654 1510 708 sani
1539 655 1794 726 requiris,

262 727 540 785 Justitiam
571 732 702 804 legis
727 752 911 804 quzere
943 739 1110 810 magis
1138 759 1151 794 :
1185 742 1271 797 illa
1295 745 1483 799 salutis

265 822 540 876 Auxilium
571 833 767 893 portat,
798 837 853 883 et
881 828 994 884 ﬁeri
1025 832 1156 888 dicit
1184 847 1474 895 :eternum.

261 913 402 971 Nam
429 919 570 987 quod
596 919 647 974 in
675 922 1114 994 vanis‘scqueris,
1151 943 1247 998 per
1269 939 1509 1002 tempora
1537 933 1753 1004 gaudet.

261 1008 327 1064 In
354 1010 500 1065 brevi
528 1012 730 1068 laetaris
749 1058 764 1079 ,
796 1026 850 1070 et
884 1021 1222 1086 postmodum
1251 1024 1456 1096 plangis
1478 1028 1528 1082 in
1555 1029 1696 1084 imis.

261 1101 533 1160 Subtrahe
557 1115 608 1162 te
634 1108 740 1162 illis
763 1151 778 1175 ,
809 1112 854 1164 si
885 1113 967 1166 vis
996 1128 1279 1186 resurgere
1299 1133 1420 1174 cum
1447 1119 1684 1177 Christo.

683 1240 818 1279 XXII.
843 1256 915 1268 -—
935 1243 1212 1286 HEBETUDO
1238 1248 1456 1289 διεουιι.

264 1333 382 1390 Heu
411 1335 594 1403 doleo,
625 1338 790 1405 cives,
822 1340 900 1396 sic
927 1357 1021 1397 vos
1045 1344 1284 1400 hebetati
1315 1347 1380 1402 de
1405 1349 1602 1405 mundo
1635 1351 1648 1403 !

263 1425 520 1481 Excurrit
550 1428 687 1482 alius
712 1430 775 1484 ad
804 1443 1002 1500 sortes,
1031 1450 1156 1490 aves
1181 1437 1370 1506 aspicit
1396 1438 1553 1506 alter,

261 1515 553 1574 Balantum
575 1536 761 1577 cruore
785 1522 925 1589 fuso,
951 1541 1140 1582 manus
1171 1528 1388 1598 inspicit
1415 1532 1576 1599 alter,

262 1610 330 1666 Et
356 1614 506 1683 cupit
532 1613 718 1670 audire
753 1630 1013 1687 responsa
1039 1635 1176 1674 vana
1207 1619 1475 1679 credulus.

259 1703 366 1760 Tot
388 1703 575 1772 duces,
610 1716 663 1762 et
688 1725 841 1779 reges
863 1711 951 1766 ubi
975 1724 1100 1768 sunt
1127 1717 1358 1772 consulti
1386 1718 1453 1774 de
1481 1719 1606 1785 vita,

261 1797 358 1855 Vel
385 1811 632 1870 portenta
659 1818 754 1856 sua
779 1805 946 1861 scisse
973 1807 1100 1877 quid
1128 1810 1325 1878 proluit
1353 1812 1500 1867 illis?

258 1889 463 1946 Discite
492 1908 678 1963 quzcso
707 1894 928 1962 bouum,
955 1897 1122 1964 cives,
1155 1899 1439 1957 simulacra
1462 1913 1647 1959 cavete
1677 1921 1690 1957 :

257 1982 662 2052 Omnipotentis
694 1987 838 2042 enim
873 1988 923 2043 in
954 1989 1072 2060 lege
1103 1994 1326 2060 quierite
1353 1999 1549 2052 cuncti.

257 2073 355 2130 Sic
377 2077 476 2146 ipsi
499 2079 827 2150 complacuit
861 2083 1086 2140 Domino
1113 2087 1454 2146 dominorum
1481 2091 1533 2146 in
1566 2092 1712 2155 altis,

255 2165 344 2222 Ad
377 2168 747 2238 probationem
776 2185 1014 2232 nostram
1058 2177 1332 2238 daemonas
1363 2183 1414 2238 in
1445 2183 1646 2241 mundo
1675 2187 1855 2258 vagari

1415 262 1456 316 Α
1469 261 1776 321 DVEBSUS
1813 266 2118 326 GENTIUM
2161 273 2350 333 DEOS.

3071 290 3146 361 (ν.
3178 292 3331 365 9.87.)
3461 293 3569 349 eis

1899 389 1950 446 Α
1977 385 2047 440 Et
2076 396 2254 444 tamen
2279 393 2452 447 exalia
2478 404 2630 465 parte
2664 397 2916 455 mandata
2942 404 3204 471 praemisit

1973 477 2229 536 Ctelestes
2255 485 2368 539 fieri
2393 487 2482 556 qui
2514 489 2819 561 relinquunt
2840 507 2961 548 aras
2987 509 3203 553 eorum.

1974 573 2127 631 Unde
2156 593 2259 632 non
2281 580 2381 634 hoc
2408 596 2538 636 curo
2559 583 2833 653 disputare
2860 602 3028 658 parvo
3053 590 3234 646 libello
3267 609 3282 646 :

1973 666 2085 722 Lex
2107 668 2284 734 docet,
2319 671 2370 726 in
2403 675 2578 730 medio
2604 677 2729 741 ciet,
2761 676 3037 736 Consulite
3061 699 3157 749 pro
3183 684 3362 741 vobis.

1973 759 2030 816 In
2063 762 2196 818 duas
2225 765 2462 822 intrastis
2493 771 2624 837 vias,
2651 771 2917 830 condicite
2949 784 3171 831 rectam.

2327 944 2480 985 XXIII.
2521 961 2590 971 —
2629 948 2697 988 DE
2735 950 2921 1000 UBIQUE
2961 952 3202 993 PARA'I‘IS.

1977 1064 2108 1118 Dum
2139 1063 2308 1120 ventri
2338 1066 2527 1130 servis,
2562 1067 2902 1125 innocentem
2934 1085 3054 1126 esse
3083 1081 3133 1128 te
3157 1071 3315 1140 dicis,

1971 1159 2038 1213 Et
2063 1160 2214 1228 quasi
2237 1162 2538 1216 communis
2558 1162 2686 1218 iacis
2714 1172 2763 1218 te
2792 1165 2986 1235 ubique
3013 1175 3282 1237 paratum.

1970 1249 2066 1304 Vae
2095 1252 2187 1305 tibi
2217 1251 2380 1308 stulte
2409 1252 2590 1316 homo,
2626 1267 2854 1312 mortem
2878 1258 3252 1329 circumspicis
3280 1259 3417 1330 ipse.

1969 1342 2204 1398 Barbaro
2231 1344 2298 1398 de
2326 1360 2476 1400 more
2496 1346 2612 1401 sine
2637 1347 2754 1418 lege
2775 1349 2958 1405 vivere
2989 1353 3187 1421 quaeris
3207 1368 3248 1417 ;-

1968 1434 2090 1504 Ipse
2117 1436 2210 1491 tibi
2239 1436 2556 1508 hymnilicas
2584 1441 2744 1494 etiam
2777 1443 3012 1497 insinere
3039 1442 3108 1499 de
3134 1444 3325 1508 verbo,

1967 1525 2068 1596 Qui
2100 1527 2396 1598 simplicem
2421 1529 2578 1602 lingis
2609 1552 2622 1587 :
2653 1534 2972 1603 simpliciter
3001 1535 3124 1592 vivo
3146 1553 3267 1593 cum
3291 1537 3418 1594 isto.

1969 1620 2166 1678 Vivere
2195 1631 2246 1678 te
2266 1623 2465 1689 credis,
2497 1623 2622 1679 dum
2653 1637 2893 1682 ventrem
2924 1630 3079 1698 cupis
3106 1629 3354 1701 implere.

1967 1715 2205 1787 Exiguus
2229 1728 2315 1772 tua
2345 1717 2397 1771 in
2420 1717 2581 1772 domo
2604 1719 2842 1776 residere
2864 1736 3061 1791 prave;

1888 1786 1936 1846 Β
1964 1786 2188 1864 Paratus
2214 1808 2279 1864 ad
2313 1810 2520 1880 epulas,
2547 1820 2602 1866 et
2633 1786 2959 1884 refugiscere
2987 1826 3277 1886 przecepta.

1961 1901 2069 1956 Aut
2095 1903 2215 1969 quia
2244 1901 2505 1957 discredis
2525 1903 2688 1957 Deum
2711 1903 2957 1974 judicare
2980 1905 3299 1973 defunctos;

1962 1992 2248 2050 Rectorem
2276 1993 2394 2049 Caeli
2423 1994 2550 2050 facis
2576 2005 2628 2051 te
2655 1995 2835 2067 inepte
2853 2013 2952 2068 pro
2982 1997 3094 2054 illo.

1962 2089 2175 2161 Aspicis
2202 2088 2269 2146 ad
2300 2099 2563 2156 ventrem,
2597 2091 2751 2161 quasi
2785 2099 2839 2146 tu
2865 2091 2939 2146 sis
2965 2076 3224 2162 providus
3255 2091 3354 2147 illi.

1963 2183 2046 2241 Tu
2071 2183 2231 2240 modo
2262 2180 2538 2253 profanus,
2569 2180 2731 2238 modo
2757 2191 2977 2238 sanctus
3001 2197 3125 2240 osse
3153 2183 3376 2242 videris.

1624 2342 2177 2401 COMMENTARIUS.

255 2477 441 2553 tenses
490 2490 766 2545 :quorum
816 2480 1016 2553 mentio
1055 2482 1124 2536 sit
1164 2483 1382 2553 inscrip.
1431 2483 1658 2553 quadam
1712 2481 1852 2551 apud

255 2543 693 2624 Craterum—pag.
726 2565 838 2616 xxi,
871 2552 939 2611 3.
972 2552 1058 2607 ubi
1087 2554 1314 2624 legimus
1332 2543 1406 2609 ἐχ
1447 2543 1668 2609 deorum
1700 2543 1855 2609 Mon-

256 2617 502 2694 ιειιιξὶιεῃιΔ
527 2617 792 2694 prtecepto
819 2624 1044 2690 positam
1075 2617 1239 2681 fuisse
1269 2642 1415 2680 aram
1437 2625 1555 2680 Jovi
1599 2625 1855 2694 Fulgera-

261 2686 395 2740 tori.
426 2687 776 2745 Nihilominus
817 2686 992 2748 iamcn
1033 2697 1372 2752 scribendum
1426 2697 1514 2752 hic
1555 2712 1675 2752 esse
1697 2686 1858 2750 "arbi-

259 2767 487 2831 tramur,
525 2759 722 2816 Montes
751 2774 796 2816 et
819 2765 938 2818 deos
965 2766 1161 2831 dicitis;
1189 2780 1245 2822 ut
1268 2769 1581 2823 Montesiani
1599 2769 1855 2823 Commo-

253 2828 694 2907 diamisint,_qui
751 2835 966 2890 numina
1022 2828 1266 2907 quietiam
1317 2841 1368 2894 in
1420 2841 1683 2894 Montibus.
1738 2853 1858 2895 esse

253 2899 564 2955 crederent.
598 2899 827 2972 Ideoque
853 2911 966 2961 ait:
995 2899 1319 2965 dominentur
1349 2913 1399 2964 in
1429 2928 1558 2964 (mro
1583 2910 1853 2965 Obscurati

253 2972 440 3034 malo;
467 2973 746 3029 avaritiem
778 2977 1039 3052 damnans
1070 2997 1257 3035 eorum
1283 3026 1297 3049 ,
1330 2984 1416 3052 qui
1446 2981 1714 3037 felicitatis
1760 2982 1856 3034 Im-

1963 2482 2194 2554 0rigin..
2223 2483 2316 2537 lib.
2350 2499 2464 2547 vni,
2494 2498 2612 2552 cap.
2638 2499 2713 2549 ιχ,
2742 2499 2810 2538 ne
2842 2483 3022 2553 plures
3043 2498 3360 2539 memorem.
3387 2483 3560 2540 Immo

1961 2569 2326 2622 nonnunquam
2357 2555 2591 2609 humano
2635 2569 2831 2609 cruore
2876 2571 2978 2609 non
3020 2555 3375 2610 abstinebant.
3423 2555 3559 2610 Vide

1957 2625 2149 2681 .lanum
2180 2624 2571 2680 Broukhusium
2588 2626 2651 2680 ad
2671 2625 2863 2680 Tibulli
2880 2627 2916 2681 Ι.
2941 2642 2976 2680 ι.
2995 2626 3147 2696 Eleg.
3175 2643 3228 2685 ιι.
3253 2627 3345 2682 45.
3377 2627 3558 2682 DAVIS.

2033 2696 2127 2750 Tot
2167 2698 2322 2750 duces
2357 2707 2406 2751 et
2447 2713 2588 2767 reges
2609 2697 2692 2750 ubi
2716 2709 2831 2752 sunt
2853 2698 3072 2752 consulti
3092 2699 3155 2751 de
3177 2699 3298 2751 vita.
3329 2697 3561 2767 Hujusce

1963 2768 2095 2824 artis
2130 2768 2508 2822 astronomica:
2551 2768 2832 2838 professor
2858 2769 3029 2822 Julius
3064 2768 3329 2822 Firmicus
3359 2768 3451 2823 lib.
3477 2785 3518 2824 ll
3541 2809 3557 2834 ,

1960 2856 2081 2907 cap.
2113 2840 2317 2904 ultimo,
2353 2853 2449 2908 per
2482 2839 2806 2894 adulationis
2831 2839 3020 2910 aulicae
3043 2839 3378 2910 prudentiam
3397 2839 3562 2910 disci:

1964 2913 2122 2981 ptime
2150 2927 2259 2964 sua:
2283 2907 2661 2979 praevaricator
2689 2926 2809 2966 esse
2838 2907 3062 2974 maluit,
3087 2925 3244 2980 quam
3273 2907 3561 2981 periclitari

1961 2980 2085 3049 Quid
2120 2983 2279 3036 etiam
2310 2983 2452 3036 circa
2498 2997 2718 3050 regnum
2747 2983 2860 3036 sive
2895 2982 3280 3050 imperatorum
3315 2980 3562 3050 genesi-is

257 3030 437 3123 manfe
463 3059 728 3123 summam
750 3030 1416 3116 ponebantVin‘nuii'i'in’is‘e-t
1884 3030 1930 3094 (ἶ
1964 3030 2438 3119 ἶνᾷίξτέίίῄληοεινρ,
2469 3030 2660 3122 ιηᾳῇίι,
2696 3068 2762 3108 ne
2792 3030 3007 3123 quando
3045 3052 3112 3106 de
3137 3061 3276 3106 statu
3307 3030 3563 3122 reipubli-

256 3111 404 3193 quod
431 3127 513 3193 est
538 3111 802 3193 malorum
831 3124 1068 3176 omnium
1098 3125 1506 3180 irritamentum.
1536 3125 1644 3181 Isti.
1669 3111 1855 3193 inquit,

257 3183 343 3265 dii
363 3184 793 3265 d_mnin_entur_in
827 3205 960 3265 au_r_o
986 3194 1252 3249 oliscurati
1278 3198 1446 3259 malo;
1477 3197 1625 3265 quasi
1658 3183 1859 3249 deseri;

256 3253 351 3309 bat
374 3256 509 3310 deos
540 3258 658 3310 illos
683 3258 866 3316 Manes
887 3263 1218 3320 Melallorum
1246 3253 1505 3322 custodes.
1524 3268 1623 3321 sub
1666 3267 1860 3320 obscu-

254 3327 334 3406 ris
359 3338 412 3406 et
442 3328 668 3406 intimis
678 3335 940 3406 montium
969 3338 1134 3402 cavis,
1179 3339 1479 3394 invidentes
1511 3338 1824 3392 mortalibus
1843 3379 1856 3401 ,

259 3399 488 3478 nimium
511 3401 720 3478 cupidis
746 3399 1129 3478 thesaurorum
1159 3427 1172 3463 :
1206 3411 1294 3478 qui
1337 3425 1529 3475 nempe
1557 3409 1626 3463 dii
1657 3409 1701 3462 si
1725 3399 1862 3462 forte

258 3473 470 3548 prosint
496 3471 904 3548 suil'odientibus
941 3479 1200 3533 montium
1226 3471 1707 3544 'lateliras'avariis,
1739 3494 1860 3548 pro-

259 3552 387 3595 smit
416 3543 608 3609 inviti,
645 3554 892 3614 tanquam
933 3550 1195 3614 nolentes,
1233 3561 1289 3605 et
1313 3553 1483 3605 aliena
1513 3543 1862 3614 inenter;'hoc

262 3625 367 3690 est,
401 3614 586 3690 animo
623 3630 853 3690 prorsus
889 3619 1066 3674 alieno
1103 3624 1180 3676 sic
1206 3624 1456 3690 juvantes
1479 3663 1494 3686 ,
1528 3633 1583 3676 ut
1609 3622 1711 3676 dici
1757 3637 1858 3674 non

261 3686 505 3763 debeant
531 3687 958 3763 dedisse.rquod
997 3691 1100 3746 nisi
1138 3686 1321 3763 rapina
1361 3709 1466 3747 non
1498 3693 1705 3747 tollitur
1735 3710 1748 3745 :
1781 3694 1864 3746 ni-

262 3761 465 3811 mirum
513 3762 909 3827 expugnatione
950 3778 1011 3814 ac
1057 3761 1214 3818 ruina
1264 3779 1369 3818 non
1419 3765 1636 3827 montis,
1694 3764 1862 3817 multo

259 3829 409 3898 igne,
437 3838 593 3905 aceto
620 3831 1028 3905 mu_lto_sull‘ossi
1042 3835 1320 3905 ruptique.
1343 3836 1564 3898 Plinius,
1592 3834 1722 3887 llist.
1749 3844 1856 3887 nat.

256 3914 456 3975 ξξιιιι,
491 3900 751 3975 principio
781 3901 902 3956 libri
939 3921 952 3956 :
993 3922 1010 3954 ι
1037 3900 1418 3975 Persequimur
1438 3922 1628 3960 omnes
1659 3905 1862 3959 telluris

262 3971 474 4041 fibras,
528 3971 875 4037 videmusque
940 3971 1235 4030 excavatus
1289 3989 1537 4041 montes,
1606 3976 1861 4030 mirantes

261 4039 899 4112 dehiscerealiquaudo,
956 4057 1047 4098 aut
1095 4049 1469 4103 intremisccre
1511 4039 1654 4101 illaut
1703 4065 1715 4100 :
1763 4062 1862 4100 ceu

256 4127 393 4167 vero
419 4127 529 4189 non
563 4111 866 4189 hocjetiam
911 4120 1216 4189 exemplum
1267 4119 1650 4189 indignationis
1693 4133 1861 4171 sacra:

253 4185 507 4258 parentis
527 4184 758 4252 exprimi
804 4189 988 4254 possit.
1037 4187 1179 4243 Imus
1220 4191 1271 4244 in
1309 4184 1514 4243 viscera
1545 4189 1694 4258 ejus,
1725 4199 1778 4240 et
1809 4189 1860 4241 in

251 4253 389 4310 sede
432 4253 668 4310 Manium
718 4253 850 4323 opes
893 4261 1202 4325 qmerimus.
1251 4261 1340 4315 Illa
1398 4278 1495 4314 nos
1553 4253 1618 4312 ad
1662 4259 1863 4313 inferos

253 4334 443 4396 agunt,
491 4329 613 4394 quae
657 4331 944 4399 occultavit
987 4342 1148 4395 atque
1201 4332 1476 4385 demersit.
1540 4329 1861 4399 Utinamque

1963 3140 2063 3188 ore,
2099 3124 2181 3178 vel
2211 3124 2279 3178 de
2304 3125 2407 3178 vita
2436 3124 2665 3178 Romani
2695 3124 3039 3193 imperatoris
3082 3123 3282 3190 aliquid
3332 3124 3563 3193 interro—

1962 3197 2106 3266 ganti
2133 3195 2478 3263 respondeas.
2503 3195 2616 3248 Non
2646 3192 2788 3266 enim
2817 3203 3048 3265 oportet,
3098 3208 3200 3266 nec
3239 3194 3382 3266 licet.
3415 3192 3560 3248 utde

1963 3264 2102 3323 statu
2131 3266 2438 3335 reipublica:
2463 3265 2662 3334 aliquid
2696 3264 2897 3320 nefaria
2929 3265 3240 3318 curiositate
3266 3264 3559 3318 discamus.

1963 3339 2067 3392 Sed
2101 3352 2201 3391 nec
2229 3338 2420 3405 aliquis
2449 3335 2855 3391 Mathematicus
2887 3351 3072 3389 verum
3121 3335 3319 3403 aliquid
3345 3335 3414 3390 de
3446 3337 3558 3389 fato

1965 3409 2305 3474 imperatoris
2351 3406 2576 3462 delinire
2627 3408 2817 3475 potuit.
2871 3407 3029 3462 Solus
3069 3406 3212 3460 enim
3268 3406 3562 3475 imperator

1964 3480 2238 3533 stellarum
2273 3495 2376 3533 non
2403 3479 2642 3546 snhjacet
2668 3478 2916 3533 cursibus
2951 3496 2963 3532 :
2993 3485 3047 3531 et
3074 3477 3220 3531 solus
3243 3489 3324 3530 est
3349 3515 3364 3535 .
3393 3477 3445 3530 in
3467 3492 3564 3532 cu-

1960 3551 2049 3620 jus
2102 3550 2212 3604 l'ato
2252 3551 2421 3605 stella:
2467 3549 2792 3604 decernendi
2823 3563 2927 3604 non
2969 3547 3167 3602 habent
3212 3555 3557 3618 potestatem,

1965 3633 2069 3676 etc.
2087 3642 2105 3673 ι
2136 3621 2253 3677 Ιὶιρ.

2042 3691 2287 3746 Portenta
2312 3709 2406 3746 sua
2445 3692 2618 3746 scisse.
2651 3690 2856 3771 Quibus
2880 3689 2949 3746 de
2975 3705 3043 3771 se
3062 3689 3262 3759 aliquid
3274 3687 3528 3771 signiﬁca

1966 3773 2053 3817 tur
2095 3779 2157 3818 ac
2201 3759 2921 3829 prasinonstratur.’Glossa:
2963 3770 3220 3817 veteres:
3262 3759 3556 3827 Portendit,

1967 3844 2204 3912 angat-vat
2229 3834 2313 3890 διὰ
2335 3838 2509 3912 τεράς.
2604 3905 2614 3912 _
2855 3906 2866 3912 ,
2942 3903 2979 3912 ,,
3019 3904 3032 3912 ,
3107 3904 3119 3912 ,
3291 3901 3304 3912 .
3338 3903 3372 3912 ..
3481 3901 3492 3912 .

2039 3901 2312 3958 Daemones
2358 3901 2410 3957 in
2457 3905 2645 3958 mundo
2691 3906 2885 3975 vagari.
2942 3903 3190 3975 Baluzius
3241 3901 3305 3955 ad
3335 3901 3560 3975 Cypria-

1966 3991 2090 4028 num
2136 3976 2199 4027 de
2229 3975 2426 4054 (dolor.
2469 3978 2634 4054 canit.
2681 3970 2799 4054 pag.
3169 3974 3336 4026 Paris.
3380 3970 3558 4054 ξιτ-εδδ

1971 4057 2216 4111 testatur,
2244 4049 2293 4100 in
2319 4048 2484 4100 veteri
2517 4042 2703 4101 codice
2727 4042 2787 4101 Ξ.
2823 4047 2994 4100 Albini
3025 4043 3425 4113 Andegaveusis
3458 4042 3560 4107 legi

1968 4117 2222 4172 diemoues
2262 4120 2314 4170 in
2351 4118 2538 4171 mundo
2565 4119 2696 4187 vagi.
2749 4117 2826 4171 Ita
2871 4118 3097 4185 ipsemet
3143 4113 3561 4169 Commodianus

1968 4187 2125 4242 lustr.
2159 4188 2242 4242 Ill.
2288 4205 2337 4241 v.
2367 4189 2436 4243 56
2472 4207 2484 4242 :

2042 4259 2189 4314 Unde
2217 4261 2364 4315 modo
2392 4262 2506 4328 vagi
2526 4259 2814 4314 subvertant
2844 4274 3062 4326 corpora
3085 4255 3268 4328 multa.

2043 4329 2252 4384 lnduas
2294 4323 2520 4384 iutraslis
2567 4331 2690 4383 vias.
2714 4331 2785 4383 De
2808 4323 3001 4382 duabus
3025 4329 3116 4382 viis
3137 4326 3298 4380 multa
3327 4323 3555 4393 college-

252 4395 507 4478 pbssetle
535 4400 640 4478 Vita
673 4398 722 4478 in
762 4411 929 4453 totum
961 4401 1199 4478 abdicari
1226 4418 1450 4478 aurum;
1480 4418 1633 4457 sacra
1665 4395 1855 4478 fames,
1886 4418 1938 4478 D
1967 4413 2091 4454 runt
2114 4403 2176 4456 Il.
2203 4401 2488 4478 blcnanlus
2505 4400 2622 4478 etJ.
2726 4399 3023 4456 Cotelertus
3037 4400 3100 4451 ad
3125 4395 3556 4478 Barnabtcnepist.

255 4479 315 4522 ut
334 4468 687 4542 celeberrimi
719 4480 968 4526 auctores
995 4473 1211 4539 dixere,
1242 4473 1570 4542 proscissum
1601 4473 1858 4527 conviciis

251 4542 323 4594 ab
349 4539 584 4614 optimis
615 4542 918 4614 quibusque
940 4585 952 4603 ,
982 4557 1036 4598 et
1070 4545 1136 4597 ad
1187 4539 1478 4614 perniciem
1510 4543 1633 4597 vine
1676 4558 1859 4612 reper-

254 4620 388 4664 tum.
429 4610 705 4685 s_Et_‘cap.
737 4629 807 4666 Iv.
829 4610 867 4666 ἰ
889 4613 1054 4683 Opem
1084 4610 1276 4669 vicerit
1295 4615 1590 4685 gigantum.
1618 4615 1678 4668 Et
1708 4610 1866 4680 paulo

254 4691 378 4750 post
411 4700 423 4734 :
463 4680 868 4755 Relinqimntur
895 4680 1078 4755 itaque
1106 4680 1540 4740 l'ornices'crebri
1593 4685 1866 4740 montibus

251 4753 656 4826 sustinendis.”
675 4752 972 4810 Occursant
993 4752 1186 4812 ’sitices
1231 4775 1242 4810 :
1297 4757 1396 4811 hos
1449 4755 1556 4826 igni
1608 4766 1662 4809 et
1708 4767 1866 4810 aceto

250 4832 537 4896 rumpunt.
569 4843 588 4876 ι
627 4825 686 4878 Et
719 4836 838 4894 post
865 4830 966 4881 alia
990 4829 1231 4896 qmedam
1269 4845 1281 4881 :
1319 4847 1337 4879 ι
1368 4825 1547 4881 Manes
1578 4827 1866 4881 trahuntur

253 4893 324 4948 ad
348 4895 630 4966 homines,
659 4893 928 4950 ut’vitiutn
961 4893 1269 4966 importem.
1303 4918 1322 4950 ι
1357 4898 1474 4954 R16.

337 4964 481 5038 Nam
524 4967 664 5033 quod
703 4970 754 5019 in
800 4971 940 5022 vanis
987 4964 1228 5038 sequeris,
1259 4986 1348 5037 per
1387 4979 1616 5037 tempora
1656 4969 1862 5038 gaudet.

429 5035 573 5111 Nam
603 5040 738 5111 quod
760 5054 947 5093 INANES
979 5033 1229 5110 sequeris,
1257 5033 1347 5111 per
1383 5033 1609 5111 tempora
1635 5033 1861 5094 caunas.

259 5105 690 5162 Commodianus
717 5108 876 5164 lustr.
903 5127 960 5172 ll,
996 5105 1053 5165 vf
1080 5111 1144 5165 l2
1173 5130 1186 5166 :

397 5219 572 5281 Nolite,
603 5225 776 5286 inquit,
799 5225 1002 5274 adorare
1024 5225 1146 5275 deos
1169 5227 1361 5286 inanes,

249 5325 575 5381 Laetantins
629 5327 743 5382 Div.
791 5328 948 5392 lnst.,
992 5345 1049 5392 ιι,
1095 5331 1148 5384 1.
1210 5327 1383 5383 Cestio
1438 5331 1571 5383 enim
1622 5329 1865 5385 convictis

244 5399 512 5472 INANIBUS
535 5401 644 5470 (alii
674 5399 833 5455 codd.
857 5400 1115 5472 alamus)
1140 5400 1502 5472 —-singularis
1523 5400 1618 5454 Dei
1631 5401 1866 5456 adserere

245 5471 602 5540 majestatem.
648 5472 824 5525 UAVIS.

324 5542 529 5596 Alanus
558 5543 768 5610 inspicit
798 5544 948 5598 alter.
981 5542 1287 5614 Legendum
1318 5542 1640 5598 crediderim
1669 5560 1681 5598 :

378 5655 645 5707 Balantum
672 5670 844 5706 cruore
867 5657 992 5717 fuso,
1018 5671 1190 5708 manes
1213 5657 1348 5707 elicit
1372 5657 1518 5706 alter.

244 5739 392 5795 Nam
432 5741 732 5795 bestiarum
761 5745 1072 5812 sanguinem
1104 5744 1330 5797 mortuis
1377 5742 1666 5798 evocandis
1703 5743 1863 5799 adlu-

239 5814 480 5880 bebant,
513 5822 572 5866 ut
618 5821 763 5882 patet
789 5829 855 5869 ex
891 5814 1126 5871 llomero
1169 5813 1331 5884 Odys.
1363 5816 1425 5870 Α.
1455 5814 1546 5883 56,
1576 5825 1630 5870 et
1658 5814 1864 5874 Isidoro

1966 4485 2182 4527 c.xvm.
2216 4473 2272 4526 In
2295 4473 2638 4542 sequentibus
2662 4473 2764 4542 leg.
2796 4486 3102 4528 conmscrre
3121 4480 3329 4542 rectam.
3373 4465 3554 4542 ῡΑγιε.

2043 4543 2109 4596 Et
2147 4545 2294 4618 quasi
2331 4537 2630 4618 cont-inunis.
2679 4537 3013 4618 A'rriliigttuttr
3030 4553 3110 4596 est
3141 4539 3194 4593 iu
3224 4537 3554 4618 apographo,

1969 4612 2250 4669 communis
2284 4616 2383 4684 legi
2416 4615 2637 4678 debeat,
2668 4631 2733 4668 an
2757 4615 2934 4668 comis.
2973 4612 3300 4669 Conuuunem
3330 4612 3558 4663 animum

1969 4695 2015 4738 et
2047 4685 2221 4760 l_evein.
2249 4687 2403 4760 dixit.
2427 4685 2728 4760 Terentius.
2755 4686 2873 4740 llic.
3354 4759 3357 4760 ν
3449 4750 3460 4760 _

2041 4755 2268 4810 Barbara
2304 4757 2366 4812 de
2397 4775 2556 4829 Amore.
2595 4757 2857 4829 Barbaros
2890 4770 3067 4829 mores
3082 4759 3386 4829 nuncupat,
3418 4755 3556 4829 ritus

1970 4842 2031 4880 ac
2061 4828 2350 4896 religiOnes
2379 4827 2628 4883 Gentium
2654 4827 2873 4882 minime
2893 4825 3343 4887 Christianarum,
3371 4819 3557 4874 saeculi

1970 4898 2124 4975 ritus,
2158 4899 2565 4975 non_Ecclesi_:e.
2604 4898 2724 4975 Bia.
2945 4966 2955 4975 _
3032 4965 3044 4975 _
3119 4965 3150 4975 μ
3275 4965 3286 4975 ⁸
3433 4962 3484 4975 ,Α
3517 4962 3530 4974 ο

2043 4968 2165 5048 Ipse
2184 4968 2692 5048 _t_ibi_hguiui/icas._lu
2708 4966 3014 5048 apograpl'io
3032 4965 3246 5048 legitur,
3267 4962 3557 5048 ligiiiiiiﬁfis

1969 5033 2120 5108 quasi
2149 5033 2351 5095 alludai
2375 5033 2790 5108 Commodianus
2815 5033 2884 5090 ad
2914 5033 3187 5108 hinnitum
3206 5033 3457 5108 jumenti:
3491 5033 3555 5086 Et

1969 5102 2155 5166 Graeca
2175 5111 2353 5180 phrasi
2373 5111 2602 5174 dixerit,
2626 5107 2744 5180 Ipse
2763 5109 2850 5162 tibi
2881 5108 3160 5180 ltiuniﬁcas
3174 5102 3412 5180 induere.
3436 5102 3556 5172 Ipse

1971 5191 2149 5236 tamen
2177 5177 2536 5236 iluslruclione
2583 5177 2669 5235 1.x.
2712 5179 2855 5234 dicet
2904 5179 3114 5232 chorum
3143 5177 3552 5250 hymni/ﬁcarent,

1973 5269 2070 5321 pro
2103 5253 2341 5308 Ecclesia
2388 5269 2506 5322 qua:
2534 5252 2786 5306 deleCIari
2817 5250 2952 5304 solet
2995 5245 3206 5322 hymnis
3230 5258 3284 5322 et
3311 5245 3555 5322 laudibus

1971 5313 2063 5378 Dei
2103 5340 2164 5378 ac
2208 5313 2420 5378 Domini
2461 5325 2646 5377 nosrri.
2684 5323 2868 5377 Latina
2915 5313 3091 5377 versio
3138 5319 3330 5382 Esaia),
3358 5331 3414 5382 χ,
3439 5313 3552 5370 5οε

1973 5393 2137 5448 Himti
2166 5407 2388 5448 vocetua
2417 5396 2525 5462 ﬁlia
2549 5393 2758 5448 Gallim.
2789 5394 2908 5449 RIG.

2039 5465 2272 5540 Exiguus
2287 5476 2371 5540 tua
2399 5467 2450 5520 in
2474 5468 2655 5540 domo:
2669 5466 2829 5540 Domi
2844 5475 2948 5518 tme
2975 5461 3136 5540 exilis
3155 5467 3208 5514 ct
3227 5470 3550 5540 praeparcus.

2040 5531 2268 5590 Paratus
2293 5538 2361 5589 ad
2391 5537 2588 5608 epulas.
2624 5537 2993 5591 Potentiorum
3031 5552 3042 5587 :
3071 5533 3229 5588 etiam
3261 5531 3352 5584 ubi
3387 5543 3556 5598 appo-

1967 5607 2662 5684 nuu‘turidolothyta.th.
2759 5677 2813 5684 __
2869 5677 2880 5684 _
2941 5675 3022 5684 αἱ
3127 5673 3137 5684 _
3186 5672 3198 5684 ,
3281 5672 3293 5684 ,

2041 5677 2106 5730 Et
2133 5669 2437 5756 refugiscer'e
2454 5689 2722 5750 prwcepta.
2738 5676 2954 5756 _Cl_iristi
2988 5672 3367 5756 Domini,_.sive
3391 5669 3559 5756 disci-

1968 5748 2127 5820 plinae
2156 5747 2570 5818 Ecclesiasticze,
2621 5747 2676 5807 et
2706 5747 3017 5805 christiana:
3059 5747 3320 5868 caritait‘isa
3338 5753 3559 5812 agapas.

3269 5827 3348 5870 IG-
