4142 6262
589 333 698 394 sas
807 338 885 412 (v.
914 339 1074 413 425.)

588 452 886 524 Grassaris,
917 457 1141 526 insanis,
1163 457 1436 515 detractas
1460 474 1603 514 nunc
1628 468 1683 514 et
1712 461 1805 516 Dei
1837 476 2032 516 nomen
2057 478 2072 528 ;

591 546 748 605 Unde
778 565 885 605 non
916 550 1141 622 effugies
1170 568 1184 604 :
1219 565 1404 621 poenas
1435 566 1530 621 per
1561 550 1809 623 factaque
1836 564 2020 622 ponet.

594 641 750 698 Nunc
778 643 902 700 volo
929 645 1004 699 sis
1030 656 1240 711 cautus,
1266 659 1336 700 ne
1362 646 1547 699 venias
1576 645 1714 715 ignis
1745 647 1796 699 iu
1826 657 2041 702 mstum.

591 736 771 794 Trade
803 749 853 793 te
876 738 986 809 jam
1010 737 1248 807 Christo,
1268 747 1328 794 ut
1354 749 1407 795 te
1428 736 1708 796 benefacta
1729 751 2044 810 sequantur.

914 890 1068 930 XXIX.
1097 905 1168 916 —
1188 889 1353 930 DlVlTl
1384 889 1681 930 INCBBDULO
1703 888 1865 929 ιΑιο.

594 1008 846 1078 Ditl'eres,
874 1009 1046 1078 dives,
1081 1010 1303 1067 nimium
1339 1021 1426 1068 tua
1455 1019 1645 1067 cuncta
1673 1011 1906 1067 videndo

593 1100 1000 1168 lnsatiabiliter,
1023 1102 1217 1172 quibus
1247 1102 1423 1158 adhuc
1448 1101 1728 1156 adhaerere
1753 1101 1973 1170 qumris.

593 1191 794 1248 Vivere
825 1205 942 1261 pOSt
971 1193 1094 1257 ista,
1120 1192 1277 1260 dicis,
1310 1208 1416 1248 non
1446 1204 1605 1261 spero
1631 1191 1933 1247 defunctus.

593 1280 809 1353 Ingrate
829 1298 1041 1338 summo
1069 1283 1200 1350 Deo,
1233 1285 1324 1353 qui
1356 1284 1435 1338 sic
1464 1283 1631 1337 Deum
1650 1282 1860 1354 judicas
1883 1296 2045 1347 esse;

593 1375 673 1431 Te
700 1375 791 1444 qui
819 1376 1100 1432 nesciente
1137 1376 1383 1446 protulit,
1414 1375 1612 1431 deinde
1643 1375 1862 1431 nutrivit
1888 1391 1903 1429 :

593 1465 716 1538 Ipse
743 1476 894 1538 prata
927 1475 1013 1522 tua
1041 1469 1329 1540 gubernat,
1361 1469 1550 1525 vineas
1575 1470 1714 1536 ipse,

599 1558 725 1630 lpse
747 1575 965 1631 gregem
994 1576 1275 1632 pecorum,
1306 1571 1361 1617 et
1386 1562 1648 1633 quidquid
1677 1561 1920 1633 possides
1947 1562 2080 1632 ipse.

593 1649 708 1708 Nec
734 1652 849 1707 istis
876 1652 1132 1719 attendis,
1166 1661 1258 1708 aut
1281 1663 1336 1708 tu
1371 1655 1512 1724 regis
1541 1655 1719 1709 omnia
1748 1652 1906 1708 forte.

594 1742 801 1800 Caelum
833 1744 936 1800 hoc
960 1754 1015 1800 et
1041 1756 1238 1800 terram
1261 1754 1317 1802 et
1341 1747 1508 1802 maria
1537 1746 1676 1802 salsa
1699 1747 1789 1817 qui
1818 1746 1966 1814 fecit,

596 1833 846 1891 Reddere
873 1835 1116 1892 decrevit
1141 1851 1240 1892 nos
1268 1839 1415 1908 ipsos
1444 1838 1497 1892 in
1517 1851 1684 1892 aureo
1705 1837 1868 1892 szeclo
1893 1854 1908 1904 ;

599 1929 668 1985 Et
689 1929 850 1985 modo
875 1930 922 1985 si
950 1930 1150 1997 credis,
1173 1931 1372 1986 vivitur
1395 1932 1450 1986 in
1479 1931 1572 1986 Dei
1601 1941 1833 1986 secreto.

598 2022 758 2079 Disce
783 2022 971 2087 Deum,
1005 2023 1192 2091 stulte,
1237 2024 1328 2094 qui
1353 2024 1470 2080 vult
1510 2035 1563 2081 te
1589 2023 1947 2080 immortalem
1978 2022 2189 2090 adesse,

596 2112 668 2170 Ut
692 2115 892 2186 gratias
916 2113 992 2169 illi
1012 2114 1215 2171 referas
1237 2115 1290 2171 in
1312 2130 1483 2187 agone
1505 2131 1793 2186 perennes.

597 2207 712 2263 Lex
741 2206 900 2263 docet
926 2207 1117 2277 ipsius,
1147 2208 1244 2264 sed
1273 2212 1400 2278 quia
1420 2208 1604 2279 vagari
1635 2217 1690 2263 tu
1719 2207 1940 2278 quaeris,

596 2299 790 2356 Omnia
811 2299 1095 2367 discredis,
1117 2310 1172 2356 et
1197 2301 1322 2357 inde
1345 2301 1400 2356 in
1431 2311 1670 2357 tartaros
1689 2301 1791 2356 ibis
1817 2316 1831 2354 :

595 2393 721 2451 Mox
746 2394 982 2450 animam
1004 2393 1209 2462 reddis,
1237 2395 1453 2452 duceris
1479 2411 1586 2467 quo
1615 2406 1668 2452 te
1696 2397 1919 2466 poenitet
1943 2409 2085 2451 esse.

597 2485 849 2543 Adluitur
870 2484 942 2540 ibi
971 2500 1129 2556 paena
1161 2487 1422 2557 spiritalis
1447 2495 1648 2543 aeterna
1673 2504 1690 2554 ;

597 2579 766 2654 Lugia
797 2593 924 2640 sunt
947 2600 1184 2654 semper,
1229 2600 1328 2642 nec
1349 2587 1675 2657 permoreris
1703 2586 1756 2642 in
1781 2587 1894 2654 illa,

599 2674 1035 2749 Omnipotentem
1059 2678 1228 2735 Deum
1253 2680 1367 2751 jam
1397 2694 1540 2735 nunc
1570 2680 1641 2735 ibi
1674 2696 1798 2736 sero
1829 2682 2190 2750 proclamans.

885 2831 1012 2870 XXX.
1044 2831 1347 2873 —-Dl\'lTES
1381 2831 1612 2872 ιιυωιεε
1643 2831 1872 2872 ESTOTE.

601 2950 781 3018 Disce,
804 2952 1090 3019 moriture,
1113 2951 1312 3006 bonum
1343 2963 1394 3008 te
1423 2951 1710 3007 ostendere
1731 2952 1961 3006 cunctis.

600 3042 659 3099 In
687 3043 866 3098 medio
897 3043 1075 3114 populi
1097 3043 1226 3115 quid
1259 3043 1469 3112 tegfacis
1496 3045 1725 3099 alterum
1747 3058 1867 3098 esse
1893 3045 1917 3097 ?

605 3135 768 3192 Vadis
791 3135 884 3192 ubi
911 3137 1110 3203 nescis,
1140 3145 1195 3193 et
1222 3137 1424 3192 inscius
1452 3135 1577 3192 inde
1606 3135 1836 3191 recedis.

601 3225 774 3299 lmpie
803 3237 1020 3292 tractas,
1049 3243 1173 3284 cum
1197 3229 1315 3299 ipso
1343 3243 1572 3299 corpore
1596 3229 1715 3282 sitis

602 3319 685 3376 Tu
710 3336 928 3391 semper
951 3321 1167 3378 divitias
1193 3341 1206 3376 :
1239 3323 1460 3378 nimium
1493 3331 1545 3378 te
1575 3321 1719 3376 tollis
1746 3322 1796 3376 itt
1825 3323 2015 3387 altum,

600 3411 671 3469 Et
697 3413 920 3485 typhum
946 3413 1118 3482 ducis,
1149 3430 1250 3471 nec
1273 3416 1496 3487 respicis
1526 3429 1786 3486 pauperes
1827 3415 1984 3470 ultro.

601 3507 862 3564 Subditos
886 3523 1030 3564 nunc
1059 3509 1236 3574 vobis,
1271 3524 1372 3564 nec
1404 3517 1658 3579 parentes
1681 3509 1898 3578 pascitis
1924 3509 2090 3577 ipsos.

601 3600 721 3658 Heu
747 3602 930 3660 miseri
959 3605 973 3658 !
1007 3603 1215 3676 fugiant
1233 3604 1447 3674 longius
1463 3604 1763 3660 mediocres
1785 3618 1815 3658 a
1846 3603 2018 3659 vobis.

1678 341 2106 402 COMMODIANI
2147 345 2688 405 INSTRUCTIONES

3405 351 3482 422 (ν.
3514 351 3669 421 ist.)
3780 350 3900 408 2-24

2210 467 2258 524 Α
2289 461 2434 517 Vixit
2465 483 2477 516 :
2502 473 2576 531 et,
2606 463 2831 518 extinxi.
2867 462 3098 532 Pauper,
3122 475 3342 538 Ευρεκα,
3366 463 3583 519 clamat.

2289 553 2407 609 Mox
2433 554 2584 610 furiis
2610 557 2790 626 ageris
2821 570 2948 610 cum
2969 570 3157 624 pereas
3178 555 3311 624 ipse,
3347 552 3671 626 Charybdis.

2291 639 2680 715 Indisci‘pliuati
2710 646 2788 701 sic
2807 661 2904 702 vos
2927 646 3120 702 divites
3145 648 3295 703 esus.

2296 738 2490 810 Legem
2514 739 2655 794 datis
2685 740 2822 808 istis,
2854 755 2964 796 non
2999 741 3152 796 vobis
3177 741 3379 812 paratis
3405 741 3556 810 ipsis.

2296 832 2445 888 Exue
2475 842 2526 888 te
2553 833 2704 889 dives
2731 835 2893 890 tantis
2919 835 3096 904 malis,
3127 835 3240 890 Deo
3272 851 3582 906 perversos,

2294 926 2589 983 Subveniat
2620 928 2804 999 utique
2830 929 2922 983 tibi
2953 928 3094 1000 quod
3121 945 3262 985 nunc
3291 931 3546 1000 operasti,
3575 931 3622 986 si
3653 928 3810 988 forte.

2295 1019 2483 1074 Estote
2512 1035 2698 1075 comes
2723 1021 2982 1088 numinis,
3013 1021 3142 1076 dttm
3174 1031 3386 1094 tempus
3418 1023 3650 1091 habetis,

2293 1110 2446 1166 Sicut
2480 1111 2655 1166 ulmus
2676 1121 2820 1166 amat
2846 1112 3033 1178 vitem,
3059 1115 3139 1168 sic
3162 1114 3260 1184 ipsi
3286 1114 3527 1183 pusillos.

2296 1202 2612 1258 Terribilem
2642 1203 2812 1274 legem
2846 1205 3025 1271 malis,
3058 1205 3214 1261 bouis
3241 1221 3393 1276 teque
3421 1206 3704 1277 benignam

2293 1295 2533 1352 Observa
2556 1313 2697 1353 nunc
2718 1298 2939 1364 sterilis,
2967 1297 3216 1353 subtutus
3245 1299 3298 1352 in
3323 1298 3595 1368 prosperis
3615 1310 3730 1356 esto
3758 1316 3773 1354 :

2294 1388 2488 1444 Tollite
2516 1389 2675 1445 corda
2710 1388 2914 1445 fraudis
2937 1391 3153 1456 divites,
3185 1400 3240 1444 et
3267 1390 3464 1446 sumite
3496 1392 3657 1460 pacis.

2295 1481 2363 1538 Et
2387 1491 2624 1552 spectate
2661 1482 2858 1537 malum
2894 1491 3154 1538 vestrum.
3187 1480 3546 1538 Benefacitis?
3567 1483 3764 1540 Adsun-

2864 1631 3386 1672 XXXl.—JUDICIBUS.

2297 1748 2495 1805 lntuite
2520 1749 2661 1805 dicta
2693 1750 3023 1816 Salomonis,
3052 1750 3265 1821 judices
3291 1765 3503 1806 omnes.

2221 1865 2270 1925 Β
2302 1841 2421 1898 Uno
2437 1843 2606 1898 verbo
2628 1858 2726 1898 suo
2751 1843 2980 1914 qualiter
3007 1857 3104 1898 vos
3131 1843 3220 1899 ille
3240 1844 3530 1900 detractat.

2301 1926 2449 1992 Dona
2477 1951 2635 2006 quam
2670 1947 2725 1991 et
2750 1937 2904 1992 xenia
2932 1945 3286 2006 corrumpunt
3307 1937 3515 2006 judices
3543 1953 3557 1990 :
3588 1937 3714 1993 inde

2299 2027 2427 2084 lnde
2447 2027 2536 2098 jus
2565 2027 2809 2098 sequitur
2835 2045 2847 2081 :
2877 2027 3097 2084 datores
3117 2043 3332 2097 semper
3354 2029 3580 2095 amatis;

2299 2119 2540 2190 Cumque
2564 2121 2667 2175 erit
2691 2134 2874 2187 causa,
2903 2120 3184 2176 victoriam
3216 2119 3357 2175 tollit
3378 2120 3582 2192 iniqua.

2299 2215 2564 2271 lnnocens
2601 2215 2678 2270 sic
2699 2231 2800 2288 ego
2824 2231 2969 2282 sum,
3000 2231 3102 2272 nec
3124 2230 3222 2272 vos
3252 2216 3438 2272 incuso
3465 2216 3712 2287 pusillus,

2300 2307 2700 2377 Blasphemium
2735 2307 2872 2363 tollit
2891 2308 3148 2364 Salomon
3173 2309 3296 2378 quia
3327 2317 3530 2379 aperte.

2301 2398 2466 2454 Vobis
2491 2408 2669 2454 autem
2701 2399 2844 2454 Deus
2864 2409 2949 2455 est
2976 2409 3167 2456 venter
3187 2409 3242 2456 et
3271 2400 3489 2470 praemia
3512 2401 3652 2472 jura.

2300 2489 2548 2563 Suggerit
2569 2490 2670 2547 hoc
2693 2491 2888 2547 Paulus
2913 2493 3211 2562 apostolus,
3243 2507 3349 2548 non
3372 2509 3471 2565 ego
3492 2493 3709 2565 duplex.

2729 2645 2896 2683 XXXII.
2915 2659 2986 2670 -·
3000 2643 3098 2685 SIBI
3117 2643 3498 2684 PLACENTIBUS.

2301 2764 2357 2821 Si
2388 2764 2536 2820 locus
2564 2774 2654 2820 aut
2682 2776 2890 2836 tempus
2921 2766 3081 2834 favet,
3111 2777 3201 2822 aut
3229 2781 3455 2838 persona
3487 2770 3733 2838 provexit
3762 2787 3777 2838 ;

2302 2857 2472 2912 Judcx
2497 2869 2614 2912 esto
2642 2875 2812 2914 novus
2843 2877 2855 2912 :
2881 2861 3008 2931 quid
3042 2877 3182 2916 nunc
3209 2863 3488 2918 cxtolleris
3515 2864 3678 2920 inde?

2302 2952 2651 3022 Blasphetnas
2691 2953 2958 3020 indocilis,
2992 2955 3058 3009 de
3081 2957 3235 3025 cuj’ns
3259 2959 3566 3026 praestantia
3589 2958 3748 3026 vivis,

2303 3045 2361 3100 In
2392 3046 2673 3116 fragilitate
2698 3056 2840 3101 tanta
2867 3062 2972 3102 non
3004 3049 3231 3117 respicis
3253 3065 3510 3119 utiquam.

2305 3139 2408 3194 Per
2429 3140 2626 3210 gradus
2644 3150 2700 3196 et
2723 3141 2869 3195 lucra
2890 3141 3080 3197 avidus
3106 3141 3336 3197 fortuna:
3357 3145 3640 3214 przesumis
3665 3163 3680 3211 ;

2309 3231 2416 3287 Lex
2455 3233 2546 3286 tibi
2581 3249 2686 3287 non
2716 3235 2822 3288 ulla
2849 3245 2952 3300 est,
2975 3250 3073 3290 nec
3095 3245 3145 3290 te
3178 3237 3228 3290 in
3255 3239 3609 3306 prosperitate
3633 3239 3898 3296 dinoscis.

2309 3327 2454 3376 Auro
2477 3324 2603 3378 licet
2633 3334 2979 3393 censeantur,
3013 3325 3280 3381 baccltent
3304 3328 3479 3382 aulica
3502 3343 3749 3400 semper;

2227 3386 2272 3448 C
2304 3419 2640 3474 Cruciarium
2674 3419 2883 3474 Domini
2905 3421 2946 3475 si
2978 3435 3083 3474 non
3112 3421 3369 3486 adorasti,
3401 3425 3607 3492 peristi.

2307 3510 2371 3564 Et
2394 3511 2543 3565 locus
2567 3521 2620 3565 et
2648 3521 2857 3582 tempus
2878 3523 2931 3567 et
2951 3527 3182 3584 persona
3209 3515 3303 3569 tibi
3323 3515 3555 3571 donatur

2298 3601 2471 3670 Nunc,
2502 3603 2548 3658 si
2579 3613 2754 3658 tamen
2771 3603 2950 3659 credis
2980 3621 2991 3656 :
3023 3603 3104 3659 sin
3127 3617 3328 3675 autem,
3359 3622 3457 3677 pro
3474 3623 3540 3664 eo
3571 3609 3803 3667 timebis.

1975 3739 2531 3797 COMMENTARIUS.

604 3873 890 3945 δεινοποίῳ,
918 3870 1117 3945 acerbo,
1147 3868 1405 3945 inacerbo.
1433 3868 1499 3945 Et
1519 3867 1644 3945 a_libi
1667 3885 1680 3920 :
1727 3867 2058 3945 Θεοχᾳλὼτος
2081 3864 2196 3945 dei-

603 3952 770 4010 ratus,
802 3936 894 3996 nis.
918 3942 1011 3995 deo
1042 3942 1224 3995 iratus.
1259 3939 1328 3994 Et
1357 3937 1498 4008 apud
1530 3937 1746 3993 Festum
1760 3956 1793 4010 _:
1828 3936 1986 3991 Dirus
2010 3936 2093 3991 dei
2119 3936 2198 3988 ira

601 4008 777 4069 natus.
808 4012 1097 4074 Juvenalis,
1133 4013 1213 4066 dis
1238 4010 1326 4064 ille
1346 4011 1493 4064 iratis
1509 4010 1728 4078 genitus.
1758 4008 1874 4064 Βία.

683 4082 755 4139 Te
779 4085 867 4154 qui
919 4083 1170 4137 nesciente
1215 4083 1448 4153 protulit.
1493 4079 1622 4152 Leg.
1656 4079 1726 4134 Te
1762 4083 1846 4150 qui
1898 4078 2200 4132 nescientem

610 4156 845 4230 protulit.
880 4156 1065 4210 DAVIS.
1097 4227 1107 4230 _
1208 4224 1228 4230 _
1511 4222 1533 4230 _
1700 4222 1713 4230 _

688 4225 754 4280 In
781 4243 938 4280 aureo
985 4227 1158 4280 sieclo.
1207 4224 1264 4279 In
1297 4239 1458 4278 aurea
1505 4222 1841 4278 Jerusalem:
1873 4221 1966 4274 illo
1993 4219 2203 4274 scilicet

614 4297 924 4354 millenario
951 4295 1226 4352 inoffensa:
1255 4295 1530 4349 felicitatis
1552 4294 1842 4348 curriculo.
1873 4291 1994 4346 Rto.

688 4367 754 4422 In
778 4367 874 4421 Dei
921 4379 1130 4422 secreto.
1159 4367 1334 4433 Supra
1366 4366 1499 4419 dixit
1528 4381 1541 4417 :
1573 4363 1664 4420 Sic
1689 4364 1837 4418 habet
1874 4364 2084 4432 abyssus
2113 4377 2207 4415 no-

617 4450 720 4494 ster
746 4439 810 4492 de
835 4439 926 4492 Dei
957 4448 1169 4492 secreto.
1206 4437 1325 4491 Βία.

688 4509 855 4579 Lugia
879 4517 997 4564 sunt
1022 4524 1235 4574 semper.
1269 4507 1454 4561 Fletus
1474 4517 1530 4579 et
1553 4505 1753 4560 stridor
1779 4503 2044 4579 dentium.
2078 4501 2198 4579 illo.

691 4573 924 4654 Pauper,
980 4573 1191 4654 εὐρήρςᾴ.
1245 4579 1453 4654 clamat.
1491 4576 1894 4654 ln_apographo
1931 4594 1942 4626 :
1988 4573 2124 4654 Vixit
2158 4583 2204 4627 et

621 4651 840 4720 extinxit
871 4646 1064 4720 pauper
1094 4649 1256 4720 Ebrea
1300 4649 1516 4702 clamor.
1545 4647 1864 4720 Eutendatio
1894 4646 2149 4720 pratclara
2190 4662 2195 4667 '

566 4720 569 4723 ’
635 4719 791 4780 Vixit.
818 4713 1098 4775 et'extinxi.
1124 4718 1332 4788 Pauper
1361 4720 1554 4788 εὑρήκοι
1597 4717 1807 4770 clamat.
1842 4713 1930 4770 Ait
1954 4713 2205 4788 Commo-

1009 4771 1346 4860 th‘tecetleuti
1396 4771 1720 4845 ⁷Ῐινηιὶδεή
1743 4790 1762 4842 !
1779 4789 1977 4860 fugiant
1997 4787 2205 4860 _I_ongius

622 4863 902 4918 mediocres
923 4880 953 4916 a
974 4858 1113 4917 vobis
1139 4881 1151 4916 :
1181 4861 1456 4925 divitibus,
1487 4860 1713 4915 scilicet.
1749 4859 1948 4914 Deinde
1977 4858 2199 4911 divitem

624 4933 830 4990 inducit
860 4934 1241 5004 obloquentem
1272 4933 1322 4988 in
1357 4934 1543 4988 funere
1589 4931 1860 5004 pauperis,
1894 4928 2206 5004 quasidum

623 5006 827 5059 viveret
874 4999 1183 5072 importuni,
1212 5019 1274 5057 ac
1325 5004 1546 5058 nimium
1591 4999 1836 5072 instantis
1865 5017 1877 5054 :
1905 4999 2059 5068 abegi
2091 5009 2208 5072 tau-

623 5075 746 5130 dem
798 5069 1044 5145 magn'atn
1071 5091 1100 5130 a
1129 5090 1216 5130 nte
1265 5075 1568 5129 molestiam
1601 5087 1616 5125 :
1647 5071 1792 5145 Vixit
1845 5071 2060 5145 putidus
2105 5069 2208 5145 _illc

625 5141 1124 5201 Lazarustxtinxi
1172 5147 1447 5202 miserum.
1476 5145 1611 5200 Tum
1641 5143 1709 5196 dc
1754 5142 2000 5210 pauperis
2032 5141 2209 5194 anima

625 5233 853 5287 corpore
879 5227 1060 5277 exuta,
1092 5226 1146 5271 et
1184 5216 1292 5286 jam
1327 5217 1377 5270 in
1407 5217 1602 5271 coelum
1649 5221 1943 5287 assumpta.
1977 5211 2206 5287 Pauper,

628 5280 796 5363 inquit
849 5280 1290 5363 C(unmodiatius,
1319 5309 1514 5363 copam
1559 5286 1777 5363 clamat;
1803 5280 2049 5363 qjtodest
2080 5280 2212 5363 τλη-

626 5351 748 5412 veni
778 5359 918 5441 quod
947 5370 1284 5440 optaveram,
1310 5351 1450 5441 qu'od
1485 5358 1740 5441 petieram
1761 5370 1790 5407 a
1818 5355 2042 5436 Domino
2067 5368 2087 5441 ε¹
2110 5351 2213 5433 Te-

628 5443 735 5500 neo
767 5423 902 5483 viam
931 5423 1033 5500 qua
1066 5430 1170 5483 itur
1210 5423 1510 5500 inﬁcinlum‘.
1534 5428 1628 5500 Sic
1649 5434 1826 5480 autem
1856 5426 1907 5478 itt
1932 5425 2053 5500 ipsa
2077 5423 2216 5492 lapi-

628 5498 848 5569 datione
875 5495 1180 5569 Stephanus
1205 5517 1218 5554 :
1261 5497 1420 5553 Video
1445 5499 1598 5552 caelos
1625 5507 1848 5569 apertos,
1879 5507 1985 5552 etc.
2017 5495 2137 5569 Btc.

703 5567 879 5623 Furiis
917 5567 1217 5642 Charybdis.
1260 5570 1480 5640 Angelis
1525 5580 1727 5642 satana:
1757 5567 1807 5620 in
1838 5567 2030 5642 inferni
2057 5580 2216 5642 vora-

629 5642 775 5767 gline,
803 5641 888 5767 ιὲιί
923 5657 1026 5696 non
1054 5637 1139 5698 est
1167 5637 1486 5706 substantia,
1511 5638 1606 5695 sed
1638 5638 1963 5694 inenatabile
1991 5637 2216 5710 profun-

675 5728 784 5767 um.
866 5728 934 5767 to.

633 5715 784 5770 dum.
815 5715 934 5768 Rto.

711 5783 966 5854 Operasté.
1020 5783 1131 5841 Hoc
1171 5794 1282 5856 est.
1310 5791 1565 5854 operatus
1607 5792 1712 5856 est.
1755 5789 2019 5856 Δχαίκῶς,
2049 5781 2135 5836 vel
2166 5780 2212 5836 si

635 5853 805 5912 mavis
830 5855 1081 5913 barbare.
1124 5855 1298 5912 Simili
1343 5853 1555 5912 licentia
1603 5853 1740 5912 dixit
1789 5853 1946 5910 instr.
1979 5867 2129 5922 χχιι,
2158 5868 2208 5908 v.

2302 3860 2448 3932 4667:
2482 3860 2677 3932 Intuite
2723 3861 2860 3915 dicta
2915 3862 3229 3917 Salomonis.
3281 3862 3477 3917 lterum
3521 3865 3675 3920 instr.
3705 3881 3901 3932 xxxix,

2303 3948 2354 3985 v.
2380 3931 2478 3987 481
2511 3931 2784 3986 :Bacchent
2805 3932 2973 3986 aulica
3000 3952 3214 4001 semper.
3249 3935 3430 3988 DAVIS.

2379 4004 2602 4058 Observa
2629 4020 2765 4057 nunc
2786 4005 2994 4058 sterilis.
3042 4007 3116 4060 De
3164 4005 3439 4060 sterilibus
3467 4006 3774 4063 cltristiauis
3811 4008 3904 4063 di-

2306 4085 2459 4130 cetur
2487 4075 2647 4129 lustr.
2680 4091 2763 4129 Lv.
2795 4075 2914 4130 Rto.

2376 4145 2724 4217 Benefacitis?
2780 4147 2988 4199 Adsunt.
3029 4144 3140 4199 Hoc
3182 4162 3248 4201 ex
3283 4163 3512 4214 persona
3546 4149 3636 4203 Dei
3686 4149 3909 4205 miseri-

2305 4217 2543 4289 cordiam
2565 4217 2858 4289 offerentis,
2885 4227 2935 4271 et
2958 4218 3293 4285 resipiscenti
3315 4220 3540 4289 gratiam
3567 4229 3728 4287 atque.
3746 4222 3909 4275 auxi-

2308 4287 2438 4342 lium
2470 4288 2943 4359 praisentissimum
2977 4287 3337 4357 suggerentis,
3364 4290 3620 4359 seipsum
3647 4291 3906 4350 videlicet

2308 4358 2633 4413 omnimodae
2656 4358 2966 4413 felilicitatis
2990 4369 3288 4413 auctorem.
3320 4361 3436 4415 RIG.

2227 4403 2284 4463 D
2389 4429 2535 4482 Dona
2563 4447 2715 4496 quam
2757 4440 2802 4483 et
2845 4431 2998 4484 xenia
3027 4440 3359 4499 corrumpunt
3386 4433 3601 4498 iudices.
3628 4432 3901 4498 ReSpicit,

2310 4503 2385 4555 ttti
2415 4500 2630 4568 quidem
2655 4501 2840 4567 credo,
2870 4501 2936 4554 ad
2970 4501 3164 4563 Eccle.,
3201 4517 3277 4560 ttt.
3305 4502 3394 4557 16.
3446 4502 3499 4555 In
3529 4519 3686 4570 queui
3723 4504 3907 4558 locum

2307 4575 2387 4628 sit:
2427 4572 2810 4641 Hieronymus,
2838 4581 2877 4626 t.
2910 4587 2963 4633 v,
3000 4587 3051 4641 p.
3101 4574 3188 4636 10,
3217 4573 3344 4627 ctlit.
3396 4573 3640 4628 Victonn:
3680 4594 3697 4626 ι
3734 4574 3911 4628 Matti-

2310 4644 2478 4699 festus
2505 4658 2698 4697 sonsos
2728 4655 2832 4707 est,
2859 4643 2954 4698 sed
2999 4645 3180 4697 nubilo
3213 4644 3669 4712 iuterpretatioois
3696 4646 3902 4699 obvol-

2308 4716 2469 4789 vitur.
2501 4714 2613 4789 Sub
2666 4714 3172 4789 sole,iuqttit,_isto
3199 4717 3496 4789 veritatem
3543 4727 3597 4770 et
3635 4716 3907 4789 judicium

2309 4785 2574 4852 εχιιυὶεἰνί
2601 4795 2692 4838 :et
2713 4785 2819 4839 vidi
2848 4786 3007 4838 etiam
3035 4785 3429 4853 interjntlicum
3454 4785 3565 4853 ipsa
3598 4787 3883 4850 subsellia,

2308 4871 2440 4981 go?)
2453 4858 2732 4911 veritatem
2758 4855 2959 4921 valere,
2989 4857 3082 4910 sed
3113 4856 3532 4912 muneraaV'ide
3557 4859 3689 4928 psal.
3712 4873 3907 4925 Lxxxt,

2351 4968 2363 4980 .
2446 4943 2584 4981 AVIS.

2351 4968 2363 4980 .
2402 4928 2584 4982 ῡΑνιε.

2394 4997 2671 5070 Victoriam
2695 4999 2827 5052 tollit
2850 4999 3050 5064 iniqtta’.
3081 4997 3136 5052 In
3165 4999 3473 5069 apographo
3505 4999 3716 5070 legitur,
3745 5001 3910 5054 victo-

2311 5070 2390 5123 ria
2413 5069 2545 5122 tollit
2567 5070 2813 5137 iniquam.
2845 5069 2960 5123 lito.

2384 5139 2767 5208 Blaspheminm
2788 5141 2942 5212 Atollit
2995 5140 3265 5194 Salomon.
3297 5140 3387 5196 Sic
3412 5142 3464 5195 in
3493 5142 3800 5212 apographo
3827 5143 3910 5197 le-

2312 5213 2472 5282 gitur,
2495 5221 2552 5264 ut
2581 5225 2762 5277 supra,
2781 5210 3175 5282 ignominiuntct
3204 5213 3492 5282 infantium,
3511 5210 3794 5268 instram.
3822 5213 3906 5268 In.

2389 5281 2526 5335 Deus
2576 5290 2648 5334 est
2701 5280 2887 5334 venter.
2937 5280 2994 5335 In
3045 5283 3226 5338 animo
3258 5281 3445 5337 habuit
3489 5285 3911 5342 Comtnotlianus

2316 5352 2578 5422 Philipp.,
2607 5367 2684 5414 ttt,
2721 5351 2806 5407 19.
2842 5352 3022 5407 DAVIS.

2389 5423 2564 5479 Iudex
2619 5435 2720 5477 esto
2762 5440 2942 5478 novus.
2974 5423 3180 5478 Novum
3224 5424 3597 5493 magistratum
3657 5425 3909 5494 adeptus.

2392 5494 2469 5547 De
2495 5497 2642 5565 cujus
2666 5496 2985 5563 pt'wsmittia.
3008 5495 3119 5560 Dei,
3153 5496 3241 5564 qui
3271 5505 3414 5549 tanta
3440 5499 3536 5552 tibi
3561 5507 3665 5552 tam
3698 5497 3914 5556 liberali

2319 5582 2479 5621 manu
2512 5577 2722 5634 prtP-Slal
2736 5608 2748 5621 .
2775 5566 2891 5621 th.

2392 5637 2709 5710 Cruciariutn
2732 5637 2958 5692 Domini.
2981 5635 3070 5710 Sic
3097 5637 3364 5710 legiturin
3395 5640 3702 5710 apographo
3729 5657 3742 5694 :
3778 5639 3916 5694 Cru-

2321 5710 2507 5762 ciatum
2541 5709 2761 5772 Domini,
2787 5723 2986 5761 crucem
3029 5705 3238 5768 Christi.
3269 5705 3527 5764 Christum
3580 5705 3909 5778 cruciﬁxum.

2316 5784 2410 5840 Τὸν
2430 5784 2595 5856 μέγαη
2615 5785 2803 5856 insitam:
2820 5783 2904 5835 τὸν
2924 5781 3055 5856 Δἐκέ-τῇ
3073 5783 3915 5856 παλᾳρστὶνῃἀνασκολοπισθέντα.

2321 5850 2736 5916 Ρτοὀι³ιιρίίιτίο,
2764 5850 2938 5906 Graeci
2966 5850 3152 5907 dixere
3179 5850 3486 5921 Martyrium
3520 5870 3660 5921 :quo
3687 5854 3916 5912 nomine
