4142 6262
231 362 346 419 est
458 365 531 436 (v.
574 363 733 433 8M.)

225 480 349 538 Sed
378 490 548 538 tamen
572 481 783 552 utrique
801 481 1004 553 judicia
1024 497 1153 539 vera
1184 484 1570 540 decernuntur.

226 574 384 632 Ecce
411 575 668 631 militatur
696 573 933 643 Christo,
967 578 1107 631 sicut
1127 577 1327 635 Caesari
1359 591 1596 651 paretur.

223 665 519 738 Refugium
549 668 690 737 regis
715 677 856 737 pete.
889 668 934 723 si
961 668 1191 725 delictor
1221 671 1401 738 fuisti;

219 757 307 813 Tu
345 760 495 815 illum
522 760 773 828 implora,
806 772 1108 831 prostratus
1130 763 1204 818 illi
1232 762 1402 820 fatere
1433 784 1447 820 :

219 851 426 907 Omnia
457 852 736 918 concedet,
765 853 917 921 cuius
945 865 1146 912 suntet
1175 858 1354 913 omnia
1389 868 1595 916 nostra.

220 943 508 1017 Repositis
527 947 739 1012 castris,
771 946 995 1002 ulterius
1014 963 1145 1004 cave
1167 949 1469 1022 delinquas.

219 1037 436 1095 Errare
463 1039 566 1092 noli
596 1038 689 1093 ditt
717 1038 871 1095 miles
901 1054 995 1108 per
1021 1040 1219 1109 spelzea
1249 1041 1505 1100 ferarum.

223 1131 309 1187 Sit
339 1132 437 1187 tibi
468 1145 712 1203 peccare.
741 1131 1003 1188 desistere
1031 1144 1240 1203 gestum
1267 1135 1613 1194 immensum.

652 1240 762 1279 LIII.
796 1254 866 1266 ·--
895 1241 1160 1282 ιιιιιτιιιυε
1198 1243 1431 1285 CHRISTI.

220 1317 435 1374 Militiae
455 1333 650 1375 nomen
677 1334 798 1374 cum
822 1319 1057 1379 dederis.
1095 1319 1250 1378 freno
1278 1325 1498 1380 teneris.

224 1411 421 1483 Incipe
453 1422 581 1467 tunc
605 1426 730 1484 ergo
755 1410 1031 1468 dimittere
1057 1414 1275 1483 pristina
1305 1427 1454 1483 gesta
1480 1433 1493 1469 :

225 1505 506 1561 Luxurias
527 1506 651 1569 vita,
674 1506 925 1575 quoniam
950 1506 1100 1563 labor
1124 1508 1366 1563 imminet
1393 1511 1583 1565 armis.

226 1598 476 1668 Imperio
501 1598 638 1665 regis
662 1596 811 1651 omni
838 1597 1034 1654 virtute
1062 1599 1357 1669 parendum
1378 1645 1394 1668 ,

225 1690 504 1761 Tempora
535 1704 806 1761 poswema
845 1691 890 1747 si
920 1692 1001 1746 vis
1028 1694 1333 1765 pertingere
1362 1695 1507 1751 la'ta.

224 1786 324 1841 Ille
352 1785 526 1840 bonus
553 1784 731 1850 miles,
758 1800 975 1856 semper
1002 1794 1253 1857 exspecta
1280 1786 1526 1855 fruenda;

220 1878 482 1934 Blandire
502 1878 610 1933 noli
635 1877 755 1944 tibi,
785 1877 1023 1935 desidias
1047 1882 1270 1936 omnino
1293 1882 1470 1949 mitte,

228 1971 298 2028 Ut
328 1982 422 2027 tuo
452 1971 743 2042 praeposito
769 1972 989 2028 cottidie
1020 1982 1226 2044 prasto
1245 1975 1340 2042 sis,
1375 1984 1499 2033 ante

226 2066 486 2121 Solicitus
506 2075 646 2132 esto,
682 2068 975 2122 matutinus
1000 2068 1149 2139 signa
1179 2071 1375 2127 revise.

228 2159 364 2216 Cum
391 2161 594 2217 videris
620 2160 841 2227 bellum,
882 2162 1073 2233 agonia
1103 2179 1257 2220 sume
1285 2165 1606 2238 propinqua.

1412 368 1783 430 ADVERSUS
1812 372 2122 432 GENTIUM
2166 375 2355 434 DEOS.

3078 383 3155 458 (ν.
3180 380 3331 456 332.)
3441 382 3552 443 ste.

1865 492 1913 550 Α
1943 490 2068 545 llaec
2095 490 2264 560 gloria
2294 491 2467 562 regis,
2503 492 2724 548 militem
2755 493 2944 549 videre
2986 506 3233 566 paratum
3261 514 3275 560 ;

1941 583 2052 637 Rex
2083 583 2267 652 adest,
2300 595 2484 655 optato
2511 599 2731 657 propter
2760 605 2909 657 spem
2942 589 3418 649 dominicaturum.

1936 676 2032 732 Ille
2062 685 2214 747 parat
2237 679 2409 744 dona,
2443 679 2534 735 ille
2562 695 2658 750 pro
2683 682 2904 737 victoria
2937 684 3095 739 lzetus

1937 769 2205 840 Suspicit,
2234 783 2288 829 et
2321 776 2600 844 proprium
2629 777 2874 832 satellem
2908 777 3122 833 dedicat
3149 793 3300 834 esse.

1938 863 2016 919 Tu
2046 866 2137 919 tibi
2182 876 2443 937 przcterea
2467 869 2521 924 itt
2546 870 2730 925 Belian
2764 886 2987 941 parcere
3017 873 3125 927 noli
3160 891 3175 927 :

1938 955 2167 1029 Impiger
2196 970 2313 1014 esto
2344 962 2512 1032 magis
2535 1004 2549 1026 ,
2583 971 2640 1017 ut
2663 963 2851 1018 reddat
2876 965 3070 1021 famam
3100 982 3198 1037 pro
3235 974 3434 1025 morte.
3500 961 3511 969 ’

2447 1094 2553 1133 LIV.
2581 1096 2738 1135 -ΒΕ
2780 1096 3023 1139 ιιεευϐιε.

1936 1192 2319 1249 Damnatorum
2347 1194 2541 1249 anima:
2573 1198 2765 1252 merito
2793 1198 2989 1269 seipsa:
3015 1211 3328 1256 secernunt.

1936 1286 2014 1340 Ex
2046 1285 2148 1341 hoc
2188 1287 2451 1356 progeniti
2482 1287 2676 1343 iterum
2709 1290 2775 1344 ad
2804 1306 2900 1345 sua
2934 1303 3244 1347 recurrunt.

1937 1376 2105 1432 Radix
2132 1378 2336 1433 caina-a
2358 1422 2372 1446 ,
2424 1381 2770 1437 maledictum
2800 1398 2990 1438 semen
3032 1388 3303 1456 erumpit,

1933 1479 1987 1523 et
2017 1462 2069 1523 in
2101 1471 2280 1525 servili
2310 1482 2471 1541 gente
2501 1473 2601 1527 sub
2626 1473 2856 1530 barbaro
2895 1491 3019 1545 rege
3049 1477 3280 1547 refugit,

1934 1562 2171 1617 Flamma
2202 1578 2337 1634 quos
2364 1573 2565 1619 {eterna
2595 1569 2865 1635 torquebit
2890 1569 2981 1624 die
3007 1568 3253 1627 decreto.

1935 1653 2061 1708 Vult
2087 1668 2253 1724 vagus
2280 1669 2468 1710 errare
2492 1656 2609 1711 sine
2630 1657 2913 1727 disciplina
2946 1661 3201 1732 profugus
3218 1706 3234 1728 ,

1933 1747 2182 1804 Grassari
2216 1763 2313 1819 per
2339 1752 2519 1806 fauces
2546 1752 2752 1806 viarum
2784 1752 2904 1822 lege
2933 1754 3163 1810 solutus.

1936 1841 2030 1897 Isti
2057 1858 2187 1915 ergo
2219 1844 2353 1899 tales
2374 1886 2389 1908 ,
2437 1859 2576 1915 quos
2601 1846 2743 1900 nulla
2775 1861 2934 1917 pcena
2961 1851 3138 1919 coegit
3162 1891 3177 1914 ,

1859 1895 1908 1955 Β
1934 1933 1993 1991 Si
2015 1895 2203 2013 tas.
2222 1895 2421 1994 iis.
2442 1895 2743 2006 nisi;
2771 1895 3222 2012 ἷὲἐᾷᾗιιῖιζεῖέιίι.

2370 2069 2456 2109 ιν.
2478 2083 2550 2095 ·-·-
2570 2069 2636 2109 [ιε
2676 2069 2817 2111 LOLII
2856 2071 3078 2112 SEIINE.

1932 2170 2009 2227 De
2040 2172 2251 2228 semine
2283 2171 2434 2237 lolii,
2481 2173 2571 2244 qui
2594 2182 2738 2229 stant
2766 2172 2819 2228 in
2850 2172 3095 2231 Ecclesia
3124 2176 3298 2231 mixti.

1603 2261 1977 2320 COMMENTA
1990 2264 2164 2321 RIUS.

305 2353 450 2407 Alius
470 2353 523 2425 in
543 2361 688 2425 parte
706 2351 911 2407 recedit.
942 2352 1042 2425 Qui
1073 2367 1139 2408 ne
1168 2353 1506 2424 pertrahatur
1531 2356 1583 2408 in
1609 2355 1826 2425 Capito-

231 2425 363 2479 lium
391 2423 815 2487 sacriﬁcaturus,
838 2424 1151 2496 paciscitur,
1171 2423 1358 2480 oblatu
1376 2427 1588 2496 priesidi
1608 2423 1791 2483 libello
1807 2469 1824 2496 ,

230 2498 542 2553 concussori
578 2497 821 2565 pecunia.
856 2495 974 2551 th.

307 2567 515 2622 Iudicia
541 2584 658 2621 sera
688 2567 1044 2622 decernuntur.
1080 2566 1228 2635 lleic,
1259 2579 1316 2621 ιιι
1342 2578 1396 2624 et
1421 2570 1562 2639 apud
1594 2571 1827 2638 optimos

233 2641 553 2712 scriptores,
582 2656 753 2712 verum
774 2655 915 2694 JUS‘I‘I
944 2640 1044 2712 vel
1093 2655 1230 2703 Αεριιι
1258 2642 1449 2712 recipit
1478 2651 1827 2711 potestatem.

235 2712 459 2837 Lidesis
478 2709 869 2766 Broultltusiutn
891 2710 956 2766 ad
993 2711 1263 2782 Propertii
1289 2709 1386 2767 lib.
1412 2709 1491 2837 ig,
1523 2713 1678 2785 Elvg.
1709 2730 1830 2782 ιιιι,

316 2822 330 2835 .
1474 2799 1614 2837 AVIS.

235 2786 264 2841 1
281 2785 330 2839 1.
1430 2785 1614 2840 υιινιε.

309 2854 569 2910 Μὶιὶιιιιιιτ
614 2854 838 2920 Christo,
883 2855 1014 2910 sicut
1058 2853 1250 2909 Caesari
1302 2865 1525 2923 paretur.
1579 2857 1832 2913 Militatttr

232 2926 474 2988 Christo,
505 2927 595 2996 qtti
626 2928 935 2982 Sacrificare
963 2925 1109 2979 idolo
1139 2936 1277 2980 vetat
1304 2942 1319 2991 ;
1348 2938 1400 2982 et
1433 2928 1483 2981 in
1516 2927 1829 2982 sacriﬁcan-

235 3011 338 3059 tes.
393 3000 557 3054 etiam
612 3008 876 3061 tnortuos,
933 2998 1312 3053 animadvertit
1361 3000 1533 3066 pteois
1564 3001 1826 3066 internis;

234 3080 459 3143 paretur
507 3070 731 3143 Ca-sari,
779 3072 867 3141 qui
898 3071 1056 3143 ‘mori
1109 3070 1264 3139 jubet
1313 3085 1417 3143 non
1460 3071 1828 3127 sacrificantes

232 3132 410 3209 idolo;
446 3157 548 3197 nec
577 3142 757 3197 habet.
788 3132 914 3211 quid
942 3132 1356 3195 faciat'tuorluis
1385 3160 1398 3195 :
1429 3157 1552 3195 nam
1578 3143 1656 3196 sic
1687 3158 1831 3196 mor-
1856 3132 1900 3195 C

233 3215 309 3269 tui
333 3232 431 3284 pro
457 3213 701 3275 Christo,
729 3215 819 3284 qui
848 3214 923 3267 sic
945 3211 1146 3267 Ciusari
1172 3223 1462 3281 paruerunt
1497 3224 1550 3266 ιιι
1601 3224 1829 3269 mortem

231 3287 447 3340 fortiter
469 3285 802 3355 oppetit-rint
832 3300 928 3355 pro
958 3284 1155 3340 Christi
1185 3285 1421 3350 nomine,
1452 3285 1617 3339 vitam
1647 3285 1834 3341 vivunt

230 3366 512 3413 mlentatn.
547 3356 669 3414 th.

302 3430 364 3486 Si
407 3429 626 3484 delictor
667 3428 825 3499 fuisti.
874 3427 1198 3482 Delictorem
1240 3427 1389 3483 dicit.
1437 3439 1827 3497 peccatorem:

229 3512 285 3557 et
306 3508 384 3557 sic
416 3503 522 3555 etia
551 3524 578 3549 il
610 3500 755 3569 loqui
784 3500 1106 3569 Cyprianum
1138 3500 1565 3553 observavimus.
1600 3499 1717 3557 Rto.

303 3572 564 3644 Repositis
586 3561 785 3644 castris.
808 3561 1015 3644 Castris
1030 3570 1231 3625 scilicet
1252 3572 1510 3625 adrersus
1532 3572 1828 3644 Ecole~iant

228 3662 419 3701 rursus
452 3643 667 3713 positis,
722 3653 775 3696 tu
822 3643 938 3712 ipse
986 3652 1101 3712 post
1144 3653 1420 3705 acceptant
1453 3643 1828 3712 paenitentiam

231 3717 502 3788 repnsitus
522 3715 778 3771 Ecclesiae
797 3715 1017 3781 castris,
1042 3713 1150 3768 noli
1169 3714 1398 3840 amplqu
1419 3730 1542 3769 esse
1559 3714 1827 3770 desertor.

1397 3802 1468 3840 tc.

1397 3802 1468 3841 I6.

308 3860 392 3916 Sit
430 3860 512 3914 tibi
551 3876 777 3926 peccare.
823 3857 1060 3911 desistere
1100 3866 1226 3928 gest.
1272 3858 1361 3912 im.
1409 3857 1705 3913 Consitnile
1745 3867 1831 3914 est

226 3932 363 3988 illud
394 3932 641 3987 Instruct.
671 3946 799 3986 mu
830 3946 843 3983 :
873 3929 1089 3984 Summa
1113 3930 1201 3983 tibi
1230 3945 1249 3984 :
1282 3930 1457 4001 gravia
1497 3938 1701 3999 peccata
1728 3929 1828 3984 de-

225 4007 334 4059 cita
363 4018 418 4057 tu
444 4020 650 4070 semper.
689 4004 807 4058 lito.

304 4074 489 4146 Incipe
511 4086 621 4128 tunc
646 4090 767 4142 ergo
795 4072 1047 4128 dimittere
1075 4072 1221 4146 prist.
1250 4083 1411 4143 gesta.
1444 4072 1617 4139 Supra
1650 4070 1823 4146 dixit:

225 4146 387 4213 Cave,
423 4143 480 4199 ut
519 4162 614 4199 non
641 4147 911 4216 delinquas
936 4145 987 4198 in
1017 4155 1151 4202 ante.
1183 4144 1340 4216 lustr.
1391 4159 1537 4198 XLVI.
1591 4143 1829 4216 Opponit

224 4220 371 4274 heic.
396 4218 649 4272 dimittere
688 4217 929 4287 pristina,
978 4216 1052 4269 illi
1075 4215 1218 4284 quod
1263 4216 1412 4270 instr.
1438 4229 1602 4281 xuvn,
1628 4215 1816 4268 sectari

223 4292 415 4361 prisca.
446 4290 622 4344 Prisca
653 4305 747 4343 seu
777 4288 1003 4361 pristina
1029 4298 1174 4351 sunt,
1203 4302 1323 4361 quae
1347 4287 1655 4361 ante‘lidetn
1678 4301 1828 4361 cuin-

226 4357 389 4418 inissa
429 4370 576 4425 sunt,
621 4372 673 4415 et
713 4357 890 4432 qualia
924 4369 1169 4429 peccant,
1212 4358 1411 4414 ethnici
1411 4358 1557 4484 Rsive
1588 4357 1821 4428 profani.

1462 4446 1531 4484 to.

1462 4446 1531 4486 l6.

1935 2373 2030 2431 pro
2061 2372 2393 2415 εΑτειιιι-ειι
2424 2376 2438 2413 :
2469 2370 2517 2414 et
2536 2362 2801 2431 proprium
2814 2378 2921 2417 esse
2939 2362 3162 2429 dedicat,
3192 2362 3293 2416 hoc
3309 2371 3392 2417 est
3420 2373 3538 2417 sta-

1934 2429 2093 2503 bilem
2113 2473 2141 2503 ,_
2166 2431 2375 2503 firmum
2402 2429 2721 2503 fortemque.
2759 2434 2817 2488 lu
2850 2437 3162 2503 apograplto
3203 2434 3529 2498 superlitum

1930 2501 2284 2575 animadverti
2305 2504 2502 2558 veteris
2516 2501 2800 2573 scripturae
2818 2501 3126 2573 vestigium,
3145 2505 3529 2575 dedunt,quam

1933 2571 2056 2627 hci‘:
2087 2573 2307 2627 minime
2332 2571 3013 2632 convt-nirearbitramur.
3048 2576 3171 2631 Btc.

2003 2664 2083 2718 Tu
2115 2667 2203 2720 tibi
2239 2677 2483 2742 praeterea
2506 2668 2560 2721 in
2588 2667 2771 2742 Beﬁau
2802 2685 3009 2735 parcere
3038 2670 3162 2723 noli.
3192 2669 3249 2723 In
3288 2685 3556 2742 apogra--

1937 2737 2043 2806 pho
2100 2742 2357 2811 scriptum
2410 2738 2582 2793 fuerat
2612 2760 2625 2796 :
2661 2738 2738 2793 Tu
2784 2742 2873 2793 tibi
2926 2750 3168 2811 pra’terea
3221 2741 3272 2795 in
3327 2737 3531 2800 delictis

1936 2825 2147 2879 parcere
2176 2811 2301 2882 noli.
2328 2808 2458 2878 Qua-
2486 2812 2748 2877 scriptura
2783 2811 2908 2865 ferri
2927 2808 2995 2866 ἐι
3034 2814 3289 2879 expliCari
3314 2825 3530 2882 posset,

1935 2882 2035 2936 nisi
2080 2897 2178 2936 nos
2225 2881 2542 2937 admoueret
2585 2884 2628 2936 is
2671 2884 2760 2952 qui
2802 2885 3169 2953 apvgraphutn
3215 2881 3482 2941 recensuit
3508 2927 3525 2951 ,

1935 2964 2171 3007 veterem
2200 2969 2415 3007 ntanum
2462 2955 2626 3008 luisse
2654 2955 2708 3007 iu
2754 2953 2956 3009 Beliau.
2993 2955 3106 3010 Hoc
3133 2965 3250 3022 est,
3283 2958 3426 3013 Cave
3459 2973 3529 3013 ne

1933 3024 2135 3079 desidia
2165 3034 2257 3079 aut
2294 3024 2584 3092 supinitate
2628 3036 2751 3089 tua,
2798 3028 2924 3081 dum
2965 3028 3059 3081 tibi
3107 3026 3243 3082 forte
3293 3029 3522 3083 nimium

1934 3096 2236 3157 blandiris.
2287 3097 2430 3150 desis
2496 3097 2587 3151 tibi
2641 3098 2738 3164 ipsi
2801 3098 3063 3153 adversus
3131 3098 3351 3165 Brlian,
3411 3102 3527 3155 sive

1934 3167 2206 3223 diabolum
2242 3184 2257 3221 :
2289 3183 2354 3222 ne
2385 3168 2476 3221 tibi
2523 3169 2823 3240 improvido
2865 3172 3090 3240 obrepat
3132 3181 3386 3239 satanas,
3416 3188 3532 3227 ma-

1940 3240 2058 3301 lus,
2107 3240 2337 3308 iniquus.
2387 3240 2504 3295 lito.

2006 3310 2236 3384 Impiger
2275 3325 2378 3384 esto
2420 3313 2602 3384 magis.
2631 3311 2863 3367 Tantum
2905 3312 3082 3379 absit,
3117 3323 3173 3367 ut
3209 3314 3300 3367 tibi
3346 3315 3532 3384 perni-

1934 3382 2070 3457 cii-tn
2098 3381 2294 3457 inferat
2323 3381 2927 3457 Belias"tentationibns
2976 3387 3121 3445 suis;
3166 3387 3293 3450 quin
3347 3381 3528 3457 potius

1933 3456 2002 3527 ab
2033 3454 2320 3527 iisfamam
2360 3469 2611 3527 reporta“,
2646 3455 2715 3507 ita
2766 3464 2822 3509 ut
2863 3459 2939 3508 sis
2980 3459 3232 3527 exemplo
3277 3454 3531 3513 fratribus

1934 3526 2231 3596 disciplina!
2262 3540 2326 3580 ac
2356 3525 2475 3578 fidei
2505 3524 2917 3594 diligentissime
2947 3524 3195 3580 serv:it:i-.
3245 3527 3364 3583 ηις.

2005 3596 2083 3680 De
2109 3598 2322 3680 refugis.
2377 3597 2430 3650 In
2470 3597 2781 3667 apograplto
2823 3598 3018 3680 legitur
3070 3598 3132 3651 de
3164 3599 3413 3680 refugiis,
3462 3609 3520 3680 et

1932 3679 2058 3741 ante
2089 3671 2332 3722 ultimum
2367 3682 2580 3741 versum
2620 3678 2844 3737 apparet
2872 3673 3091 3730 lacuna,
3123 3672 3274 3740 quasi
3317 3672 3526 3741 refugio

1932 3738 2128 3814 dixerit
2159 3739 2647 3814 _(_Iotnn_tot|ianus,_
2674 3754 2770 3814 pro
2809 3743 3037 3812 refugis;
3081 3738 3155 3814 ιιι
3182 3744 3385 3796 servitia
3429 3738 3529 3814 pro

1930 3812 2107 3866 servis.
2159 3810 2267 3865 Nos
2318 3810 2511 3865 deesse
2564 3810 3004 3879 quidquaut'n’on
3056 3810 3523 3876 arbitramttrfct

1932 3882 2270 3955 Illsll‘ltclimti
2303 3882 2513 3955 titulum
2556 3881 2811 3955 fecimus,
2863 3882 2943 3938 De
2980 3885 3173 3955 refugis
3203 3903 3218 3940 :
3246 3885 3324 3940 sic
3360 3884 3528 3941 fuerit

1933 3962 2055 4007 nota
2085 3954 2289 4008 lacuna:
2317 3952 2609 4020 superflua.
2645 3953 2762 4008 Btc.

2005 4024 2088 4079 Ex
2124 4024 2218 4077 hoc
2260 4024 2532 4097 progeniti.
2568 4023 2644 4077 Ex
2687 4023 2791 4078 hoc
2836 4023 3039 4079 scilicet
3089 4025 3267 4092 Belia,
3315 4026 3380 4081 de
3418 4043 3525 4097 quo

1929 4095 2058 4152 Inst.
2094 4096 2322 4165 prtecetl.
2354 4093 2472 4150 lito.

2004 4164 2198 4221 lterum
2226 4166 2294 4219 ad
2327 4182 2420 4221 sua
2458 4174 2745 4219 recurrunt.
2788 4164 2869 4220 Ad
2918 4180 3046 4220 suos
3083 4165 3360 4234 ethnicos,
3403 4167 3523 4224 ido-

1926 4239 2166 4294 lolatras.
2930 4236 3051 4294 th.

2004 4310 2175 4365 Radix
2225 4309 2449 4363 cainina.
2486 4306 2580 4364 Vel
2633 4309 2810 4376 potius
2856 4311 3091 4374 cainwa,
3145 4318 3202 4363 ut
3241 4326 3399 4379 supra
3436 4312 3523 4368 In-

1927 4391 2120 4439 struct.
2164 4396 2352 4436 xxxw.
2382 4381 2440 4436 ιιι
2470 4382 2783 4452 apograplto
2831 4382 3024 4438 vitiose
3070 4381 3521 4509 radixncauamca.

3262 4470 3331 4509 tc.

3262 4470 3331 4510 IG.

290 4504 524 4576 Imperio
550 4504 700 4575 regis.
738 4502 984 4574 lntellige
1018 4500 1314 4568 Christum,
1346 4501 1602 4597 Ecclesia:
1631 4510 1810 4575 caput.

2000 4527 2110 4583 Sub
2138 4525 2354 4580 barbaro
2404 4540 2545 4597 rege.
2575 4524 2646 4581 Ut
2679 4540 2840 4595 supra
2892 4522 3166 4581 Christum
3198 4500 3522 4592 s-ii-uvpliciter

1404 4573 1524 4629 Btc.

292 4650 360 4704 Ut
388 4660 479 4704 tuo
508 4648 783 4717 praeposito
807 4646 1013 4701 cottidie
1039 4655 1227 4717 pra’sto
1248 4645 1338 4700 sis.
1373 4644 1810 4712 Etnettdavimus,

221 4722 359 4792 quod
392 4723 446 4775 in
494 4716 686 4789 apogr.
715 4720 1061 4792 depravatum
1109 4716 1303 4792 fuerat,
1332 4726 1502 4792 u‘tutuo
1530 4720 1810 4784 proposito.

223 4788 577 4858 Prmposittttn
602 4788 958 4864 voczttaquetn
984 4788 1230 4864 Justinus
1254 4797 1305 4844 et
1326 4788 1441 4864 alii,
1469 4795 1812 4864 προφτῷτᾳς

221 4864 585 4919 Tertullianus
608 4858 960 4932 praesidentem
987 4879 999 4914 :
1031 4860 1120 4930 qui
1143 4869 1195 4932 et
1216 4858 1550 4930 prmposituiu
1574 4858 1816 4915 Ecclesia

224 4935 371 5001 dixit,
413 4950 465 4989 et
499 4935 833 5004 prwpositunt
861 4934 1124 5004 baptismo.
1160 4931 1276 4987 th.

295 5002 666 5079 Agonia'suuie
686 5005 992 5079 propinqua.
1020 5003 1205 5079 Sume,
1237 5016 1521 5071 praesume,
1551 5002 1809 5073 intellige,

224 5079 276 5132 in
304 5076 553 5147 proximo
580 5092 702 5132 esse
724 5078 919 5132 festum
942 5085 993 5130 et
1020 5076 1265 5147 solemne
1284 5084 1581 5139 certamen,
1615 5090 1679 5127 ex
1707 5090 1815 5147 quo

221 5145 363 5217 patet
396 5152 447 5203 in
479 5152 681 5205 «mlunt
728 5150 850 5202 iter.
899 5146 1193 5213 Agonalem
1239 5146 1403 5210 diem,
1458 5155 1513 5199 et
1555 5145 1814 5217 Agonalia

222 5221 361 5275 festa
389 5224 682 5275 certamina
713 5220 900 5273 dixere
949 5217 1207 5281 Romani,
1252 5233 1372 5287 qua:
1415 5217 1561 5288 prius
1608 5216 1816 5286 Agonia

220 5290 564 5357 dicebantur;
599 5300 736 5347 teste
762 5290 971 5347 Ovidio.
1006 5308 1020 5344 t
1051 5288 1197 5343 Fast.
1235 5306 1249 5341 :

348 5383 413 5435 Et
434 5387 565 5450 (rius
578 5387 812 5449 antiquus
828 5385 1024 5434 dicebat
1047 5383 1236 5447 Agonia
1249 5394 1433 5441 sermo.
1614 5380 1720 5431 Btc.

294 5468 483 5538 Optato
508 5480 724 5538 propter
763 5486 902 5540 spent
951 5468 1424 5540 datliiiticalttfum:_
1458 5463 1813 5520 Scribendum

220 5536 431 5597 videtur
464 5560 478 5596 :
510 5536 709 5611 praeter
758 5536 902 5608 spem
946 5540 1341 5611 dimicaturum.
1366 5536 1678 5611 _Venturttm
1729 5550 1815 5611 re-

217 5630 369 5685 gent.
404 5614 452 5668 id
497 5606 623 5685 est.
676 5606 993 5677 Christum,
1051 5606 1488 5685 qtt_i__pra2s_ideat_
1520 5609 1812 5685 martyrio,

214 5680 519 5743 certamini.
567 5684 796 5753 Vigilale
833 5686 1033 5753 utique,
1064 5682 1262 5736 milites
1292 5680 1523 5753 Christi,
1554 5681 1818 5751 quia\qua

211 5763 337 5812 item
397 5775 503 5812 non
545 5750 771 5829 putatis,
804 5750 972 5810 Filius
1013 5754 1234 5809 hominis
1257 5753 1414 5829 veniet
1468 5750 1642 5823 (Luc.,
1700 5767 1808 5819 xu,

208 5834 346 5962 40;}:
384 5904 657 5982 proprium
689 5901 916 5959 satellem
955 5900 1156 5956 dedicat
1194 5913 1320 5954 esse.
1370 5824 1658 5957 Stygium
1679 5894 1816 5952 dixit

1917 4598 2053 4653 dixit
2086 4615 2287 4670 regem,
2338 4598 2413 4670 ita
2440 4596 2557 4670 lteic
2588 4600 2861 4670 barbarum
2888 4614 3057 4670 regem
3100 4607 3256 4655 vocat
3303 4599 3513 4667 Belian,

1919 4671 2171 4727 Satanam
2191 4710 2206 4729 .
2240 4668 2656 4724 Attticltt-i~tttttt.
2679 4669 2797 4725 litt}.

1993 4742 2087 4795 Die
2123 4742 2344 4795 decreto.
2406 4741 2753 4806 Decretorio,
2804 4741 3085 4805 censorio,
3143 4740 3231 4795 die
3280 4741 3508 4812 judicii,

1917 4814 2006 4869 die
2036 4822 2337 4885 respectus,
2370 4812 2421 4866 in
2468 4812 2775 4882 cognitione
2823 4815 3149 4936 animaram,
3197 4815 3251 4866 in
3294 4827 3515 4883 respec-

1919 4887 2083 4936 tione.
3079 4899 3149 4936 Ic.

1919 4887 2083 4941 tione.
3031 4887 3149 4939 lito.

1990 4958 2053 5013 Si
2082 4958 2246 5011 virere
2276 4956 2485 5025 uolunt,
2528 4957 2590 5010 ab
2632 4955 2783 5010 idolis
2813 4955 2995 5023 respici
3034 4956 3237 5008 debent.
3278 4953 3336 5009 In
3377 4967 3515 5023 apo-

1916 5028 2122 5100 graplto
2152 5029 2378 5100 legitur:
2411 5028 2614 5100 Sytlere
2636 5026 2827 5100 volunt.
2853 5026 3157 5100 Secundum
3205 5027 3317 5079 hac
3347 5025 3510 5100 vesti-

1917 5095 2000 5171 gia
2019 5095 2423 5171 'scribeudumr:
2451 5095 2510 5154 Si
2534 5098 2699 5152 videre
2727 5097 2900 5171 solum
2923 5111 3058 5166 quos
3088 5097 3312 5171 adorent
3332 5095 3511 5171 deos,

1919 5168 2019 5227 nec
2047 5172 2203 5227 lidom
2251 5170 2508 5226 adhibere
2556 5171 2723 5225 velint
2764 5168 2875 5224 Deo
2903 5184 3062 5234 vero,
3104 5170 3227 5235 quia
3276 5182 3382 5222 nun
3428 5168 3509 5221 vi-

1918 5243 2079 5308 dent,
2118 5241 2389 5299 conﬁdant
2426 5252 2603 5297 autem
2640 5241 2942 5295 simulacris
2969 5242 3081 5294 suis
3105 5239 3508 5308 a-neisligueis—

1919 5331 2074 5387 que;
2125 5316 2386 5384 aspiciant
2446 5323 2699 5387 eaeo-rte
2735 5328 2993 5382 quantum
3037 5312 3332 5387 voluerint,
3358 5325 3510 5387 _ocu-

1920 5381 2001 5442 los
2046 5381 2248 5441 habent
2294 5400 2475 5440 a'neos
2514 5381 2860 5456 ligucosque,
2916 5399 3027 5456 nec,
3059 5393 3234 5438 tamen
3283 5381 3510 5456 vident;

1917 5474 2046 5529 ergo
2071 5460 2250 5511 talium
2282 5455 2630 5513 fabricatores
2657 5466 2712 5512 et
2740 5457 2973 5511 cultores
3000 5455 3249 5529 deorum_
3268 5494 3282 5513 ,
3325 5455 3507 5507 numi-

1919 5523 2076 5586 nibus
2113 5530 2209 5600 ipsi
2246 5530 2358 5583 suis
2404 5531 2640 5599 potiores
2692 5543 2752 5583 se
2800 5529 3029 5600 faciunt,
3072 5534 3124 5580 ct
3169 5523 3507 5600 Stthsannant

1918 5602 2101 5656 oculos
2134 5595 2361 5655 deorum
2404 5595 2623 5655 suorum
2670 5613 2875 5660 ciet-os;
2920 5596 3163 5666 adeoque
3205 5595 3275 5651 ob
3316 5597 3505 5665 impie-

1919 5683 2081 5727 tatem
2123 5687 2274 5728 suam
2320 5673 2388 5726 ab
2431 5676 2543 5728 suis
2582 5673 2683 5741 ipsi
2721 5671 2825 5725 dits
2854 5668 3033 5741 respui
3063 5669 3293 5741 debent.
3327 5666 3419 5732 At,
3455 5667 3504 5720 si

1917 5760 2103 5798 verum
2160 5759 2405 5799 amamus
2427 5788 2440 5807 ,
2490 5739 2821 5812 pra~fercnda
2874 5739 2973 5812 erit
3000 5740 3142 5812 hinc
3169 5740 3458 5812 Hsetiptura
3486 5755 3502 5791 :

1918 5817 1980 5872 Si
2008 5817 2170 5870 vivere
2193 5818 2404 5880 nolunt,
2435 5810 2502 5867 ubi
2522 5815 2672 5868 idolis
2702 5812 2887 5881 respici
2927 5810 3125 5865 debent.
3158 5811 3368 5865 Etenim
3394 5817 3505 5867 tota

1917 5887 2289 5946 Commodiani
2329 5884 2669 5958 philosophia
2709 5892 2828 5953 cst,
2860 5884 2967 5941 vita
3002 5892 3417 5952 ceterumqttam
3459 5881 3507 5939 si
