4142 6262
573 270 682 331 245
795 276 871 350 (y.
911 275 1064 348 848.)

575 391 824 462 Expletis
853 391 1188 464 temporibus
1218 391 1444 458 messis,
1469 395 1754 459 separatur
1779 403 1807 442 a
1837 385 2013 448 fructu

579 482 797 538 Lolium
826 492 1045 540 enatum
1067 526 1084 552 ,
1116 483 1258 556 quod
1296 498 1405 538 non
1443 483 1668 538 miserat
1700 481 1983 538 Dominus.

585 575 761 632 Omne
789 577 976 632 lolium
1007 577 1241 650 agricola
1269 578 1556 632 collectum
1584 584 1798 646 separat
1821 573 1977 633 illud.

583 675 698 734 Lex
721 693 846 748 ager
877 677 1030 734 nobis
1061 687 1144 733 est
1177 696 1190 731 :
1218 677 1306 747 qui
1329 675 1518 732 fecerit
1538 675 1736 732 bonum
1766 674 1821 728 in
1848 672 1970 741 illa,

580 769 702 842 IpSa
737 770 920 840 utique
951 769 1104 826 nobis
1134 777 1355 844 prmstat
1387 769 1626 840 requiem
1661 781 1845 822 veram

586 865 707 934 Ipse
731 863 1038 919 dominator
1066 881 1078 918 :
1110 880 1232 919 nam
1261 864 1451 918 lolium
1495 864 1615 934 igne
1655 866 1946 916 crematur.

589 959 647 1014 Si
695 974 824 1028 ergo
852 959 1053 1026 putatis
1073 1000 1086 1023 ,
1117 959 1368 1029 quoniam
1398 957 1498 1011 :ub
1529 970 1638 1010 uno
1668 962 1970 1016 morantur,

589 1051 800 1106 Erratis
827 1066 842 1105 :
873 1051 1086 1106 steriles
1111 1051 1437 1105 christianos
1471 1062 1569 1103 vos
1603 1061 1726 1102 esse
1765 1045 2014 1116 designo.

594 1143 875 1200 Maledicta
905 1143 1001 1197 fuit
1045 1143 1208 1198 arbor
1238 1144 1361 1198 sine
1390 1141 1569 1196 fructu
1609 1141 1810 1196 ﬁculna

593 1237 654 1295 In
677 1237 842 1293 verbo
865 1237 1114 1302 Domini;
1145 1247 1202 1293 et
1229 1238 1410 1292 statim
1435 1235 1648 1290 exaruit
1689 1233 1802 1288 illa.

593 1329 712 1386 Non
756 1344 948 1398 cperas
982 1329 1156 1386 facitis
1177 1372 1192 1396 ,
1239 1345 1344 1384 non
1385 1329 1588 1384 donum
1618 1341 1752 1398 gazo
1778 1325 2000 1396 paratis.

576 1409 666 1478 Ἐι
691 1421 769 1477 sic
800 1423 1098 1492 promereri
1127 1421 1421 1481 Dominum
1453 1419 1654 1491 putatis
1683 1418 1910 1474 inanes?

1075 1575 1185 1616 LVI.
1204 1589 1274 1599 —
1289 1571 1718 1616 DISSIIIULATORI.

598 1695 920 1751 Dissimulas
947 1695 1118 1767 legem
1147 1703 1300 1751 tanto
1336 1695 1609 1764 prteconio
1634 1695 1795 1748 latam
1820 1733 1839 1762 ,

594 1787 654 1842 In
685 1795 764 1843 tot
785 1788 1165 1858 prephetarnm
1195 1790 1406 1846 ctelesti
1436 1803 1567 1846 voce
1593 1785 1954 1844 clamantem?

599 1878 657 1936 Si
685 1879 946 1949 propheta
977 1891 1180 1936 tantum
1211 1883 1570 1938 declamasset
1598 1883 1653 1936 in
1676 1881 1904 1944 nubem,

595 1973 882 2030 Sufﬁceret
907 1976 1091 2045 utique
1121 1977 1336 2050 Domini
1369 1993 1470 2032 vox
1493 1979 1656 2032 missa
1689 1990 1784 2046 per
1811 1975 1986 2030 illum.

594 2064 655 2120 ln
689 2076 768 2120 tot
795 2067 1180 2140 pr0phetarum
1207 2070 1480 2126 volumina
1507 2070 1590 2126 lex
1623 2068 1832 2124 Domini
1863 2066 2190 2138 proclamat;

595 2154 824 2212 Malitias
858 2159 1038 2213 nullus
1065 2160 1286 2216 dimittit
1311 2181 1323 2216 :
1349 2163 1423 2216 ita
1452 2177 1605 2232 aeque
1630 2160 1699 2216 de
1727 2159 1892 2215 corde

598 2251 696 2306 Vis
724 2252 862 2308 bona
893 2253 1083 2310 videre
1105 2296 1120 2318 ,
1154 2265 1209 2310 et
1235 2254 1519 2312 fraudibus
1544 2255 1726 2310 vivere
1755 2253 1980 2325 quieris.

601 2341 716 2412 Lex
747 2344 862 2426 ipsa
901 2361 1000 2402 cur
1034 2363 1163 2419 ergo
1186 2350 1452 2419 processit
1499 2358 1647 2404 tanto
1686 2347 1908 2403 labore?

595 2437 854 2500 Abuteris
881 2440 1093 2498 Domini
1122 2443 1372 2499 mandata
1394 2484 1410 2509 ,
1471 2453 1527 2500 et
1563 2451 1620 2498 te
1659 2441 1829 2496 ﬁlium
1871 2441 2073 2510 inquis.

1703 269 2131 330 COMMODJANI
2165 265 2720 342 tus'rutuzrtouss

2200 396 2255 458 Α
2279 387 2360 444 Tu
2389 387 2434 442 si
2463 387 2586 446 talis
2626 387 2738 444 eris
2793 385 2914 444 sine
2948 397 3140 446 caussa
3162 425 3176 452 ,
3212 381 3738 456 uiderispinquam.

3402 265 3476 340 (ιν.
3505 263 3670 340 e869.)
3779 262 3903 322 2H

2285 481 2642 552 Omnipotens
2672 481 2834 536 mites
2856 479 3058 550 quaerit
3084 478 3186 536 sibi
3207 479 3352 539 illius
3379 493 3505 537 esse
3527 519 3545 546 ,

2287 578 2488 634 Rectos
2513 576 2679 634 corde
2702 577 2846 634 bono
2865 619 2881 644 ,
2909 575 3140 634 devotos
3165 575 3270 646 legi
3300 575 3500 637 divina
3534 593 3550 633 :

2287 669 2528 727 Immites
2560 679 2738 728 autem
2763 669 2873 741 jam
2910 669 3062 725 scitis
3083 671 3172 726 ubi

2461 795 2465 800 ’
2499 821 3044 862 υ·ιι.-εεευι.ιιιιιλ
3083 821 3138 860 1N
3175 819 3354 861 roruu
3394 821 3684 870 recisum.

2299 946 2355 1003 Si
2389 946 2609 1016 quidam
2635 946 2888 1004 doctores
2906 994 2921 1018 ,
2947 943 3074 1002 dum
3100 951 3415 1014 exspectant
3437 958 3662 1000 munera
3691 952 3902 1016 ucstra,

2295 1041 2405 1094 Aut
2431 1040 2626 1094 timent
2665 1039 3172 1108 personas,laxant
3200 1038 3412 1107 singula
3449 1037 3636 1108 vobis;

2296 1133 2364 1188 Et
2390 1148 2492 1202 ego
2522 1147 2626 1186 non
2668 1132 2857 1196 doleo.
2883 1131 2982 1188 sed
3010 1146 3177 1202 cogor
3193 1131 3609 1188 dicere-uerum

2295 1225 2429 1281 Cum
2451 1235 2664 1281 caterva
2703 1225 2828 1282 mali
2861 1226 3041 1296 pergis
3081 1225 3148 1280 ad
3176 1225 3484 1294 Spectacula
3513 1239 3655 1280 uana
3675 1267 3692 1294 ,

2298 1317 2402 1374 Ubi
2434 1330 2653 1372 satanas
2684 1318 2985 1390 fragoribus
3008 1317 3160 1373 circo
3183 1327 3461 1387 operatur.

2299 1411 2488 1467 Licere
2532 1410 2834 1483 persuades
2863 1409 2962 1464 tibi
2990 1409 3373 1480 quodcunque
3403 1409 3658 1482 placebit.

2300 1502 2565 1559 Altissimi
2591 1503 2806 1573 proles;
2832 1518 2957 1558 cum
2985 1503 3106 1558 filiis
3135 1503 3320 1568 Zabuli
3343 1502 3516 1564 mixtu
3538 1545 3555 1570 ,

2302 1597 2594 1667 Respicere
2633 1611 2770 1660 num
2800 1595 2882 1652 vis
2901 1637 2918 1663 ,
2945 1597 3101 1666 queis
3123 1597 3483 1662 renuntiasti,
3511 1597 3738 1674 prius?

2307 1687 2366 1744 In
2393 1689 2525 1760 ipsis
2549 1688 2784 1744 versaris
2813 1689 3009 1745 iterant
3029 1729 3046 1754 ,
3077 1685 3203 1757 quid
3235 1686 3478 1758 proderit
3507 1687 3698 1748 lituis?

2225 1809 2275 1870 Β
2304 1783 2413 1840 Aut
2437 1783 2481 1838 si
2513 1795 2610 1852 pro
2641 1781 2902 1854 languore
2922 1780 3146 1849 datum;
3170 1781 3315 1852 quod
3341 1781 3504 1848 sttdte
3531 1782 3787 1852 prolatus

2299 1876 3578 1931 I.............

2298 1967 2480 2024 Nolite
2505 1967 2730 2039 diligere
2757 1965 3018 2024 mundum
3041 2007 3056 2034 ,
3091 1980 3268 2038 neque
3289 1967 3555 2032 ambitum
3583 1967 3704 2040 eius
3733 1985 3746 2023 :

2298 2063 2472 2117 Tanta
2501 2062 2593 2118 Dei
2624 2076 2730 2118 vox
2758 2069 2874 2129 est,
2917 2069 2974 2118 et
3005 2060 3100 2119 tibi
3133 2061 3301 2132 proba
3342 2061 3582 2120 videtur.

2299 2155 2568 2212 Observas
2609 2155 2928 2210 mandatum
2955 2153 3224 2218 hominis.
3258 2165 3310 2210 et
3344 2155 3439 2211 Dei
3471 2155 3717 2220 devitas;

2302 2249 2381 2304 Tu
2413 2247 2533 2304 ﬁdis
2553 2249 2768 2308 muneri
2789 2289 2804 2314 ,
2833 2263 2940 2318 quo
2969 2247 3223 2305 doctores
3245 2263 3340 2307 ora
3368 2249 3696 2320 procludunt
3714 2291 3732 2320 ,

2303 2342 2374 2400 Ut
2403 2351 2650 2410 taceant,
2681 2355 2860 2411 neque
2876 2341 3062 2398 dicant
3087 2342 3184 2397 tibi
3212 2341 3363 2412 jnssa
3390 2342 3597 2399 divina.

2303 2435 2390 2492 Me
2417 2450 2541 2490 vera
2571 2434 2842 2490 dicentem
2860 2475 2876 2500 ,
2906 2434 3051 2502 sicut
3073 2435 3298 2501 teneris,
3318 2435 3573 2507 prospice
3593 2448 3866 2494 summum
3899 2455 3916 2492 :

1983 2571 2542 2637 COMMENTARIUS.

592 2717 776 2792 vivere
805 2719 929 2784 isti,
963 2721 1166 2792 inquit.
1196 2723 1390 2778 nolunt
1411 2766 1426 2787 ,
1456 2723 1525 2778 ab
1552 2721 1714 2778 idolis
1744 2721 1940 2790 respici
1967 2720 2200 2777 debent:

591 2791 708 2863 hoc
747 2799 864 2858 est,
913 2792 982 2847 ab
1033 2795 1244 2848 Salame
1275 2795 1577 2860 ministris,
1622 2793 1717 2863 qui
1771 2793 2085 2850 nidulantur
2143 2793 2198 2846 in

593 2861 741 2916 cavis
767 2863 1200 2920 simulacrorum.
1231 2865 1353 2922 Βία.

593 2931 750 3061 04οε
773 2937 964 2990 semine
989 2937 1120 2990 lolii.
1150 2937 1289 2992 Lolii
1318 2935 1573 3007 parabola
1602 2935 1800 3005 legitur
1825 2934 2164 3063 Malgtlt‘;;sx1tt
2183 2976 2198 2999 ,

669 3075 780 3132 Lex
815 3094 937 3150 ager
963 3079 1120 3150 nobis
1144 3088 1238 3133 est.
1287 3079 1412 3145 Agri
1445 3079 1698 3150 parabola
1747 3061 2200 3150 signiticatnohis
2227 3061 2272 3122 Ο

594 3149 769 3223 legem
827 3147 1052 3204 Christi.
1101 3148 1222 3219 Ipse
1262 3151 1556 3206 Christus:
1591 3149 1705 3223 Ego
1760 3147 1872 3204 sum
1914 3151 2030 3204 vitis
2082 3167 2198 3204 vera

595 3220 778 3294 (Joan.
804 3237 893 3294 sv,
929 3223 1006 3293 1).

673 3290 889 3367 Stet-iles
933 3290 1259 3348 christianos.
1293 3293 1646 3367 Infrugiferos
1667 3335 1682 3356 ,
1712 3294 1926 3367 ἀγόνους
1948 3335 1963 3359 ,
2006 3293 2199 3364 spado-

591 3378 711 3420 nes.
746 3362 1010 3418 booorum
1043 3380 1265 3432 operum
1297 3362 1528 3418 steriles.
1563 3365 1682 3422 llic.

670 3432 1046 3508 bidentium...
1073 3435 1288 3508 ficulna.
1317 3434 1454 3497 Vide
1478 3436 1666 3508 Matth.
1688 3479 1702 3496 ,
1731 3453 1804 3508 xu
1823 3477 1838 3500 ,
1858 3436 1960 3508 I9.
2010 3436 2196 3508 DAVIS.

675 3504 796 3560 Non
846 3506 1036 3560 donum
1073 3504 1210 3578 ’σθω
1263 3508 1484 3578 paratis.
1527 3507 1728 3562 Gazum
1766 3507 1926 3572 dicit,
1986 3507 2201 3562 thesau-

595 3594 718 3633 rum
749 3593 996 3651 sacrum,
1026 3579 1322 3651 corbonam
1346 3623 1361 3644 ,
1391 3595 1578 3650 garum
1611 3579 1904 3642 Ecclesiae,
1930 3582 2200 3651 ttaznphy-

597 3651 818 3726 lacipm.
850 3649 1012 3726 lustr.
1045 3667 1190 3726 ιιῖχῃ
1223 3671 1236 3706 :
1265 3649 1332 3708 In
1360 3649 1486 3726 gaza
1519 3661 1764 3726 prieterca
1793 3649 2196 3726 delaborentit-

603 3721 899 3776 tere'debes.
925 3721 1111 3779 Arcam
1141 3722 1352 3778 diXl‘I‘ill
1376 3721 1741 3779 Tertullianus
1767 3740 1782 3776 :
1811 3722 1900 3775 alii
1932 3723 2201 3778 concham.

603 3792 736 3846 Heic
764 3791 927 3861 igitur
955 3792 1386 3852 Commodianus
1416 3793 1628 3848 steriles
1657 3793 1984 3848 christianos
2013 3795 2202 3862 appel-

601 3863 836 3934 Iat,qui
869 3864 936 3919 de
971 3864 1314 3920 facultatibus
1339 3867 1449 3918 suis
1481 3865 1532 3918 in
1565 3880 1694 3919 usus
1735 3879 2030 3934 pauperum
2075 3865 2202 3919 nihil

603 3933 976 4006 conferebant.
1013 3937 1161 3992 llanc
1188 3938 1532 3992 sterilitatem
1563 3933 1866 4006 Cyprianus
1905 3936 2206 4004 sacrilegam

599 4019 722 4062 esse
770 4005 878 4074 ait,
934 4006 1026 4061 lib.
1067 4008 1135 4062 de
1193 4007 1370 4077 Opere
1415 4019 1463 4062 et
1517 4005 1887 4076 eleemosyna.
1921 4006 2204 4076 Paulinus,

600 4077 760 4148 epist.
805 4094 986 4144 xsxrv,
1022 4079 1200 4132 aridas
1229 4097 1410 4134 manus
1438 4078 1574 4134 dixit
1611 4095 1800 4134 eorum
1833 4079 1919 4147 qui
1955 4077 2190 4148 neglige-

610 4143 738 4222 ljant
779 4149 832 4222 in
881 4149 1118 4222 Ecclesia
1167 4149 1390 4222 positam
1437 4166 1465 4203 a
1518 4150 1746 4204 Domino
1819 4143 2058 4211 mensam
2101 4143 2205 4222 'in‘

602 4219 930 4288 digentibus.
990 4219 1206 4274 ltlotu':
1255 4221 1486 4278 Ctelrstis
1553 4223 1710 4292 igitur
1775 4221 2038 4292 trapezita:
2099 4221 2208 4276 lateo

605 4306 781 4362 prensa
827 4301 900 4363 est
925 4295 1224 4363 thesaurum
1252 4293 1366 4346 vita:
1397 4291 1630 4358 struens,
1672 4302 1719 4346 et
1759 4291 1826 4346 ad
1875 4293 2208 4363 margaritam

603 4361 964 4432 negotiandum
989 4362 1082 4417 Dei
1114 4366 1280 4430 {terms
1303 4380 1558 4417 exercens.
1597 4367 1714 4420 tua.

680 4435 1111 4507 Dissruucnoat.
1150 4434 1492 4507 Hypocritzn,
1525 4435 1614 4507 qui
1647 4433 2087 4507 scrchristianum
2130 4437 2207 4492 si-

611 4505 816 4572 mulat,
849 4515 904 4560 et
951 4505 1357 4562 antichristiana
1383 4546 1399 4572 ,
1435 4505 1554 4562 sive
1577 4506 1857 4575 smcularia
1888 4517 1944 4562 et
1970 4507 2210 4634 slz‘ttauica

611 4579 760 4631 vivit.
1999 4603 2002 4605 λ
2031 4595 2099 4634 ιο.

609 4579 760 4631 vivit.
1981 4579 2099 4638 Ilia.

683 4647 1030 4710 Declamasset
1069 4649 1122 4707 in
1159 4648 1358 4704 nubem.
1399 4649 1530 4709 Haec
1558 4647 1722 4712 lectio
1749 4664 1968 4716 prorsus
2007 4661 2090 4706 est
2115 4649 2212 4706 ab-

611 4719 795 4776 surda.
844 4718 1151 4790 Legendnm
1207 4731 1366 4790 puto,
1418 4721 1751 4776 declamasset
1786 4721 1850 4790 in
1903 4720 2092 4781 orbem.
2141 4723 2212 4780 Ut

609 4807 736 4847 mox
765 4807 815 4844 ν.
845 4789 974 4846 865.
1009 4791 1132 4868 γμιι
1163 4789 1586 4868 Cpmmodiauus
1613 4793 1748 4845 satis
1774 4789 1968 4868 fuisse,
1993 4794 2038 4847 si
2073 4811 2212 4868 unus

611 4873 820 4921 tantum
883 4861 1144 4934 preph'eta
1198 4865 1410 4920 Domini
1464 4865 1608 4934 leges
1641 4863 1842 4918 mundo
1895 4867 2212 4990 agnuntias-

611 4943 715 4990 set.
1963 4951 2098 4990 AVIS.

611 4943 715 4990 set.
1918 4943 2098 4993 DAVIS.

683 5005 772 5060 Ita
827 5022 968 5077 teque
1015 5005 1078 5059 de
1113 5006 1266 5061 corde
1315 5007 1390 5061 vis
1433 5007 1563 5062 bona
1613 5007 1798 5062 videre.
1855 5005 1970 5076 Qua
2024 5019 2209 5066 mente

613 5079 765 5148 cupis
795 5077 885 5132 Dei
920 5077 1383 5134 benedictitmibus
1411 5088 1466 5132 et
1492 5077 1785 5134 benefactis
1810 5077 1982 5142 affici,
2017 5079 2204 5135 eadem

613 5157 768 5220 optas
805 5165 900 5220 per
947 5150 1244 5204 caltu'nnias
1279 5163 1334 5206 et
1377 5151 1532 5206 dolos
1572 5151 1640 5206 de
1679 5149 1861 5205 fratris
1899 5149 1975 5206 tui
2019 5150 2208 5220 spoliis

614 5219 899 5276 ditescere.
944 5221 1062 5277 lito.

693 5293 1026 5362 Omnipotens
1058 5293 1199 5364 mites
1227 5294 1427 5364 quierit.
1459 5291 1670 5359 Matth.,
1713 5309 1764 5358 γ,
1789 5291 1833 5364 5
1866 5290 2056 5364 {Beati
2107 5311 2203 5362 pa-

619 5364 787 5431 ciﬁci,
848 5365 1089 5432 quoniam
1129 5363 1370 5434 [iliiDei
1408 5367 1738 5420 vocabuntur.
1785 5363 2199 5432 Pacilicatorcs,

619 5437 940 5508 εὶρῃνοποιοὶ.

688 5504 914 5586 Immites
937 5511 1128 5586 autem;
1154 5505 1320 5586 Paulo
1349 5508 1413 5586 ad
1441 5507 1582 5586 Tim.
1613 5523 1686 5576 ιι,
1711 5507 1766 5573 5,
1795 5509 2057 5584 ἀνήμεροι,
2087 5511 2200 5584 ἀφι-

609 5577 844 5652 λάγᾳθᾉος,
877 5579 1108 5652 oppo~iti
1171 5577 1434 5652 bonignis.
1482 5580 1598 5636 RIG.

685 5647 960 5722 Scitisgubt"
993 5651 1250 5722 demersit.
1283 5647 1343 5705 In
1381 5661 1628 5720 stagnum
1657 5649 1794 5720 ignis
1815 5693 1830 5717 ,
1870 5650 1960 5707 ubi
1983 5651 2132 5722 ﬂetus
2155 5662 2202 5706 et

565 5775 578 5786 ,
605 5721 798 5773 stridor
827 5720 1070 5774 (lantiunt.
1095 5719 1212 5777 RIG.

605 5847 614 5860 κ
679 5789 994 5846 δεευιηιλ
1024 5807 1074 5846 ια
1112 5805 1296 5852 τοτυιι
1335 5807 1454 5852 rue.
1493 5792 1610 5852 Hoc
1648 5802 1764 5862 est,
1799 5810 1908 5852 non
1941 5807 2063 5854 esse
2088 5794 2200 5854 dis-

2308 2715 2673 2773 simulandum
2706 2733 2718 2767 ε
2751 2730 2925 2785 neque
2962 2715 3106 2770 enim
3153 2717 3450 2772 convenire
3481 2717 3739 2774 Ecclesiae
3778 2731 3916 2774 cum

2303 2789 2526 2844 saeculo.
2575 2788 2810 2842 Ecclesia
2831 2830 2846 2852 ,
2875 2788 3154 2852 Christus;
3201 2791 3456 2843 saeculum
3477 2834 3492 2858 ,
3527 2798 3784 2852 satanas:
3819 2797 3915 2846 ta-

2303 2875 2412 2930 que
2451 2875 2564 2914 uon
2594 2859 3025 2928 permiscendum
3067 2875 3190 2914 esse
3215 2859 3474 2915 Altissimi
3525 2863 3728 2923 prolem
3777 2874 3916 2916 cum

2301 2933 2430 2986 ﬁliis
2477 2931 2676 2985 diaboli
2709 2931 3236 3003 :nequclaxandam
3267 2946 3388 2987 esse
3445 2933 3782 3003 disciplinam
3819 2933 3914 2986 ni-

2307 3004 2412 3129 amia
2471 3012 2744 3072 pastorum
2803 3001 3166 3073 indulgentia,
3217 3018 3322 3083 per
3366 3001 3597 3078 gratiam
3638 3011 3732 3130 nat
3785 3019 3914 3060 sor-

2344 3090 2426 3130 es.
3719 3090 3792 3130 to.

2307 3075 2426 3130 des.
3217 3075 3224 3083 ³
3378 3075 3383 3078 ⁷
3673 3075 3792 3132 th.

2383 3145 2652 3219 Doctores.
2682 3146 2964 3213 Doctores,
2999 3148 3298 3218 prtepositi,
3323 3147 3602 3219 prtesides,
3631 3159 3911 3219 pasmres,

2303 3218 2571 3288 episcopi.
2603 3217 2722 3274 th.

2377 3289 2504 3344 Cum
2535 3290 2737 3343 'catrrva
2766 3291 2909 3344 ntali.
2945 3289 3104 3353 Mali,
3138 3290 3188 3344 id
3219 3301 3336 3356 est,
3365 3300 3586 3346 satana'.
3619 3291 3740 3349 Btc.

2383 3360 2480 3416 Ubi
2511 3373 2717 3416 satanas
2749 3361 3038 3430 fragoribus
3068 3363 3202 3416 circa
3222 3373 3481 3430 operatur.
3514 3363 3911 3420 Tertullianus.

2307 3431 2489 3487 lib.dc
2525 3437 2704 3502 Spect.
2743 3431 2871 3488 Cum
2925 3450 3045 3502 ergo
3075 3437 3223 3505 [uror
3264 3435 3588 3489 interdicitur
3618 3435 3791 3500 nobis,
3839 3434 3914 3488 ab

2305 3505 2445 3558 omni
2470 3505 2758 3573 spectaculo
2787 3506 3068 3573 auferimur
3091 3546 3107 3570 ,
3141 3507 3290 3560 etiam
3317 3526 3348 3561 a
3377 3511 3515 3562 circa
3535 3549 3549 3574 ,
3591 3509 3674 3561 ubi
3703 3509 3918 3576 proprie

2309 3577 2454 3646 {uror
2486 3577 2719 3642 praesidet
2739 3617 2752 3640 ,
2785 3585 2888 3630 etc.
2915 3577 3031 3638 ἕξις.

2377 3645 2528 3702 Circo
2591 3663 2850 3716 operatur.
2911 3649 2965 3703 In
3023 3650 3336 3718 apographo
3385 3651 3645 3719 scriptum
3689 3650 3910 3705 fuerat:

2313 3716 2412 3772 Ubi
2445 3731 2650 3772 satanas
2687 3721 2978 3789 fragoribus
3020 3716 3367 3790 conmoratus.
3395 3716 3516 3778 Bia;

2383 3791 2540 3866 Queis
2581 3793 2885 3866 renuntiasti
2921 3793 3115 3860 priora.
3167 3793 3355 3846 Priora
3385 3796 3514 3866 dicit
3543 3808 3868 3866 qtlteistlpl’a
3891 3835 3909 3858 ,

2310 3862 2565 3932 pristina,
2613 3863 2818 3930 prisca,
2882 3879 2942 3916 ea
3001 3879 3122 3933 qua)
3167 3867 3224 3918 in
3271 3875 3390 3920 ante
3429 3862 3612 3920 ﬁdem.
3657 3865 3730 3919 Ea
3773 3879 3916 3918 vero

2311 3943 2436 3986 sunt
2466 3933 2712 3988 diabolus
2735 3976 2747 3994 ,
2778 4005 2781 4006 ν
2808 3949 2996 4004 pompa
3027 3945 3082 3990 et
3128 3937 3304 4005 angeli
3351 3937 3489 4006 ejus.
3515 3936 3908 4004 Tertullianus,

2311 4013 2366 4059 et
2395 4014 2506 4058 toto
2546 4006 2640 4059 illo
2666 4007 2732 4059 de
2764 4005 3120 4070 Spectaculis.
3176 4007 3296 4064 Rea.

2386 4076 2524 4142 Quid
2554 4077 2777 4145 proderit
2809 4094 2959 4132 unus.
2991 4079 3118 4142 Leg.
3153 4080 3275 4147 quid
3311 4079 3538 4144 proderit
3579 4086 3760 4134 unctus
3786 4120 3799 4144 ,
3850 4079 3912 4135 id

2313 4156 2431 4205 est.
2466 4149 2714 4203 Christus
2739 4189 2754 4212 ,
2802 4149 2890 4216 qui
2941 4151 3088 4204 cruci
3122 4150 3220 4205 fuit
3260 4151 3456 4205 afﬁxus
3485 4159 3542 4206 ut
3577 4151 3826 4206 homines
3877 4167 3913 4205 a

2311 4219 2514 4294 diaboli
2568 4221 3219 4294 potestatefetraherot.
3270 4224 3480 4294 sibique
3516 4223 3760 4294 populum
3800 4222 3915 4276 ele-

2311 4301 2446 4344 ctum
2478 4290 2698 4346 faceret.
2728 4291 2816 4346 Sic
2843 4289 3005 4348 Instr.
3035 4309 3196 4353 Luxu.
3223 4310 3272 4346 ν.
3307 4289 3466 4350 H51.

2385 4363 2486 4415 Aut
2509 4364 2554 4416 si
2577 4379 2673 4431 pro
2701 4363 2950 4434 languore
2971 4365 3165 4418 datum.
3193 4364 3268 4420 Ad
3293 4364 3668 4422 refocillandas
3687 4373 3778 4420 aut
3819 4380 3915 4421 re-

2313 4435 2576 4488 creandas
2612 4435 2776 4505 animi
2817 4436 3214 4505 languescentis
3247 4437 3423 4500 vires,
3475 4439 3542 4492 ab
3587 4437 3653 4490 iis
3695 4437 3912 4490 mollis-

2319 4506 2470 4558 simis
2499 4517 2554 4560 ct
2597 4503 2862 4561 facillimis
2891 4503 3202 4564 doctoribus
3252 4523 3511 4566 concessa
3569 4509 3663 4564 tibi
3709 4508 3917 4565 fuerint

2316 4577 2640 4648 spectacula.
2673 4578 2795 4635 Rue.

2388 4647 2566 4703 Nolite
2603 4650 2816 4720 diligere
2845 4651 3110 4704 mundum.
3146 4651 3346 4707 IJoan.
3367 4695 3382 4717 ,
3431 4670 3498 4720 ll,
3529 4652 3618 4708 15.

2392 4720 2576 4795 Neque
2613 4723 2878 4776 ambitum.
2930 4722 3042 4777 Hoc
3083 4733 3197 4795 est,
3245 4725 3295 4777 id
3323 4739 3484 4780 omne
3521 4725 3664 4795 quod
3703 4723 3914 4779 mundo

2313 4792 2548 4848 ambitur
2601 4803 2656 4847 et
2701 4795 3025 4850 continetur.
3076 4794 3314 4850 Joannes
3357 4796 3495 4850 dixit
3520 4792 3553 4862 ,'
3590 4812 3652 4852 ea
3689 4811 3802 4864 qua:
3849 4797 3912 4851 in

2311 4864 2506 4918 mundo
2556 4875 2718 4939 sunt.
2780 4865 3145 4939 Tertullianus
3211 4877 3265 4922 et
3318 4863 3618 4939 Cyprianus
3682 4869 3906 4934 dixere,

2314 4951 2501 5004 pompa
2531 4937 2739 4991 diaboli.
2793 4937 2914 4992 RIG.

2387 5007 2637 5063 Obseroas
2679 5009 2978 5062 mandatum
3005 5009 3250 5064 hominis.
3284 5010 3552 5066 Discernit
3583 5011 3726 5067 inter
3749 5025 3908 5066 man-

2311 5077 2433 5131 data
2477 5080 2608 5142 Dei,
2647 5091 2702 5134 et
2745 5082 2993 5134 mandata
3050 5083 3164 5136 sive
3217 5081 3533 5138 traditiones
3581 5082 3904 5146 hominum;

2309 5151 2450 5227 quod
2495 5153 2829 5205 ostendimus
2855 5152 3153 5227 sa-pissime
3199 5153 3394 5208 laetum
3421 5171 3448 5208 a
3478 5153 3747 5227 Cypriauo
3769 5197 3783 5220 ,
3818 5169 3904 5210 se-

2310 5222 2544 5276 cundum
2571 5235 2836 5292 przecepta
2859 5223 2897 5276 P
2916 5223 3005 5276 mli
3054 5224 3175 5279 Ιὶιο.

2384 5293 2496 5369 Quo
2529 5295 2758 5369 doctores
2802 5312 2895 5369 ora
2941 5297 3268 5365 praeludtmt.
3309 5297 3377 5352 Et
3414 5298 3548 5353 ﬁunt
3577 5299 3744 5369 muti,
3791 5313 3902 5354 non

2307 5366 2550 5422 valentes
2578 5366 2794 5422 latrare.
2845 5367 2965 5424 llic.

2381 5434 2475 5512 Mei
2497 5439 2984 5512 voragdiceulem....
3023 5439 3259 5512 prospice
3284 5458 3561 5498 summum.
3591 5441 3676 5500 An
3717 5441 3904 5512 igitur.

2306 5508 2570 5583 mendicus
2600 5510 2788 5566 Christi
2815 5527 2868 5564 se
2895 5508 3155 5566 summum
3177 5511 3355 5568 dixit?
3378 5514 3506 5583 Leg.
3543 5513 3628 5568 Me
3670 5508 3786 5570 vero
3815 5513 3902 5567 di-

2307 5589 2483 5653 gente,
2527 5581 2656 5636 sicut
2698 5583 2914 5649 teneris,
2952 5583 3184 5653 prospice
3227 5581 3502 5642 summum.
3535 5583 3652 5639 Meo
3691 5586 3903 5643 monitu

2306 5651 2501 5724 ductus
2525 5694 2538 5715 ,
2560 5723 2563 5724 ν
2589 5654 2732 5715 Deo,
2777 5657 2912 5708 sicut
2943 5669 3038 5724 par
3069 5651 3190 5718 est,
3219 5666 3386 5714 temet
3423 5657 3669 5722 addicas,
3715 5657 3896 5712 DAVIS.

2347 5719 2626 5798 'I’rospice
2670 5719 2956 5798 summum;
2987 5724 3362 5798 Altissimum;
3391 5728 3560 5786 Deum
3608 5719 3720 5798 opt.
3751 5744 3898 5786 mas.

2305 5794 2396 5866 qui
2421 5805 2504 5852 est
2529 5811 2771 5854 summus
2799 5797 3012 5853 Doctor.
3041 5795 3172 5853 RIG.‘
