4196 6246
306 238 415 294 ato
502 242 597 315 (ι’.
628 240 784 316 993.)

306 356 475 428 Ipsius
503 367 591 414 est
623 369 855 430 tempus,
887 370 945 417 et
970 377 1071 418 nos
1099 362 1151 418 in
1181 372 1469 436 utrumque
1495 380 1778 438 gerentes:

306 451 373 509 Ut
398 453 443 508 si
474 453 674 509 bellum
700 456 871 520 abest,
900 455 956 511 in
988 473 1117 527 pace
1145 471 1405 532 martyres
1432 461 1603 517 ibunt.

299 543 451 599 llulti
477 545 694 616 quidem
724 557 909 603 errant
935 548 1179 606 dicentes
1212 571 1224 604 :
1249 551 1519 624 Sanguine
1547 565 1750 623 nostro,

305 637 545 695 Vicimus
577 639 845 711 Iniquum,
875 660 983 712 quo
1013 656 1263 701 manente
1300 649 1516 705 vincere
1540 651 1748 707 nolttnt.

298 732 631 788 Obsidiaudo
662 735 822 804 perit,
850 746 904 792 et
933 736 1054 792 ideo
1079 740 1241 794 sentit
1264 738 1517 808 iniquus:

295 823 597 896 Legitimos
626 837 804 883 autem
835 842 941 883 non
973 831 1133 884 sentit
1168 846 1354 902 pinnas
1375 835 1613 890 adactas.

296 917 627 989 Ejulatuqne
649 920 879 976 zelaudo
906 932 1092 991 pectus
1125 929 1312 994 pugnis
1337 927 1621 994 pertunde.

298 1009 455 1065 Nunc
477 1010 524 1066 si
548 1011 844 1072 benefactis
866 1015 1078 1077 viceris,
1108 1026 1312 1089 martyr
1338 1018 1391 1074 in
1420 1018 1532 1074 illo.

296 1105 379 1162 Tu
412 1123 540 1178 ergo
567 1109 655 1179 qui
681 1110 881 1180 quaeris
913 1114 1229 1184 martyrium
1261 1114 1452 1170 tollere
1476 1115 1673 1183 verbo,

292 1200 353 1259 ιιι
385 1217 517 1275 pace
547 1212 599 1260 te
620 1209 756 1259 vesti
790 1203 985 1272 bonis;
1019 1216 1075 1262 et
1100 1216 1217 1263 esto
1238 1223 1481 1265 securus.

658 1355 805 1396 ωιιιι.
821 1371 895 1384 —-
910 1358 1120 1400 Βειιιιιι
1157 1359 1539 1401 οοττιοιιιιιιιιι.

296 1478 630 1550 Belligerare
657 1482 872 1551 quieris.
902 1482 1097 1547 stulte,
1129 1484 1278 1555 quasi
1313 1484 1451 1540 bella
1480 1486 1776 1556 quiescant.

293 1570 373 1627 Ex
404 1572 740 1644 protoplasto
770 1573 859 1630 die
889 1582 1154 1646 pugnatur
1177 1576 1228 1630 itt
1252 1575 1358 1633 line
1384 1577 1558 1634 vobis.

294 1661 489 1718 Libido
523 1665 844 1734 priecipitat,
878 1664 1076 1721 bellum
1103 1677 1207 1732 est,
1242 1683 1414 1738 pugna
1444 1684 1565 1724 cum
1594 1669 1712 1725 illo.

291 1753 536 1810 Luxuria
567 1756 777 1822 suadet,
809 1756 1053 1827 abutere,
1082 1759 1281 1815 bellum
1309 1761 1512 1817 vicisti.

295 1846 435 1904 Vino
464 1851 687 1920 copioso
709 1865 887 1921 parce,
922 1869 990 1908 ne
1012 1868 1111 1924 per
1132 1852 1281 1908 illum
1314 1853 1514 1927 (illud)
1542 1856 1783 1912 abcrres.

289 1940 565 1997 Maledict't
595 1945 771 2000 retine
799 1945 1057 2017 linguam,
1087 1946 1229 2003 unde
1261 1947 1545 2004 Dominum
1574 1950 1788 2008 adoras.

289 2034 593 2106 Compesce
621 2038 861 2097 furorem
894 2059 907 2095 :
943 2041 1222 2112 paciﬁcum
1253 2042 1418 2097 redde
1446 2053 1497 2099 te
1523 2048 1751 2103 cunctis.

292 2126 598 2199 Oppressos
623 2133 858 2187 miseriis
895 2134 1200 2204 deprimere
1224 2150 1354 2190 cave
1383 2137 1637 2193 minores.

292 2225 557 2282 Tutorem
583 2228 937 2284 accommoda
968 2240 1197 2297 tantum,
1227 2240 1281 2285 et
1307 2231 1413 2285 noli
1442 2246 1656 2288 nocere.

291 2321 539 2379 Tramite
565 2337 662 2378 vos
683 2335 835 2380 recto
859 2324 1038 2380 ducite
1067 2325 1281 2381 sincero
1311 2341 1420 2396 pra:
1450 2326 1588 2381 zelo.

293 2412 358 2469 in
392 2416 497 2469 tuis
515 2414 722 2469 divitiis
740 2430 953 2471 comem
981 2425 1034 2471 te
1061 2416 1225 2473 redde
1245 2419 1470 2489 pusillis.

297 2508 382 2563 De
410 2508 592 2564 labore
619 2519 708 2563 tuo
735 2508 902 2577 dona,
935 2510 1136 2565 nudum
1167 2513 1302 2567 vesti
1338 2531 1351 2567 :
1384 2513 1463 2569 sic
1489 2513 1691 2569 vinces.

296 2600 536 2657 Insidias
565 2602 690 2656 nulli
722 2601 907 2666 facias,
940 2603 1029 2674 qui
1062 2603 1174 2659 Deo
1200 2603 1462 2661 deservis.

298 2695 503 2768 Aspice
528 2697 863 2770 principium,
895 2698 1035 2755 unde
1066 2699 1228 2771 periit
1253 2701 1464 2757 invidus
1489 2701 1681 2759 hostis.

1480 250 1843 311 ADVERSUS
1879 253 2189 314 GENTIUM
2230 258 2431 313 DEOS.

1922 1800 1972 1860 B

3074 265 3150 337 (v.
3192 264 3378 337 1017.)

3490 264 3600 319 250

1914 373 1964 432 Α
1993 373 2109 429 Non
2136 390 2255 429 sum
2283 390 2384 446 ego
2408 375 2613 442 doctor,
2646 378 2741 433 sed
2775 379 2861 434 lex
2887 378 3045 436 docet
3075 379 3187 451 ipsa
3210 379 3520 437 clamando.

2000 467 2173 522 Verba
2201 469 2345 538 geris
2367 479 2510 525 tanta
2535 486 2688 532 vane.
2715 473 2805 541 qui
2837 476 2938 528 sub
2960 489 3066 530 uno
3098 484 3373 531 momento

1996 560 2309 632 Martyrium
2341 565 2539 633 quaeris
2559 567 2762 622 otiosus
2787 567 2977 622 tollere
2999 568 3234 625 Christo.

2283 716 2425 755 ιιιιν.
2459 731 2526 743 --
2548 718 2609 756 DE
2648 718 2781 757 ZELO
2819 717 3298 759 CONCUPISCENTIE.

2002 814 2133 868 Dum
2162 816 2331 885 cupis,
2358 814 2478 871 inde
2508 819 2677 883 peris;
2709 817 2835 872 dum
2865 818 3021 873 ardes
3049 818 3276 888 proximi
3303 816 3421 874 zelo
3451 834 3465 873 :

2001 910 2281 981 Extinguis
2313 921 2362 965 te
2395 912 2564 979 ipsum
2600 916 2811 982 quando
2844 924 2893 969 te
2926 914 3169 970 incendis
3200 914 3268 968 ab
3301 915 3469 970 intus.

2002 1003 2208 1059 Zelaris
2237 1005 2422 1065 alium.
2452 1006 2644 1070 invide,
2676 1006 2744 1063 de
2773 1009 2914 1062 malo
2938 1008 3307 1073 laborantem;

2002 1099 2067 1152 Et
2096 1108 2145 1153 te
2176 1113 2357 1169 parem
2386 1102 2636 1168 concupis
2663 1099 2778 1155 ﬁeri
2812 1101 3052 1173 pecunia:
3085 1112 3266 1157 tanta).

2000 1191 2110 1247 Lex
2133 1194 2210 1247 sic
2240 1210 2342 1246 non
2375 1193 2596 1261 aspicit:
2625 1194 2751 1247 dum
2780 1195 2931 1248 illum
2961 1195 3274 1250 incumbere
3298 1194 3520 1265 qureris,

2002 1286 2190 1341 Omnia
2219 1300 2534 1356 suspensus,
2565 1288 2696 1342 viris
2730 1290 2780 1341 in
2812 1288 3010 1344 ardore
3038 1289 3334 1345 lucrorum.

2000 1378 2242 1452 Cumque
2271 1397 2394 1437 reus
2418 1381 2510 1436 tibi
2538 1383 2629 1446 sis,
2659 1383 2832 1453 ipsum
2867 1394 2919 1439 te
2942 1383 3124 1453 judice
3149 1384 3394 1440 damnas.

2001 1474 2291 1530 Oculorum
2314 1476 2458 1531 acies
2487 1493 2770 1547 numquam
2797 1480 3023 1533 satiatur
3051 1493 3235 1533 avara.

2001 1566 2151 1622 Nunc
2171 1582 2299 1638 ergo
2318 1568 2363 1622 si
2391 1568 2581 1624 redeas
2608 1580 2660 1625 et
2687 1571 2912 1641 cogites,
2946 1574 3079 1625 vana
3106 1570 3302 1641 cupido
3343 1579 3448 1628 est.

2003 1751 2156 1809 Unde
2192 1755 2329 1809 Deus
2358 1755 2556 1810 clamat
2589 1774 2597 1809 :
2631 1756 2801 1813 Stulte
2829 1756 2932 1813 hac
2959 1767 3116 1814 nocte
3146 1759 3378 1828 vocaris,

2001 1845 2130 1901 Post
2156 1857 2207 1901 te
2230 1862 2374 1902 mors
2399 1849 2505 1903 ruit
2535 1867 2548 1903 :
2578 1850 2727 1918 cujus
2758 1861 2914 1906 erunt
2941 1850 3039 1905 ista
3074 1851 3318 1906 talenta?

2003 1945 2059 1999 In
2092 1960 2338 2015 suprema
2369 1947 2502 2001 aedis
2535 1948 2725 2017 illjllsla
2756 1948 2899 2003 lucra
2932 1947 3237 2003 condendo.

2005 2039 2265 2110 Suggeret
2293 2056 2414 2095 cum
2443 2042 2664 2096 Domino
2693 2042 2979 2113 unicuique
3006 2044 3113 2097 vita
3141 2042 3359 2098 diurna.

2002 2138 2289 2207 Congestet
2320 2138 2457 2191 alius
2485 2154 2499 2191 :
2535 2148 2589 2192 tu
2620 2139 2754 2193 bene
2788 2143 2966 2193 vivere
2992 2152 3192 2208 quaere.

2005 2228 2071 2283 Et
2099 2230 2193 2284 Dei
2223 2245 2317 2284 cor
2340 2233 2610 2294 conscius,
2637 2247 2761 2302 ages
2789 2247 2952 2301 super
2979 2231 3159 2286 omnia
3192 2230 3379 2285 victor.

2004 2322 2113 2378 Nec
2141 2325 2284 2377 enim
2312 2324 2432 2380 dico
2456 2335 2513 2379 ιιι
2544 2336 2596 2381 te
2625 2328 2671 2379 in
2705 2327 2864 2380 trivio
2886 2327 3126 2391 tinnites,

2004 2421 2139 2474 Cum
2168 2435 2266 2491 pro
2297 2421 2382 2476 die
2415 2431 2505 2476 tuo
2538 2421 2742 2491 vigilas,
2775 2423 2889 2476 sine
2916 2419 3103 2475 fraude
3137 2419 3383 2474 vivendo.

2004 2512 2061 2567 lu
2090 2528 2211 2593 esca
2243 2514 2375 2583 perit
2405 2515 2541 2581 avis,
2575 2525 2663 2567 aut
2693 2515 2859 2569 lueret
2883 2512 3181 2584 improvida
3212 2514 3382 2568 visco.

2005 2608 2282 2664 Arbitrare
2315 2609 2406 2663 tibi
2436 2608 2751 2681 simpliciter
2780 2607 2937 2662 valde
2965 2607 3280 2661 cavendum.

2005 2701 2280 2758 Excedunt
2308 2702 2400 2757 alii
2430 2701 2585 2758 linem
2620 2720 2632 2756 :
2664 2712 2715 2756 tu
2734 2702 2980 2774 prospice
3002 2715 3234 2770 sentper.

1582 2816 2144 2877 COMMENTARIUS.

378 2933 551 3003 Ipsius
569 2941 638 2986 est
664 2941 879 3002 tempus.
913 2930 1307 2987 Persecutionis
1332 2941 1387 2987 et
1419 2933 1584 3001 pacis.
1618 2934 1739 2989 th.

376 3006 447 3062 Et
466 3023 556 3060 nos
578 3006 630 3058 in
652 3006 920 3073 utrumque
938 3014 1182 3075 gerentes.
1212 3003 1317 3075 Ipsi
1344 3003 1561 3060 Christo
1583 3008 1884 3062 serviamus

297 3079 357 3135 in
382 3095 509 3147 pace
538 3088 593 3133 et
620 3076 780 3130 bello.
814 3077 930 3132 lito.

372 3150 436 3206 Si
456 3149 644 3204 bellant
663 3149 822 3202 abest.
855 3147 907 3204 Si
943 3149 1248 3206 persecutio
1278 3158 1470 3203 cessat.
1498 3150 1618 3205 RIG.

369 3222 435 3277 In
484 3237 609 3285 pace
645 3229 890 3290 martyres
920 3218 1083 3272 ibunt.
1133 3218 1202 3276 Ut
1243 3235 1427 3287 supra,
1475 3220 1727 3290 Martyres
1779 3222 1890 3276 sine

293 3296 585 3363 sanguine:
627 3291 959 3363 quibusetsi
1003 3290 1222 3346 defuere
1253 3301 1537 3351 tormenta.
1579 3294 1678 3346 etsi
1720 3292 1890 3347 defuit

296 3361 580 3437 tyrannus,
615 3361 916 3437 non_tleluit
939 3363 1150 3417 animus
1177 3364 1438 3418 adversus
1478 3364 1730 3430 quaelibet
1776 3376 1886 3419 tor-

295 3434 479 3493 titenta
508 3436 677 3490 fortis.
718 3434 835 3490 th.

374 3509 488 3577 Quo
518 3516 752 3560 manente
799 3508 929 3561 vine.
978 3508 1086 3562 uol.
1129 3506 1379 3561 Manente
1429 3505 1618 3575 lniquo
1667 3507 1889 3563 vincere

296 3585 511 3644 nolunt,
542 3578 799 3633 deficiunt
821 3621 835 3642 .
878 3596 985 3633 non
1028 3589 1263 3649 perstant
1297 3577 1498 3644 inﬁde,
1527 3587 1846 3633 evertuntur
1867 3620 1883 3646 ,

298 3653 622 3721 dejicittntur
640 3650 709 3705 de
738 3650 860 3703 title.
896 3651 1012 3721 lito.

380 3722 692 3778 Obsidiando
719 3722 846 3789 perit
882 3720 1119 3793 Iniquus.
1147 3722 1229 3778 Ob
1262 3720 1440 3778 idioue
1466 3722 1717 3776 diuturna
1744 3731 1886 3776 sata-

298 3811 403 3851 nas
428 3796 564 3850 circa
595 3793 939 3848 fortis'simum
986 3794 1338 3849 christianum
1391 3793 1602 3848 tandem
1637 3795 1889 3864 fatigatur

292 3880 354 3924 et
383 3867 657 3929 frangitur.
691 3865 806 3920 Βία.

381 3938 653 4009 Legitimus
689 3946 876 4009 autem.
914 3937 1285 4009 Fortissimus
1311 3936 1677 4000 Christianus,
1734 3950 1890 3991 verus

293 4007 560 4075 athla-tes,
599 4007 758 4075 probe
794 4009 985 4075 lidelis,
1020 4023 1123 4063 n0n
1152 4008 1400 4072 vincitur,
1448 4024 1551 4061 ttou
1583 4008 1745 4061 sentit
1778 4023 1891 4076 pm-

293 4099 397 4139 nas
430 4082 543 4149 ipsa
577 4090 835 4134 tormenta
859 4089 1092 4150 superat.
1124 4081 1245 4137 Βιο.

372 4154 703 4225 Ejulatuque_
731 4149 946 4206 zelando
974 4162 1102 4218 pect.
1140 4170 1261 4223 pug.
1306 4153 1573 4225 pertunde.
1620 4149 1888 4225 Ejttlatttm

293 4223 456 4281 suum
488 4223 770 4293 castigabit
794 4226 1000 4291 pugnis,
1033 4237 1080 4278 et
1114 4239 1223 4285 prae
1249 4224 1367 4278 zelo
1391 4235 1444 4277 et
1464 4238 1650 4277 amore
1680 4223 1890 4276 Domini

292 4299 498 4354 zelabit
530 4305 756 4349 mortem
810 4296 939 4365 Sap.
961 4337 976 4358 ,
1005 4312 1043 4361 ι,
1076 4295 1161 4351 12.
1200 4295 1315 4351 llic.

371 4369 705 4438 Martyrium.
732 4367 1038 4437 Martyrium
1072 4368 1283 4422 subire:
1313 4375 1603 4438 martyrem
1633 4366 1771 4421 fieri.
1802 4365 1892 4420 Sic

1991 2945 2046 2992 et
2080 2953 2204 2992 vere
2236 2945 2459 3009 martyr.
2493 2937 2584 3007 qui
2630 2936 2887 3009 extinguit
2915 2935 3146 3009 interiit:
3173 2932 3478 3009 incendium
3510 2935 3600 2990 in-

1989 3010 2149 3081 Vitiile
2191 3006 2407 3081 propter
2455 3006 2736 3063 Dominum
2779 3008 2985 3063 Jesum.
3038 3027 3056 3081 ι
3110 3006 3175 3060 Ει
3217 3008 3381 3076 paulo
3431 3017 3594 3081 post:

2002 3099 2021 3131 ι
2054 3078 2358 3136 Certamina
2392 3082 2548 3149 igitur
2573 3081 2858 3135 cottidiana
2891 3086 3015 3131 sunt
3047 3079 3170 3140 ista,
3205 3093 3326 3147 quae
3356 3093 3454 3144 per
3483 3078 3602 3136 dies

1995 3162 2050 3207 et
2093 3164 2278 3207 noctes
2332 3148 2454 3207 sunt
2504 3152 2675 3206 nobis.
2734 3170 2753 3202 ι
2816 3150 3017 3206 Deinde
3063 3153 3300 3275 apponi};
3333 3148 3600 3220 exempla.

3306 3236 3378 3275 ιο.

3306 3236 3378 3276 IG.

2066 3294 2379 3366 Belligcrare
2423 3297 2629 3365 quieris.
2683 3295 2907 3349 Temere
2937 3304 2991 3350 et
3018 3293 3237 3366 furiose
3272 3294 3337 3346 ad
3393 3301 3601 3364 marty-

1995 3367 2132 3423 rium
2169 3364 2298 3427 ruis.
2346 3364 2612 3438 inquietus
2641 3378 2691 3422 et
2726 3368 2968 3421 turbidus
3016 3364 3137 3438 Bia.

2065 3438 2337 3497 Compesce
2366 3434 2611 3510 furorem.
2642 3439 2756 3493 Noli
2789 3436 3222 3510 contraiuriata:
3253 3436 3451 3510 mentis
3503 3434 3603 3490 ad-

1994 3514 2288 3567 versarium
2324 3506 2611 3576 refuriari;
2670 3527 2766 3564 nec
2811 3506 3156 3563 maledicenti
3188 3506 3599 3573 rentaledicerc,

1996 3597 2095 3638 nec
2126 3585 2437 3637 remordcre
2470 3584 2825 3637 mordentem.
2861 3582 2979 3637 lttG-
3350 3586 3355 3589 ⁷

2068 3655 2281 3708 Sincera
2308 3671 2415 3722 pra:
2437 3656 2566 3708 zelo.
2595 3653 2617 3707 Ι
2641 3676 2649 3705 ι
2680 3669 2865 3723 apogr.
2897 3655 3091 3706 sincero
3117 3649 3358 3720 persocia.
3396 3648 3517 3705 Bto.

2070 3725 2277 3780 Otiosus
2337 3724 2556 3780 Christo.
2621 3725 2717 3792 Qui
2772 3725 2931 3778 nullis
2979 3723 3233 3793 operibus
3284 3736 3443 3776 vaces
3483 3735 3604 3791 qua:

1996 3798 2262 3853 mandatis
2287 3797 2485 3851 CltriSti
2514 3802 2878 3852 continentur.
2911 3796 3028 3851 lita.

2070 3869 2200 3922 Dum
2240 3869 2384 3921 illum
2440 3869 2725 3922 incumbere
2752 3869 2957 3938 quwris.
2993 3868 3308 3922 lncumbere
3341 3864 3392 3919 itt
3423 3863 3594 3929 illum,

1996 3950 2267 4011 tamquam
2293 3941 2342 3992 in
2370 3944 2626 4011 praulam.
2656 3941 2771 3995 lito.

2068 4012 2130 4067 Si
2161 4012 2356 4064 redeas.
2392 4010 2471 4064 Ad
2509 4021 2671 4065 tentet
2700 4011 2895 4078 ipsum.
2940 4010 3062 4066 th.

2070 4082 2257 4147 Stulte,
2303 4085 2398 4135 hac
2445 4096 2587 4135 nocte
2616 4084 2831 4135 vocaris.
2858 4081 3014 4135 [ληῡὲῐῖ
3047 4097 3139 4145 XII,
3168 4078 3239 4155 9.9
3271 4096 3285 4131 :
3320 4082 3603 4155 Ταύτῃῃῷ

1994 4161 2142 4213 νυκτὶ
2161 4161 2248 4215 τήν
2272 4156 2453 4229 ψυχήν
2475 4178 2569 4211 σου
2593 4157 2902 4229 audiret?)th
2924 4156 3026 4229 iure
3052 4158 3168 4208 σοῦ.
3189 4149 3487 4229 (Ζγριιιιιιιιιξ
3507 4149 3604 4205 Ιίἱί.

1995 4232 2063 4283 de
2090 4231 2263 4299 Opere
2285 4222 2659 4281 't-tulileetnos.
2694 4245 2707 4277 :
2735 4224 2925 4299 Stulte,
2960 4226 3054 4299 ltttc
3085 4222 3607 4299 itoc'te‘t'xpostulatur

1995 4294 2167 4354 animi;
2200 4311 2329 4353 tua:
2360 4315 2473 4369 qua:
2502 4316 2619 4368 ergo
2656 4298 2870 4367 parasti,
2902 4298 2980 4348 cui
3007 4294 3194 4369 erant?
3224 4294 3479 4369 Mirtialis
3505 4308 3599 4369 vlt,

1996 4373 2065 4427 44
2119 4389 2131 4425 :
2175 4370 2344 4440 Rape,
2372 4364 2626 4441 'congei'e,
2656 4364 2849 4441 'aufer,
2910 4368 3110 4437 posside
3153 4382 3171 4420 :
3212 4364 3604 4434 relinquendum

292 4437 540 4511 loquitur
583 4440 759 4492 versio
808 4438 994 4511 Lat_iua
1047 4437 1472 4511 vetttsrl'lusebii
1531 4437 1669 4511 Ωιι-5.
1731 4449 2091 4509 opus-Dem,

290 4508 421 4567 culo
450 4513 519 4566 de
547 4511 808 4564 Resurr.t
839 4528 851 4563 :
880 4508 947 4563 Ei
980 4512 1067 4579 qui
1096 4510 1365 4574 occiditur,
1410 4523 1457 4564 et
1501 4510 1547 4564 ei
1584 4511 1672 4577 qui
1698 4519 1894 4580 marty-

289 4587 430 4640 rium
463 4584 602 4637 tollit
658 4581 776 4637 lito.

366 4655 575 4710 Bellum
633 4651 999 4708 Cottidianam.
1061 4653 1303 4708 "ominis
1351 4653 1484 4721 vita,
1551 4652 1736 4707 militia
1793 4661 1896 4706 est.

290 4732 664 4804 πειρατήριον..
703 4724 820 4804 Julii
853 4741 943 4787 vn,
998 4725 1230 4804 1.__Il_aiic
1278 4741 1404 4779 vero
1433 4724 1753 4804 sententiam
1783 4721 1900 4778 fuse

290 4788 611 4865 exsequitur
639 4795 1008 4872 Arrianus‘atl
1042 4796 1359 4872 Epictetum.
1394 4812 1472 4860 ιιι,
1514 4812 1563 4850 c.
1588 4795 1657 4849 24
1692 4812 1706 4848 :
1739 4805 1899 4872 Στρα-

290 4877 404 4929 tein
428 4874 511 4933 τίς
542 4871 682 4925 ἔστιν
711 4869 736 4924 ὁ
762 4869 1153 4944 βξεςᾷἑκᾲστουι
1171 4873 1259 4924 καὶ
1304 4871 1434 4928 αὐτὴ
1460 4872 1635 4944 μᾳκρά
1661 4871 1748 4944 mi
1774 4869 1895 4922 τέοι-

295 4946 429 5005 κῦιη,
474 4956 609 4998 etc..
641 4940 769 5010 pag.
793 4940 917 4994 174.
953 4942 1075 4994 llaec
1107 4940 1467 5009 pltilOSoplttlS’
1491 4940 1578 4992 ille
1619 4940 1894 5007 profanus,

299 5021 390 5084 qui
419 5016 626 5068 litteras
658 5019 871 5084 nostras
896 5014 1172 5084 attigerat.
1197 5012 1303 5084 Est
1338 5019 1520 5084 autem
1570 5011 1739 5084 multo
1769 5023 1894 5074 per—

299 5080 491 5139 fectior
504 5084 763 5155 sapientia
782 5080 1002 5150 Christi,
1022 5080 1167 5153 apud
1193 5083 1501 5155 Eusebium.
1532 5083 1760 5155 septimo
1773 5094 1900 5147 opu-

301 5154 575 5211 sculorum
602 5171 721 5225 qua!
749 5154 1063 5208 Sirmotulm
1094 5155 1256 5209 edidit
1308 5154 1489 5225 Latina
1520 5154 1897 5225 versiouean-

298 5228 477 5298 liqua.
506 5222 708 5282 Graio-is
734 5226 776 5278 si
810 5243 912 5279 non
934 5227 1041 5293 jam
1072 5227 1343 5289 interiere,
1376 5224 1550 5280 adhuc
1580 5222 1892 5298 latentibus,

289 5294 430 5370 pag.
460 5298 597 5354 9.55:
623 5318 641 5348 ι
677 5298 904 5368 Semper
927 5301 1227 5365 persecutio
1252 5310 1354 5360 est,
1386 5313 1599 5361 semper
1621 5294 1894 5370 invisibile

291 5366 502 5429 bellum
528 5371 779 5427 habetur.
812 5366 1032 5436 Semper
1060 5385 1282 5429 corona,
1329 5384 1544 5437 semper
1587 5366 1890 5433 abnegatio.

289 5443 476 5497 Vultis
505 5443 690 5496 videre
732 5446 1022 5493 certamina
1054 5440 1453 5511 rcligimitatis?
1483 5439 1892 5507 Nonnumquam

285 5515 539 5570 eﬂ'erbuit
568 5513 687 5579 quis
719 5513 793 5565 ira
820 5512 1077 5566 adversas
1102 5513 1372 5566 subditum
1395 5511 1495 5564 sibi
1518 5528 1531 5570 ;
1563 5524 1893 5565 rememora-

283 5598 377 5642 tus
400 5600 588 5640 autem
616 5583 847 5645 Domini,
881 5584 1128 5650 deposuit
1154 5584 1497 5639 aeerbitatetu
1530 5600 1541 5634 :
1573 5583 1724 5650 pejus
1745 5581 1892 5634 enim

276 5671 366 5714 εει
396 5656 603 5713 fervori
630 5656 979 5709 incensaaira:
1001 5656 1271 5719 resistere,
1307 5669 1462 5723 quam
1494 5653 1724 5708 limitum
1752 5652 1891 5721 ignis
1952 5664 1955 5665 '

275 5746 406 5800 qum
434 5746 466 5783 τι
492 5730 628 5783 foris
670 5727 917 5800 habetur.
949 5727 1080 5792 Quia
1108 5728 1265 5800 igitur
1288 5738 1506 5800 martyr
1536 5734 1619 5800 est
1644 5725 1731 5796 qui
1762 5739 1890 5794 pro-

273 5797 401 5874 pter
434 5804 609 5858 Deunt
652 5798 719 5854 ad
750 5800 1079 5856 exteriorem
1108 5799 1377 5857 ﬂammam
1403 5797 1635 5864 resistit;
1683 5808 1891 5868 martyr

2079 4514 2145 4569 lu
2174 4531 2414 4586 suprema
2441 4515 2569 4569 tedis
2622 4513 2752 4567 Luc.
2784 4513 2837 4566 in
2869 4512 3159 4586 apothecas.
3192 4509 3312 4586 Bia.

2078 4582 2327 4658 Suggeret
2354 4604 2468 4640 cum
2514 4586 2732 4658 Domino
2761 4587 3032 4658 unicuique
3060 4585 3162 4658 vita
3190 4583 3396 4637 diurna.
3428 4582 3605 4658 Locus

2003 4660 2055 4787 ip
2085 4656 2279 4713 mendo
2305 4659 2484 4725 cubat,
2513 4659 2607 4713 sed
2631 4657 2782 4712 facile
2806 4666 2980 4727 potest
3000 4656 3052 4711 in
3077 4657 3343 4725 integrum
3367 4656 3600 4710 resutui.

2050 4748 2133 4787 e2.
2166 4747 2178 4783 :

2050 4748 2133 4801 eg.
2166 4747 2178 4783 :

2126 4874 2380 4937 Suggeret
2402 4887 2510 4922 cum
2536 4872 2771 4923 Dominus
2794 4871 3059 4929 unicuique
3084 4871 3230 4920 vitam
3254 4869 3501 4920 diurnam.

2000 5003 2135 5059 Vide
2169 5001 2349 5055 Matth.
2391 5017 2460 5067 rt,
2493 5002 2583 5062 51;
2631 4998 2760 5052 Luc.
2810 5014 2908 5059 xu,
2951 4997 3041 5052 9.9.
3109 4994 3282 5050 Vitam
3333 5012 3430 5069 pro
3475 4997 3607 5052 rictu

2001 5076 2181 5144 posuit
2212 5073 2651 5127 (Zouttnodiauus.
2678 5072 2946 5144 “DOIIlUIS
2990 5069 3054 5123 ad
3099 5068 3345 5144 Terentii
3383 5068 3597 5121 Phorm.

2000 5140 2122 5201 Act.
2149 5162 2184 5211 I,
2219 5146 2376 5201 Scou.
2412 5160 2486 5202 ιιι,
2529 5144 2590 5197 1‘2
2624 5162 2635 5196 :
2677 5140 2790 5194 Vita
2821 5152 2863 5195 et
2908 5159 3069 5194 ntores
3098 5141 3377 5208 signiﬁcat.
3410 5154 3454 5193 et
3481 5143 3598 5193 ani-

2000 5235 2157 5283 mam,
2205 5230 2250 5270 et
2297 5216 2615 5282 «linteatum,
2667 5224 2715 5269 ct
2757 5214 2981 5284 spatium
3021 5212 3235 5268 vivendi.
3268 5223 3314 5265 et
3341 5216 3602 5284 fortunam

1998 5292 2308 5342 occidentem
2360 5289 2659 5341 viventibus.
2724 5283 2898 5341 Simili
2969 5285 3129 5339 modo
3182 5284 3291 5357 βίον
3343 5283 3603 5338 adhibent

1998 5359 2191 5415 Grzrci.
2228 5361 2408 5414 [ηαδ.

2074 5431 2141 5486 Ut
2172 5442 2218 5485 te
2246 5433 2300 5485 in
2330 5432 2479 5484 triuio
2525 5432 2750 5486 tinnites.
2781 5428 3072 5497 Capiaudm
3106 5425 3397 5491 plebecnlte
3426 5428 3602 5497 gratia

1995 5518 2115 5555 cunt
2149 5503 2504 5557 tintinualmlo
2534 5503 2769 5557 ἱιιομιίιιε.
2802 5502 2917 5555 lita.
2945 5532 3007 5540 —-
3028 5499 3213 5552 Deleto
3258 5502 3606 5566 pronomine,

1995 5573 2278 5644 legendum
2316 5595 2329 5631 :
2365 5575 2432 5630 Ut
2480 5577 2532 5628 iu
2578 5577 2723 5628 trivio
2765 5574 2983 5626 tinuitcs.
3047 5569 3178 5624 Vtile
3223 5570 3408 5694 Μῗξιιι.
3440 5585 3514 5633 vt,
3543 5570 3605 5624 9..

3326 5657 3464 5694 Λνις).

3302 5647 3464 5695 )AV'IS.

2069 5718 2389 5792 Simpliciter
2428 5718 2576 5774 ualde
2625 5716 2925 5792 cauendum.
2973 5712 3258 5792 Columba:
3296 5711 3619 5792 humiliata-

1995 5803 2125 5862 tem,
2156 5781 2423 5868 serpentis
2452 5790 2738 5862 prudentia
2768 5799 3071 5858 temperare
3106 5787 3298 5845 debes.
3326 5781 3455 5840 Rto.

3533 5936 3549 5961 \
