4142 6262
547 331 657 388 255
766 329 843 400 (ν.
873 328 1061 400 mo.)

549 445 727 502 Nolite
756 445 907 502 vacui
935 445 1096 500 talem
1133 444 1354 499 visitare
1379 442 1667 513 iacentem.

550 541 657 595 Fac
681 539 779 595 sub
809 540 918 595 Deo
947 538 1144 593 bonum
1163 579 1179 603 ,
1234 537 1490 608 obsequia
1523 536 1689 593 redde
1722 551 1817 607 per
1842 551 2140 593 nummum.

547 631 677 689 Inde
710 632 1025 699 revalescit,
1060 631 1166 693 vel,
1199 631 1244 685 si
1274 631 1573 686 conciderit
1603 632 1714 695 ille,

550 725 876 780 Reloveatur
905 723 1066 777 homo
1094 738 1316 794 pauper,
1342 724 1431 794 qui
1462 740 1567 778 non
1600 725 1760 779 habet
1789 724 1931 780 unde

554 815 854 871 Mercedem
879 814 995 881 tibi,
1030 829 1126 883 pro
1158 815 1251 869 illo
1280 816 1375 869 sed
1402 816 1652 871 conditor
1680 817 1827 872 orbis
1853 829 1907 872 et
1935 826 2141 873 auctor.

551 910 647 965 Vel
676 910 720 964 si
750 911 955 980 pigeret
983 910 1059 964 ire
1085 909 1151 964 ad
1182 901 1494 980 pauperem,
1525 926 1741 980 semper
1765 912 2013 977 abosum,

551 1001 700 1056 Mitte
731 1014 1001 1066 nummos,
1030 1010 1085 1056 et
1113 1001 1255 1056 unde
1284 1018 1343 1056 se
1373 1018 1650 1057 resumere
1670 1003 1859 1072 possit.

550 1091 914 1164 Similiterque
940 1108 1097 1149 soror
1121 1095 1164 1148 si
1187 1109 1418 1166 paupera
1447 1095 1586 1150 lecto
1610 1095 1904 1162 decumbit,

550 1186 810 1251 Incipiant
838 1195 1029 1241 vestra:
1057 1196 1315 1242 matrona:
1344 1187 1594 1243 victualia
1626 1187 1787 1244 ferre.

549 1279 761 1335 Clamat
793 1280 906 1350 ipse
936 1280 1075 1335 Deus
1110 1298 1123 1334 :
1156 1280 1366 1353 Frange
1395 1292 1544 1336 tuum
1577 1296 1768 1349 panem
1796 1295 1991 1352 egeno.

552 1371 750 1428 Verbis
777 1388 915 1443 opus
942 1390 1049 1428 non
1077 1384 1161 1428 est
1181 1374 1422 1440 visitare,
1449 1374 1543 1429 sed
1575 1373 1890 1433 benefactis.

549 1464 798 1536 Iniquum
824 1474 928 1531 est,
961 1465 1126 1520 frater
1148 1465 1326 1536 inopia
1351 1467 1528 1522 victus
1551 1474 1793 1538 a-grotet.

553 1559 814 1630 Satagite,
845 1573 951 1615 non
976 1561 1174 1624 verbis,
1200 1576 1351 1616 esum
1377 1572 1669 1634 potumque
1699 1562 1943 1634 requirit.

551 1650 805 1720 Inspicite
833 1652 986 1714 tales.
1021 1653 1117 1708 sed
1147 1662 1296 1709 certe
1321 1654 1648 1723 debilitatos,

550 1742 875 1815 Transigere
901 1758 1023 1800 sese
1043 1747 1135 1816 qui
1160 1762 1265 1802 non
1296 1757 1545 1817 possunt,
1573 1748 1697 1804 date
1720 1749 1969 1806 subinde.

554 1839 601 1893 A
641 1838 869 1895 Domino
892 1839 1043 1895 vobis
1072 1840 1317 1912 spondeo
1338 1841 1452 1897 dari
1481 1843 1864 1915 quadruplum.

936 1970 1099 2010 LXXII.
1136 1983 1210 1997 -·
1239 1972 1565 2014 ΡΑυιιειιιΒυε
1601 1974 1768 2015 ΒΑΝΙΒ.

559 2064 853 2137 Pauperies
876 2081 1006 2123 sana
1048 2069 1195 2139 quid,
1233 2071 1331 2125 nisi
1356 2070 1556 2127 divitiae
1584 2072 1798 2128 adsint?

553 2159 661 2215 Ars
689 2171 837 2216 certe
857 2162 901 2215 si
934 2162 1109 2228 fuerit,
1132 2165 1245 2233 jam
1271 2174 1326 2220 et
1354 2176 1409 2221 tu
1435 2167 1773 2222 communica
1795 2166 1969 2224 fratri.

564 2250 736 2307 Unum
761 2262 953 2324 praesta
980 2254 1097 2320 tibi,
1122 2273 1189 2312 ne
1218 2259 1484 2328 superbus
1506 2275 1628 2316 esse
1647 2260 1864 2317 dicaris.

554 2347 843 2413 Polliceor,
876 2351 1128 2420 quoniam
1171 2355 1414 2409 securior
1451 2354 1617 2410 divite
1645 2354 1777 2410 vivis
1808 2375 1820 2410 :

554 2439 762 2512 Excipe
783 2442 1083 2500 doctrinam
1116 2450 1291 2518 magni
1326 2448 1632 2505 Salomonis
1661 2450 1714 2505 in
1736 2466 1917 2507 aures.

552 2532 950 2604 Responsorem
983 2541 1035 2591 in
1069 2538 1180 2593 alto
1210 2540 1324 2596 odit
1352 2541 1493 2597 Deus
1521 2557 1810 2613 pauperem
1838 2558 1960 2601 esse
1988 2564 2002 2599 :

550 2623 758 2683 Idcirco
779 2637 831 2685 te
858 2628 1050 2699 subde,
1081 2643 1136 2688 et
1158 2631 1421 2690 honorem
1450 2635 1614 2691 redde
1633 2637 1856 2707 potenti.

1678 322 2103 383 COMMODIANI
2143 321 2685 382 INSTRUCTIONES
2717 387 2720 391 ,

2158 439 2209 501 Α
2239 439 2474 495 Blandus
2501 440 2646 496 enim
2675 453 2876 508 sermo,
2913 440 3252 510 proverbium
3286 441 3446 508 nosti,
3480 439 3711 513 deriget.

3306 328 3383 409 (ν.
3430 327 3615 401 ius.)
3725 322 3843 383 256

2251 534 2492 591 Vincitur
2519 534 2694 590 oflieio
2718 536 2818 590 etsi
2850 535 3009 591 fuerit
3037 536 3115 593 ira
3143 546 3375 593 vetusta.
3408 580 3411 583 ‹

2251 630 2306 682 Si
2335 629 2509 699 lingua
2539 638 2733 694 taceat,
2761 629 2831 683 nil
2851 628 3044 683 melius
3065 628 3338 684 invenisti.

2250 721 2392 774 Sane
2415 721 2459 774 si
2485 736 2589 775 non
2609 720 2767 776 fuerit
2793 736 2882 775 ars
2907 719 3051 776 unde
3074 721 3180 775 vita
3207 731 3445 793 regatur,

2250 811 2360 869 Ant
2386 827 2601 883 operam
2629 814 2832 885 praebe,
2865 823 2954 868 aut
2979 828 3216 875 cursum,
3242 813 3393 885 jussu
3425 814 3700 884 potentis:

2322 908 2439 963 Non
2472 909 2668 980 pudeat
2695 926 2869 978 neque
2898 910 3076 980 pigeat
3103 924 3425 979 procurrere
3449 924 3665 968 sanum.

2251 1001 2310 1055 ln
2333 1016 2465 1072 gazo
2485 1012 2744 1072 prmterea
2777 1002 2843 1058 de
2872 1002 3054 1058 labore
3078 1003 3296 1058 mittere
3321 1002 3524 1068 debes;

2254 1094 2403 1149 Sicut
2429 1095 2716 1167 singularis
2744 1095 2857 1162 illa,
2894 1111 3053 1167 quam
3084 1096 3317 1166 prtetulit
3339 1105 3551 1152 unctus.

2569 1233 2756 1273 ιιιιιιιι.
2784 1248 2854 1258 --
2879 1233 3044 1275 FILIOS
3082 1232 3186 1275 NON
3226 1231 3521 1275 LUGENDOS.

2257 1333 2517 1389 Filiorum
2549 1349 2704 1389 casus
2735 1333 2859 1389 licet
2888 1345 2940 1389 et
2971 1334 3174 1389 dolium
3201 1333 3382 1390 cordis
3414 1331 3701 1403 relinquat,

2254 1427 2311 1482 In
2342 1427 2506 1495 nigris
2538 1426 2689 1483 exire
2717 1439 2892 1482 tamen
2922 1442 3019 1482 nec
3047 1428 3303 1498 plangere
3322 1425 3400 1481 fas
3429 1433 3531 1482 est.

2254 1518 2367 1574 Lex
2403 1518 2694 1588 prudenter
2722 1519 2827 1586 ait,
2856 1519 3037 1573 animo
3067 1533 3165 1574 nec
3188 1533 3405 1589 pompa,
3434 1516 3645 1583 dolere,

2254 1613 2311 1667 ln
2344 1612 2720 1669 Salomoniaco
2750 1613 2885 1669 libro
2906 1613 3203 1684 septimana
3229 1613 3399 1668 (inim.

2257 1704 2434 1759 Oblita
2468 1705 2751 1760 Dominum
2783 1707 2850 1761 de
2876 1707 3279 1762 resurrectione
3310 1707 3595 1777 promissa,

2256 1797 2315 1853 Si
2347 1808 2612 1871 martyras
2633 1797 2827 1854 cheris
2854 1800 3018 1866 lilios,
3043 1798 3121 1855 sic
3146 1815 3279 1855 voce
3303 1797 3567 1855 deﬂebis?

2188 1874 2235 1935 Β
2262 1889 2377 1946 Non
2403 1892 2564 1961 pudet
2592 1891 2856 1948 infrenem
2881 1892 3152 1963 gentiliter
3174 1893 3426 1964 plangere
3448 1891 3641 1947 natos?

2257 1984 2331 2039 0s
2355 1984 2581 2051 laceras,
2615 1984 2793 2039 tundis
2815 1996 3025 2055 peetus,
3059 1984 3381 2040 vestimenta
3410 1983 3653 2051 deducis,

2257 2077 2367 2133 Nec
2390 2079 2584 2133 metuis
2617 2079 2898 2133 Dominum
2924 2080 3079 2149 cujus
3097 2086 3252 2149 Optas
3275 2093 3499 2149 regnum
3526 2076 3747 2133 videre?

2256 2172 2403 2242 Luge
2429 2172 2571 2243 quod
2598 2171 2679 2228 fas
2700 2183 2785 2228 est
2811 2193 2825 2227 :
2857 2171 2964 2228 noli
3007 2183 3186 2229 tamen
3211 2188 3397 2228 errare
3420 2187 3516 2244 pro
3545 2173 3672 2229 illis.

2256 2264 2366 2321 Vos
2397 2264 2517 2319 ideo
2542 2265 2698 2326 tales,
2731 2265 2872 2335 quod
2901 2266 3080 2320 minus
3098 2281 3259 2337 quam
3284 2274 3475 2336 gentes
3497 2265 3629 2320 estis
3657 2284 3671 2319 :

2254 2355 2508 2413 Germine
2536 2357 2779 2414 zabolico
2809 2357 2985 2414 facitis
3007 2366 3068 2414 ut
3093 2359 3262 2414 turbae
3294 2368 3570 2430 pronam;

2253 2450 2534 2506 Extinctos
2553 2451 2797 2507 clamatis
2829 2470 2841 2505 :
2867 2468 2970 2522 qua
2993 2452 3202 2523 gratia?
3232 2452 3399 2520 false,
3432 2452 3638 2523 peristi.

2252 2541 2360 2597 Nec
2388 2542 2577 2597 dolore
2604 2542 2756 2597 duxit
2780 2553 2929 2613 pater
2955 2542 3123 2597 lilium
3155 2542 3498 2598 mactandum
3522 2543 3590 2598 ad
3619 2557 3766 2598 aram
3796 2558 3812 2611 ;

2249 2637 2446 2692 Dolore
2472 2652 2573 2693 nec
2602 2647 2751 2693 vates
2775 2636 2941 2692 lilium
2969 2637 3107 2693 lusit
3130 2636 3443 2693 defunctum
3475 2655 3489 2694 :

1921 2750 2487 2812 COMMENTARIUS.

552 2867 786 2923 cisterna.
825 2869 953 2927 Item
995 2889 1009 2927 :
1048 2871 1243 2935 Lamaz,
1271 2872 1519 2934 πηλώδεις
1558 2873 1725 2929 τόποι.
1777 2873 2142 2929 'l‘crtnllianus

552 2939 970 3014 dix_i_t,_stagnum
995 2944 1130 3014 ignis
1152 2954 1196 2998 et
1222 2945 1506 3012 sulphuris,
1532 2946 1625 2997 lib.
1654 2944 1720 2997 de
1750 2945 1884 3012 an.
1911 2944 2032 3001 Βία.

555 3080 599 3135 Β
627 3009 1035 3068 Ταιεηιύἱδίιίινὲ
1065 3009 1340 3087 jacenteni.
1387 3009 1674 3080 Clitticum,
1708 3009 2139 3073 Gtabbatarium.

608 3097 655 3135 it:

608 3097 655 3139 ‘G

631 3153 915 3227 Panperem
934 3198 950 3221 ,
980 3172 1176 3227 semper
1203 3158 1427 3212 abosum.
1462 3157 1757 3227 importuni
1788 3159 2066 3221 divitibus.
2096 3171 2151 3214 et

552 3225 723 3301 odiosi
755 3228 931 3282 solent
951 3225 1384 3297 essepanperes,
1408 3231 1499 3285 sed
1529 3225 1579 3285 et
1626 3232 1880 3301 proximis
1909 3232 2069 3287 etiam
2097 3243 2152 3285 et

553 3297 761 3353 amicis.
800 3301 1219 3374 φίλοιμισῆσουσι
1237 3304 1408 3376 φίλους
1424 3297 1697 3377 πταιχοῦς.
1722 3304 1909 3428 Ριῆινο,
1932 3319 2037 3371 λιν,
2055 3303 2148 3357 9-0-

1828 3390 1895 3428 ιο.

1828 3390 1895 3431 ιο.

631 3439 780 3496 Unde
796 3460 850 3498 se
869 3461 1122 3499 resumere
1142 3447 1318 3514 possit.
1346 3445 1497 3502 Unde
1518 3446 1584 3500 ad
1619 3445 2006 3502 sublevandam
2031 3447 2150 3501 iuo-

556 3512 696 3583 piatn
726 3530 877 3569 suam
910 3532 1127 3572 sumere
1143 3512 1353 3586 aliquid
1371 3518 1558 3587 possit,
1578 3530 1631 3572 et
1658 3518 2041 3584 sumpticulum
2076 3517 2155 3572 fa-

556 3598 681 3639 cere
714 3588 966 3653 parandis
996 3588 1096 3641 sibi
1142 3589 1482 3651 necesSariis,
1526 3590 1722 3655 quibus
1749 3590 1930 3644 doleat
1963 3600 2151 3643 natura

562 3659 804 3725 negatis;
833 3674 896 3714 ac
924 3660 1137 3714 tandem
1165 3661 1304 3715 vires
1327 3668 1567 3715 resnmet
1590 3676 1735 3715 snas.
1767 3664 1881 3716 lttc.
1907 3691 1978 3699 —
2006 3659 2153 3714 Unde

554 3744 609 3781 se
627 3745 892 3793 resumere,
928 3741 1003 3784 etc
1036 3730 1188 3786 Vires
1205 3748 1330 3787 suas
1361 3749 1702 3798 recaperare.
1735 3732 1996 3788 Similiter
2013 3731 2153 3788 Galli

562 3799 747 3854 dicunt
775 3818 832 3855 se
858 3804 1154 3873 reprendre.
1177 3803 1310 3859 Vide
1333 3804 1458 3859 Car.
1496 3803 1758 3859 Dufresoii
1791 3803 2149 3859 Glossarium.

1677 3876 1859 3931 DAVIS.

560 4014 599 4068 Γ
641 3941 895 4069 νὶιῇιιαιὶα
911 3944 1065 4016 ferre.
1091 3946 1383 4016 lpselnstr.
1401 3947 1496 4002 ult.
1513 3948 1724 4004 dicet...
1743 3956 1944 4019 portent
1961 3947 2155 4002 victua-

582 4031 631 4068 ia
654 4032 711 4067 co
758 4034 806 4069 ο.

582 4031 631 4068 ια
654 4031 806 4072 εοιιο.

607 4086 967 4160 ,ΡΑιιιδειιιιιυς
1007 4106 1171 4147 SANIS.
1225 4091 1585 4148 Instruatione
1628 4090 1947 4160 prmcedenti
1995 4089 2151 4157 dixit,

558 4157 886 4231 deinﬁrmis
910 4172 965 4217 et
987 4162 1293 4231 jacentibns
1323 4182 1334 4217 :
1361 4164 1470 4231 jam
1493 4165 1560 4218 de
1585 4157 1883 4219 valentibus
1906 4170 1960 4216 et
1984 4162 2151 4226 sanis,

558 4229 653 4284 sed
682 4233 895 4297 egenis;
946 4229 1035 4303 qui
1061 4245 1238 4289 tamen
1271 4229 1405 4289 artis
1432 4251 1542 4289 sua:
1575 4244 1782 4303 quzcstn
1814 4249 2004 4302 parare
2051 4235 2153 4287 snhi

565 4315 810 4370 possunt,
839 4304 981 4358 unde
1007 4321 1065 4360 se
1091 4314 1174 4361 ex:
1200 4308 1403 4362 ibcant.
1432 4307 1497 4361 Et
1519 4306 1617 4359 hos
1640 4303 2156 4372 qttidetnaliqniddc

559 4372 800 4427 subsidio
816 4376 950 4430 artis
967 4393 1079 4430 sua:
1099 4379 1350 4433 conferre
1369 4380 1473 4432 vult
1495 4378 1747 4432 l'ratrihu~
1764 4377 2007 4432 inlirmi~.
2031 4375 2147 4431 Βία.

635 4442 921 4523 Pauperies
963 4465 1108 4504 sana.
1144 4449 1315 4516 Eccl.,
1370 4466 1495 4514 xxx,
1532 4448 1618 4503 14.
1652 4451 1869 4523 πτωχὸς
1895 4451 2040 4523 ὑγιής
2068 4453 2155 4503 καὶ

559 4517 766 4592 ἰσχρων
882 4518 1002 4584 ἕξει.

685 4605 1006 4663 esponsorem
1051 4592 1104 4643 in
1147 4592 1273 4645 alto.
1306 4593 1408 4658 Qui
1437 4593 1515 4647 sic
1555 4592 1833 4660 respondit
1875 4593 2027 4663 quasi
2056 4592 2155 4647 de-

561 4660 770 4728 spiciat.
804 4661 986 4727 Prom,
1021 4678 1170 4729 xvm,
1196 4663 1268 4718 25
1292 4682 1305 4717 :
1333 4664 1462 4720 Cum
1490 4660 2158 4736 obsecrationibueloquitur

561 4746 778 4800 pauper.

634 4800 869 4877 Blandus
916 4806 1051 4859 enim
1092 4823 1276 4859 sermo.
1330 4807 1568 4862 Blandus
1610 4822 1789 4861 sermo
1820 4822 1964 4877 smpc
2009 4808 2153 4872 apud

560 4872 727 4951 iratos
753 4876 1036 4951 plurimum
1064 4878 1226 4951 Valet,
1250 4888 1304 4933 et
1324 4881 1490 4951 gratia
1521 4896 1614 4932 sua
1646 4881 1770 4934 facit
1798 4892 1854 4932 nt
1875 4872 2157 4934 subsidant

562 4946 821 5017 iracundo
837 4949 1034 5012 cristae,
1064 4959 1118 5003 ut
1137 4950 1314 5004 fervor
1328 4946 1637 5017 'dvtntneat;
1661 4955 1900 5004 conl‘utat
1916 4953 2152 5008 animum

560 5016 803 5072 iracundi
844 5017 1125 5074 ferradntn.
1173 5022 1259 5076 Sic
1303 5022 1540 5077 Lucilius
1580 5023 1756 5076 dixit:
1797 5021 1997 5092 (.‘oquus
2023 5025 2150 5077 alte-

562 5104 682 5167 nqu
713 5106 831 5167 cum
858 5094 1023 5167 (eruit,
1054 5092 1209 5159 paula
1234 5101 1462 5167 confutat
1493 5105 1647 5167 tritu.
1667 5093 1765 5150 th

634 5158 867 5231 Deriget.
890 5158 1137 5233 Rigorem
1167 5158 1346 5231 solvit,
1376 5167 1597 5228 emollit,
1632 5166 1821 5220 fundit.
1857 5163 2148 5232 liquefacit.

560 5229 779 5287 Plautus
822 5229 1013 5288 endt-in
1042 5251 1202 5290 sensu
1235 5229 1367 5291 dixit
1400 5255 1415 5289 :
1448 5238 1684 5305 dirigere.
1715 5239 1764 5290 in
1797 5229 2011 5290 Curcul.
2040 5236 2153 5292 Cli-

562 5305 1103 5379 pealuselepltantum
1146 5309 1230 5362 ubi
1258 5313 1511 5362 machara
1557 5310 1760 5379 dirigit,
1796 5306 1899 5362 hoc
1943 5317 2039 5362 est.
2079 5311 2151 5365 ita

561 5373 809 5450 discindit
833 5373 921 5431 aut
951 5382 1374 5447 transverln-rat,
1406 5391 1459 5433 ut
1484 5373 1939 5449 ell'uso'sangnine
1968 5379 2152 5450 pra'ri-

560 5446 681 5514 gida
716 5446 903 5522 bellua:
930 5453 1098 5504 moles
1129 5451 1481 5515 dissolvatur,
1511 5463 1600 5505 aut
1625 5446 1805 5507 divisa
1843 5446 2150 5522 prnsierna-

561 5527 647 5594 tur
711 5516 917 5594 Glossa:
951 5540 962 5573 :
992 5525 1294 5589 ἀπευθύνω,
1362 5523 1566 5593 Derigo.
1633 5523 1747 5578 lilc.
1796 5516 1867 5561 -ἒ
1915 5523 2153 5594 [ἴε-δρίοίί

560 5586 748 5642 Comm
776 5590 980 5645 ulianus
1008 5596 1070 5647 ad
1104 5593 1254 5647 Prov.
1282 5586 1378 5657 'xv,
1413 5595 1462 5649 Ἰ.

634 5660 966 5785 Ib’roverbium
990 5667 1143 5719 nosti.
1166 5666 1371 5723 Glosstc
1385 5676 1594 5721 veteres
1621 5684 1632 5719 :
1655 5666 1898 5741 θεολογὶα,
1921 5664 2013 5720 Dei
2029 5683 2155 5735 pro-

637 5752 644 5759 ι
681 5749 750 5785 ια.

559 5746 750 5785 vetata.

633 5801 699 5857 In
725 5815 1143 5879 gazogpraetcrea.
1175 5810 1366 5879 Supra.
1387 5809 1639 5865 lnstroct.
1667 5824 1717 5863 tv
1744 5826 1757 5863 :
1789 5807 1913 5863 Non
1947 5808 2155 5866 domum

558 5891 686 5946 gaza
709 5877 1135 5946 paratis.Glossa:
1156 5899 1167 5934 :
1186 5877 1347 5951 Gaza,
1368 5888 1642 5959 χρήματα,
1663 5880 1871 5958 περσὶδι
1892 5880 2155 5939 διαλέκτω.

2244 2871 2544 2941 Cyprianus
2565 2888 2578 2925 :
2606 2870 2667 2925 Et
2683 2871 2992 2926 dominicum
3013 2870 3267 2925 celebrare
3280 2879 3329 2924 te
3345 2870 3532 2933 credis,
3551 2875 3635 2941 qui
3654 2868 3863 2926 Corban

2249 2960 2349 2998 non
2378 2943 2617 3013 respicis?
2636 2942 2916 2999 Commod.
2940 2959 3028 3000 ut
3054 2960 3067 2997 :
3088 2941 3166 2997 De
3182 2944 3264 2997 die
3285 2942 3542 3012 dominica
3556 2944 3676 3014 quia
3692 2943 3823 2998 dicis
3836 2944 3868 2998 ’Ξ

2252 3024 2360 3071 etc.
3445 3014 3562 3070 llic.

2329 3088 2624 3159 Singularis
2644 3088 2757 3143 illa.
2790 3085 2982 3151 Vidua,
3015 3086 3279 3142 solitaria.

2332 3157 2546 3213 Unctus.
2580 3160 2848 3214 Christus.
2884 3159 3270 3219 'l‘ertullianus,
3302 3158 3561 3229 Apolog.,
3613 3173 3733 3228 cap.
3777 3160 3812 3214 5
3844 3175 3865 3213 :

2257 3229 2597 3294 Christuums,
2616 3241 2858 3301 quantum
2882 3231 3233 3299 interpretatio
3248 3241 3343 3295 est,
3363 3229 3425 3282 de
3446 3230 3683 3284 unctione
3698 3231 3870 3285 dedu-

2255 3303 2409 3358 citur.
2432 3304 2635 3357 Nomen
2655 3304 2720 3357 de
2736 3304 3000 3357 suavitate
3028 3301 3113 3356 vel
3133 3303 3455 3373 benignitate
3475 3303 3867 3427 ctlv‘mpnsitum.

3563 3389 3635 3427 ιο.

3563 3389 3635 3430 IG.

2333 3445 2397 3499 In
2422 3447 2578 3516 nigris
2607 3446 2763 3500 exire.
2790 3444 2860 3501 Ut
2886 3460 3007 3499 mox
3033 3455 3148 3499 erat
3177 3445 3415 3516 gentium
3457 3446 3679 3500 minimc
3709 3444 3866 3500 chri-

2258 3518 2577 3571 stianarnm.
2624 3517 2798 3572 Julius
2836 3517 3052 3581 Paulus,
3085 3516 3488 3572 Sententiarum
3540 3516 3633 3571 lib.
3682 3533 3718 3580 ι,
3773 3519 3865 3571 tit.

2257 3590 2324 3642 dt'
2352 3589 2628 3657 Sepulcris
2653 3599 2707 3643 et
2741 3588 3045 3653 Lugeudis:
3079 3589 3180 3654 Qui
3207 3588 3366 3657 luget,
3390 3589 3639 3643 abstinere
3662 3591 3805 3643 debet
3828 3607 3869 3642 α

2258 3662 2516 3725 conviviis,
2543 3662 2871 3721 ornamentis,
2898 3677 3127 3731 purpura
3146 3670 3195 3714 et
3221 3661 3339 3713 alba
3361 3671 3511 3714 ueste.
3534 3663 3663 3715 Atra
3693 3662 3868 3716 vestis

2258 3734 2587 3788 Conveniens
2611 3732 2771 3785 lui-tui
2805 3732 2975 3795 color,
3011 3731 3214 3785 tristior
3238 3731 3473 3796 habitus;
3494 3746 3645 3798 Spem
3674 3747 3866 3788 resur-

2259 3804 2515 3858 rectionis
2544 3820 2651 3856 non
2686 3803 2986 3869 habebant,
3034 3813 3277 3857 mortuos
3322 3817 3452 3858 suos
3497 3802 3756 3874 lugebant
3801 3812 3861 3858 ut

2260 3877 2499 3943 perditos
2524 3916 2540 3939 ,
2588 3884 2646 3928 ιιι
2710 3874 2821 3944 jam
2881 3880 3075 3929 nullos.
3120 3875 3190 3929 At
3226 3874 3528 3937 christiani,
3556 3876 3646 3945 qui
3674 3874 3866 3931 ﬁdeles

2258 3946 2561 4016 fratresque
2611 3961 2739 4001 Suos
2761 3945 2826 3999 ad
2852 3947 3014 4000 vitam
3034 3958 3291 4000 aeternam
3322 3946 3602 4015 migrasae,
3632 3946 3861 4012 abiisse,

2262 4024 2605 4095 praecessisse
2630 4018 2914 4095 Adicebant,
2951 4035 3054 4071 non
3097 4018 3317 4095 exibant
3356 4018 3408 4071 in
3441 4017 3629 4095 nigris,
3671 4019 3729 4095 ςτό
3756 4022 3864 4095 γὰρ

2260 4091 2413 4162 μέλαν
2424 4088 2919 4162 θανατῶδες.ιιιιιμιθ
2933 4092 3320 4162 averSabantur
3333 4093 3512 4143 omnia
3528 4088 3868 4162 inortisprté-

2262 4158 2427 4231 Sagra.
2454 4161 2585 4216 Nam
2619 4162 2897 4230 etnigrutn
2924 4161 3052 4214 illud
3075 4170 3128 4214 ct
3158 4162 3322 4216 leralc
3354 4162 3403 4213 in
3431 4160 3647 4214 tumulis
3664 4158 3864 4224 Thcta,

2260 4244 2314 4287 et
2343 4235 2487 4301 nigra
2534 4235 2584 4286 in
2616 4248 2678 4287 ve
2713 4243 2764 4286 te
2792 4247 3076 4287 senescere
3095 4274 3111 4295 ,
3142 4234 3207 4286 ad
3238 4231 3562 4287 christianos
3590 4232 3867 4300 pertinere

2263 4307 2548 4374 negabant,
2580 4305 2649 4360 de
2678 4306 2780 4358 vita
2814 4314 2934 4372 post
2967 4319 3249 4358 excessum
3283 4314 3485 4357 :eterna
3510 4313 3708 4374 certos.
3735 4302 3864 4359 Rm.

2341 4373 2404 4430 In
2438 4376 2798 4432 Salamoniaco
2826 4375 2975 4430 libro.
3006 4374 3165 4431 Liber
3195 4374 3502 4429 inscribitur
3530 4373 3864 4429 Ecclesiasti-

2265 4464 2375 4512 cus,
2405 4448 2672 4512 Sapientia
2698 4446 2823 4500 Jesu
2851 4447 2943 4501 lilii
2962 4448 3171 4503 Stracb.
3198 4447 3630 4504 Salomtmiacntn
3655 4446 3860 4500 librum

2182 4523 2237 4583 1)
2264 4529 2424 4573 Vocat
2453 4520 2916 4583 Commodianus,
2963 4521 3084 4590 quia
3126 4534 3350 4588 gnomas
3395 4519 3513 4572 sive
3553 4519 3865 4575 sententias

2262 4591 2502 4647 Continet
2522 4593 2587 4643 ad
2610 4592 2916 4655 exemplum
2944 4590 3273 4645 Salomonis.
3306 4590 3424 4646 lito.

2336 4664 2636 4732 Septimana
2685 4662 2850 4727 ﬁnita.
2905 4662 3293 4723 Ecclesiasnm.
3338 4678 3463 4727 xxii,
3526 4661 3593 4716 l3
3625 4660 3864 4715 :Luctus

2262 4736 2449 4788 mortui
2471 4744 2657 4803 septem
2676 4733 2802 4787 dies.
2825 4734 3020 4788 Morem
3052 4733 3075 4785 l'
3075 4733 3215 4789 uisse
3235 4733 3668 4801 antiquissimum
3692 4732 3863 4787 disci-

2262 4825 2380 4861 mus
2419 4823 2486 4886 ως
2516 4807 2733 4886 historia
2779 4804 2983 4870 Jacobi,
3036 4803 3309 4886 genas")
3344 4807 3431 4867 10,
3462 4813 3518 4886 _et
3540 4821 3609 4886 ex
3642 4804 3707 4885 iis
3734 4818 3859 4886 qua:

2259 4889 2384 4932 sunt
2423 4880 2487 4932 ad
2535 4894 2656 4932 cum
2693 4878 2887 4941 locum,
2918 4886 2972 4930 et
3007 4876 3073 4930 ad
3104 4876 3398 4931 Siracidetn
3426 4876 3493 4929 ab
3521 4876 3695 4930 ductis
3724 4875 3881 4931 viris.

2259 4960 2439 5004 notata
2464 4966 2527 5003 cx
2560 4949 2784 5003 Philone
2811 4959 2863 5001 et
2884 4947 3171 5002 Ammiano
3190 4950 3517 5003 Marcellino.
3550 4947 3669 5003 Ιίιϐ.

2331 5020 2595 5076 Gentititer
2621 5018 2880 5089 plangere.
2913 5019 3060 5073 More
3079 5023 3343 5089 gentium.
3367 5019 3570 5075 Pullus
3589 5018 3653 5072 ad
3678 5016 3858 5072 Thes-

2255 5093 2383 5160 $31.,
2411 5096 2606 5153 ικαθὼς
2632 5094 2783 5164 καὶγοἱ
2809 5092 2993 5156 λοιποὶ,
3022 5092 3068 5145 οἱ
3087 5097 3156 5164 μὴ
3181 5093 3373 5157 Ξοντες
3392 5090 3590 5147 ἐλπίδα.
3632 5089 3857 5145 Sciiicet

2256 5164 2688 5221 resttrrecttonis.
2719 5163 2838 5218 lita.

2332 5237 2483 5303 Quod
2533 5236 2701 5289 minus
2729 5251 2879 5297 quam
2924 5242 3096 5305 gentes
3136 5236 3273 5291 estis.
3309 5233 3621 5306 Legendum
3663 5252 3678 5290 :
3711 5231 3854 5301 Quid

2257 5309 2423 5380 minus
2438 5326 2586 5380 quam
2614 5317 2781 5380 gentes
2805 5307 2944 5380 estis.
2984 5313 3161 5361 lvsvts.

2331 5377 2596 5434 litt-tinctos
2619 5379 2869 5431 clamatis.
2904 5377 2968 5433 Ut
2997 5394 3158 5449 supra
3186 5378 3355 5449 lustr.
3393 5395 3518 5443 xxx,
3563 5377 3720 5441 Vixit,
3765 5386 3847 5442 et,

2258 5450 2491 5512 Extinxt',
2528 5451 2807 5505 Extinctns
2833 5448 3035 5503 ethnici
3057 5448 3306 5503 diei-bant
3331 5448 3615 5505 defunctos
3649 5468 3661 5503 :
3690 5448 3847 5506 Chri-

2255 5523 2436 5587 stiani,
2472 5523 2778 5591 prautttissos
2800 5562 2814 5585 ,
2848 5521 2914 5576 ad
2948 5522 3113 5576 Deum
3162 5521 3484 5588 translatos,
3514 5532 3768 5579 evocatos
3816 5537 3851 5578 a

2258 5593 2505 5648 Domino.
2537 5594 2653 5649 th.

2280 5732 2283 5735 ἢ
2331 5663 2445 5719 Nec
2483 5665 2658 5719 dolore
2699 5662 2844 5718 duxit
2875 5673 3039 5731 pater.
3070 5662 3196 5719 llzcc
3227 5664 3518 5721 Abraltami
3548 5674 3613 5735 et
3635 5664 3854 5720 Davidis

2259 5737 2503 5807 exempla
2545 5738 2610 5790 ad
2642 5750 2980 5807 coinniunetn
3013 5737 3153 5789 hunc
3187 5736 3255 5792 de
3295 5737 3419 5807 liliis
3460 5753 3566 5790 non
3604 5734 3856 5807 lugendis

2261 5806 2436 5864 locum
2464 5810 2653 5863 citavit
2694 5806 2967 5879 Enuodius
2998 5810 3283 5879 episcopus
3328 5806 3629 5863 Ticinethis
3674 5806 3852 5879 Epist.

2259 5883 2286 5936 1
2320 5880 2414 5936 lib.
2441 5897 2496 5948 ιι,
2522 5882 2609 5937 ubi
2646 5877 2965 5936 Sirmoudus
2984 5877 3147 5935 hasce
3165 5877 3857 5935 Commodianiversiculos
