4142 6262
334 269 433 327 977
543 271 622 344 (v.
652 268 801 342 £39.)

1626 266 1993 331 ADVERSUS
2028 267 2328 329 GENTES.

3155 270 3232 345 (ν.
3257 268 3410 345 iss.)
3523 268 3629 329 eis

329 389 575 446 Stercora
620 397 749 444 tunc
785 387 1005 445 mittunt
1024 425 1041 453 ,
1071 387 1251 460 ipsum
1297 401 1393 460 pro
1423 394 1665 445 stercore
1690 385 1920 455 iactant.
1950 387 2003 451 Α
2029 385 2230 442 Rector
2250 384 2396 441 enim
2436 392 2628 441 noster
2656 384 2740 440 sic
2765 383 3004 457 undique
3034 391 3227 441 cuncta
3254 384 3555 456 gubernat;
3618 470 3621 473 ἤ

326 483 510 542 Omnia
541 485 587 538 si
613 497 848 554 quartis,
867 482 1037 552 magis
1057 491 1113 539 et
1134 482 1357 539 ridenda
1372 480 1643 537 videntur.

321 575 549 633 Additur
572 574 697 629 heic
720 574 865 630 aliud
902 591 916 627 :
955 574 1131 630 Vesta:
1156 589 1293 645 quas
1307 573 1554 646 Virgines
1588 574 1741 629 aiunt

321 669 711 738 Quinquenues
732 667 925 738 epulas
944 668 1101 725 audis
1132 678 1348 737 portare
1376 667 1631 734 Draconi,

320 761 419 832 Qui
452 773 633 816 tamen
660 770 756 816 aut
782 776 891 816 non
914 770 1019 827 εςι,
1050 770 1141 816 aut
1161 763 1207 816 si
1236 771 1342 825 est,
1371 760 1623 818 diabolus
1645 760 1761 831 ipse
1790 769 1872 819 est
1896 801 1914 831 ,

318 854 547 910 Humani
568 853 786 924 generi-.-
808 854 1115 911 eontrarius
1144 864 1303 911 antea
1322 868 1534 910 suasor.

316 948 385 1004 Et
411 958 740 1003 venerantur
766 964 916 1013 eum,
944 949 1033 1019 qui
1069 962 1215 1003 nunc
1238 948 1290 1001 in
1325 951 1540 1005 nomine
1561 947 1760 1005 Christi

316 1040 381 1096 Et
408 1041 611 1106 tremit,
640 1051 698 1094 et
723 1040 943 1111 pendet,
974 1054 1180 1113 suaque
1200 1042 1381 1096 omnia
1410 1040 1547 1097 facta
1578 1041 1793 1097 fatetur.

314 1133 444 1202 Quae
473 1146 628 1188 mens
658 1122 742 1187 est
762 1130 1063 1207 hominum,
1097 1143 1152 1189 ut
1171 1148 1267 1202 pro
1293 1134 1433 1189 veris
1450 1132 1583 1191 falsa
1606 1134 1910 1204 loquantur,

313 1227 413 1296 Qui
436 1225 727 1298 linquenda
754 1228 963 1288 colunt.
984 1234 1285 1297 contraque
1310 1227 1538 1283 colenda
1562 1227 1914 1301 relinquunt?

311 1317 429 1374 Jam
467 1330 552 1375 sat
580 1321 681 1376 erit
704 1320 861 1375 nobis
888 1334 1057 1375 vanos
1085 1334 1305 1375 narrare
1338 1320 1584 1379 timores.

311 1413 442 1469 Haec
472 1430 573 1485 ego
600 1422 786 1469 cuncta
818 1418 966 1483 prius
990 1455 1005 1475 .
1034 1414 1239 1470 clarum
1271 1430 1393 1470 cum
1423 1416 1604 1471 lumen
1637 1413 1865 1485 adeptus
1891 1452 1908 1479 ,

307 1510 504 1581 Neque
528 1510 614 1564 diu
636 1510 925 1576 incertum,
960 1518 1013 1562 et
1043 1518 1121 1563 tot
1151 1509 1558 1579 tempeatatibus
1584 1517 1764 1564 actum

306 1604 509 1660 Sancta
531 1604 751 1659 salutari
784 1605 1020 1674 suscepit
1040 1604 1277 1659 Ecclesia
1311 1613 1464 1674 portu
1486 1646 1500 1670 ,

306 1696 551 1769 Postque
581 1714 746 1770 vagos
776 1696 971 1753 ﬂuctus
1000 1699 1284 1770 tranquilla
1313 1698 1445 1755 sede
1470 1697 1674 1758 locavit
1703 1719 1717 1755 :

304 1789 374 1847 Ut
404 1792 542 1845 mihi
569 1792 678 1861 jam
708 1792 888 1858 liccat,
917 1791 1131 1848 detersa
1155 1792 1296 1847 nube
1320 1793 1586 1848 malorum

305 1880 584 1951 Tempore
613 1883 877 1954 promisso
898 1884 1073 1938 lucem
1104 1898 1324 1957 sperare
1347 1899 1616 1941 serenam.

2028 480 2095 536 Ut
2124 480 2284 534 modo
2313 480 2406 553 qui
2435 480 2592 535 nobis
2619 495 2862 536 errorem
2896 478 3090 539 mentis
3120 478 3364 547 ademit,

2024 571 2123 627 Hic
2146 572 2369 628 meliore
2404 572 2487 626 via
2519 572 2755 643 paradisi
2784 572 2986 627 lumina
3012 572 3233 644 pandat.

2024 663 2174 720 Felix
2202 675 2383 721 nostra
2410 664 2571 722 Fides
2602 665 2715 734 uni,
2734 675 2990 734 certoque
3021 666 3218 721 dicata.

2023 757 2175 815 Unus
2200 758 2341 813 enim
2367 759 2510 813 Deus
2536 767 2641 822 est,
2667 758 2966 813 substantia
2999 757 3166 814 Filius
3196 773 3299 814 una
3320 800 3337 825 ,

2025 848 2174 907 Unus
2206 851 2259 905 in
2279 859 2506 921 utroque
2530 861 2613 905 est
2646 867 2783 905 ttuus
2800 852 2973 923 vigor,
3004 866 3106 905 una
3138 860 3402 923 potestas.

2022 943 2267 1019 Namque
2299 945 2391 1000 Dei
2423 944 2659 1000 Verbum
2691 946 2864 1016 patrio
2891 944 2959 1001 de
2989 955 3207 1015 pectore
3235 944 3483 1003 Christus

2019 1038 2286 1107 Emicuit,
2321 1055 2645 1111 semperque
2675 1040 2791 1105 luit,
2820 1041 2911 1112 qui
2934 1056 3038 1096 non
3066 1041 3220 1113 quasi
3248 1052 3404 1097 natus
3427 1085 3443 1110 ,

2019 1133 2127 1189 Ore
2154 1134 2250 1190 sed
2279 1150 2553 1204 egressus,
2587 1134 2753 1191 chaos
2781 1136 2910 1190 illud
2939 1134 3100 1190 inane
3128 1137 3356 1191 removit
3380 1178 3396 1203 ,

2017 1227 2085 1283 Et
2111 1229 2233 1281 tulit
2259 1228 2542 1283 informem
2571 1237 2838 1283 contextae
2870 1228 3045 1283 noctis
3067 1229 3266 1283 hiatum
3302 1247 3315 1283 :

2018 1322 2405 1391 Distribuitque
2432 1321 2568 1376 locis
2596 1336 2768 1387 mare,
2800 1332 2994 1387 terras,
3026 1337 3173 1389 aera,
3205 1322 3423 1378 coelum.

2016 1413 2221 1483 Hisque
2250 1414 2401 1468 dedit
2426 1416 2699 1486 genuinam
2730 1415 2880 1486 pulsa
2910 1416 3139 1483 caligine
3171 1414 3373 1471 lucem.

2016 1511 2114 1565 Ast
2140 1509 2230 1563 ubi
2261 1518 2452 1563 cuncta
2484 1523 2681 1563 novum
2712 1517 3277 1580 stnpueruntsurgere
3303 1507 3472 1564 solem
3498 1550 3513 1572 ,

2014 1602 2257 1673 Quatuor
2286 1603 2400 1657 hmc
2418 1601 2596 1657 hausit
2624 1602 2785 1656 variis
2808 1602 3026 1657 exordia
3060 1603 3243 1658 rebus.

2015 1694 2151 1753 Sunt
2174 1695 2419 1750 homines
2447 1696 2628 1762 terris,
2650 1704 2778 1749 sunt
2807 1695 2991 1750 addita
3016 1695 3196 1750 sidera
3222 1696 3386 1764 celo,

2011 1788 2156 1844 Aere
2184 1786 2386 1859 pendet
2413 1787 2548 1851 avis,
2577 1784 2785 1858 liquido
2809 1794 2957 1841 natat
2987 1801 3205 1858 aequore
3231 1788 3413 1859 piscis.

2014 1880 2104 1938 Sic
2122 1882 2393 1938 elementa
2423 1882 2538 1937 suis
2565 1879 2846 1938 decoravit
2871 1881 3077 1953 singula
3102 1881 3291 1937 formis
3315 1925 3331 1948 ,

304 1972 418 2032 Jam
446 1944 709 2045 priur'illa
740 1977 908 2038 salus,
939 1992 1100 2047 quam
1134 1944 1365 2048 perdidit
1396 1978 1684 2033 immemor
1709 1973 1902 2046 Adam,
1934 1944 1983 2005 Η
2013 1977 2210 2033 Nexuit
2238 1975 2354 2031 haec
2380 1976 2596 2031 diversa
2628 1976 2771 2043 licet,
2799 1944 3143 2048 discretaque
3168 1978 3364 2048 iunxit,

306 2066 457 2122 Tunc
479 2082 613 2122 vero
635 2066 898 2124 suadente
923 2070 1086 2135 malo,
1120 2085 1264 2124 nunc
1294 2070 1498 2140 remige
1526 2069 1769 2139 Christo,

306 2157 471 2215 Bruta
492 2160 565 2217 de
594 2163 832 2233 scopulis
859 2176 1078 2233 semper
1106 2177 1358 2219 mansura
1385 2173 1651 2236 resurget.

2012 2070 2318 2142 Iunctaque
2348 2070 2626 2136 discrevit,
2658 2085 2779 2141 quae
2796 2086 2939 2125 nunc
2970 2070 3138 2126 divisa
3170 2070 3469 2128 cohterent.

2013 2163 2229 2221 Claudit
2260 2164 2406 2221 enim
2440 2179 2677 2222 oceanus
2708 2174 2907 2221 terram
2933 2206 2949 2231 ,
2972 2179 3124 2222 mare
3152 2163 3437 2233 clauditur,
3466 2165 3584 2237 ipse

1618 2257 2181 2317 COMMENTARIUS.

306 2353 596 2424 peregrinos
650 2354 732 2424 uel
772 2364 1050 2408 stercoreos
1075 2395 1091 2417 ,
1123 2350 1227 2409 Sed
1272 2369 1370 2409 cur
1407 2350 1613 2409 Adonis
1651 2364 1902 2424 stercora

305 2422 648 2495 patientur?
695 2422 927 2480 Causam
954 2425 1224 2480 invenisse
1248 2427 1376 2481 mihi
1407 2424 1614 2480 videor.
1646 2422 1903 2481 Nonnulli

308 2494 602 2552 Adonidem
638 2511 827 2551 semen
860 2494 1018 2551 tritici
1051 2511 1173 2553 esse
1215 2507 1556 2559 statuerunt,
1607 2498 1746 2552 inter
1771 2510 1906 2563 quos

312 2566 572 2642 'i'heocriti
622 2568 953 2642 Scholiastes
983 2570 1053 2621 ita
1096 2569 1302 2624 locutus
1335 2579 1439 2624 est.
1490 2566 1723 2632 Ἀδωνις.
1749 2568 1905 2642 ﬁgo-La

313 2639 341 2693 ὁ
363 2647 520 2705 σῖτος,
546 2638 573 2694 ὁ
599 2640 937 2716 σπειρόμενος
965 2642 1032 2716 ἐξ
1042 2650 1205 2711 μῆνας
1241 2642 1291 2696 ἐν
1329 2650 1392 2716 τῇ
1419 2649 1482 2714 γῇ
1524 2648 1661 2696 ποιεῖ
1685 2638 1906 2702 tinet-ii:

310 2717 526 2773 σπορᾶς,
543 2722 651 2766 etc.
666 2712 887 2784 Adonis,
903 2712 1129 2766 videlicet
1145 2712 1636 2784 [ruinent’mnsotum
1653 2728 1742 2765 sea:
1758 2728 1905 2784 men:

300 2798 377 2837 se:
411 2784 553 2834 hami
591 2782 686 2836 sub
729 2784 926 2836 ratione
964 2783 1122 2853 degit.
1146 2781 1283 2837 Vl‘am
1318 2785 1453 2838 bene
1494 2783 1654 2851 igitur
1673 2781 1902 2853 Adonidi

300 2865 539 2909 stercora
558 2864 835 2923 aptantur,
850 2870 1009 2921 quam
1029 2851 1228 2909 tritico.
1247 2854 1377 2922 Quia
1396 2870 1525 2909 vero
1551 2856 1689 2910 inter
1707 2851 1898 2909 Vulca-

300 2938 441 2989 num,
477 2923 810 2993 Venerisilue
849 2927 1081 2982 amasios
1118 2926 1407 2980 inimicitia:
1447 2925 1892 2991 intercedebant;

300 2995 416 3051 hinc
437 2997 649 3051 Adonis
679 2996 820 3051 male
850 2994 1084 3061 habitus,
1116 3013 1281 3067 quum
1311 2996 1533 3052 Vulcani
1566 3013 1715 3053 Sacra
1738 3012 1893 3067 pera-

300 3070 579 3136 gebantur.
622 3067 730 3122 llas
778 3083 930 3139 ergo_
953 3064 1228 3137 propiores
1269 3084 1461 3125 causas
1487 3069 1722 3124 arbitror
1739 3064 1765 3134 ⁷,
1797 3084 1894 3125 cur
1919 3064 1966 3130 C

299 3138 425 3195 adeo
469 3141 648 3210 turpia
690 3141 781 3195 ille
807 3137 863 3194 iu
889 3137 1274 3196 Vulcanalibus
1303 3140 1486 3196 subire
1513 3151 1819 3210 cogeretur.

1626 3228 1713 3267 υιι.

362 3281 550 3353 Ipsum
593 3299 688 3353 pro
709 3292 949 3355 stercore
970 3282 1189 3351 iactant.
1235 3280 1365 3354 Leg.
1393 3282 1562 3355 ipsum
1591 3302 1682 3354 pro
1710 3282 1731 3337 !
1756 3291 1893 3355 ster-

297 3370 412 3411 core
434 3355 670 3425 jaCtant.
705 3353 836 3409 Heic
862 3356 986 3408 enin
1015 3355 1119 3427 loci
1147 3371 1243 3427 pro
1263 3353 1338 3412 rei
1365 3353 1888 3427 indignationemim

295 3422 467 3493 dicat',
518 3444 621 3482 nec
651 3428 1049 3496 praepositionis
1076 3422 1191 3483 vice
1223 3422 1607 3499 fungiturfsed
1640 3426 1892 3496 interjec—

301 3500 473 3555 tionis.
508 3499 716 3554 νομαί.

368 3570 732 3639 Quinqueunes
758 3570 953 3640 epulas.
984 3569 1157 3638 Quum
1193 3571 1323 3628 mihi
1373 3571 1560 3627 horum
1588 3570 1886 3627 carminum

304 3657 544 3712 germana
574 3643 866 3711 explicatio
896 3644 1105 3709 lateret,
1133 3647 1438 3699 mnttnitme
1457 3643 1692 3699 Joannes
1706 3640 1885 3697 Ciam-

312 3718 445 3783 pinns
473 3716 558 3769 vir
579 3718 764 3769 clarus
787 3722 841 3768 et
868 3715 1155 3769 maximum
1179 3715 1335 3771 Urbis
1352 3715 1538 3778 decus,
1560 3714 1887 3771 solutionem

306 3782 338 3839 a
377 3785 547 3855 Lipsio
588 3784 874 3854 pett'ltdattl
916 3800 1034 3853 cap.
1066 3802 1097 3839 x
1125 3785 1193 3840 de
1217 3786 1471 3853 VcSla,et
1503 3786 1703 3843 Vestal.
1732 3782 1886 3842 Hunc

304 3861 537 3920 equidem
564 3867 843 3913 auctorem
866 3868 989 3910 ante
1027 3860 1403 3913 consulueram
1436 3899 1450 3922 ,
1495 3859 1590 3915 sed
1613 3860 1885 3913 incurioso

304 3927 548 3996 eﬂ’ngerat
574 3930 693 3983 hmo
720 3928 971 3983 eruditio.
1001 3927 1177 3997 inquit
1204 3942 1382 3985 autent
1411 3932 1455 3985 is
1490 3970 1501 3983 .
1538 3950 1556 3983 ι
1588 3931 1645 3986 in
1661 3931 1884 3998 ambage

303 4002 385 4055 vel
435 4002 568 4055 nube
590 4008 701 4068 est,
750 4002 889 4067 quod
920 4000 969 4053 in
1011 4000 1257 4056 Silvestri
1282 4001 1766 4072 Actisqnibnsdam
1802 4001 1880 4056 lc-

296 4072 433 4141 gitur
474 4090 488 4128 :
525 4073 791 4126 Draconis
815 4087 936 4127 eum
977 4089 1087 4143 ora,
1113 4074 1395 4138 clausisse,
1425 4085 1478 4127 ct
1510 4082 1769 4143 perpetuo
1797 4090 1881 4128 er-

295 4145 497 4215 gestuin
526 4146 888 4212 niaucipasse,
921 4142 1004 4198 cui
1049 4141 1304 4199 Kalendis
1335 4141 1563 4215 singulis
1590 4141 1622 4198 a
1656 4144 1882 4210 Virgini-

294 4216 387 4269 bus
420 4214 597 4269 Vesta:
625 4215 951 4283 suppeditari
975 4214 1127 4269 Solita
1146 4226 1269 4269 sunt
1292 4214 1566 4272 alimenta.
1614 4215 1746 4271 Nam
1761 4218 1881 4286 quis

294 4300 529 4341 veterum
560 4286 665 4340 tale
693 4288 931 4357 atiquid?
959 4304 1131 4357 eoque
1158 4289 1335 4355 sperni
1377 4300 1467 4341 aut
1505 4286 1662 4357 abjici
1707 4304 1735 4341 a
1762 4305 1881 4357 tua-

292 4361 402 4425 gnis
433 4361 567 4412 viris
598 4364 654 4409 ut
685 4355 813 4411 ialSa
836 4401 850 4425 ,
880 4355 1055 4411 video.
1087 4356 1169 4413 Me
1199 4367 1485 4414 cunctante
1512 4355 1585 4413 an
1611 4374 1715 4414 non
1746 4356 1879 4415 Ter-

292 4430 543 4484 luilianus
575 4428 678 4482 huc
704 4431 1012 4500 adspexerit
1049 4429 1116 4483 ad
1157 4429 1321 4485 Uxor.
1350 4445 1470 4500 cap.
1505 4433 1558 4486 ϐ.
1589 4432 1733 4486 hisce
1758 4446 1879 4486 ver—

290 4500 622 4556 bis:Ruuue
666 4499 888 4570 quidem
927 4518 1045 4569 qua:
1093 4501 1231 4571 ignis
1281 4499 1427 4557 illius
1458 4502 1878 4573 incxtinguibilis

290 4573 571 4644 imaginem
594 4573 1114 4644 tractant,_att~pici;i
1142 4590 1305 4640 prum
1327 4590 1435 4629 suae
1453 4591 1572 4629 cum
1599 4577 1714 4639 ipso
1748 4575 1878 4628 lira-

274 4642 413 4699 scene
438 4654 700 4715 curantes
741 4645 811 4697 de
850 4642 1166 4712 Virgmitate
1194 4657 1500 4700 censentur.
1545 4662 1564 4699 ›
1600 4645 1722 4700 Hm
1752 4646 1876 4715 Lip-

290 4717 409 4770 sius.
428 4714 531 4787 ΔΤιι
571 4728 703 4787 vero
730 4715 889 4787 sodes
929 4717 1135 4770 intuere
1162 4725 1418 4786 quantum
1448 4718 1702 4787 ponderis
1730 4714 1876 4773 hisce

290 4784 535 4842 omnibus
571 4803 600 4839 a
659 4785 878 4839 Paulino
940 4784 1187 4859 accedat.
1233 4784 1514 4856 Quomodo
1562 4802 1691 4844 vero
1727 4790 1874 4859 quin-

290 4872 502 4931 quennes
533 4859 714 4928 epulas
759 4868 934 4931 vocet,
981 4856 1151 4931 lateor
1177 4872 1264 4914 me
1283 4860 1518 4914 nondum
1549 4856 1871 4931 percepisse.

291 4928 525 4983 Hahetur
574 4930 789 4997 quidem
833 4930 884 4982 in
937 4929 1123 4984 Codice
1170 4942 1354 4984 nostro
1407 4928 1662 5001 scriptum
1715 4928 1873 5003 quen—

294 5004 518 5069 qmrm's,
545 5012 599 5054 at
630 5014 802 5068 neque
826 5012 1076 5067 metrum,
1108 5016 1281 5072 neque
1306 5018 1498 5057 sensus
1528 5004 1662 5057 hanc
1681 5005 1871 5059 lectio-

295 5085 397 5127 nem
428 5073 733 5146 patiuntur,
763 5073 1129 5146 scriptumque
1146 5086 1245 5146 pro
1275 5076 1655 5143 qninquenneis.
1679 5075 1818 5130 Mus.

353 5147 454 5212 Qui
487 5145 789 5209 linquenda.
832 5144 1035 5198 Similis
1088 5144 1234 5199 locus
1303 5146 1652 5201 Minuciano:
1687 5146 1873 5204 Nonne

289 5214 565 5359 miculth
601 5229 676 5269 est
710 5255 727 5282 ,
781 5215 860 5269 rel
889 5216 1060 5293 lugere
1085 5217 1222 5286 quod
1257 5216 1417 5283 colus,
1452 5220 1526 5272 vel
1553 5216 1715 5273 colere
1734 5224 1871 5291 quod

365 5306 476 5342 eas.
572 5303 661 5342 un.

365 5289 489 5342 eas?
520 5289 661 5342 Moti.

353 5359 461 5432 Ego
509 5359 904 5432 cuncta‘prius.
944 5357 1072 5413 Heic
1118 5372 1337 5414 versum
1388 5372 1573 5425 unum,
1623 5362 1870 5430 pluresve

288 5426 470 5487 deesse
502 5444 665 5487 nemo
690 5426 1041 5507 di‘f-(itebitur;
1072 5435 1268 5501 quippe
1294 5434 1452 5488 verba
1485 5426 1660 5507 priora
1700 5434 1753 5489 in
1783 5436 1867 5491 in-

286 5512 426 5557 certo
451 5512 689 5575 manent
732 5500 1072 5571 similemque
1091 5500 1318 5557 sensum
1338 5546 1352 5561 .
1376 5516 1431 5558 ιιι
1459 5500 1864 5575 compleantur,

286 5576 562 5645 requirunt
590 5592 603 5625 :
640 5572 767 5627 Ηωε
821 5587 912 5645 ego
956 5582 1136 5628 cuncta
1164 5575 1305 5644 prius
1334 5575 1487 5630 dubia
1519 5572 1681 5631 méute
1703 5579 1869 5633 volue-

286 5644 413 5712 bam,
445 5657 498 5700 et
520 5646 736 5720 probare
761 5644 1061 5720 nesciebam,
1092 5648 1288 5700 clarum
1318 5662 1430 5720 cum
1462 5649 1629 5702 lumen
1657 5650 1869 5720 adeptus

284 5731 412 5789 sum,
464 5716 569 5789 etc.
608 5716 751 5771 Men.
784 5744 868 5789 ς-
900 5715 1254 5789 Existimabat
1271 5720 1337 5772 cl.
1366 5719 1709 5789 iluratortus,
1748 5715 1867 5778 heic

285 5788 483 5858 aliquid
528 5787 755 5865 deesse.
784 5784 1044 5846 Eruditus
1094 5787 1365 5847 Vonckius
1412 5791 1640 5862 legebat,
1695 5784 1865 5848 nam

2007 2368 2131 2426 sum,
2152 2353 2323 2406 lumen
2349 2351 2566 2422 adeptus
2585 2394 2601 2418 ,
2630 2360 2723 2426 aut
2742 2352 2940 2426 clarum
2971 2369 3085 2408 cum
3104 2425 3109 2426 γ
3128 2353 3300 2408 lumen
3342 2355 3609 2426 adeptum.

2009 2423 2137 2497 Mihi
2169 2434 2353 2497 tamen
2390 2425 2558 2497 magis
2584 2425 2846 2497 probatur
2873 2424 3145 2497 lipsiensis
3187 2423 3456 2497 Anonymi
3483 2443 3615 2484 con-

2000 2494 2235 2566 jectura.
2261 2514 2286 2566 ίι
2322 2495 2482 2566 Quid.
2514 2494 2707 2562 inquit,
2735 2494 2778 2550 si
2798 2494 3007 2566 legeres
3038 2496 3239 2550 clarum
3268 2494 3413 2562 enim
3441 2497 3612 2554 lumen

2008 2565 2273 2636 adeptus?
2316 2565 2405 2622 Sic
2445 2567 2624 2621 omnia
2658 2566 2794 2621 bene
2817 2565 3065 2622 ﬂuerent.
3109 2568 3246 2622 Dicit
3291 2570 3603 2626 Antonius:
3698 2583 3704 2588 ‘

2007 2635 2134 2708 nec
2156 2652 2255 2707 ego
2284 2646 2476 2693 cuncta
2509 2638 2662 2705 prius
2698 2639 2928 2708 cogitavi
2954 2680 2969 2703 ,
3010 2655 3170 2707 quam
3200 2641 3607 2699 clnrumlumen

2007 2707 2235 2779 adeptus
2259 2724 2430 2777 eram,
2458 2716 2757 2779 sanctaque
2777 2707 3026 2765 Ecclesia
3052 2725 3139 2766 me
3165 2712 3475 2779 recipiebat.
3508 2732 3528 2767 ι

2074 2848 2329 2906 Ecclesia.
2357 2851 2432 2907 Ita
2455 2851 2612 2907 elfert
2640 2850 2774 2908 alibi
2801 2852 3059 2910 Paulinus
3085 2853 3188 2909 hoc
3217 2781 3425 2911 "fuit:
3443 2856 3604 2912 metri

2001 2925 2192 2995 gratia.
2231 2923 2289 2978 ln
2324 2923 2559 2993 Epithal.

2096 3035 2294 3102 grande
2318 3042 2697 3095 sacramentum,
2720 3050 2819 3102 quo
2843 3038 2985 3087 nubit
3016 3036 3241 3102 Ecclesia
3264 3037 3475 3102 Christo.

2092 3097 2185 3148 Hic
2208 3111 2295 3148 vos
2309 3104 2480 3150 nectat
2499 3112 2654 3162 amor,
2681 3097 2780 3164 quo
2798 3101 2999 3164 stringit
3013 3100 3238 3152 Ecclesia
3258 3100 3518 3153 Christum.

1998 3204 2056 3261 In
2106 3205 2224 3260 Nat.
2258 3222 2310 3261 tv
2358 3223 2570 3278 quoque
2595 3208 2820 3278 etalihi.
2853 3207 2929 3261 Ita
2958 3207 3116 3263 etiam
3153 3207 3427 3277 usurpavit
3456 3211 3599 3266 Ano-

1998 3292 2218 3353 Ηγιηιιξξἱ
2246 3278 2337 3333 lib.
2365 3294 2417 3353 t._
2434 3277 2622 3353 contra
2644 3277 2992 3343 Marcionem,
3022 3280 3086 3335 iis
3106 3280 3456 3349 caminibus,
3476 3294 3596 3353 qutn

1997 3347 2328 3404 Tertulliano
2354 3350 2735 3405 adscribuntur
2768 3367 2782 3405 :

2089 3464 2170 3515 Sic
2194 3470 2246 3515 et
2263 3466 2542 3528 Apostolico
2565 3466 2788 3517 decurrit
2804 3464 3028 3517 Ecclesia
3044 3467 3222 3518 verbo.
3247 3466 3378 3518 Ion.

2069 3569 2139 3644 lIt
2161 3572 2331 3626 modo.
2354 3571 2590 3639 Tempus
2612 3571 2885 3638 designat,
2917 3587 3024 3642 quo
3049 3570 3167 3644 haec
3195 3573 3407 3644 scriptis
3435 3590 3593 3631 man-

1993 3638 2176 3714 dabat,
2218 3658 2414 3714 nempe
2439 3638 2638 3697 annum
2671 3645 2795 3704 395.
2818 3657 2878 3698 se
2899 3638 3039 3698 enim
3063 3643 3249 3698 Nolam
3269 3638 3443 3714 nuper
3461 3660 3593 3702 cou-

1992 3710 2185 3768 tuit-rat
2213 3710 2499 3786 Paulinus,
2529 3726 2581 3768 ιιι
2610 3715 2682 3769 ibi
2712 3715 2966 3785 religioso
2999 3716 3197 3786 pioque
3234 3710 3448 3772 vivendi
3477 3718 3589 3775 ins-

1993 3786 2148 3858 tituto
2193 3784 2346 3858 daret
2391 3785 2806 3858 operam.Vide
2836 3802 2957 3858 quae
2997 3784 3229 3843 disserui
3279 3788 3332 3843 in
3380 3787 3584 3845 Praef»

1992 3856 2136 3910 tione
2162 3855 2229 3911 ad
2258 3859 2360 3911 hoc
2390 3856 2607 3911 Poema.
2638 3857 2778 3912 Mus.

2062 3925 2165 3981 Hic
2201 3928 2411 3982 meliore
2443 3930 2545 3987 uia.
2580 3938 2688 3983 etc.
2716 3929 3038 3984 Muratorius
3065 3930 3145 3987 sic
3173 3930 3538 4003 distinguebat
3570 3951 3584 3988 :

2081 4039 2175 4105 ilic
2195 4040 2405 4105 meliore
2430 4044 2505 4105 via
2520 4042 2739 4105 paradisi
2759 4042 2926 4092 limina
2945 4044 3123 4105 pandat

2081 4101 2244 4154 Felix.
2269 4104 2445 4155 Nostra
2467 4101 2591 4154 ﬁdes
2615 4106 2699 4154 uni
2724 4101 2966 4168 certoque
2988 4102 3165 4155 dicata.

1986 4207 2092 4265 Sed
2123 4225 2243 4265 cum
2282 4210 2411 4264 viris
2441 4208 2668 4265 eruditis
2698 4208 2768 4263 ita
2816 4208 3225 4279 distiuguendus
3269 4211 3356 4268 hic
3389 4213 3538 4270 locus
3565 4233 3583 4280 ;

1987 4294 2093 4351 non
2114 4291 2169 4335 ut
2198 4282 2556 4351 interpunctio
2576 4282 2647 4336 sit
2670 4288 2789 4347 post
2818 4294 3012 4335 nomen
3044 4281 3216 4342 Felix.
3249 4298 3313 4340 ac
3336 4285 3580 4342 illiusve—

1987 4350 2064 4405 lut
2084 4350 2587 4428 Martyris'Paulino
2619 4351 2873 4408 celebrati
2899 4367 3095 4408 nomen
3128 4355 3193 4409 ad
3226 4358 3410 4428 priora
3438 4356 3578 4414 refe-

1987 4435 2151 4478 ratur.
2191 4435 2391 4480 VONCK.

1902 4466 1957 4529 D
1987 4466 2428 4573 'Tiiiiitria‘ii‘iique
2462 4496 2597 4573 locis
2630 4496 2831 4573 celum.
2871 4494 2979 4552 Res
3007 4496 3382 4568 disquisitione
3419 4498 3579 4573 digna

1982 4567 2195 4621 videtur
2219 4568 2531 4630 Mnratorio,
2553 4567 2694 4635 quod
2729 4583 2898 4630 utare,
2933 4567 3124 4629 terras;
3153 4583 3279 4624 aera
3305 4579 3361 4626 et
3380 4567 3573 4628 ctelum

1983 4639 2376 4713 elementorum
2402 4641 2620 4713 nomine
2642 4639 2929 4713 distinguat
2958 4652 3166 4713 auctor,
3205 4657 3378 4713 neque
3406 4644 3577 4701 hilum

1980 4709 2048 4763 de
2076 4711 2193 4780 igne
2220 4711 2440 4781 cogitet.
2504 4708 2575 4767 At
2615 4708 2993 4780 philosophum
3044 4710 3163 4767 heic
3192 4708 3368 4781 egisse
3410 4717 3579 4771 Anto-

1981 4781 2127 4834 nium
2190 4780 2307 4835 non
2354 4795 2535 4851 putem
2591 4799 2604 4835 :
2654 4782 2893 4837 imitatus
2940 4780 3172 4838 fortasse
3226 4780 3391 4839 verba
3437 4788 3577 4841 sacri

1977 4854 2256 4920 scriptoris
2306 4852 2436 4907 Gen.
2488 4855 2507 4906 l
2570 4851 2656 4906 ubi
2703 4868 2803 4906 nec
2860 4853 2966 4906 ulla
3013 4854 3144 4922 ignis
3172 4856 3392 4909 mentio.
3434 4855 3575 4915 Pru-

1978 4922 2193 4978 dentius
2221 4925 2380 4978 etiam
2409 4925 2577 4995 ignem
2610 4936 2716 4977 non
2749 4926 2994 4995 agnoscit
3024 4931 3295 4994 tamquam
3335 4925 3575 4983 elemen-

1979 5003 2089 5069 tum
2124 5011 2218 5069 per
2244 5010 2302 5048 se
2328 4993 2669 5069 consistens,
2684 4993 2954 5069 sedquod
2977 5009 3043 5050 ex
3066 4993 3172 5050 alio
3201 4997 3565 5069 progignitur,

1976 5064 2070 5121 lib.
2097 5083 2132 5119 ι.
2164 5066 2494 5138 Symmach.,
2526 5083 2577 5122 ν.
2607 5065 2734 5123 595.

2044 5230 2049 5235 -
2067 5200 2314 5268 Quidquid
2328 5200 2524 5268 humus,
2548 5200 2774 5268 pelagus,
2794 5200 2973 5268 coelum
2997 5201 3222 5268 mirabile
3241 5202 3422 5268 gignit,

2067 5263 2121 5313 Id
2144 5263 2338 5314 duitere
2354 5266 2498 5323 deos,
2515 5263 2687 5328 colles;
2715 5264 2859 5327 freta,
2887 5265 3105 5327 ﬂumina,
3128 5263 3362 5317 ﬂammas.

2047 5369 2281 5434 Quatuor
2319 5370 2426 5425 haec
2452 5370 2642 5426 hausit.
2666 5387 2756 5425 var
2790 5386 2875 5427 ex.
2922 5369 3029 5426 reb.
3052 5369 3183 5440 Leg.
3221 5370 3369 5427 auxit
3399 5389 3415 5429 :
3441 5387 3569 5431 nam

1974 5441 2144 5497 hausit
2166 5456 2383 5510 prorsus
2401 5442 2583 5503 nihili.
2598 5442 2804 5500 νομεῖ.

2048 5512 2138 5567 Sic
2166 5514 2432 5586 elementa.
2453 5514 2549 5568 Vix
2580 5517 2685 5569 erit
2704 5520 2988 5586 quisquam
3011 5554 3025 5575 .
3054 5511 3160 5568 cui
3187 5528 3326 5570 nova
3348 5531 3456 5573 non
3482 5517 3568 5575 vi-

1973 5582 2166 5638 deatur
2197 5582 2404 5645 Paulini
2437 5582 2735 5641 sententia:
2762 5582 3045 5656 Eii—aperte
3072 5601 3233 5654 more,
3264 5598 3445 5656 terras,
3477 5606 3563 5644 ae—

1974 5671 2033 5730 ra
2062 5656 2242 5730 (mlum
2273 5659 2659 5713 elementorum
2668 5656 2906 5730 _nomine
2927 5655 3224 5730 distinguit,
3274 5655 3444 5730 neque
3480 5661 3562 5715 hi-

1975 5725 2202 5855 ngaade
2245 5731 2368 5800 igne
2416 5730 2634 5801 cogitat.
2664 5726 2774 5784 Res
2806 5726 3049 5801 pulchra,
3097 5725 3155 5788 et
3191 5725 3565 5802 disquisitione

2034 5810 2155 5868 gna.
