4142 6262
204 292 312 351 281
401 292 475 366 (v.
504 284 656 365 905.)

200 413 280 466 Ae
301 410 563 466 satisesse
593 416 769 479 putat,
793 410 937 479 quod
966 410 1186 464 numine
1215 405 1402 463 credat
1427 405 1482 461 in
1509 418 1638 461 uno.

202 504 328 573 Quid
357 504 499 559 colet
527 504 619 558 ille
660 503 856 570 Deum,
878 503 970 575 qui
996 502 1231 558 Verbum
1258 516 1363 557 non
1389 502 1520 557 colit
1546 500 1706 572 ejus?

199 597 291 665 Qui
321 614 423 650 non
447 597 713 652 Virtutem
744 598 905 653 simili
935 607 1227 652 veneratur
1252 594 1495 650 honore?

198 691 393 761 Quique
420 689 747 745 invisibilem
769 687 1482 758 incompreltensibilemque
1512 685 1708 741 fatetur

198 783 319 838 Esse
345 782 539 848 Deum,
575 782 659 837 bic
678 781 843 837 etiam
868 779 1144 836 Christum
1171 779 1218 835 si
1243 780 1463 850 cogitet,
1489 778 1633 833 idem

196 875 444 931 inveniet.
474 875 726 945 quoniam
761 873 996 929 Verbum
1015 872 1477 943 comprehendere
1505 884 1700 937 nemo,

193 968 346 1024 Nemo
369 967 560 1022 videre
581 975 757 1038 potest
782 982 796 1027 ;
830 960 992 1036 opera
1016 969 1133 1034 ejus
1157 964 1269 1019 sola
1291 962 1556 1019 videntur.

192 1060 243 1116 In
270 1060 424 1115 Patre
450 1058 619 1113 Natus
634 1059 800 1122 enim,
832 1056 885 1111 in
907 1061 1044 1112 Nato
1072 1056 1231 1112 Pater
1256 1056 1436 1112 omnia
1466 1052 1611 1120 fecit,

193 1150 250 1207 Et
274 1150 526 1221 quidquid
550 1152 747 1204 virtute
776 1148 943 1214 dedit,
971 1149 1167 1219 pietate
1190 1158 1389 1203 tuetur.

199 1242 274 1298 Sic
289 1241 405 1303 fuit.
440 1251 495 1297 et
521 1243 730 1297 steterit
759 1255 950 1296 versus
975 1240 1221 1297 Salvator
1241 1241 1294 1295 in
1324 1255 1527 1305 aevum,

189 1336 275 1402 Qui
295 1336 406 1390 tulit
438 1350 686 1401 errores,
715 1335 806 1406 qui
832 1334 959 1389 fecit
978 1350 1103 1389 vera
1127 1334 1296 1411 videri
1321 1375 1336 1397 ,

191 1427 501 1498 Placatoque
523 1426 662 1481 Patri
692 1434 1003 1497 pereuntem
1032 1426 1267 1482 reddidit
1294 1426 1505 1482 orbem.

187 1519 279 1575 Nec
302 1520 531 1586 mirum,
551 1519 595 1574 si
615 1528 804 1575 cuncta
835 1522 994 1592 regit,
1020 1521 1109 1590 qui
1136 1528 1329 1575 cuncta
1355 1520 1583 1587 creavit,

188 1615 271 1684 Qui
287 1616 441 1671 dedit
467 1631 531 1671 es
555 1616 722 1671 nihilo
750 1626 941 1680 totum,
971 1616 1255 1687 lucemque
1282 1616 1517 1672 tenebris

186 1710 431 1777 Pratulit,
461 1720 625 1781 atque
646 1712 790 1766 diem
816 1710 980 1779 jussit
1006 1711 1301 1767 succedere
1329 1712 1511 1777 nocti;

183 1803 423 1874 Quodque
453 1804 504 1857 in
531 1819 695 1860 carne
717 1804 838 1866 fuit,
864 1804 1045 1859 carnis
1074 1814 1290 1873 peccata
1320 1804 1559 1860 remittit.

181 1895 338 1951 Cernit
361 1896 511 1949 enim
536 1938 551 1960 ,
579 1894 820 1967 fragilem
844 1894 1031 1952 faciles
1060 1896 1336 1952 incurrere
1364 1895 1545 1967 lapsus
1561 1940 1575 1963 ,

181 1989 586 2059 Corripiensque
610 2000 789 2044 tamen
816 1989 1027 2045 veniam
1057 1989 1209 2045 dabit
1237 1990 1486 2044 (uultibus
1508 2005 1666 2046 uuam
1689 2033 1704 2056 ,

183 2082 422 2154 (itemque
445 2097 644 2137 novam
673 2083 846 2138 dicam
872 2126 887 2148 ,
913 2099 1012 2138 nec
1033 2099 1119 2138 me
1143 2083 1347 2139 dixisse
1368 2081 1591 2156 pigebit)

180 2173 385 2245 Plusque
411 2176 535 2246 pius
557 2191 717 2247 quam
742 2176 920 2246 justus
946 2177 1068 2231 erit.
1094 2175 1149 2231 Si
1177 2176 1409 2247 denique
1429 2178 1607 2247 juStus

178 2267 298 2326 Esse
318 2271 464 2337 velit,
496 2271 674 2326 nullus
703 2270 868 2342 fugiet
891 2271 1010 2327 sine
1030 2273 1258 2327 crimine
1282 2287 1494 2343 poenam
1527 2291 1540 2327 :

176 2362 339 2419 Justus
359 2367 503 2420 enim
519 2366 663 2421 mala
692 2365 1048 2432 condemnat,
1080 2368 1199 2437 pius
1222 2364 1397 2419 omnia
1423 2365 1606 2421 donat.

174 2456 273 2514 lloc
291 2458 434 2526 facit,
464 2470 522 2513 ut
545 2467 659 2513 rata
688 2459 795 2515 sint
826 2468 1066 2515 ventura:
1094 2473 1317 2514 munera
1339 2459 1460 2515 vita:
1484 2502 1502 2526 ,

176 2549 235 2605 Et
260 2552 398 2622 quod
426 2553 578 2621 culpa
613 2552 757 2618 tulit,
788 2567 1002 2607 rursum
1021 2551 1354 2623 indulgentia
1381 2551 1569 2608 reddat
1603 2570 1616 2608 :

174 2642 297 2712 Qua:
317 2645 360 2699 si
395 2660 498 2700 non
527 2645 731 2700 fuerint
758 2644 898 2715 plebi
928 2659 1185 2701 concessa
1217 2644 1428 2715 roganti
1453 2688 1469 2710 ,

1179 289 1266 347 DE
1293 283 1563 346 SANCTO
1593 281 1961 353 VICTORINO
1990 281 2522 351 PROLEGOMENA.

1808 408 1859 469 Α
1885 399 2037 457 Tunc
2057 415 2224 472 prope
2247 401 2427 458 nullus
2454 400 2561 456 erit
2583 398 2797 458 delicto'
2818 398 2954 455 liber
2970 396 3039 454 ab
3056 396 3227 455 omni.

3003 277 3083 358 (v.
3112 279 3266 353 ἥδ.)
3370 278 3483 337 982

1884 492 1982 561 Qui
2023 493 2193 565 possit
2217 495 2437 549 meritus
2468 494 2727 565 promissa
2750 492 2871 547 luce
2893 488 3096 562 potiri?

1883 585 2122 657 Tangi-rc
2139 600 2263 642 tunc
2290 586 2427 643 laetis
2442 588 2701 644 caelorum
2725 600 2885 656 regna
2910 581 3129 647 libebit;

1881 679 2032 735 Tunc
2058 682 2254 751 poterit
2280 697 2426 735 mors
2454 681 2567 751 ipsa
2591 678 2749 746 mori,
2766 694 2927 749 qtmm
2961 687 3201 749 tempore
3219 682 3335 732 toto

1878 774 1998 830 Vita
2034 777 2287 845 perennis
2307 776 2410 830 erit
2430 818 2446 842 ,
2476 776 2599 847 quia
2622 785 2747 829 tunc
2780 774 2832 828 in
2861 772 2991 829 sede
3013 772 3167 828 beata

1875 868 2066 925 Nullus
2097 870 2355 942 peccandi
2381 870 2532 925 locus
2559 880 2663 934 est,
2684 869 2772 925 ubi
2798 868 2944 934 nulla
2965 867 3161 938 cupido
3186 874 3292 924 est.

1876 962 2056 1019 Gloria
2085 974 2229 1019 tanta
2253 973 2434 1019 manet
2465 965 2662 1035 popqu
2677 977 2890 1021 servata
2917 963 3084 1021 ﬁdeli.

1874 1056 2121 1126 Amplius
2147 1056 2250 1112 hoc
2282 1058 2488 1125 tribuit,
2519 1057 2690 1128 majus
2709 1057 2858 1113 dedit
2890 1057 2993 1114 hoc
3015 1070 3230 1128 quoque
3252 1066 3466 1121 munus,

1873 1146 2025 1217 Quod
2059 1159 2397 1219 peccatorem
2425 1166 2584 1222 quem
2610 1151 2837 1220 pmnitet
2855 1193 2870 1215 ,
2891 1158 3050 1207 antea
3076 1149 3281 1220 lapsum
3303 1187 3323 1217 ,

1866 1229 1994 1300 Non
2019 1241 2147 1299 facis
2165 1244 2215 1298 in
2250 1260 2475 1299 noluero
2493 1246 2661 1300 turba:
2682 1246 2956 1316 peccantis
2988 1242 3210 1299 haberi:

1871 1339 2079 1409 Quippe
2108 1341 2240 1396 satis
2268 1356 2425 1410 poma
2447 1351 2527 1396 est
2546 1385 2561 1407 ,
2585 1357 2706 1395 (’Iltll
2736 1342 2805 1395 sit
2834 1355 2930 1395 sua
2960 1338 3117 1410 culpa
3146 1335 3355 1403 dolori;

1872 1432 2203 1503 Supplicium
2231 1436 2506 1504 proprium
2538 1435 2700 1489 timor
2729 1443 2843 1499 est;
2876 1440 3143 1487 tormenta
3167 1443 3351 1486 reatus

1868 1523 2004 1580 Tum
2035 1524 2198 1580 veluti
2230 1527 2428 1595 patitur
2446 1526 2537 1594 qui
2560 1541 2617 1581 se
2649 1524 2910 1582 meruisse
2931 1522 3151 1579 fatetur.

1866 1614 2003 1683 Quid
2031 1618 2230 1687 poterit.
2258 1616 2470 1678 melius,
2503 1616 2584 1671 vel
2611 1616 2738 1687 quid
2765 1614 3090 1671 moderatius
3116 1614 3286 1671 esse?

1864 1711 2100 1779 Iudicat,
2126 1713 2367 1783 inquirit,
2396 1712 2648 1784 castigat,
2681 1711 2869 1783 parcit,
2907 1713 3179 1777 honorat,

1789 1843 1838 1905 Β
1865 1806 2056 1863 Omnia
2072 1809 2163 1878 qui
2183 1809 2368 1875 vincit,
2399 1824 2499 1862 nec
2524 1808 2722 1876 abipsa
2754 1806 2984 1861 vincitur
3000 1806 3102 1860 ira.

1865 1899 2018 1968 Quod
2048 1899 2116 1955 de
2142 1901 2389 1971 prn'senli
2416 1900 2528 1970 jam
2560 1901 2835 1956 cernimus
2854 1914 2975 1955 esse
3009 1897 3277 1964 futurum;

1859 1991 1996 2048 Nam
2025 2009 2147 2048 cum
2175 2007 2323 2064 saepe
2354 1993 2533 2048 minax
2565 1992 2840 2049 horrentia
2874 1990 3055 2045 nubila
3086 1988 3261 2061 coxit,

1860 2087 1929 2142 Et
1954 2098 2159 2142 terrore
2192 2093 2277 2156 pio
2296 2087 2458 2142 rutilo
2488 2088 2648 2142 nimis
2674 2086 2794 2157 igne
2817 2092 3065 2141 coruscat
3084 2125 3100 2149 ,

1862 2178 2125 2232 Tri~tibus
2146 2189 2201 2233 et
2238 2178 2433 2250 pluviis
2455 2221 2472 2245 ,
2502 2191 2555 2233 et
2580 2177 2814 2234 nubibus
2846 2178 3057 2233 intonat
3080 2175 3212 2230 atris
3237 2216 3254 2238 ,

1858 2270 2030 2326 Omne
2050 2285 2221 2339 genus
2250 2271 2401 2325 timet
2432 2272 2746 2336 interitum;
2779 2269 2873 2326 sed
2905 2270 3014 2325 vita
3038 2277 3275 2339 potestas

1858 2362 2099 2428 Desinet,
2128 2374 2183 2418 et
2207 2365 2407 2433 pariter
2428 2364 2624 2420 cmluin
2656 2374 2973 2433 mentesque
3002 2368 3241 2418 serenat.

1856 2457 1972 2512 Hoc
2000 2472 2215 2527 quoque
2247 2470 2372 2512 tunc
2414 2471 2633 2527 sperare
2659 2456 2832 2527 jubet,
2860 2454 2954 2527 qui
2979 2471 3039 2510 se
3068 2453 3231 2509 modo
3258 2459 3451 2509 cuncta

1860 2551 2090 2606 Perdere
2115 2565 2272 2620 posse
2291 2552 2502 2620 probat,
2544 2551 2588 2606 si
2624 2549 2849 2620 perdere
2881 2549 3021 2605 velle
3053 2555 3285 2604 recusat.

1861 2645 1951 2699 Sic
1978 2644 2219 2701 iteranda
2243 2644 2389 2699 salus
2404 2655 2633 2701 venturo
2653 2643 2959 2700 ostenditur
2979 2658 3098 2698 :evo
3125 2683 3141 2708 ,

1860 2736 2179 2809 [Eternique
2207 2737 2303 2791 Dei
2326 2738 2495 2807 pietas
2516 2747 2716 2793 eterna
2739 2735 2996 2791 manebit.

1577 2872 2149 2933 COMMENTARIUS.

172 3025 336 3086 quarto
351 3031 554 3073 nomen
573 3014 679 3070 hoc
697 3013 995 3086 Gentilibus
1006 3014 1175 3082 aptari
1190 3014 1375 3086 coepit,
1396 3029 1557 3082 quum
1582 3013 1742 3086 iidem
1772 3018 1816 3079 C
1858 3018 2087 3072 ratnrius
2116 3031 2353 3072 errorem
2375 3016 2496 3071 aliis
2514 3016 2811 3072 tollendum
2851 3014 3105 3086 relinquit
3133 3033 3146 3069 :
3170 3012 3450 3069 Fabricius

173 3084 471 3172 abnurbibtts
499 3088 642 3159 pulsi
693 3088 747 3140 in
780 3084 937 3172 Pagi:
958 3088 1207 3157 agrisque
1250 3084 1526 3156 profanam
1570 3085 1747 3142 adhuc
1852 3092 1983 3143 uicta
2000 3090 2339 3172 conjifiebat.
2365 3087 2632 3172 Genuiua,
2662 3089 2727 3171 .ni
2777 3086 2934 3170 fallor
2962 3127 2996 3172 ,_
3026 3085 3204 3172 lectio.
3231 3096 3313 3139 est
3342 3086 3451 3172 vigit

172 3161 452 3227 religionem
472 3158 817 3215 exercerent.
841 3158 982 3213 Mun.

230 3230 438 3287 Sit-init.
472 3230 532 3286 In
564 3229 662 3284 Ms.
696 3230 973 3299 legebatur
1003 3248 1018 3284 :
1048 3226 1209 3299 Siqui
1226 3228 1366 3283 idola
1383 3229 1526 3283 vitat.
1547 3228 1746 3284 Emen-

174 3302 293 3357 davi.
321 3303 455 3357 Sion.

232 3373 457 3429 Euadne.
513 3372 594 3427 Ita
642 3373 879 3429 scribere
921 3373 1115 3443 placuit
1152 3387 1251 3444 pro
1286 3373 1507 3438 nomine,
1548 3386 1741 3444 quem-

175 3445 429 3499 admodum
461 3445 631 3500 habet
661 3445 757 3498 Ms.
788 3447 923 3499 Mue.

239 3516 406 3571 Versus
453 3517 721 3574 Salvator.
756 3515 894 3570 Illud
923 3533 1093 3571 uersus
1127 3515 1257 3570 mihi
1299 3531 1485 3587 parum
1516 3516 1744 3573 arridet.

170 3585 395 3643 Fortasse
424 3607 577 3642 rem
603 3588 950 3643 scribendum
980 3597 1083 3643 est.
1119 3588 1261 3643 Mun.

241 3658 343 3712 Vita
369 3672 591 3730 potestas
658 3660 907 3714 Erroretn
949 3660 1068 3714 aliis
1115 3658 1405 3715 tollendum
1456 3659 1724 3729 relinquo.

173 3728 300 3785 Ilua.
331 3728 394 3772 έ-
416 3731 556 3787 lllud
580 3732 685 3786 vita
714 3739 934 3801 potestas
967 3733 1087 3788 beic
1118 3731 1274 3802 plane
1306 3746 1599 3786 mortttum.
1618 3728 1746 3787 Mu-

1852 3156 2116 3229 potestas:
2132 3162 2381 3228 Quando,
2413 3160 2602 3226 inquit,
2631 3159 2782 3229 signa
2814 3156 3107 3226 majestatis
3136 3171 3250 3212 suae
3274 3156 3452 3229 prodit

1850 3228 2162 3302 supremum
2189 3233 2416 3289 Numen.
2448 3247 2609 3286 oume
2634 3228 2807 3300 genus
2830 3229 3103 3284 interitqu
3122 3234 3279 3302 timet
3307 3244 3322 3302 ς
3353 3228 3451 3283 sed

1848 3298 2069 3374 poiestas
2097 3305 2213 3372 ejus
2240 3303 2399 3357 simul
2425 3318 2490 3358 ac
2513 3303 2617 3356 risu
2635 3298 2711 3357 est
2734 3343 2749 3364 ,
2797 3301 2878 3355 vel
2910 3300 3180 3374 apparuit,
3206 3298 3447 3365 desinet;

1849 3371 2011 3441 atque
2040 3377 2110 3429 ita
2130 3371 2362 3441 caelum,
2395 3384 2552 3429 attlett
2575 3374 2802 3428 nubibus
2828 3371 2959 3426 atris
2989 3371 3311 3433 incinctum,
3362 3387 3450 3426 se-

1848 3456 2023 3511 renat,
2052 3457 2107 3501 et
2132 3458 2352 3503 maestas
2376 3447 2651 3501 hominum
2674 3456 2885 3500 mentes
2906 3444 3146 3498 redivivo
3160 3441 3450 3511 Splendore

1848 3520 2176 3573 consolatur.
2208 3519 2341 3586 Quae
2371 3518 2697 3572 antecedunt
2739 3525 2794 3570 et
2843 3524 3143 3586 sequuntur
3173 3514 3289 3586 inec
3314 3515 3445 3569 satis

1848 3591 2131 3657 adjuvant,
2188 3584 2249 3645 ut
2279 3591 2427 3657 plura
2469 3590 2671 3644 addere
2713 3601 2936 3643 necesse
2974 3602 3079 3639 non
3128 3584 3447 3657 habeamus.

1848 3655 2054 3717 νόμοις.
2104 3691 2177 3704 —-
2207 3655 2341 3717 Huic
2375 3659 2597 3715 Vonckii
2626 3657 2989 3715 emendationi
3029 3658 3301 3711 calculum
3346 3655 3444 3711 ad-

1844 3733 1963 3803 jicit
1987 3736 2303 3804 Auonymus
2334 3732 2624 3803 lipsieusis.

1718 3971 2429 3982 ο-νῇδῲο-κμο-ηυψάα-

1174 4008 1394 4018 ...οπεος-ο·-

1648 4011 1847 4021 ﬂ.
1874 4013 2011 4022 ..φ-σ-
2038 4011 2459 4021 *ψρμ-ι
2468 4011 3181 4020 ———————.———_———_—_—

165 4171 275 4303 Illi
329 4174 709 4307 SANCTll
768 4174 1316 4311 VICTllRINll
1377 4172 1856 4306 EPISCllPll
1933 4173 2678 4305 PETAVIONENSI
2755 4175 2888 4304 ET
2954 4173 3447 4306 MARTYBE

1066 4471 2514 4604 PROLEGOMENA.
2822 4381 2835 4386 ’
2972 4406 2975 4409 ’

1559 4731 2036 4797 Μαθθ-

753 4895 1047 4938 Αιιτιοσιυε
1086 4899 1122 4937 1.

660 4997 793 5068 Ejus
820 4998 938 5053 vitae
962 4997 1235 5070 Synapsis.

231 5109 324 5177 Quo
354 5122 593 5189 tempore
635 5113 849 5169 clarus?
902 5113 1057 5168 Varia
1095 5115 1159 5169 de
1194 5132 1252 5169 eo
1294 5113 1599 5187 Hieronymi
1648 5126 1738 5170 tes-

169 5200 355 5258 timonia.
390 5207 541 5275 Quid
565 5216 686 5259 ante
720 5204 1087 5278 Hieronymum
1119 5204 1338 5277 Optatus
1373 5207 1738 5262 Mileuitanua’

168 5304 223 5333 -'
243 5296 559 5357 Victorinum
591 5315 783 5371 grarcaz
806 5300 1027 5370 originis
1051 5312 1143 5356 aut
1172 5302 1224 5356 in
1254 5300 1487 5357 conﬁnio
1513 5300 1735 5356 Graecia:

167 5388 319 5448 saltem
353 5395 653 5450 oriundum
702 5393 900 5459 fuisse,
945 5411 1009 5451 ex
1058 5397 1150 5464 iis,
1198 5412 1319 5466 qua:
1374 5395 1732 5469 Hieronymus

166 5485 325 5551 attulit,
347 5499 472 5543 ιιιιο
514 5489 649 5543 satis
690 5488 979 5557 collegisse
1023 5489 1235 5545 videtur
1262 5489 1469 5545 Caveus
1492 5490 1597 5557 (vi).
1630 5488 1730 5546 Pe-

164 5580 459 5639 tavionensis
482 5583 569 5657 (2)
616 5585 670 5639 in
718 5583 992 5639 Pannonia
1044 5584 1322 5655 superiore
1379 5583 1446 5639 ad
1499 5583 1727 5639 Dravum

214 5721 282 5793 (υ
308 5722 500 5780 Cave..
531 5723 668 5778 Hist.
694 5725 874 5787 (iam,
906 5733 1036 5778 tom.
1072 5738 1105 5778 ι.
1139 5736 1257 5793 pag.
1291 5722 1413 5778 H7.

214 5791 375 5866 (2)_lta
400 5796 626 5861 quidem
665 5793 949 5866 legendum
979 5791 1192 5866 docuit.
1215 5791 1420 5850 errore
1448 5795 1725 5856 obsoleto.

164 5875 246 5927 tino
281 5864 616 5922 Pictaviemi:
657 5864 958 5938 Aquitania:
1008 5866 1060 5921 in
1097 5864 1266 5922 Gallia
1307 5880 1337 5921 a
1387 5866 1619 5924 Baronio
1660 5868 1726 5923 ad

1764 4880 1818 4942 D
1842 4876 2064 4933 ﬂuvium
2106 4887 2225 4934 erat
2263 4894 2329 4934 ex
2355 4888 2574 4936 oratore
2610 4880 2914 4950 episcopus,
2949 4888 3006 4935 ut
3051 4893 3158 4935 non
3191 4896 3298 4937 uno
3328 4881 3447 4940 loco

1842 5027 2042 5067 annum
2070 5011 2196 5086 ξος,
2229 5028 2376 5068 num.
2414 5013 2496 5072 l6.
2529 5013 2759 5086 aliisque
2787 5013 2969 5069 multis
2996 5014 3267 5070 ferebatur
3294 5016 3442 5086 epis-

1841 5099 2033 5152 cOpus,
2063 5083 2302 5140 funditus
2345 5083 2971 5155 exstirpato,’Launoius
3013 5086 3220 5142 France
3248 5083 3437 5143 Gallus

1843 5156 2094 5223 peculiari
2120 5156 2384 5226 doctaque
2401 5156 2800 5220 dissertatione.
2826 5157 3066 5222 Parisiis,
3094 5158 3253 5219 1653.
3279 5158 3433 5225 iit-8°,

1839 5236 1896 5303 et
1922 5228 1974 5303 in
2004 5245 2130 5296 opp.
2162 5230 2411 5303 Collect_..
2449 5237 2579 5283 tom.
2612 5245 2685 5303 ll,_
2714 5228 2774 5283 P.
2804 5244 2843 5303 l,_
2881 5244 2999 5300 pag.
3043 5230 3181 5303 651i,
3202 5239 3257 5285 et
3283 5246 3436 5301 seqq.

1839 5297 1896 5374 lu
1929 5302 2027 5374 liae
2064 5303 2216 5374 enim
2243 5297 2623 5374 _t_letitonstrat,
2671 5300 2722 5355 in
2755 5297 2994 5374 quinque
3038 5303 3096 5374 ἢ.
3125 5297 3436 5374 Hieronymi

1841 5369 1996 5436 locis,
2027 5371 2113 5426 ubi
2141 5370 2211 5425 de
2243 5370 2521 5427 Victorino
2547 5387 2726 5427 sermo
2761 5369 3009 5438 habetur,
3039 5371 3118 5427 bis
3145 5369 3348 5427 scilicet
3379 5374 3432 5429 in

1837 5439 2112 5512 Catalogo,
2138 5456 2260 5506 cap.
2284 5443 2351 5496 74
2372 5453 2426 5497 et
2449 5446 2570 5501 lOI.
2590 5445 2760 5499 sctncl
2785 5443 3045 5500 adversus
3070 5443 3431 5512 Vigilantium,

1833 5513 2003 5568 semel
2041 5514 2301 5568 adver~us
2344 5515 2644 5570 Helvidium
2664 5557 2679 5578 ,
2717 5531 2781 5570 ac
2810 5515 3020 5570 tandem
3048 5517 3214 5570 semel
3254 5517 3305 5570 in
3334 5517 3434 5571 tri-

1832 5584 2052 5657 gesimo
2086 5596 2242 5642 sexto
2283 5586 2584 5642 Ezechielis
2624 5588 2802 5655 capite
2845 5586 3067 5656 reperiri
3100 5587 3154 5640 in
3196 5588 3433 5657 antiquis

1834 5655 2161 5727 editionihus
2206 5659 2597 5726 petalvionenais.
2631 5660 2712 5713 vel
2756 5655 3149 5726 petauiouensis,
3196 5659 3276 5712 vel
3309 5655 3428 5727 ῥίσ-

1818 5726 2092 5798 .tqln'emis,
2121 5728 2201 5782 vel
2236 5729 2659 5794 pictubionmsis;
2688 5727 2846 5798 idque
2876 5728 3112 5784 nominis
3138 5726 3338 5785 habere
3368 5730 3421 5785 in

1836 5795 2086 5872 Usuardi,
2116 5798 2320 5872 Adonis
2345 5811 2399 5855 et
2427 5801 2546 5855 aliis
2584 5795 2806 5855 vetustis
2833 5800 3252 5872 tnartyrulogiis.
3288 5810 3427 5872 utet

1830 5870 1885 5924 in
1920 5869 2079 5939 priori
2117 5871 2320 5931 Merlini
2350 5872 2700 5928 conciliorum
2735 5869 3001 5937 editione,
3030 5869 3190 5943 atque
3217 5872 3268 5929 in
3298 5871 3419 5931 edi-
