4142 6262
658 297 768 354 987

659 409 930 472 Christum
975 419 1158 476 velint.
1191 439 1211 474 ι
1245 421 1486 481 Meminit
1515 426 1675 483 etiam
1705 427 2060 489 Cassiodorus
2105 451 2254 492 com-

659 511 908 566 mentarii
950 515 1121 570 sancti
1169 514 1429 573 Victorini
1474 520 1544 576 ita
1595 524 1841 595 inquiens
1870 528 1947 601 (l)
1981 547 1994 582 :
2035 529 2115 586 Dc
2155 550 2254 603 quo

658 605 791 660 libro
820 606 1189 680 (Ecclesiaste)
1219 622 1265 666 et
1303 612 1660 672 Victorinus...
1697 623 1946 676 nonnulla
1990 625 2251 683 disseruit.

659 697 741 754 Ex
799 699 898 756 hoc
947 701 1253 760 Cassiodori
1308 707 1559 779 loquendi
1612 715 1772 769 modo
1815 719 2107 776 verisimile
2154 723 2252 777 ad-

657 799 830 858 paret,
859 790 1188 851 Victorinum
1217 799 1461 867 quaedam
1485 801 1744 860 duntaxat
1767 805 1880 861 loca
1911 808 2253 867 Ecclesiastis

653 888 994 952 exposuisse.

724 973 805 1030 De
831 976 1200 1037 Commentario
1223 983 1284 1040 S.
1318 985 1563 1043 Victorini
1588 989 1640 1042 in
1663 989 2059 1048 Mutthwum.—-
2087 998 2249 1053 Sanc-

659 1075 747 1124 tus
779 1070 1139 1145 Hieronymus
1172 1078 1223 1132 in
1253 1080 1498 1152 catalogo
1530 1083 1727 1138 nullam
1763 1088 2088 1145 mentionem
2128 1090 2253 1149 facit

651 1163 722 1218 de
761 1168 1093 1236 expositione
1142 1170 1200 1228 S.
1247 1172 1502 1230 Victorini
1545 1177 1596 1231 in
1657 1178 1986 1240 Matthaeum.
2053 1185 2249 1241 Verum

656 1255 709 1313 in
753 1258 975 1329 prologo
1014 1262 1100 1317 sui
1143 1268 1517 1322 commentarii
1564 1269 1616 1325 in
1677 1269 1817 1328 hunc
1865 1277 2248 1344 evangelistam

657 1350 775 1407 lure
829 1353 988 1409 habet
1043 1357 1120 1429 (9.)
1155 1377 1168 1413 :
1201 1358 1406 1432 Legisse
1444 1379 1524 1416 me
1565 1367 1824 1434 Iolcon...
1882 1379 1930 1423 et
1974 1372 2251 1427 latinorum

654 1444 880 1516 Hilarii,
926 1448 1202 1520 Victorini,
1251 1453 1615 1513 Fortunatiaui
1650 1463 1917 1529 opuscula.
1963 1463 2250 1524 Cassiodo-

652 1556 746 1597 rus
777 1543 854 1616 (ὅ)
881 1561 1007 1600 vero
1036 1548 1237 1604 diserte
1263 1551 1338 1604 ait
1365 1570 1378 1604 :
1413 1550 1492 1606 De
1534 1571 1632 1621 quo
1663 1553 1989 1632 (Mattbaeo)
2033 1572 2084 1616 et
2136 1561 2248 1617 Vic-

653 1636 854 1691 torinus
891 1655 953 1692 ea:
992 1650 1194 1696 oratore
1233 1645 1502 1714 episcopus
1540 1651 1768 1703 nonnula
1799 1652 2061 1709 disseruit.
2091 1655 2248 1712 Unde

653 1728 872 1798 conjieit
928 1732 1006 1786 \ir
1053 1733 1340 1803 perdet-tus
1394 1737 1702 1796 Larduerus
1751 1742 1866 1817 (4).
1926 1749 2246 1817 cpnsculum

1730 311 1822 370 DE
1854 313 1910 372 S.
1952 313 2312 376 VICTORINO
2349 321 2459 378 ΕΡ.
2505 322 2592 380 ΕΤ
2621 326 2832 385 MART.

3843 346 3953 401 9.88

2278 446 2328 506 Α
2357 444 2763 504 accuratissime
2808 449 3043 522 perlegi;
3077 461 3132 509 et
3156 468 3276 510 cum
3315 457 3483 512 multa
3530 458 3582 514 in
3624 475 3690 517 eo
3732 477 3954 533 possem

2359 548 2548 592 contra
2583 550 2782 596 rectam
2812 543 3083 601 scribendi
3115 549 3376 606 rationem
3422 551 3562 607 dicta
3607 555 3950 628 improbare,

2361 631 2491 685 nihil
2525 641 2706 690 tamen
2753 635 2866 693 fere
2914 638 3034 695 loci)
3081 645 3319 708 mutavi,
3365 645 3460 701 sed
3513 661 3576 702 ea
3621 649 3956 717 cuiusmodi-

2360 740 2593 794 cumque
2639 728 2886 799 fuerunt,
2940 733 3226 802 adnotavi,
3277 746 3335 791 ut
3362 748 3454 793 tuo
3502 741 3678 809 potius
3711 744 3796 798 vel
3845 755 3957 799 sta-

2361 830 2510 884 rent,
2559 822 2639 876 vel
2697 825 2954 881 caderent
3002 827 3232 898 judicio.
3291 830 3530 888 Libellus
3598 845 3748 890 certe
3807 838 3957 907 ejus-

2357 914 2503 969 modi
2549 924 2662 981 est,
2713 931 2767 973 ttt
2813 935 2932 974 cum
2993 939 3238 994 magnam
3297 926 3396 993 piis
3431 941 3494 980 ac
3537 927 3805 992 religiosis
3851 930 3956 986 lio.

2359 1006 2624 1073 minibus,
2654 1011 2744 1080 qui
2801 1011 2902 1068 hoc
2927 1029 3098 1084 genus
3149 1015 3365 1085 scriptis
3407 1016 3763 1086 delectantur,
3806 1021 3958 1078 utili—

2361 1111 2554 1166 tatem.
2603 1115 2714 1161 tum
2762 1122 2892 1164 vero
2937 1110 3001 1164 ad
3050 1126 3110 1164 ea
3163 1112 3324 1166 etiam
3379 1115 3788 1182 cognoscenda,
3828 1131 3954 1187 qua:

2355 1199 2408 1253 in
2463 1201 2783 1274 Apocalypsi
2833 1203 3110 1259 altissimis
3151 1205 3428 1263 recondita
3480 1217 3607 1263 sunt
3661 1211 3947 1280 sensibus,

2355 1291 2651 1358 adjumemi
2697 1297 2983 1364 plurimum
3053 1299 3123 1353 sit
3176 1299 3458 1355 allaturus.
3519 1301 3702 1374 Slylus
3753 1316 3940 1361 autem

2356 1387 2564 1440 tametsi
2612 1403 2641 1444 a
2685 1389 2864 1458 prisco
2908 1390 3002 1444 illo
3040 1393 3276 1448 candore
3326 1393 3520 1465 linguze
3569 1397 3780 1465 latitue,
3834 1417 3942 1470 pu-

2356 1477 2622 1550 ritateque
2668 1482 2894 1536 multum
2938 1483 3129 1547 abest,
3175 1485 3318 1554 quod
3366 1495 3668 1557 temporum
3715 1490 3954 1546 inclina-

2354 1579 2421 1624 tae
2463 1571 2572 1639 jam
2594 1614 2608 1635 ,
2655 1574 2698 1627 si
2728 1590 2833 1629 non
2869 1591 3088 1644 prorsus
3123 1576 3378 1646 collapsa:
3415 1594 3537 1634 cum
3589 1582 3791 1652 imperii
3819 1600 3946 1640 ma-

2347 1663 2544 1734 jestate
2572 1667 2645 1722 rei
2673 1667 2945 1724 litterariae
2973 1685 3149 1725 mores
3166 1713 3181 1733 ,
3205 1680 3261 1727 et
3288 1673 3492 1742 gallicas
3516 1676 3747 1731 nationis
3768 1721 3783 1744 ,
3813 1695 3943 1749 qua:

2353 1761 2579 1816 necdum
2603 1801 2616 1824 ,
2643 1772 2696 1814 ut
2726 1776 2869 1816 nunc
2895 1773 3013 1827 est,
3065 1773 3174 1816 tum
3227 1765 3488 1836 ingeniis,
3539 1778 3648 1822 tum
3678 1783 3952 1839 praestan-

1763 1815 1769 1817 τ
1967 1815 1977 1817 ν
2464 1815 2484 1816 η
2605 1815 2616 1824 .
3540 1815 3942 1839 -----ν--νυ----ί

652 1815 709 1873 S.
774 1818 1035 1877 Victorini
1093 1835 1184 1879 aut
1239 1826 1432 1883 breves
1482 1829 1743 1887 duntaxat
1799 1835 2244 1910 observatiOnes,
2282 1855 2325 1916 Β
2356 1851 2685 1906 tissimarnm
2735 1853 2929 1908 artium
2981 1855 3287 1924 cognitione
3327 1858 3466 1911 culta
3505 1870 3654 1927 erat,
3699 1864 3950 1932 peregri—

651 1923 747 1969 aut
797 1919 1164 1983 expositiones
1212 1922 1561 1993 Singularium
1615 1929 1961 1987 solummodo
2004 1933 2244 1991 locorum

654 2005 852 2062 laudati
895 2008 1171 2081 Evangelii
1201 2017 1544 2088 complexum
1595 2019 1783 2079 fuisse.

745 2101 1133 2161 Commentarii
1202 2108 1255 2163 in
1320 2110 1689 2183 Apocalypsin
1756 2116 1864 2172 divi
1921 2118 2148 2176 Joannis
2217 2139 2247 2178 a

651 2198 840 2244 sancto
867 2200 1125 2262 martyre
1151 2205 1338 2249 nostro
1377 2196 1622 2254 adornati
1655 2203 1899 2258 meminit
1926 2215 1980 2259 et
2025 2206 2085 2260 Ι).
2119 2207 2245 2263 l-lie-

648 2295 907 2353 ronymus
934 2292 987 2338 et
1013 2284 1401 2355 Cassiodorus,
1435 2292 1523 2360 qui
1555 2293 1772 2348 ultimus
1804 2294 1872 2350 de
1910 2311 1976 2350 eo
2019 2298 2074 2353 in
2107 2302 2247 2355 hunc

648 2373 866 2428 modum
898 2377 1081 2432 scribit
1111 2376 1194 2450 (5)
1224 2396 1237 2431 :
1275 2397 1297 2433 ‹
1335 2381 1410 2435 De
1438 2399 1547 2451 quo
1593 2384 1732 2440 libro
1767 2386 2151 2463 (Apocalypsi)
2193 2402 2249 2449 et

647 2461 955 2521 Victorinus
971 2481 1114 2537 saepe
1135 2470 1309 2526 dictus
1331 2474 1616 2546 episcopus
1641 2477 1958 2536 difﬁcillima
1990 2461 2237 2552 quadam

645 2557 762 2614 loca
819 2559 1051 2616 breviter
1107 2567 1354 2621 tractavit
1401 2588 1420 2621 ι
1457 2568 1614 2627 Hisce
1666 2573 1845 2627 verbis
1891 2575 2075 2644 judice
2143 2576 2245 2633 Ca-

646 2664 750 2704 veo
808 2649 885 2724 (σε)
936 2654 1106 2708 innuit
1155 2657 1542 2728 Cassiodorus,
1600 2663 1932 2722 Victorinum
1979 2685 2086 2724 non
2137 2682 2242 2726 tam

650 2742 917 2815 integram
941 2747 1304 2822 Apocalypsin
1327 2758 1718 2811 commentario
1740 2759 2059 2828 illustrasse,
2084 2779 2243 2833 quam

648 2837 952 2894 difficiliora
1003 2842 1248 2911 qua-dam
1290 2846 1404 2901 loca
1453 2859 1734 2905 tractasse.
1792 2851 2105 2910 Generatim
2149 2873 2244 2912 au-

648 2941 756 2987 tem
813 2935 1194 2994 animadvertit
1246 2940 1469 2996 illustris
1521 2941 1820 3000 Ceillierius
1874 2949 1952 3020 (7)
1998 2969 2012 3004 :
2055 2949 2244 3023 Neque

647 3039 855 3083 certum
896 3044 1050 3099 esse,
1082 3048 1209 3086 num
1238 3046 1456 3091 sanctus
1478 3035 1786 3094 Victorinus
1826 3040 2062 3113 integros
2098 3060 2244 3099 com-

647 3123 942 3177 mentarios
979 3129 1400 3196 conscripserit,
1429 3145 1604 3202 neque
1631 3143 1806 3188 utrum
1850 3135 2017 3192 libros
2057 3155 2242 3195 sacros

646 3229 678 3268 a
701 3216 876 3287 capite
903 3233 1074 3287 usque
1105 3220 1170 3274 ad
1215 3222 1418 3278 calcem
1452 3229 1788 3293 exposuerit.
1831 3229 2109 3297 Siquidem
2153 3249 2239 3289 sa-
2268 3255 2312 3317 (ς

648 3309 716 3360 tis
736 3309 1017 3366 manifeste
1037 3312 1328 3370 adseverant
1352 3317 1706 3374 Cassiodorus
1723 3363 1738 3386 ,
1767 3333 2010 3379 sanctum
2034 3326 2242 3397 episco-

645 3413 774 3470 pum
805 3403 1018 3459 nonuisi
1047 3406 1294 3476 quzedam
1323 3407 1439 3463 loca
1469 3408 1852 3478 Ecclesiastis,
1888 3412 1947 3469 S.
1979 3415 2237 3484 Matthati,

645 3500 810 3561 atque
841 3495 1248 3569 Apocalypseos
1286 3501 1632 3570 explicuisse.

718 3584 798 3640 De
823 3587 884 3642 S.
929 3587 1173 3645 Victorini
1195 3594 1404 3648 scholiis
1433 3596 1488 3648 in
1516 3597 1866 3668 Apocalypsin
1909 3599 2235 3657 Joannis.—

644 3678 888 3735 Alterum
956 3698 1117 3752 porro
1183 3700 1252 3740 ex
1322 3686 1577 3742 Victorini
1642 3692 1897 3761 scriptis,
1965 3694 2108 3765 quod
2173 3697 2239 3752 ad

645 3783 746 3824 nos
796 3786 964 3841 uSque
1015 3777 1297 3846 pervenit,
1341 3787 1469 3833 sunt
1515 3782 1635 3847 ejus
1675 3781 1878 3837 Scholia
1929 3784 1979 3839 in
2031 3788 2240 3854 Apoca-

647 3863 824 3936 lypsin
842 3908 855 3927 ,
882 3883 1003 3937 quze
1037 3870 1242 3937 primus
1271 3887 1336 3926 ex
1367 3871 1709 3930 bibliothecae
1738 3876 2035 3933 casinensis
2055 3882 2241 3938 codice

647 3958 701 4014 in
749 3959 918 4017 lucem
963 3964 1103 4018 eruit
1149 3965 1372 4020 Basilius
1411 3967 1712 4036 millanius,
1761 3971 2060 4028 monachus
2102 3975 2241 4029 casi-

645 4069 772 4108 nas:
805 4054 1230 4127 prodieruntque
1262 4059 1550 4126 Bononiaz,
1586 4060 1728 4116 iit-8°
1758 4063 1903 4134 apud
1929 4069 2055 4121 Ant.
2087 4064 2241 4123 Ciac-

545 4168 551 4179 ι
643 4147 900 4202 carellum
959 4159 1014 4204 et
1069 4149 1416 4222 Peregrinum
1488 4153 1830 4223 Bonardum,
1882 4172 2027 4214 anno
2075 4159 2237 4216 1558.

645 4238 880 4306 Questus
909 4244 1158 4312 equidem
1188 4255 1271 4302 cst
1313 4248 1515 4316 primus
1548 4248 1633 4303 hic
1669 4250 1998 4307 scholiorum
2029 4255 2237 4322 editor,

645 4331 887 4387 codicem
911 4334 1007 4390 Ms.
1029 4377 1043 4398 ,
1074 4353 1180 4401 quo
1211 4353 1340 4394 usus
1370 4348 1487 4407 est,
1519 4340 1654 4396 adeo
1695 4341 1863 4400 fuisse
1895 4346 2237 4404 librariorum

645 4421 859 4478 inscitia
904 4437 1218 4496 corruptum
1241 4473 1257 4497 ,
1288 4440 1345 4485 ut
1383 4445 1530 4502 smpe
1563 4432 1653 4488 vix
1698 4435 1994 4493 divinando
2023 4449 2234 4496 rectum

645 4529 830 4586 posset
856 4523 1069 4592 assequi
1099 4537 1340 4583 sensum.

746 4612 822 4666 De
850 4629 1015 4685 opere
1069 4628 1282 4686 autem,
1315 4621 1492 4693 deque
1523 4624 1670 4680 illius
1710 4634 1962 4693 auctore,
1988 4642 2090 4683 nec
2130 4644 2236 4684 non
2264 4651 2317 4714 D

644 4704 714 4762 de
758 4721 916 4776 cura,
967 4726 1128 4779 quam
1181 4715 1234 4769 in
1283 4730 1350 4771 eo
1391 4717 1712 4773 illustrando
1745 4719 2041 4788 impendit,
2097 4720 2238 4776 haud

645 4801 875 4855 otiosum
896 4803 1126 4860 fortasse
1153 4805 1312 4862 fuerit
1341 4810 1517 4878 ipsum
1550 4811 1764 4879 audire,
1797 4811 2060 4867 lectorem
2084 4829 2239 4869 suum

644 4893 1009 4964 alloquontem
1057 4897 1141 4954 bis
1171 4900 1350 4957 verbis
1377 4921 1388 4956 :
1415 4921 1435 4954 ι
1472 4903 1542 4960 Ut
1582 4921 1648 4959 ne
1693 4905 1822 4975 quid
1865 4917 2044 4973 essm,
2080 4926 2100 4959 ›
2160 4908 2244 4962 in-

644 4987 792 5055 quit,
824 5006 843 5038 ι
878 4988 1064 5060 inquo
1110 5008 1197 5048 me
1241 5005 1332 5048 aut
1361 4995 1912 5068 plancindiligeutetn
1958 5014 2235 5069 argueres,

645 5086 738 5131 aut
774 5078 934 5134 etiam
970 5096 1257 5139 accusares
1285 5097 1342 5139 ιιι
1376 5086 1670 5152 audacem,
1704 5089 1875 5144 amice
1907 5089 2113 5154 lector,
2153 5109 2240 5146 se-

643 5169 773 5227 dulo
823 5173 1222 5250 diligenterque
1279 5182 1427 5248 cavi;
1485 5197 1607 5237 nam
1663 5193 1718 5239 et
1763 5185 2082 5254 opusculum
2137 5186 2239 5242 hoc

717 5333 794 5411 (li
820 5331 1127 5411 Cassiodor.
1147 5379 1162 5402 ,
1194 5339 1414 5411 inuitat.
1445 5341 1603 5396 divin.
1639 5343 1717 5397 lit.
1739 5383 1753 5406 ,
1786 5358 1904 5411 cap.
1937 5343 1991 5399 5.

719 5403 810 5485 (2)
831 5404 1138 5480 Hirronytn.
1167 5451 1182 5473 ,
1211 5408 1419 5485 Prolog.
1445 5413 1498 5467 in
1526 5413 1714 5468 Matth.
1785 5403 1902 5485 pag.
1936 5415 1992 5484 8,
2019 5422 2075 5471 et
2103 5415 2232 5472 edit.

647 5472 838 5547 Vetti
865 5519 880 5539 ,
911 5472 1050 5532 tum:
1076 5472 1197 5537 Vltti.
1233 5499 1283 5547 ιι.
1315 5483 1365 5536 7.

717 5543 796 5686 (3;
822 5548 1125 5605 Cassiodor.
1149 5594 1166 5616 ,
1200 5543 1327 5606 ibid.
1349 5595 1364 5615 .
1394 5569 1511 5623 cap.
1548 5555 1600 5610 7.

719 5616 771 5686 (4
823 5616 1088 5686 Lardner,
1121 5623 1225 5676 loc.
1258 5625 1348 5679 cit.
1372 5669 1386 5686 ,
1429 5643 1480 5686 ι).
1521 5628 1588 5682 l9

823 5616 1088 5691 Lardner,
1121 5623 1225 5676 loc.
1258 5625 1348 5679 cit.
1372 5669 1386 5688 ,
1429 5616 1480 5691 p'.
1521 5628 1644 5682 l9l.

742 5688 795 5767 ξ)
816 5688 1119 5767 (λθςεὶοιξητ,
1138 5736 1154 5760 ,
1185 5694 1289 5749 foe.
1318 5688 1439 5759 cit.,
1471 5712 1587 5767 cap.
1615 5698 1669 5755 9.

746 5756 976 5839 Ψρ-ιγε
1023 5756 1284 5839 ιοε.ξεᾱι.,
1325 5783 1376 5839 p.
1412 5756 1535 5822 1'47.

725 5828 802 5903 (7)
826 5828 1062 5892 Ceillier.
1084 5879 1099 5904 ,
1135 5837 1236 5893 loc.
1270 5828 1403 5908 'ci't.,
1435 5857 1488 5912 p.
1513 5841 1618 5899 545
1656 5850 1712 5900 et
1741 5841 1866 5901 356.

2355 1942 2576 1997 nitatem
2619 1940 2817 1997 referat
2858 1963 2872 1999 :
2919 1953 3126 2000 tantum
3171 1958 3346 2002 tamen
3391 1959 3583 2006 auctor
3622 1953 3723 2008 iste
3769 1953 3952 2010 brevi—

2352 2041 2460 2088 tate
2508 2049 2601 2088 sua
2648 2036 2934 2105 pra-stitit,
2985 2049 3036 2092 ut
3089 2041 3442 2109 quorumdam
3470 2043 3755 2100 verborum
3796 2047 3945 2103 inso-

2351 2127 2572 2181 lentiam
2621 2128 2828 2184 utilitas
2874 2133 3173 2202 argumenti
3220 2133 3430 2190 abunde
3476 2151 3704 2206 pensare
3752 2141 3945 2210 possit.

2349 2220 2460 2277 Nos
2483 2233 2632 2279 certe
2673 2239 2796 2280 cum
2839 2225 2980 2281 idem
3023 2228 3138 2296 ipse
3178 2245 3283 2283 non
3335 2229 3498 2285 verba
3548 2231 3742 2301 quibus
3794 2234 3948 2289 iden-

2353 2314 2514 2370 tidem
2576 2317 2884 2388 impropriis
2928 2329 2984 2374 et
3034 2320 3188 2391 longe
3230 2321 3298 2377 ab
3343 2337 3445 2378 usu
3499 2333 3645 2380 recte
3687 2326 3944 2398 loqui-nili

2349 2409 2574 2464 seruatis
2601 2411 2799 2476 utitur,
2848 2410 2946 2467 sed
2995 2427 3187 2468 sensus
3239 2414 3382 2485 ipsos
3431 2430 3723 2488 sequatur;
3769 2421 3947 2477 noluic

2350 2517 2469 2556 mus
2520 2503 2572 2557 in
2630 2505 2807 2560 verbis
2859 2520 2926 2562 eo
2993 2507 3110 2576 ipso
3172 2507 3344 2564 videri
3409 2510 3701 2568 doctiores.
3758 2513 3945 2586 Itaque

2349 2595 2590 2666 vestigiis
2623 2596 2766 2651 illius
2814 2598 3124 2654 in~istentes
3145 2645 3160 2666 ,
3199 2616 3317 2670 qua:
3347 2604 3814 2663 animadversione
3838 2610 3943 2663 im-

2349 2686 2537 2756 primis
2583 2688 2742 2759 digua
2811 2691 2922 2745 visa
2974 2701 3135 2758 sunt,
3190 2693 3324 2748 infra
3375 2695 3463 2750 hic
3523 2697 3869 2755 adnotamus.
3914 2721 3935 2754 ι

2351 2780 2620 2836 Hactenus
2650 2783 2697 2838 cl
2757 2783 2988 2840 Basilius
3019 2785 3290 2841 Millanius
3319 2786 3494 2844 editor
3526 2807 3539 2844 :
3575 2791 3663 2861 qui
3691 2793 3938 2863 quidem,

2348 2876 2390 2928 si
2416 2877 2463 2930 ei
2487 2878 2633 2932 locus
2655 2877 3106 2950 llieronymiauus
3133 2884 3492 2938 succurrisset
3525 2885 3592 2940 de
3618 2885 3752 2940 Viris
3777 2887 3945 2942 illus-

2349 2967 2518 3022 tribus
2541 2972 2786 3039 superius
2813 2972 2966 3027 nobis
2991 2984 3318 3030 memoratus
3335 3017 3351 3040 ,
3383 2991 3556 3046 neque
3581 2978 3779 3048 gallum
3805 2977 3949 3034 fuis—

2346 3076 2404 3116 se
2437 3060 2802 3128 Victorinum,
2845 3081 2941 3120 seu
2971 3067 3357 3136 pictaviensem
3386 3071 3697 3140 episcopum
3743 3073 3946 3128 existi-

2347 3166 2548 3211 masset
2570 3199 2584 3222 ,
2619 3174 2795 3228 neque
2823 3159 2891 3215 de
2908 3161 3048 3232 stylo
3069 3162 3186 3231 ejus
3206 3164 3480 3234 incompto
3501 3165 3635 3220 adeo
3654 3165 3942 3223 doluisset.

2421 3247 2546 3303 llaec
2596 3261 2777 3306 autem
2827 3267 2894 3307 ex
2939 3253 3147 3310 editore
3189 3265 3376 3311 ucstro
3408 3268 3691 3329 propterea
3748 3262 3944 3328 impri-

2347 3342 2448 3396 mis
2469 3343 2821 3399 describenda
2859 3347 3193 3413 censuimus,
3225 3350 3396 3420 inquit
3439 3351 3753 3407 Gallaudius
3799 3352 3928 3426 (l),

2345 3434 2487 3503 quod
2519 3434 2741 3505 hujusce
2767 3439 3010 3508 opusculi
3042 3439 3239 3505 editio,
3273 3443 3426 3497 unica
3459 3443 3735 3499 enimvero
3763 3445 3938 3501 adeo-—

2347 3543 2452 3596 que
2492 3544 2709 3598 perrara
2731 3573 2745 3594 ,
2778 3547 2874 3586 eos
2901 3533 2966 3588 ad
2999 3549 3165 3590 unum
3193 3552 3380 3592 omnes
3410 3537 3667 3594 hactenus
3699 3541 3942 3606 latuerit,

2344 3623 2436 3692 qui
2463 3632 2572 3678 tum
2607 3624 2711 3680 hoc
2731 3669 2746 3693 ,
2780 3635 2888 3682 tum
2919 3631 3204 3699 superiore
3235 3633 3440 3687 sznculo
3469 3632 3538 3688 de
3582 3635 3946 3705 scriptoribus

2345 3718 2730 3776 ecclesiasticis
2755 3723 2933 3790 egisse
2964 3736 3281 3781 noscuntur.
3316 3728 3372 3783 Si
3397 3729 3540 3783 enim
3564 3729 3628 3783 iis
3656 3743 3942 3801 perspecta

2343 3811 2534 3868 fuisset
2583 3813 2708 3878 illa,
2757 3815 2935 3872 nullus
2976 3817 3196 3884 dubito,
3251 3822 3377 3891 qttiu
3427 3821 3689 3890 ejusmodi
3732 3822 3942 3878 scholia

2345 3915 2606 3977 tanquam
2669 3909 2959 3980 genuinum
3008 3911 3265 3969 Victorini
3327 3914 3511 3971 foetum
3562 3920 3940 3989 excepissent,

2346 4000 2805 4072 agnovissentque
2847 4004 3040 4069 simul,
3069 4006 3404 4062 subdititium
3431 4012 3652 4065 omnino
3681 4025 3820 4073 esse,
3855 4023 3945 4067 ut—

2346 4103 2468 4164 pote
2497 4095 2631 4150 mire
2655 4097 3032 4167 interpolatum
3055 4140 3070 4164 ,
3104 4104 3548 4158 commentarium
3580 4106 3630 4159 in
3666 4104 3943 4179 Apocaly-

2345 4187 2500 4258 psin,
2527 4189 2616 4258 qui
2667 4189 2767 4244 sub
2822 4192 2938 4257 ejus
2981 4193 3198 4249 nomine
3245 4196 3295 4250 in
3337 4195 3674 4253 bibliothecis
3713 4197 3941 4255 Patrum

2342 4281 2736 4337 circumfertur.
2797 4282 2864 4337 Et
2925 4287 3156 4352 primum
3208 4289 3425 4356 quidem
3484 4304 3550 4345 ex
3607 4288 3944 4349 Cassiodoro

2342 4374 2601 4430 discimus
2659 4375 2784 4449 (2),
2849 4377 3182 4434 Victorinum
3249 4381 3312 4435 de
3361 4383 3490 4438 libro
3553 4383 3942 4455 Apocalypseos

2343 4468 2658 4538 difﬁcillima
2687 4470 2924 4540 quadam
2952 4472 3065 4525 loca
3092 4473 3306 4528 breviter
3333 4484 3581 4530 tractasse
3613 4494 3629 4532 :
3661 4493 3782 4546 qua:
3808 4480 3942 4548 qui-

2343 4558 2466 4614 dem
2514 4561 2720 4617 notatio
2760 4573 2814 4616 et
2858 4564 3059 4620 nostris
3103 4565 3323 4620 scholiis
3363 4568 3607 4637 apprime
3634 4583 3944 4639 congruere

2345 4655 2618 4722 noscitur,
2647 4666 2701 4711 et
2729 4672 2759 4710 a
2804 4657 3118 4728 pervulgato
3163 4662 3556 4716 commentario
3597 4661 3772 4717 aliena
3813 4679 3946 4720 esse

2343 4749 2702 4816 comperitur;
2753 4760 2809 4802 ut
2845 4750 3067 4806 cuilibet
3119 4762 3402 4824 utrumque
3446 4770 3582 4825 opus
3631 4755 3943 4812 conferenti

2347 4841 2685 4910 perspicuum
2745 4841 2852 4896 fiet.
2913 4841 3114 4896 Deinde
3162 4845 3304 4914 quod
3367 4846 3446 4900 rei
3497 4857 3658 4916 caput
3709 4860 3826 4914 est,
3881 4849 3941 4904 in

2346 4934 2546 4988 nostris
2575 4935 2780 4988 scltoliis
2823 4936 2970 5004 regni
3016 4937 3296 4991 millenarii
3348 4948 3471 4991 nota
3502 4949 3774 5007 comparet
3816 4939 3941 5011 (3);

2343 5028 2484 5096 quod
2516 5043 2645 5082 sane
2671 5028 3002 5083 Victorinum
3035 5045 3154 5083 ctnn
3179 5030 3300 5085 aliis
3343 5033 3734 5101 antiquioribus
3763 5048 3940 5103 agno-

2344 5122 2525 5183 visse.
2576 5122 2824 5191 superius
2869 5138 2932 5177 ex
2976 5122 3302 5195 Hieronymo
3347 5125 3673 5193 accepimus.

2441 5212 2590 5267 Hand
2665 5222 2842 5267 tamen
2908 5215 3152 5269 dissimnl
3191 5215 3356 5270 ndutn
3423 5215 3667 5271 videtur.
3729 5215 3940 5273 scholia

2342 5321 2436 5361 sua
2466 5305 2788 5362 concludere
2821 5307 3148 5364 Victorinum
3179 5311 3261 5363 itis
3288 5311 3466 5364 verbis
3494 5327 3506 5362 :
3539 5327 3558 5362 σ
3593 5311 3735 5382 Ergo
3764 5311 3929 5368 audi-

2342 5397 2467 5453 emli
2496 5413 2603 5452 non
2634 5407 2792 5462 sunt,
2827 5401 2916 5470 qui
2949 5401 3095 5454 mille
3121 5415 3384 5454 annorum
3409 5416 3632 5472 regnum
3657 5413 3938 5458 terrenum

2339 5506 2461 5547 esse
2477 5493 2800 5548 Conﬁrmant
2817 5495 2927 5565 ,qui
2945 5510 3065 5550 cum
3084 5492 3344 5550 Cerintho
3358 5494 3615 5552 Ita-retico
3631 5499 3934 5554 sentiunt.»

2439 5627 2486 5706 ᾖ)
2516 5628 2764 5706 Calland.
2787 5675 2802 5698 ,
2827 5632 2938 5706 _loc.
2981 5634 3073 5706 cit.
3109 5651 3162 5706 p.
3197 5636 3248 5691 6.

2439 5629 2486 5700 l)
2516 5629 2764 5686 Galland.
2787 5675 2802 5698 ,
2835 5632 2938 5686 loc.
2981 5634 3073 5687 cit.
3109 5651 3162 5706 p.
3197 5636 3248 5691 6.

2407 5629 2490 5779 ἓξ)
2523 5703 2800 5779 Cassiod”
2827 5702 2929 5758 loc.
2964 5705 3096 5779 cit.,
3141 5723 3242 5779 cap
3270 5709 3323 5765 9.

2406 5775 2500 5899 (.3:5
2559 5772 2860 5841 Victorin.,
2919 5772 3088 5832 schol.
3151 5772 3224 5834 in'
3289 5781 3643 5854 Apocalyps.,
3706 5796 3759 5848 ι,
3825 5780 3939 5848 15;

2337 5859 2438 5914 xx,
