4196 6246
268 267 380 324 297

1621 272 2148 334 PROLEGOMENA.

3465 295 3574 357 298

265 385 374 439 alia
397 381 599 438 ibidem
628 381 1321 440 lumclocnmillustrantia.
1353 386 1506 455 Quod
1532 403 1661 443 vero
1682 389 1865 444 Victo-
1893 393 1944 453 Α
1972 390 2053 442 sin
2089 406 2103 443 :
2133 397 2185 444 et
2224 403 2347 445 cum
2405 394 2586 450 senior
2627 393 2737 464 jam
2792 404 3006 465 putaret
3033 413 3092 454 se
3137 415 3233 471 per
3259 406 3566 474 passionem

265 475 426 531 rinus
453 477 1009 546 intellexteritseptem
1057 477 1436 546 Ecclesias,ad
1477 496 1608 548 quas
1634 489 1711 535 tot
1737 482 1863 551 Epi-

262 569 423 624 stola:
464 569 520 625 in
564 569 882 625 collectione
923 570 1136 640 pauliua
1164 570 1380 626 directa:
1405 582 1548 639 sunt,
1579 589 1645 627 ex
1669 573 1864 643 duplici

263 662 504 717 auctoris
526 660 694 716 nostri
731 662 873 727 loco,
905 677 1012 717 uno
1040 662 1093 717 in
1131 662 1352 718 scholiis
1395 665 1448 718 in
1479 665 1861 738 Apocalypsin,

260 754 444 810 altero
488 754 733 824 ejusdem
784 755 836 809 in
873 757 1262 811 commentario
1289 755 1339 811 in
1369 756 1724 828 Apocalypsin
1752 773 1864 812 ma-

260 847 464 905 nifeste
486 857 732 914 constat;
765 848 819 903 in
848 857 1074 919 utroque
1101 849 1218 904 haec
1243 850 1510 905 habentur
1534 849 1617 922 (l)
1647 869 1660 906 :
1695 868 1715 902 ‹
1746 850 1863 906 Istae

257 951 476 1012 septem
515 941 687 998 stella:
735 949 862 996 sunt
889 951 1094 1012 septem
1149 941 1430 1006 Ecclesite,
1457 942 1523 998 ad
1567 959 1701 1012 quas
1741 944 1864 998 fecit

257 1032 574 1105 Epistolas;
633 1048 740 1089 non
781 1035 906 1104 quia
959 1037 1086 1104 ipsa:
1114 1035 1246 1090 sola:
1292 1046 1418 1090 sunt
1461 1035 1740 1104 Ecclesiae,
1772 1046 1864 1092 aut.

256 1127 559 1198 principes,
582 1128 677 1182 sed
704 1126 849 1197 quod
883 1127 970 1182 uni
997 1127 1152 1193 dicit,
1174 1127 1428 1184 omnibus
1453 1129 1604 1186 dicit.
1630 1129 1782 1188 Unde
1809 1141 1863 1187 et

258 1221 318 1275 in
352 1230 466 1274 toto
503 1220 637 1275 orbe
687 1221 1046 1290 septennatim
1102 1220 1374 1278 Ecclesias
1400 1239 1610 1290 onlnes,
1657 1237 1862 1296 septem

256 1305 382 1370 esse
411 1311 738 1378 nctttiiatas,
766 1322 823 1368 et
845 1329 1006 1368 unam
1033 1327 1156 1368 esse
1173 1313 1526 1382 Catholicam,
1553 1316 1748 1372 Paulus
1766 1317 1863 1374 do-

253 1408 392 1472 cuit,
417 1407 666 1463 scribens
692 1405 756 1462 ad
785 1416 990 1478 septem
1022 1406 1318 1476 Ecclesias,
1361 1409 1435 1464 uti
1461 1409 1528 1464 ad
1562 1409 1858 1480 Romanos,

252 1499 323 1554 ad
353 1497 689 1563 Corinthios,
721 1501 786 1552 ad
829 1497 1068 1564 Galatas,
1121 1497 1187 1554 ad
1235 1499 1522 1568 Ephesios,
1555 1503 1619 1558 ad
1668 1503 1864 1575 Philip-

254 1607 482 1662 penses,
513 1592 578 1647 ad
607 1590 976 1660 Colossenses,
1005 1593 1071 1648 ad
1105 1591 1639 1652 Thessalonicenses.
1667 1596 1860 1655 Postea

257 1684 625 1757 singularibus
664 1685 913 1756 personis
942 1686 1182 1757 scripsit,
1223 1703 1292 1744 ne
1326 1689 1614 1746 excederet
1640 1691 1858 1748 modum

249 1789 461 1850 septem
489 1778 884 1836 Ecclesiarum.
920 1780 988 1836 Et
1029 1782 1082 1836 in
1137 1781 1286 1838 brevi
1319 1784 1644 1840 contrahens
1669 1788 1863 1856 prredi-
1894 1796 1938 1858 Β
1965 1799 2128 1854 super
2177 1786 2461 1842 tribunalia
2513 1790 2786 1849 sedentes.
2870 1835 2885 1850 .

249 1871 521 1928 cationem
565 1887 719 1928 suam
749 1872 814 1928 ad
843 1873 1182 1929 Timotheum
1213 1874 1290 1929 ait
1315 1892 1329 1929 :
1355 1885 1413 1930 ut
1437 1877 1596 1946 scias,
1628 1881 1857 1950 qualiter

251 1963 457 2020 debeas
480 1965 795 2020 conversari
816 1965 871 2020 in
911 1965 1151 2022 Ecclesia
1188 1966 1280 2023 Dei
1311 1967 1435 2024 vivi.
1476 1988 1496 2022 ι

335 2057 511 2112 Prima
539 2057 683 2114 Petri
711 2059 942 2130 Apostoli
973 2058 1209 2131 Epistola
1254 2078 1286 2114 a
1323 2058 1584 2119 Victorino
1621 2064 1854 2122 laudata.

251 2179 334 2194 -—
356 2151 608 2207 Sanctqu
643 2152 976 2208 Victorinum
1006 2153 1116 2210 divi
1146 2155 1289 2211 Petri
1317 2155 1610 2226 Epistolam
1633 2161 1857 2230 primam

253 2245 540 2317 agnovisse
561 2255 706 2317 patet
726 2256 780 2301 et
806 2263 874 2302 ex
903 2245 1145 2315 scholiis,
1174 2257 1229 2305 et
1245 2252 1634 2308 commentario
1663 2254 1781 2325 ejus
1804 2255 1858 2310 in

251 2337 618 2409 Apocalysin;
647 2337 720 2392 ait
761 2337 903 2392 enim
933 2338 1000 2394 ad
1031 2339 1192 2395 verba
1227 2340 1344 2398 haec
1370 2346 1790 2417 Apocalypseos,
1819 2363 1856 2412 ι,

253 2427 290 2483 6
317 2448 331 2484 :
357 2427 425 2484 Et
459 2432 578 2501 fecit
608 2448 699 2485 nos
723 2448 935 2502 regnum
963 2443 1007 2488 et
1041 2433 1346 2492 Sacerdotes
1373 2435 1476 2510 (2).
1506 2457 1525 2490 ι
1558 2437 1612 2494 Id
1640 2451 1721 2494 est
1748 2456 1864 2496 om-

252 2526 408 2581 nium
438 2523 678 2581 fidelium
728 2527 1049 2595 Ecclesium,
1085 2531 1223 2588 sicut
1257 2533 1449 2590 Petrus
1477 2551 1689 2608 quoque
1719 2535 1864 2608 Apov

251 2620 432 2675 stolus
461 2619 591 2675 dicit
614 2619 691 2690 (5)
721 2639 737 2675 :
761 2620 896 2678 Gens
917 2634 1115 2691 sancta,
1144 2628 1314 2698 regale
1341 2628 1732 2687 Sacerdotium.
1765 2652 1784 2685 ι

332 2717 671 2788 Apocalypsis
684 2716 879 2773 Joanni
899 2719 1239 2791 E’vangelistte
1254 2722 1442 2778 diserte
1461 2726 1772 2782 attribuitur.
1792 2759 1864 2769 -—

252 2809 314 2866 In
340 2808 508 2864 libelli
537 2811 839 2880 fragmento
882 2811 940 2868 S.
976 2813 1257 2883 Victorini,
1281 2815 1350 2873 de
1395 2817 1620 2876 Fabrica
1654 2823 1862 2891 mundi,

251 2906 421 2961 etiam
471 2908 828 2981 Apocalypsis
867 2910 1122 2969 Joannem
1152 2929 1414 2982 expressa
1459 2918 1663 2974 mentio
1703 2918 1865 2977 habe—

254 3008 370 3054 tur.
421 2999 548 3056 Nam
601 3002 852 3071 leguntur
914 3005 967 3059 in
1015 3006 1122 3062 ﬁne
1171 3007 1325 3062 istius
1375 3009 1657 3078 fragmenti
1704 3013 1865 3068 verba

257 3094 378 3148 lucc
405 3092 483 3167 (6)
518 3113 534 3151 :
571 3113 588 3147 ι
630 3095 812 3167 Itaque
838 3097 957 3154 sine
985 3098 1146 3154 dubio
1175 3111 1353 3156 autem
1386 3102 1496 3157 diei
1525 3105 1704 3175 angeli
1734 3103 1868 3161 duo-

1968 494 2318 552 accepturum
2378 489 2764 557 receptionem,
2800 491 3082 548 interfecto
3115 496 3416 556 Domitiano
3446 522 3565 562 om-

1969 570 2053 628 nia
2081 574 2196 645 ejus
2219 575 2418 646 judicia
2467 582 2640 636 soluta
2689 593 2834 646 sunt,
2864 599 2916 640 et
2943 586 3197 658 Joatmes,
3233 593 3301 648 de
3347 601 3565 656 metallo

1967 665 2242 735 dimissus,
2267 671 2344 725 sic
2368 682 2553 740 postra
2578 675 2794 732 tradidit
2837 678 2971 734 hanc
2995 683 3261 751 eamdem,
3288 704 3447 757 quam
3473 707 3564 748 ac-

1966 771 2182 830 ceperat
2203 779 2232 818 a
2259 764 2365 821 Deo
2392 769 2771 841 Apocalypsin.
2813 790 2831 824 ι
2862 770 3066 830 Confer
3095 775 3558 841 Commentarium

1972 854 2226 913 Victorini
2278 860 2330 914 in
2389 863 2771 936 Apocalypsin,
2831 875 2964 923 tom.
3023 885 3100 924 ιιι.
3153 872 3289 929 Bibl.
3344 877 3563 937 Patrum

1965 944 2238 1018 Lugdun.,
2262 965 2385 1021 pag.
2417 952 2541 1018 420,
2562 971 2591 1010 c
2623 966 2675 1009 et
2700 974 2750 1012 6.

2039 1038 2298 1096 Numerus
2326 1045 2568 1100 librorum
2603 1047 2790 1106 Veteris
2821 1051 3142 1111 Testamenti.
3170 1084 3241 1098 --
3275 1061 3346 1115 De
3383 1062 3562 1122 Veteri

1966 1131 2314 1190 Testamento
2339 1143 2614 1206 sequentia
2650 1145 2882 1199 notanda
2903 1150 3125 1204 veniunt
3154 1153 3292 1222 apud
3321 1167 3566 1214 sanctum

1966 1223 2301 1282 Victorinum
2337 1238 2602 1287 nostrum.
2633 1231 2920 1306 Computat
2947 1242 3130 1312 viginti
3152 1256 3383 1315 quatuor
3407 1250 3570 1308 Vele-

1963 1317 2037 1372 ris
2056 1317 2384 1380 Testamenti
2411 1323 2578 1379 libros
2612 1327 2740 1382 dum
2790 1333 2864 1384 ait
2895 1334 3018 1405 (l):
3057 1354 3075 1387 ι
3118 1336 3313 1410 Viginti
3338 1355 3569 1412 quatuor

1963 1410 2205 1468 seniores
2253 1413 2436 1483 viginti
2483 1427 2716 1487 quatuor
2747 1420 2865 1476 libri
2898 1438 3024 1480 sunt
3066 1410 3473 1503 pt-Opltctarum,
3518 1448 3572 1494 et

1964 1500 2098 1574 legis
2126 1504 2427 1561 referentes
2452 1509 2756 1565 testimonia
2773 1513 2983 1583 jtldit‘il.
3067 1557 3079 1574 .
3163 1561 3176 1574 .
3255 1541 3385 1582 sus
3409 1500 3572 1587 senas

1965 1595 2272 1650 testimonia
2323 1607 2449 1653 sunt
2477 1599 2690 1656 Veteris
2717 1603 3054 1664 Tcstameuti
3102 1610 3384 1672 librorum.
3447 1621 3574 1677 ldeo

1961 1686 2152 1758 viginti
2178 1697 2482 1759 etquatuor
2517 1693 2738 1750 t0tidem
2770 1696 2993 1769 faciunt,
3023 1716 3153 1773 quot
3180 1720 3306 1763 sunt
3327 1713 3574 1773 seniores

2968 1836 2984 1853 .
3069 1799 3206 1857 Sttnt
3247 1814 3423 1860 autem
3452 1809 3574 1866 libri

1961 1877 2180 1934 Veteris
2204 1879 2562 1950 Testamenti,
2593 1887 2682 1950 qui
2731 1888 3066 1959 accipiuntur
3098 1896 3283 1967 viginti
3321 1913 3571 1974 quatuor,

1961 1987 2096 2042 quos
2143 1973 2195 2029 in
2249 1973 2511 2046 Epitomis
2541 1979 2814 2038 Theodori
2871 1984 3117 2044 invenies
3147 1990 3251 2065 (‘2).
3285 2014 3304 2047 ›
3370 1996 3574 2056 Eadem

1963 2064 2081 2122 fere
2116 2068 2276 2123 verba
2322 2084 2615 2128 occurrunt
2664 2074 2714 2128 in
2763 2064 3165 2136 Commentario
3197 2084 3478 2155 Victorini,
3519 2092 3572 2148 in

1965 2161 2348 2234 Apocalypsin.
2380 2163 2430 2218 iu
2458 2164 2593 2221 Bibl.
2623 2169 2860 2236 Patrum,
2883 2171 3080 2243 Lugd.,
3105 2187 3236 2234 tom.
3263 2196 3340 2246 tu,
3364 2198 3416 2251 p.
3439 2184 3571 2241 M7.

2051 2253 2243 2311 Veteris
2276 2254 2588 2314 Testamenti
2629 2278 2745 2316 cum
2803 2282 2929 2320 novo
2984 2274 3254 2326 connexio.
3282 2305 3351 2316 -——
3383 2275 3574 2334 Tradit

1968 2358 2226 2418 praeterea
2255 2363 2474 2408 sanctus
2501 2366 2705 2428 martyr
2752 2367 2805 2413 et
2847 2360 3154 2432 episcopus.
3198 2369 3338 2437 quod
3373 2387 3572 2429 novum

1969 2441 2144 2500 ftedus
2187 2445 2345 2500 fidem
2385 2459 2545 2518 atque
2587 2448 2996 2508 fundamentum
3044 2455 3243 2514 habere
3299 2461 3576 2524 debeatin

1969 2538 2137 2592 veteri
2169 2538 2391 2606 findere,
2441 2543 2525 2596 cui
2572 2543 2838 2612 innititur,
2867 2563 2929 2602 ac
2958 2552 3110 2619 quasi
3147 2559 3574 2628 superstrnitur;

1969 2632 2159 2686 scribit
2183 2634 2327 2689 enim
2359 2634 2438 2707 ('5)
2475 2657 2486 2692 :
2525 2655 2544 2687 ι
2573 2635 2682 2694 Nec
2713 2642 3026 2710 prmdicatio
3071 2663 3191 2703 cmn
3230 2667 3370 2707 novo
3404 2672 3572 2727 popu-

1970 2723 2078 2778 lum
2115 2723 2478 2783 Christianum
2522 2731 2788 2796 signiﬁcat
2835 2745 3141 2795 cantantem
3175 2723 3442 2801 canticum
3476 2723 3575 2805 ito-

1970 2833 2117 2884 vum,
2147 2819 2200 2874 id
2227 2831 2310 2876 est
2333 2823 2725 2880 coniectionem
2755 2843 2906 2882 suam
2941 2831 3153 2900 publice
3181 2836 3574 2898 conferentem.

1969 2909 2177 2967 Novum
2221 2921 2323 2979 est,
2359 2913 2400 2969 F
2405 2915 2552 2970 ilium
2601 2917 2692 2974 Dei
2738 2919 3008 2977 hominem
3045 2925 3159 2980 ﬁeri
3195 2945 3208 2980 :
3241 2944 3438 2987 novum
3471 2946 3574 3002 est,

1970 3019 2094 3060 cum
2132 3020 2360 3077 corpore
2411 3008 2461 3062 iu
2509 3009 2705 3064 cmlum
2737 3009 3031 3070 ascendere
3064 3033 3079 3070 :
3111 3033 3306 3076 novum
3354 3036 3458 3091 est,
3489 3043 3577 3084 rc-

1973 3097 2281 3154 missionem
2352 3111 2694 3169 peccatorum
2743 3103 3049 3162 hominibus
3095 3109 3226 3167 dare
3280 3133 3293 3166 :
3350 3133 3572 3189 novum,

259 3185 462 3254 decim,
495 3189 672 3244 noctis
709 3190 888 3260 angeli
932 3191 1216 3248 duodecim
1262 3210 1360 3263 pro
1393 3211 1618 3251 numero
1665 3197 1872 3253 Srilicct
1899 3223 1944 3285 Ο
1974 3199 2163 3246 Sancto
2189 3190 2390 3261 Spiritu
2419 3193 2634 3264 signare
2656 3195 2904 3254 homines
2927 3217 2940 3254 :
2962 3218 3158 3258 novum
3191 3217 3293 3271 est,
3324 3185 3577 3268 sacerdo-

253 3281 552 3346 horarum;
587 3281 641 3336 hi
665 3292 793 3337 sunt
814 3300 1046 3355 namque
1065 3294 1298 3355 quatuor
1318 3287 1506 3358 viginti
1555 3298 1720 3345 testes
1751 3289 1867 3346 die-

252 3388 377 3430 rum
407 3381 464 3430 et
489 3375 750 3442 noctium,
790 3377 881 3447 qui
908 3379 1101 3434 sedent
1130 3392 1256 3435 ante
1281 3381 1534 3436 thronum
1581 3383 1673 3438 Dei
1715 3399 1872 3438 coro-

257 3485 359 3526 nas
388 3486 587 3526 aureas
629 3471 683 3525 in
713 3472 982 3542 capitibus
1011 3474 1122 3530 suis
1169 3473 1462 3539 habentes,
1491 3492 1618 3546 quos
1661 3477 1870 3538 Apoca-

257 3563 424 3634 lypsis
450 3562 678 3620 Joannis
702 3568 925 3635 apostoli
972 3575 1021 3622 et
1050 3569 1370 3640 evangelista?
1395 3572 1620 3625 seniores
1647 3583 1814 3628 vocat.
1843 3595 1862 3627 ο

334 3656 558 3729 Tempus
590 3662 796 3731 scriptte
823 3661 1162 3734 Apocalypsis
1183 3673 1228 3717 et
1251 3662 1411 3720 locus.
1443 3695 1514 3704 ——
1540 3665 1780 3721 Adnotat
1804 3667 1865 3724 S.

259 3750 590 3820 Victorinus,
609 3755 895 3824 episcopus
915 3764 970 3810 et
997 3765 1223 3827 martyr,
1249 3755 1396 3812 hisce
1418 3758 1469 3813 in
1488 3759 1713 3816 scholiis
1731 3771 1866 3817 tem-

256 3861 386 3916 pus,
419 3861 527 3916 quo
555 3846 911 3920 Apocalypsis
952 3864 982 3903 a
1028 3849 1086 3906 S.
1115 3849 1328 3907 Joanne
1357 3854 1605 3922 apostolo
1644 3865 1863 3912 exarata

256 3940 379 4006 ﬁnit,
427 3939 553 3995 dum
595 3941 670 3996 ait
726 3943 778 3997 in
819 3959 940 4012 cap.
989 3959 1106 4008 xm,
1153 3945 1221 4000 10
1275 3961 1288 3998 :
1346 3965 1364 3999 ι
1399 3946 1621 4018 lntelligi
1651 3959 1864 4017 oportet

257 4039 502 4104 tempus,
536 4049 641 4105 quo
669 4036 874 4105 scripta
913 4038 1266 4110 Apocalypsis
1287 4039 1429 4094 edita
1458 4052 1542 4096 est
1565 4058 1580 4094 :
1606 4042 1860 4112 quoniam

259 4137 386 4182 tunc
416 4136 538 4182 erat
562 4127 744 4185 Caesar
768 4131 1103 4186 Domitianus
1123 4148 1138 4196 ;
1162 4141 1289 4188 ante
1311 4132 1460 4187 illum
1483 4145 1661 4189 autem
1687 4134 1863 4191 fuerat

258 4219 410 4275 Titus
443 4219 611 4276 frater
633 4221 806 4286 illius;
861 4231 916 4278 et
942 4223 1321 4295 Vespasianus,
1343 4225 1506 4292 Otho,
1535 4225 1780 4282 Vitellius
1806 4237 1861 4283 et

260 4313 452 4370 Galba.
475 4315 570 4370 lsti
592 4326 717 4372 sunt
740 4318 995 4390 quinque,
1015 4320 1103 4390 qui
1122 4321 1448 4387 ceciderunt;
1473 4336 1603 4376 unus
1625 4336 1856 4388 uxsnr,

260 4409 356 4463 sub
390 4423 504 4479 quo
551 4411 747 4483 scripta
794 4423 878 4467 est
923 4415 1275 4486 Apocalypsis
1327 4414 1659 4470 Domitianus
1713 4415 1858 4471 scili—

262 4515 343 4559 cet
391 4505 498 4578 (5).
536 4523 555 4558 ι
609 4505 677 4561 Et
727 4508 887 4578 paulo
928 4509 1178 4578 superius
1217 4509 1271 4565 in
1316 4525 1436 4583 cap.
1470 4509 1540 4578 X,
1588 4511 1674 4578 11,
1723 4511 1857 4566 scri-

1979 3282 2106 3338 tium
2151 3284 2395 3354 accipere
2421 3302 2589 3342 sacrae
2619 3288 3028 3354 observationis,
3058 3305 3351 3370 etregnum
3381 3320 3578 3374 expec-

1977 3383 2093 3432 tare
2125 3377 2404 3434 immensa:
2434 3382 2892 3449 repromissionis.
2925 3384 3166 3456 Cithara,
3202 3405 3253 3447 et
3285 3395 3486 3452 chorda
3520 3400 3574 3455 in

1975 3468 2122 3541 ligno
2140 3486 2386 3535 emensa.
2407 3473 2671 3545 signiﬁcat
2697 3492 2914 3532 carnem
2937 3479 3136 3538 Christi
3155 3487 3415 3554 passionis
3431 3491 3574 3561 ligno

1972 3566 2315 3638 conjunctam
2349 3585 2361 3622 :
2388 3567 2575 3624 Phiala
2589 3570 3009 3642 confessionem,
3042 3588 3090 3631 et
3121 3582 3241 3633 novi
3271 3579 3574 3642 Sacertlotii

1973 3663 2319 3732 propaginem
2355 3682 2369 3718 :
2399 3667 2714 3736 angelorum
2743 3677 2920 3724 autem
2950 3671 3263 3740 multorum,
3304 3676 3416 3733 imo
3455 3695 3573 3735 om-

1969 3755 2117 3809 nium
2177 3757 2312 3823 laus,
2363 3759 2602 3813 omnium
2635 3758 2781 3815 salus
2820 3771 2918 3823 est,
2956 3775 3010 3819 et
3054 3769 3414 3825 testimonium
3454 3773 3572 3828 uni-

1968 3861 2141 3902 versae
2165 3850 2457 3904 creationis
2483 3850 2710 3906 Domino
2745 3863 2932 3909 nostro
2959 3858 3306 3915 rel‘erentium
3337 3865 3572 3932 gratula-

1967 3940 2168 3996 tionem
2218 3941 2552 3998 liberationis
2603 3944 2879 4002 hominum
2902 3949 2968 4005 de
2996 3951 3148 4007 clade
3181 3956 3571 4014 mortis.Resi-

1965 4034 2148 4106 gnatio
2168 4035 2466 4106 sigillorum
2512 4041 2722 4108 apertio
2751 4049 2833 4095 est
2875 4041 3085 4097 Veteris
3129 4045 3482 4118 Testamepti,
3516 4063 3573 4108 et

1967 4128 2376 4199 praedicatorum
2404 4133 2784 4201 pramuntiatio
2816 4135 2866 4188 in
2898 4135 3191 4195 novissimo
3215 4153 3454 4215 tempore
3484 4147 3566 4204 fu-

1964 4233 2208 4279 turorum
2239 4223 2340 4296 (4).
2384 4243 2404 4276 ›

2036 4319 2112 4374 De
2141 4319 2269 4375 Jesu
2307 4318 2524 4374 Christo
2556 4319 2781 4377 Domino
2831 4333 3017 4381 nostro
3063 4327 3221 4385 docet
3242 4331 3305 4386 .S.
3342 4333 3568 4393 Victori-

1963 4428 2062 4466 nus
2099 4411 2201 4483 (5),
2247 4411 2389 4484 quod
2445 4413 2514 4468 sit
2555 4414 2723 4470 Filius
2777 4417 2865 4472 Dei
2912 4430 3035 4474 ante
3085 4423 3346 4494 Originem
3382 4431 3569 4486 sa'culi

1959 4503 2098 4574 apud
2133 4505 2353 4562 Patrem
2380 4509 2614 4579 genitus,
2649 4509 2810 4564 homo
2856 4510 3030 4568 factus
3057 4515 3106 4568 in
3139 4518 3313 4574 anima
3343 4537 3466 4578 vera
3513 4537 3570 4581 et

263 4597 335 4654 bit
359 4600 444 4670 (6)
496 4618 512 4654 :
567 4618 586 4651 ι
626 4601 737 4658 lloc
786 4603 918 4658 dicit
973 4614 1272 4674 propterea,
1303 4606 1468 4677 quod.
1496 4605 1711 4676 quando
1739 4605 1856 4660 haec
1882 4629 1935 4690 Β
1959 4613 2154 4662 carne;
2202 4615 2298 4669 pro
2329 4601 2503 4656 salute
2543 4611 2723 4658 nostra
2757 4602 2920 4658 homo
2972 4605 3142 4663 factus
3185 4607 3267 4681 (6)
3305 4631 3317 4666 :
3352 4614 3564 4671 Patrem

263 4690 494 4751 Joannes
512 4693 666 4761 vidit,
687 4707 804 4751 erat
824 4695 877 4752 in
899 4697 1070 4752 insula
1091 4699 1367 4764 Pathmos,
1397 4702 1448 4754 in
1476 4699 1694 4754 metallo
1710 4697 1860 4753 dam-

273 4795 426 4842 natus
445 4803 477 4842 a
509 4787 820 4843 Domitiano
847 4787 1064 4845 Caesare
1093 4808 1107 4845 :
1143 4790 1211 4846 ibi
1239 4806 1369 4862 ergo
1397 4789 1530 4845 vidit
1554 4789 1863 4861 Apocalyp-

333 4943 409 5022 (Ι)
441 4943 803 5022 ῑξίεῳιίιιηίιι
834 4949 1075 5022 schol.in
1105 4949 1451 5022 Apocalyps.,
1475 4965 1595 5019 cap.
1621 4964 1680 5016 ιι,
1704 4949 1864 5019 p.55,

266 5014 734 5094 apud___Galland.,
778 5014 1356 5094 gtg_in_Commentai-.
1411 5014 1466 5077 in
1515 5014 1866 5094 Apocalyps.,

267 5099 324 5154 p.
349 5087 564 5164 βρεμι),
600 5106 656 5164 ιε,
696 5089 1156 5164 ἰιιλΒὶιιιχΡςιιτιιιιι
1179 5092 1426 5164 Lugdnn.

324 5155 417 5228 (2)
457 5159 560 5227 ld.,
599 5160 655 5236 in
701 5161 876 5236 schol.
921 5162 973 5218 in
1027 5181 1145 5234 cap.
1200 5182 1216 5221 ι
1260 5155 1468 5236 Ἄρμα,
1501 5182 1552 5233 p.
1586 5167 1675 5224 52.
1719 5182 1768 5231 Β,
1817 5174 1874 5220 et

267 5240 559 5353 ἱῗὲἑιιθιιι.
619 5233 673 5287 in
722 5235 919 5304 Apoc.,
971 5251 1025 5307 p.
1077 5233 1204 5303 1H4,
1254 5233 1336 5304 ιι,’
1375 5238 1426 5294 in
1471 5237 1610 5294 Bibl.
1659 5249 1868 5309 patrum

320 5313 418 5369 oga
429 5339 441 5351 .

370 5371 425 5440 5)
453 5373 475 5428 1
502 5373 672 5443 Petr.,
701 5393 762 5436 ιι.
788 5379 846 5434 9.

364 5444 742 5525 ρρΑνιοιθι-ἱιι.2
761 5449 977 5525 ιζιυειειη.
997 5453 1065 5509 de
1085 5455 1311 5512 Fabrica
1336 5453 1544 5518 mundi,
1564 5453 1703 5525 apud
1723 5450 1868 5509 Cave

263 5514 480 5642 aliis,
510 5530 577 5646 :t
601 5514 745 5590 apud
772 5514 1045 5591 Galiaud.;
1069 5543 1126 5583 ιι.
1157 5544 1230 5590 vr.
1275 5543 1328 5598 p.
1360 5527 1450 5592 5t,
1479 5514 1540 5583 et
1563 5514 1740 5582 nonin
1765 5526 1868 5582 hoc

454 5608 505 5643 tn
548 5630 563 5646 ο

454 5608 563 5646 tne.

335 5657 416 5745 (ξ)
441 5660 734 5745 Victorin.,
764 5665 939 5723 schol.
978 5668 1032 5724 in
1062 5672 1254 5743 Apoc,
1282 5687 1336 5743 p.
1377 5672 1463 5739 Gl,
1492 5687 1544 5739 c,
1575 5672 1717 5745 apud
1740 5671 1866 5728 Gal-

262 5727 525 5812 κηρίῳ
549 5727 744 5812 iubae
764 5746 934 5806 toruo,
966 5756 1088 5812 pag.

260 5832 286 5876 ι
340 5803 556 5873 (5)1d.,
592 5806 755 5875 ibid.,
789 5803 1030 5882 pag-5'9.

842 5901 1116 5969 Panos.
1152 5907 1228 5970 ν.

1964 4691 2207 4747 conﬁteri
2253 4692 2678 4764 omnipotentem
2725 4710 2847 4752 esse
2900 4695 3131 4754 dicimus
3184 4700 3379 4770 (verba
3439 4717 3567 4765 sunt

2068 4879 2120 4948 l)
2145 4877 2248 4940 ld.,
2282 4876 2439 4944 ibid.,
2463 4891 2584 4946 pag.
2620 4875 2709 4948 55.

2068 4879 2120 4948 l)
2145 4879 2248 4940 ld.,
2282 4879 2439 4944 ibid.,
2463 4891 2584 4946 pag.
2620 4879 2709 4932 55.

2042 4879 2127 5023 i2)
2150 4950 2255 5014 ld.,
2279 4949 2446 5023 ibid.,
2482 4963 2610 5023 pag.
2641 4944 2747 5023 56,Δ
2769 4963 2822 5001 Α.
2859 4947 3258 5023 Interciderunt
3295 4959 3432 5014 sicut
3458 4962 3562 5018 alia

1972 5018 2230 5100 pleraque
2279 5019 2440 5088 hujus
2480 5018 2749 5100 Theodori
2783 5021 3112 5100 monimenta
3141 5025 3253 5100 g‘de
3283 5045 3406 5096 quo,
3437 5035 3563 5100 quid

1979 5089 2072 5151 ilbi
2101 5089 2197 5164 νὴ»
2226 5100 2378 5149 certo
2426 5091 2682 5153 referam,
2715 5089 2883 5171 inquit
2929 5092 3242 5171 Gallantlius
3274 5089 3323 5154 in
3354 5089 3474 5156 nota
3517 5089 3564 5171 γι,

1976 5183 2081 5223 non
2105 5162 2330 5244 habeo;
2373 5178 2496 5216 nam
2525 5179 2631 5244 quo
2665 5162 2842 5215 minus
2867 5165 3114 5244 eumdem
3147 5162 3566 5244 llcrauliensem,

1974 5251 2064 5292 aut
2097 5233 2487 5319 Antiochenam
2529 5234 2679 5288 illurn
2719 5249 2840 5289 csse
2876 5235 3159 5307 afﬁrmem,
3197 5244 3332 5297 ratio
3364 5233 3572 5319 tempo:

1975 5325 2094 5365 rum
2126 5307 2450 5377 refragatur.

2046 5379 2128 5452 (5)
2161 5376 2448 5453 Victoria"
2475 5378 2528 5431 in
2557 5376 2731 5453 schol.
2760 5376 2812 5432 in
2846 5379 3038 5453 Apoc,
3068 5396 3187 5453 pag.
3217 5386 3303 5449 ὃὸ,
3339 5403 3390 5442 υ.
3412 5390 3572 5446 Conf.

1974 5448 2280 5526 Comment.
2327 5449 2537 5526 Victor.
2587 5448 2642 5504 in
2700 5448 2974 5522 Apoc.,’p.
3004 5448 3213 5519 «il-7,],
3243 5460 3384 5526 apud
3436 5461 3570 5518 Bibl.

1975 5524 2092 5579 Pat.
2118 5521 2311 5593 Lngd.,
2351 5522 2454 5593 loc.
2483 5522 2578 5593 cit.
2923 5521 2935 5522 ί
3275 5521 3281 5582 ζ

2041 5596 2122 5668 (4)
2152 5592 2494 5671 Ιὰ⁷,,ἰ1›ξ‹1.,ι).
2515 5592 2607 5655 56,
2633 5609 2765 5671 ηδε,
2800 5593 2851 5646 in
2875 5593 2978 5650 hoc
3003 5594 3138 5664 vol.,
3175 5612 3295 5671 pag.
3326 5610 3380 5657 et
3408 5602 3574 5662 Com.

1972 5664 2201 5725 metuar.
2236 5667 2288 5721 in
2319 5667 2514 5734 Apoc.,
2551 5664 2764 5736 p._M7,
2803 5681 2855 5717 ι’.

2046 5739 2124 5810 (5)
2160 5738 2262 5805 ld.,
2293 5738 2450 5802 ibid.,
2481 5734 2660 5810 ρξδξι,
2694 5753 2746 5790 Α.

2045 5809 2126 5887 (6)
2153 5809 2256 5875 ιιι..
2292 5811 2446 5875 ibid.,
2480 5827 2530 5882 ρ.
2567 5809 2659 5877 55,
2691 5824 2742 5863 α.

2942 5901 3014 5970 10
