4142 6262
603 287 713 346 299

1414 289 1504 346 DE
1542 290 1600 348 S.
1641 283 2009 347 VICTOBINO
2045 283 2154 347 EP.
2194 289 2307 361 ET,
2322 288 2536 348 MART.
2566 290 3101 350 PROLEGOMENA.

3793 293 3903 351 500

601 407 661 464 S.
688 405 971 479 Victorini)
1000 405 1153 481 (l)et
1173 405 1330 478 hujus
1357 405 1833 464 FiliumChristum
1856 416 2019 463 tante
2035 409 2196 479 origi-
2222 409 2276 471 A
2377 408 2638 465 Editiones
2690 429 2900 480 operum
2947 412 3007 468 S.
3075 409 3328 465 Victorini
3387 405 3789 464 Petavionemis.
3829 441 3905 450 ——

603 515 729 556 nem
761 494 941 556 smcuii
981 496 1121 570 apud
1150 497 1364 554 Patrem
1402 500 1662 569 genitum,
1694 500 1965 556 hominem
1996 500 2193 555 factum

602 592 656 646 in
679 593 856 647 anima
885 605 1009 646 vera
1040 598 1093 647 et
1114 607 1296 656 carne,
1332 600 1560 663 utraque
1584 590 1800 648 miseria
1830 602 1884 647 et
1908 604 2082 647 morte
2102 591 2197 647 de-

600 684 760 747 victa,
781 688 836 739 et
858 684 910 738 in
939 684 1126 749 cmlos,
1154 698 1274 738 cum
1306 698 1533 756 corpore
1556 701 1585 738 a
1610 678 1766 740 Patre
1788 695 2084 757 receptum,
2114 684 2196 740 cf-

598 774 803 833 t‘udisse
835 776 1090 873 Spiritum
1121 785 1382 843 sanctum,
1433 772 1633 834 donum
1660 790 1715 835 et
1747 778 1936 851 pignus
1976 780 2197 835 immor-

599 870 833 926 talitatis.
863 890 883 923 ι

673 960 885 1035 Septem
932 966 1068 1021 dona
1092 962 1339 1037 Spiritus
1379 968 1567 1022 sancti.
1590 997 1662 1009 —
1690 958 1749 1023 in
1781 964 2080 1039 fragmento
2129 967 2197 1024 de

597 1055 823 1113 Fabrica
855 1059 1061 1123 mundi,
1103 1060 1171 1115 de
1215 1068 1420 1131 septem
1470 1056 1627 1115 donis
1670 1059 1901 1130 Spiritus
1945 1061 2113 1116 sancti
2139 1061 2196 1116 in

598 1153 744 1208 hunc
771 1152 991 1208 modum
1022 1152 1240 1209 disserit
1272 1153 1349 1225 (‘2)
1386 1171 1399 1207 :
1442 1173 1461 1206 ί
1499 1153 1563 1208 Hi
1594 1162 1800 1224 septem
1833 1153 2065 1224 Spiritus
2094 1169 2194 1209 no.

600 1245 743 1300 mina
774 1254 899 1300 sunt
925 1260 1112 1300 eorum
1164 1244 1416 1316 Spiritus,
1461 1245 1553 1315 qui
1596 1261 1757 1316 supra
1801 1244 2071 1300 Christum
2101 1245 2197 1301 Dei

600 1337 980 1409 requieverunt
1007 1336 1213 1408 (Isuiw,
1246 1338 1342 1406 xt).
1377 1337 1658 1393 Summum
1707 1352 1836 1409 ergo
1888 1337 2082 1393 cmlum
2112 1353 2197 1390 sa-

600 1428 855 1502 pientia},
909 1431 1203 1486 secundum
1259 1429 1607 1494 intellectus,
1673 1429 1886 1485 tertium
1946 1429 2193 1496 consilii,

596 1532 848 1595 q’uartnm
877 1523 1112 1586 virtutis,
1146 1522 1389 1592 quintunt
1419 1522 1682 1586 scientite,
1717 1530 1927 1576 sextum
1957 1522 2193 1593 pictatis,

597 1617 885 1687 septimum
916 1615 1125 1670 timoris
1150 1615 1263 1670 Dei.
1290 1613 1402 1668 Hoc
1425 1614 1585 1685 igitur
1612 1615 1838 1669 verbum
1864 1630 1988 1669 cum
2020 1615 2194 1669 lucem

598 1709 743 1776 fecit,
772 1708 1032 1779 sapientia
1068 1716 1324 1772 vocatur;
1370 1723 1489 1763 cum
1538 1708 1759 1775 etelum,
1813 1709 2123 1763 intellectus
2178 1727 2190 1761 :

594 1816 716 1857 cum
746 1808 944 1856 terram
984 1808 1041 1856 et
1082 1813 1249 1866 mare,
1302 1798 1585 1854 consilium
1619 1818 1632 1854 :
1663 1789 1785 1855 cum
1834 1802 2002 1855 solem
2033 1810 2086 1854 et
2119 1800 2198 1854 lu-

597 1906 742 1963 nam,
769 1904 1091 1967 caeteraque,
1123 1895 1271 1950 clara
1296 1895 1467 1949 virtus
1492 1913 1508 1960 ;
1534 1905 1693 1950 terra:
1715 1910 1779 1950 ac
1805 1897 1971 1951 maris
1998 1897 2201 1951 excitat

594 1988 851 2056 scientia;
902 2005 1025 2045 cum
1068 1988 1339 2044 hominem
1382 1990 1553 2053 tinxit,
1604 1980 1776 2060 pietas
1817 2008 1831 2043 :
1876 2005 1995 2044 eum
2027 1989 2200 2044 homi-

597 2098 719 2139 nem
741 2081 1102 2145 benedixit,ac
1115 2081 1440 2149 sanctiﬁcat,
1463 2084 1622 2138 timor
1646 2083 1739 2138 Dei
1763 2098 1958 2139 nomen
1980 2083 2158 2139 habet.
2173 2102 2192 2135 ι

666 2178 932 2249 Jejunium
976 2179 1030 2232 in
1075 2175 1380 2232 Parasceve.
1430 2177 1547 2234 Diei
1600 2177 1881 2235 Dominico:
1927 2180 2199 2235 celebratio

597 2272 980 2344 Sabbatumque
1040 2272 1092 2326 in
1151 2268 1473 2326 Dominicam
1523 2283 1797 2329 mutatum.
1847 2305 1917 2314 —-
1961 2273 2202 2329 Meminit

595 2367 757 2422 etiam
790 2374 1010 2421 sanctus
1040 2364 1351 2420 Victorinus
1380 2366 1762 2423 celebrationis
1807 2367 2113 2433 dominicae,
2146 2379 2203 2423 et

594 2461 785 2515 mutati
813 2458 1021 2514 sabbati
1050 2459 1104 2512 in
1137 2458 1497 2527 dominicam,
1529 2459 1654 2514 dum
1694 2464 1763 2515 ita
1806 2462 2043 2531 loquitur
2072 2459 2148 2534 (5)
2183 2479 2197 2514 :

604 2570 625 2607 ‹
662 2554 725 2609 Et
754 2560 811 2607 ut
835 2567 901 2606 ex
924 2566 985 2607 ea
1016 2566 1073 2606 re
1099 2551 1314 2621 longius
1345 2567 1593 2607 enarrem
1626 2570 1638 2606 :
1670 2552 1811 2609 Ecce
1832 2563 2061 2625 quatuor
2086 2548 2203 2607 ani—

597 2645 758 2701 malia
779 2653 904 2700 ante
935 2646 1185 2699 thronum
1219 2644 1335 2710 Dei,
1365 2656 1598 2715 quatuor
1628 2645 1945 2717 Evangelia,
1974 2658 2202 2718 quatuor

596 2739 817 2796 ﬂumina
860 2739 912 2794 in
961 2738 1210 2810 paradiso
1254 2737 1497 2806 ﬂuentia,
1547 2752 1775 2811 quatuor
1820 2741 2202 2812 generationes

596 2837 918 2908 populorum
949 2834 1017 2889 ab
1060 2833 1232 2889 Adam
1280 2849 1451 2905 usque
1474 2830 1541 2889 ad
1569 2832 1702 2901 Noe,
1736 2850 1764 2887 a
1795 2833 1908 2891 Noe
1939 2850 2109 2904 usque
2134 2826 2203 2889 ad

596 2928 895 2995 Abraham,
946 2927 1013 2982 ab
1060 2926 1331 2982 Abraham
1361 2942 1529 2997 usque
1560 2926 1626 2980 ad
1654 2925 1896 2999 Moysen,
1944 2943 1974 2981 a
2019 2927 2203 2999 Moyse

595 3036 772 3094 usque
792 3022 859 3077 ad
886 3020 1163 3077 Christum
1184 3018 1471 3074 Dominum
1495 3014 1689 3075 Filium
1722 3018 1813 3074 Dei
1842 3038 1855 3072 :
1888 3020 1983 3075 Die
2013 3020 2202 3091 quinto

598 3123 743 3170 terra
767 3122 820 3169 et
840 3129 976 3184 aqua
1009 3111 1172 3167 foetus
1203 3127 1331 3168 suos
1361 3112 1670 3169 ediderunt.
1706 3113 1800 3168 Die
1832 3123 1992 3169 sexto
2017 3129 2201 3170 creata

2301 500 2609 557 Tractatum
2626 505 2797 559 sancti
2818 503 3100 571 Victorini,
3126 504 3191 558 de
3207 503 3429 559 Fabrica
3462 501 3669 568 mundi,
3694 504 3905 572 primus

2300 595 2468 651 edidit
2493 597 2723 659 Caveus,
2745 608 2874 651 tom.
2896 616 2911 652 ι
2933 598 3064 653 Hist.
3092 598 3255 653 litter.
3282 597 3349 653 de
3371 598 3633 669 Scriptor.
3663 596 3904 667 Eccles.,

2300 704 2419 760 pag.
2454 689 2581 755 105,
2614 690 2864 757 Londiui,
2899 692 2951 745 in
2991 690 3105 751 τοι..
3141 691 3301 757 1689,
3330 706 3581 747 recusum
3611 707 3734 746 cum
3762 707 3905 746 non-

2300 781 2463 836 nullis
2492 783 2633 838 notis
2661 783 2864 839 criticis
2890 783 2960 838 cl.
2990 782 3256 851 Walkeri,
3289 784 3504 850 Oxonii,
3528 784 3693 849 1740,
3717 794 3772 840 et
3803 785 3906 841 Ba-

2299 874 2464 943 silem,
2518 876 2677 944 1741,
2711 892 2741 931 a
2788 892 2907 948 pag.
2958 878 3262 943 148—151,
3298 879 3350 932 in
3378 878 3610 934 Historia
3642 879 3907 935 litteraria

2299 963 2483 1022 Cavei.
2530 967 2705 1038 Atque
2734 969 2870 1024 hanc
2901 960 3229 1040 postremam
3265 971 3315 1025 in
3344 972 3655 1028 recudendo
3683 972 3784 1027 hoc
3815 972 3910 1027 Vi-

2298 1059 2495 1113 ctorini
2528 1059 2826 1131 fragmento
2854 1072 3073 1118 secutus
3118 1074 3201 1120 est
3250 1063 3539 1121 editionem
3586 1064 3910 1121 Gallandius

2298 1151 2351 1205 in
2375 1152 2712 1210 Bibliotheca
2740 1164 2982 1211 veterum
3012 1157 3250 1223 Patrum,
3288 1166 3418 1212 tom.
3468 1175 3541 1224 tv,
3576 1176 3628 1228 p.
3660 1159 3907 1225 40-52,

2298 1260 2456 1313 quam
2493 1263 2642 1302 more
2672 1263 2771 1302 suo
2799 1249 2849 1303 in
2882 1249 3087 1321 aliquot
3112 1251 3381 1307 sectioues
3412 1252 3613 1321 divisit,
3647 1255 3910 1325 auxitque

2302 1339 2572 1395 nonnullis
2597 1340 3090 1399 observationibus.
3604 1378 3635 1425 ρ,

2372 1429 2585 1486 Scholia
2635 1432 2697 1489 S.
2743 1433 2993 1490 Victorini
3028 1436 3414 1495 Petavionensi:
3441 1441 3495 1496 in
3525 1441 3907 1515 Apocalypsin,

2300 1528 2576 1597 Bononia},
2636 1530 2776 1596 iit-8,
2824 1549 2852 1586 a
2902 1534 3098 1591 Basilio
3146 1535 3404 1603 Millanio,
3464 1541 3626 1605 1558,
3672 1544 3909 1612 primum

2298 1623 2461 1690 edita,
2513 1635 2567 1679 et
2612 1641 2642 1680 a
2673 1624 2954 1683 Gallandio
2996 1631 3050 1684 in
3098 1630 3489 1689 Bibliotheeam
3523 1645 3765 1691 veterum
3800 1638 3912 1693 Pa-

2299 1725 2438 1770 trum
2486 1729 2700 1788 recepta
2747 1718 2920 1785 fuere,
2968 1723 3074 1776 vol.
3106 1740 3177 1788 tv,
3213 1740 3333 1796 pag,
3364 1726 3600 1785 52-64,
3643 1731 3916 1802 Ληαιγθίιι

2226 1808 2497 1876 Bhorum
2560 1811 2788 1868 duorum
2861 1817 3242 1884 opusculorum
3315 1820 3537 1877 exhibet
3602 1823 3920 1880 indefessus

2301 1902 2365 1957 P.
2416 1904 2726 1963 Dominicus
2780 1908 3172 1978 Schrammius,
3221 1921 3355 1968 tom.
3409 1931 3531 1984 vui,
3587 1932 3618 1972 a
3670 1933 3791 1990 pag.
3842 1917 3921 1975 9.4

2305 1996 2478 2052 —56.'

2375 2091 2779 2152 Commentarius
2821 2099 2888 2155 S.
2946 2098 3191 2157 Victorini
3232 2102 3286 2157 iu
3332 2102 3702 2176 Apocalypsin,
3757 2107 3918 2179 cujus

2304 2186 2598 2246 editionem
2641 2193 2870 2262 primam
2922 2194 3201 2266 hucusque
3256 2198 3579 2272 ignoro(ita
3612 2202 3801 2256 scribit
3839 2203 3915 2260 cl.

2305 2282 2428 2336 ΑΗ).
2458 2282 2759 2352 Fabricius,
2792 2284 2928 2340 Bibl.
2964 2288 3097 2342 med.
3132 2300 3179 2343 et
3210 2290 3401 2358 inﬁma
3445 2272 3736 2359 ιαιεηειαιεὲ,
3772 2303 3917 2352 tom.

2307 2392 2382 2441 vt,
2413 2378 2514 2433 lib.
2556 2379 2647 2445 20,
2697 2397 2818 2452 pag.
2863 2381 2991 2446 295,
3036 2383 3168 2440 edit.
3216 2384 3408 2448 Mansi.
3461 2388 3626 2455 1755,
3682 2388 3919 2458 Patavii,

2306 2468 2461 2537 iri-4)
2490 2472 2667 2527 illatus
2712 2483 2797 2530 est
2836 2486 3021 2544 postea
3055 2477 3107 2530 in
3139 2477 3500 2534 Bibliothecas
3528 2492 3761 2550 patrum,
3812 2482 3923 2537 Pa-

2306 2565 2622 2634 risiensem,
2681 2568 2749 2623 de
2806 2584 2948 2625 anno
2978 2569 3137 2635 1644,
3185 2587 3216 2626 a
3246 2588 3365 2646 pag.
3394 2573 3498 2629 507
3522 2615 3538 2642 ,
3568 2583 3701 2630 tom.
3731 2590 3751 2630 t
3773 2575 3921 2648 Lug-

2306 2658 2628 2726 dunensem,
2656 2676 2775 2732 pag.
2811 2663 2919 2717 Mli
2948 2664 3178 2727 —.4‘21,
3226 2676 3358 2720 tom.
3391 2682 3470 2721 ιιι.

2377 2750 2627 2807 Carmina
2653 2754 2782 2817 duo,
2809 2755 2872 2809 de
2896 2754 2928 2809 J
2936 2774 3024 2811 esu
3047 2757 3269 2825 Christo,
3297 2758 3401 2814 Deo
3423 2772 3472 2815 et
3494 2761 3698 2818 homine
3720 2779 3918 2829 unum,

2306 2844 2533 2898 alterum
2579 2844 2647 2900 de
2691 2845 2918 2911 Pascha,
2964 2864 3059 2904 seu
3103 2850 3303 2921 lignum
3331 2853 3457 2908 vitae
3484 2854 3822 2925 inscriptum,
3856 2834 3923 2912 ἧι

2306 2935 2547 3008 Gregorii
2577 2937 2805 2994 Fabricii
2836 2953 3110 3011 poetarum
3136 2954 3380 3001 veterum
3422 2948 3924 3007 ecclesiasticarum

2307 3032 2561 3099 operibus
2586 3031 2916 3097 christianis,
2954 3053 3073 3108 pag.
3102 3038 3229 3104 76l,
3260 3039 3523 3110 impressa
3550 3042 3843 3099 habentur.

2380 3123 2460 3178 Ad
2488 3124 2603 3180 ha-c
2632 3126 2761 3181 l‘alsa
2788 3126 3067 3186 Victorino
3095 3131 3366 3202 adscripta
3398 3136 3656 3205 opuscula
3682 3138 3925 3206 pertinet

597 3214 743 3274 sunt,
775 3220 895 3277 quae
925 3205 1183 3269 deerant,
1214 3220 1277 3259 ac
1326 3205 1405 3260 sic
1453 3206 1592 3260 Deus
1637 3204 1910 3261 hominem
1941 3207 2008 3262 de
2037 3207 2201 3262 humo
2230 3212 2274 3275 C
2309 3216 2475 3270 editio
2509 3218 2647 3273 facta
2678 3219 2868 3276 Gotha:
2900 3224 2999 3277 sub
3028 3225 3178 3293 prelo
3228 3204 3465 3299 Rcyher.
3513 3245 3569 3301 p.
3614 3204 3704 3286 Joﬁ.
3750 3230 3921 3289 Mich.

600 3300 880 3366 instruxit,
914 3297 1202 3353 Dominum
1234 3299 1473 3353 omnium
1518 3314 1720 3365 rerum,
1755 3317 1874 3370 quae
1901 3316 2064 3371 super
2090 3313 2201 3358 ter-

598 3408 740 3457 ram,
790 3401 844 3447 et
888 3406 1050 3462 super
1093 3406 1285 3461 aquam
1317 3392 1518 3447 creavit
1551 3407 1564 3444 :
1599 3393 1741 3463 prius
1774 3404 1948 3448 tamen
1980 3396 2205 3465 angelos

600 3489 760 3555 atque
786 3482 1141 3554 arcltangelos
1168 3484 1391 3539 creavit.
1429 3483 1525 3538 Hic
1548 3483 1666 3539 dies
1707 3497 1891 3542 sextus
1921 3484 2204 3543 Parasceve

598 3577 922 3648 appellatur,
974 3579 1296 3648 praeparatio
1347 3577 1552 3635 scilicet
1580 3579 1753 3650 regni.
1786 3578 1991 3638 idcirco
2021 3596 2202 3639 autem

602 3668 751 3739 prius
776 3680 940 3738 Opera
971 3683 1066 3723 sua
1091 3671 1505 3739 consummavit,
1534 3688 1692 3739 quam
1723 3675 1942 3744 angelos
1971 3686 2201 3744 crearet,

600 3770 657 3818 et
685 3762 957 3818 hominem
989 3760 1290 3830 fabricavit,
1332 3780 1400 3819 ne
1440 3762 1576 3821 forte
1624 3765 1899 3835 adjutores
1940 3784 1999 3824 se
2036 3767 2205 3826 fuisse

609 3852 742 3909 falsa
771 3852 1012 3910 dictione
1042 3866 1448 3911 asseverarent.
1478 3856 1594 3913 Hoc
1623 3876 1838 3931 quoque
1869 3861 1955 3917 die
1984 3865 2045 3918 ob
2072 3863 2207 3920 Pas-

608 3946 806 4003 sionem
826 3946 1040 4002 Domini
1064 3945 1116 4001 Ν
1123 3988 1137 4002 .
1168 3942 1294 4002 Jesu
1321 3947 1531 4017 Christi,
1548 3962 1634 4004 aut
1664 3954 1934 4009 stationem
1958 3956 2087 4023 Deo,
2115 3970 2207 4014 aut

595 4040 853 4114 jejunium
888 4040 1126 4113 facimus.
1179 4040 1274 4096 Die
1304 4042 1532 4113 septimo
1564 4047 1831 4115 requievit
1857 4044 1925 4102 ab
1954 4049 2206 4105 omnibus

605 4135 861 4205 operibus
887 4133 1019 4202 suis,
1050 4144 1102 4190 et
1129 4133 1405 4190 benedixit
1450 4150 1594 4201 eum,
1626 4144 1680 4191 et
1704 4139 2091 4208 sanctiﬁcavit;
2120 4143 2204 4197 id~

605 4230 771 4296 circo,
804 4238 862 4284 ut
886 4230 973 4284 die
998 4228 1278 4284 Dominico
1303 4245 1423 4284 cum
1456 4230 1744 4299 gratiarum
1778 4235 1990 4291 actione
2014 4237 2079 4291 ad
2113 4255 2206 4308 pa-

610 4339 732 4380 nem
758 4338 1035 4391 exeamus,
1084 4333 1138 4379 et
1180 4338 1288 4378 non
1314 4339 1434 4378 cum
1461 4324 1661 4380 inducis
1700 4329 1983 4384 sabbatum
2014 4332 2203 4388 obser-

606 4430 736 4472 vare
771 4417 1069 4483 videamur,
1117 4418 1241 4488 quia
1290 4417 1403 4487 ipse
1447 4416 1706 4474 Dominus
1735 4434 1819 4478 est
1847 4424 2076 4494 sabbati,
2110 4428 2209 4483 Pa-

607 4520 829 4566 rasceve
874 4511 1113 4566 solemus
1162 4525 1472 4580 supponere
1514 4521 1567 4567 et
1609 4513 1912 4572 sabbatum.
1960 4519 2209 4577 Christus

2311 3302 2627 3379 Schallium,
2665 3312 2827 3379 1652,
2858 3314 2993 3370 iit-8.
3025 3316 3232 3372 Sancta:
3264 3319 3506 3390 reliquia:
3530 3322 3694 3377 duum
3729 3322 3925 3380 Victo-

2311 3406 2577 3472 rinorum,
2607 3404 2954 3476 pictavieusis
2985 3426 3123 3465 unus
3150 3412 3388 3483 episcopi
3412 3416 3685 3487 martyris.
3715 3418 3813 3471 afri
3840 3417 3927 3472 al-

2312 3496 2478 3550 terius
2505 3498 2617 3551 Caii
2645 3498 2817 3560 Marii,
2852 3501 3089 3557 rhetoris
3121 3506 3350 3573 primum
3381 3508 3587 3562 romani
3637 3518 3692 3563 et
3719 3526 3926 3564 consu-

2311 3589 2441 3644 laris
2490 3590 2587 3643 viri
2634 3590 2921 3647 clarissimi
2973 3598 3256 3664 conversi,
3310 3598 3505 3655 deinde
3556 3601 3921 3673 disputatoris

2312 3681 2671 3750 subtilissimi,
2705 3683 2807 3739 hoc
2836 3696 2919 3741 est
2964 3688 3255 3745 christiana
3286 3694 3603 3750 eorumdcm
3635 3696 3686 3750 iu
3722 3711 3923 3766 prorsa

2313 3774 2408 3846 (sit
2456 3776 2586 3832 vitio
2637 3790 2749 3849 typ.
2797 3780 3082 3854 excusum)
3116 3794 3169 3839 et
3198 3800 3350 3840 versa
3380 3789 3630 3844 oratione
3674 3793 3878 3862 scripta
3902 3809 3923 3848 :

2310 3867 2462 3925 Illius
2491 3869 2711 3941 quidem
2740 3878 3163 3932 commentarius
3195 3879 3245 3932 in
3273 3880 3641 3952 Apocalypsin
3667 3881 3923 3952 Joannis,

2312 3972 2366 4017 et
2395 3964 2492 4015 tria
2516 3965 2919 4034 elegantissima
2952 3968 3019 4024 de
3045 3969 3175 4025 Jesu
3206 3970 3422 4029 Christo
3450 3974 3562 4029 Deo
3587 3986 3643 4031 et
3674 3975 3923 4046 homine,

2314 4053 2537 4125 ejusque
2570 4056 2775 4112 Pascha
2806 4073 2900 4113 seu
2930 4076 3110 4126 cruce,
3137 4079 3235 4119 nec
3266 4080 3371 4119 non
3395 4064 3462 4120 de
3480 4078 3685 4137 septem
3709 4079 3929 4140 marty-

2314 4148 2462 4203 ribus
2509 4150 2763 4207 lratribus
2809 4153 3186 4224 Macchabaeis,
3244 4159 3480 4214 carmina
3516 4179 3530 4214 :
3564 4160 3763 4231 hujus,
3806 4173 3927 4220 etc.

2313 4244 2505 4299 Omnia
2550 4256 2603 4299 et
2656 4247 2858 4315 singula
2907 4264 3028 4303 cum
3057 4252 3200 4305 notis
3253 4262 3307 4307 et
3356 4252 3667 4322 praefatione
3703 4255 3763 4310 D.
3800 4256 3930 4312 An-

2314 4335 2460 4391 dreae
2484 4332 2659 4392 Rivini
2689 4337 2866 4412 (Prol.
2895 4340 3095 4414 Lips.),
3129 4345 3219 4413 qui
3247 4345 3361 4399 suis
3391 4348 3699 4417 sumptibus
3721 4349 3932 4407 excudi

2316 4428 2463 4485 fecit.

2389 4521 2466 4577 De
2489 4524 2608 4578 viris
2642 4525 2935 4584 Victorinis.
2959 4561 3029 4570 —
3050 4530 3154 4586 Pro
3172 4524 3442 4590 Coronide
3469 4534 3556 4590 hic
3571 4538 3928 4596 animadver-

608 4601 770 4672 igitur
796 4601 1079 4656 sabbatum
1111 4612 1343 4671 corpore
1372 4616 1471 4657 suo
1510 4604 1753 4662 resolvit.
1806 4608 1965 4665 Jesus
1994 4628 2211 4684 quoque
2239 4612 2292 4674 D
2323 4615 2565 4683 tendum,
2622 4619 2675 4673 1⁰
2711 4621 2851 4689 quod
2883 4624 3281 4680 eruditissimus
3329 4625 3600 4685 Launoius
3649 4632 3700 4685 in
3750 4634 3930 4692 altera

606 4690 754 4751 Nave
794 4704 846 4750 et
876 4696 990 4764 ipse
1036 4693 1317 4749 sabbatum
1373 4695 1630 4764 resolvit;
1683 4699 1771 4755 die
1814 4705 1956 4757 enim
2003 4707 2211 4763 sabbati

608 4788 869 4862 prtecepit
894 4788 1017 4844 ﬁliis
1040 4786 1225 4855 Israel,
1262 4799 1319 4843 ut
1346 4806 1531 4845 muros
1557 4792 1794 4849 civitatis
1824 4794 2041 4852 Jericbo
2074 4803 2208 4857 lubi-

609 4883 824 4940 cinibus
849 4882 1214 4947 circumirent,
1246 4891 1301 4938 et
1328 4882 1527 4938 bellum
1573 4886 1857 4955 Allophilis
1888 4892 2209 4950 indicarent.

611 4977 935 5034 Mathatbias
981 4988 1159 5033 autem
1177 4977 1439 5048 ‘princeps
1467 4977 1604 5035 Juda
1631 4978 1912 5040 sabbatum
1955 4989 2209 5057 resolvit;

612 5087 734 5126 nam
767 5069 1077 5141 przeiectum
1108 5070 1314 5141 antiqui
1347 5072 1490 5142 regis
1516 5071 1688 5145 Syria:
1738 5076 1965 5132 sabbato
1990 5083 2210 5151 occidit,

610 5174 665 5220 et
695 5164 999 5237 All0philos
1030 5181 1123 5218 sua
1159 5167 1534 5234 persecutione
1563 5168 1811 5237 subjecit.
1874 5171 2215 5247 Quapropter

612 5272 798 5314 verum
846 5257 974 5314 illud
1019 5258 1300 5313 sabbatum
1346 5269 1553 5329 septem
1601 5262 1767 5319 millia
1817 5269 1965 5334 anni,
2012 5266 2064 5325 in
2108 5286 2216 5341 quo

611 5351 857 5408 Christus
874 5367 995 5408 cum
1014 5350 1199 5406 electis
1221 5352 1333 5406 suis
1354 5364 1671 5422 regnaturus
1693 5367 1796 5414 cst.
1830 5379 1848 5411 ι

689 5530 769 5606 (τ)
792 5531 1093 5625 “mmihi
1120 5529 1471 5625 eam
1516 5534 1681 5625 ipse;
1707 5552 1802 5625 ιρ-
1839 5541 2023 5625 sap-
2053 5542 2214 5625 cour-

610 5605 847 5660 Comm..
878 5620 929 5671 p.
963 5606 1066 5658 417
1099 5614 1151 5658 et
1178 5605 1484 5657 Comment.
1516 5605 1567 5659 in
1599 5605 1791 5675 Apocl,
1820 5628 1872 5681 p.
1910 5615 2012 5680 59,
2045 5619 2111 5670 Α.

689 5674 770 5746 (2)
803 5673 1084 5738 Victorin.,
1132 5674 1199 5729 de
1230 5672 1454 5730 Fabrica
1485 5679 1691 5745 mundi,
1747 5694 1799 5738 n.
1845 5682 1878 5739 5
1905 5695 1959 5741 et
1983 5684 2037 5746 6,
2070 5689 2214 5746 apud

689 5674 770 5801 (2)
803 5673 1084 5738 Victorin.,
1132 5674 1199 5758 de
1230 5673 1454 5730 Fabrica
1485 5679 1691 5745 mundi,
1747 5673 1799 5738 ni.
1820 5673 1878 5739 ’5
1905 5695 1959 5741 et
1983 5673 2037 5755 6,
2070 5705 2175 5760 apu

614 5749 687 5806 Ga
715 5745 858 5816 land.
893 5762 945 5816 p.
976 5747 1064 5816 5t),
1100 5756 1154 5800 et
1181 5764 1234 5801 tn
1266 5747 1367 5802 hoc
1387 5756 1553 5801 tomo.

689 5819 767 5891 (δ)
797 5815 901 5885 ld.,
929 5815 1083 5883 ibid,
1112 5833 1165 5888 ρ.
1192 5818 1284 5884 49,
1316 5835 1368 5873 η.
1393 5820 1429 5874 2
1451 5830 1505 5875 et
1532 5816 1585 5877 3.

2322 4708 2531 4764 minore
2563 4709 2940 4769 dissertatione
2980 4721 3382 4773 annotetetiam
3417 4720 3532 4794 (l);
3582 4723 3683 4779 sub
3726 4726 3928 4783 eodem

2321 4802 2539 4858 nomine
2560 4801 2794 4878 (scilicet
2825 4807 3111 4883 Victorini)
3138 4814 3375 4885 quinque
3393 4815 3640 4873 diversos
3668 4831 3930 4879 auctores

2316 4895 2601 4966 insignitus
2660 4896 2860 4967 fuisse;
2928 4921 3153 4974 quormn
3215 4908 3421 4977 primus
3472 4921 3595 4979 est,
3648 4912 3929 4980 opinionis

2319 4985 2538 5043 Praxeae
2567 5002 2824 5059 assertor,
2854 4997 3008 5065 cujus
3029 5001 3275 5055 meminit
3299 5002 3666 5061 Tertullianus
3687 5005 3802 5080 (2);
3829 5022 3926 5063 se-

2319 5083 2525 5137 cundus
2557 5100 2685 5141 vero
2715 5089 2837 5151 iste,
2870 5090 2937 5145 de
2966 5106 3076 5163 quo
3106 5094 3381 5165 hucusque
3407 5107 3583 5151 actum
3615 5117 3630 5153 :
3662 5114 3929 5156 romanus

2319 5177 2535 5245 quidam
2563 5178 2765 5245 rhetor,
2791 5181 2859 5237 de
2884 5198 2990 5253 quo
3019 5188 3346 5256 Augustinus
3374 5188 3474 5263 (5),
3512 5192 3701 5248 tertius
3732 5210 3928 5250 nume-

2318 5278 2735 5341 raturzqnartus
2753 5287 2929 5330 autem
2963 5274 3060 5332 fuit
3083 5278 3171 5333 ille
3200 5282 3568 5352 massiliensis,
3594 5285 3750 5354 cujus
3770 5303 3931 5343 men-

2323 5361 2523 5418 tionem
2576 5364 2703 5420 iacit
2755 5365 3061 5425 Gennadius
3119 5371 3218 5443 (4).
3267 5373 3500 5431 Ultimus
3536 5378 3755 5434 tandem
3806 5381 3930 5438 sive

2505 5481 2735 5565 ἑψηρῇ
2764 5499 2917 5565 opp.,
2947 5494 3077 5565 to_m.
3112 5505 3167 5549 tt,
3188 5506 3252 5565 _p.
3283 5489 3408 5565 9_i_5,
3439 5504 3492 5546 et
3517 5506 3633 5565 seq.
3704 5554 3707 5561 η

2505 5548 2851 5637 ’ζει-ιιιιϋηηὲς
2881 5548 2943 5610 de
2978 5548 3276 5637 Praescript.
3313 5548 3727 5637 ﬂaireticujcap.
3755 5564 3849 5626 55.

2501 5626 2753 5704 tangas-ty
2785 5627 2879 5704 lib.
2902 5645 3017 5704 vnt,
3049 5623 3268 5699 confes”
3299 5649 3417 5704 cap.
3444 5634 3500 5689 2.

2397 5691 2766 5777 (zi_).f}enua_t_i.2
2790 5698 2855 5754 de
2869 5691 3272 5777 scripﬁecc'lcs;
3292 5691 3412 5777 cap.
3438 5707 3529 5777 60.
3551 5708 3710 5765 Coni.
3728 5710 3924 5769 Sidon.

2202 5834 2205 5837 _
2278 5766 2283 5775 '
2322 5762 2841 5855 §p_.lib.Av,rEpi_st_.
2873 5762 3208 5843 2L'Floruit
3234 5762 3321 5834 hic
3342 5762 3928 5855 titassiliettsis,jttiiice

2322 5833 2525 5906 Caveo,
2559 5852 2700 5894 anno
2718 5833 2853 5899 ⁷454.
