4142 6262
515 291 623 351 505

1717 297 1774 352 S.
1825 286 2169 352 VICTORINI
2206 286 2556 348 MARTYlllS

3707 296 3814 357 ὅθι

510 411 752 468 coelestia
784 420 838 466 et
883 409 1159 466 terrestria
1203 417 1484 481 reguntur,
1536 412 1782 479 principii
1836 411 1956 466 loco
1976 453 1990 476 ,
2035 410 2103 466 de
2132 409 2181 470 Α
2209 421 2396 461 namus
2418 415 2465 469 ε,
2486 402 2701 473 usqueh
2729 403 2794 459 ad
2818 417 3119 476 vesperam,
3146 414 3240 462 aut
3263 409 3624 481 superpositio
3640 427 3812 482 usque

511 503 614 559 hac
641 505 925 575 septimam
951 503 1016 559 ad
1039 505 1276 559 omnium
1306 503 1751 574 septimanarium
1784 505 2048 576 rigiouum
2077 514 2102 540 ιι

508 601 763 665 melibor,
809 607 865 653 et
907 608 1065 668 prout
1108 607 1354 668 potuero,
1387 598 1601 652 virtutis
1649 597 1790 652 diem
1834 598 1886 652 in
1931 595 2103 652 eamb

509 694 1041 752 consummationem
1072 692 1310 747 conabor
1339 692 1667 761 exprimere.

582 788 642 843 In
673 788 938 859 principio
964 786 1091 842 fecit
1115 785 1255 841 Deus
1285 785 1484 851 lucem,
1519 802 1748 858 eamque
1776 785 2107 842 duodenario

510 899 665 940 mero
693 882 970 947 horarum,
1002 880 1090 935 die
1115 889 1403 952 noctuque,
1443 879 1648 946 divisit,
1678 880 1878 936 idcirco
1919 879 2108 935 videli-

505 985 615 1038 cet,
648 983 706 1029 ut
748 973 1024 1029 laboribus
1055 972 1330 1028 hominum
1381 972 1595 1044 requies
1628 983 1650 1011 ο
1681 972 1856 1028 locum
1891 982 2103 1027 noctem

505 1065 624 1122 dies
646 1065 1054 1137 superduceret,
1077 1082 1263 1122 rursus
1285 1065 1402 1122 dies
1422 1066 1852 1136 supervinceret;
1871 1066 1970 1120 hac
1997 1081 2058 1122 se
2076 1063 2106 1102 ἀ

501 1158 709 1214 alterna
733 1159 850 1214 vice
876 1159 1028 1215 labor
1051 1160 1226 1230 quetis
1242 1162 1632 1222 erefoveretur,
1662 1160 1814 1230 quies
1840 1160 2106 1215 exercita-

507 1253 654 1308 tione
693 1269 877 1310 rursus
919 1254 1023 1309 diei
1068 1263 1478 1326 temperaretur.
1518 1254 1715 1322 Quarto
1746 1255 1828 1307 die
1857 1253 2106 1325 fecitduo

508 1346 790 1400 luminaria
815 1347 869 1400 in
897 1348 1044 1412 creto,
1081 1348 1250 1417 majus
1271 1356 1317 1400 et
1338 1349 1526 1415 minus,
1565 1356 1618 1400 ut
1639 1347 1856 1401 alterum
1878 1355 2112 1417 prazesset

503 1438 628 1502 diei,
651 1439 870 1493 alterum
896 1443 1034 1493 nocti
1067 1437 1299 1511 (Genes.,
1345 1439 1386 1504 l,
1417 1439 1504 1507 16,
1541 1437 1634 1511 l7)
1657 1481 1673 1507 ,
1705 1439 1835 1494 solis
1868 1449 1921 1494 et
1942 1439 2103 1505 lunze;

502 1545 808 1604 cmteraque
843 1535 1020 1591 sidera
1071 1537 1250 1605 posuit
1287 1535 1339 1590 iu
1381 1536 1543 1602 caelo,
1587 1545 1640 1589 ut
1684 1535 1909 1589 lacerent
1951 1551 2106 1606 super

503 1639 712 1694 terram,
740 1638 796 1685 et
819 1630 1193 1685 discernerent
1224 1640 1464 1699 tempora
1505 1638 1559 1686 et
1598 1645 1770 1686 anuos
1799 1638 1853 1684 et
1891 1643 2106 1686 menses

507 1734 559 1780 et
587 1725 706 1780 dies
732 1734 787 1780 et
819 1724 980 1779 horas
1007 1739 1104 1794 per
1131 1724 1411 1780 stationes.

576 1817 729 1874 Nunc
755 1819 892 1873 ratio
927 1818 1166 1872 veritatis
1193 1816 1517 1885 oatenditur,
1549 1833 1714 1888 quare
1737 1817 1856 1873 dies
1880 1831 1979 1883 itu,
2028 1827 2106 1873 te-

2207 502 2260 556 in
2283 503 2514 556 alterum
2542 500 2683 554 diem
2717 499 2830 558 liat.
2857 500 3085 556 Mundus
3123 500 3305 572 itaque
3344 505 3445 560 iste
3472 520 3538 561 es
3579 517 3814 576 quatuor

2209 594 2496 649 elementis
2524 600 2752 658 constat,
2786 592 2929 663 igne,
2959 609 3119 663 aqtta,
3147 595 3308 663 ctelo,
3353 604 3515 652 terra.
3545 596 3674 654 Hinc
3702 597 3808 670 igi-

2211 697 2295 744 tur
2331 698 2524 758 quator
2567 688 2836 744 elementa
2889 699 3192 761 temporum
3227 691 3244 729 ί
3281 691 3541 748 tetradem
3577 692 3807 753 faciunt.

2208 782 2300 838 Sol
2317 798 2534 854 quoque
2554 791 2608 837 et
2633 783 2752 836 luna
2785 797 2880 852 per
2906 783 3032 838 anui
3056 783 3287 854 spatium
3312 795 3542 855 quatuor
3563 797 3808 856 tempora

2211 876 2478 943 efﬁciunt,
2529 878 2694 944 veris,
2739 879 2966 945 aestatis,
2996 879 3272 944 autumni,
3322 879 3564 952 hyemis;
3601 890 3654 937 et
3691 882 3810 938 haec

2212 980 2456 1041 tempora
2477 970 2739 1026 tetradem
2765 970 2984 1027 faciunt.
3012 971 3079 1027 Et
3101 983 3160 1027 ut
3181 988 3246 1028 ex
3263 988 3325 1028 ea
3347 988 3405 1028 re
3423 973 3634 1043 longius
3657 990 3812 1031 enar-

2209 1079 2347 1131 rem,
2369 1077 2498 1119 ecce
2521 1073 2752 1134 quatuor
2766 1063 3018 1118 animalia
3048 1073 3174 1120 ante
3196 1063 3447 1120 thronum
3480 1065 3570 1120 Dei
3594 1065 3807 1138 (Apoc.,

2208 1172 2283 1223 iv,
2306 1157 2384 1228 6).
2409 1167 2642 1227 quatuor
2661 1157 2964 1227 evangelia,
2983 1167 3217 1228 quatuor
3239 1158 3455 1212 ﬂumina
3477 1158 3529 1213 in
3559 1157 3810 1228 paradiso

2208 1252 2425 1308 ﬂuentia
2458 1251 2636 1324 (Gem,
2659 1269 2718 1320 it,
2753 1253 2876 1324 10),
2907 1262 3138 1324 quatuor
3176 1253 3557 1324 generationes
3580 1254 3810 1324 populo-

2215 1362 2356 1412 rum,
2387 1345 2454 1401 ab
2486 1346 2654 1401 Adam
2679 1360 2850 1417 usque
2878 1346 2945 1400 ad
2977 1345 3111 1410 Noe,
3145 1362 3172 1400 a
3206 1345 3322 1402 Noe
3349 1361 3519 1416 usque
3543 1345 3608 1400 ad
3640 1346 3814 1402 Abra-

2209 1437 2354 1507 ham,
2389 1438 2458 1494 ab
2488 1438 2760 1495 Abraham
2792 1454 2961 1510 usque
2982 1439 3049 1494 ad
3080 1439 3339 1512 Moysem,
3365 1457 3395 1493 a
3424 1437 3609 1512 Moyse
3639 1455 3809 1512 usque

2204 1533 2272 1589 ad
2301 1533 2573 1589 Christum
2623 1535 2933 1598 Dominum,
2962 1532 3156 1589 Filium
3191 1534 3317 1600 Dei;
3354 1544 3410 1589 et
3434 1543 3664 1605 quatuor
3688 1533 3807 1589 ani-

2212 1628 2370 1683 malia
2395 1628 2608 1702 (Apoc.,
2638 1644 2711 1694 iv,
2737 1628 2793 1701 7)
2817 1628 3074 1696 hominis,
3095 1631 3274 1697 vituli,
3302 1631 3495 1697 leonis,
3517 1631 3732 1702 aquilae;
3756 1638 3815 1687 et

2203 1731 2436 1794 quatuor
2458 1721 2677 1777 ﬂumina
2706 1720 2886 1795 (Gen.,
2921 1739 2979 1791 ll,
3015 1721 3126 1796 11),
3154 1723 3355 1796 Fyson,
3386 1723 3556 1788 Geon,
3589 1724 3804 1797 Tygris,

2205 1813 2535 1886 Euphrates.
2570 1813 2744 1870 Homo
2774 1815 3024 1871 Christus
3049 1815 3207 1872 Jesus
3229 1827 3418 1872 auctor
3443 1832 3654 1881 eorum,
3681 1833 3806 1889 qua:

503 1921 620 1968 tras
641 1921 982 1984 nuncupatur
1000 1910 1018 1948 ί
1039 1927 1054 1976 ;
1074 1926 1241 1982 quare
1258 1925 1428 1983 usque
1443 1911 1510 1968 ad
1535 1911 1724 1968 horam
1743 1927 1941 1968 nonam
1958 1911 2098 1980 jeju-
2123 1895 2173 1956 Β
2201 1923 2360 1980 supra
2385 1907 2826 1975 memoravimus,
2861 1909 3069 1966 tetrade
3091 1906 3160 1966 ab
3180 1907 3359 1982 impiis
3384 1909 3814 1982 comprobemus

1737 2025 2125 2084 LECTIONES
2167 2023 2587 2082 VARIANTES.

562 2149 586 2180 °
623 2145 1079 2211 FortcSeptimana
1104 2145 1164 2196 ad
1201 2147 1416 2196 omnium
1439 2146 1824 2210 septimanarum
1859 2143 2098 2193 rationem

511 2209 738 2261 Walker.
762 2209 936 2262 Routh.
1246 2239 1248 2241 >

562 2273 590 2312 h
627 2274 772 2324 Forte
793 2269 981 2322 Divina:
1008 2271 1174 2323 Ronth.

563 2339 586 2398 εἲ
625 2337 770 2386 Forte
792 2335 1052 2398 Requietis
1081 2331 1300 2398 Walker.
1327 2335 1500 2388 Rotult.

560 2397 589 2439 ιι
621 2401 769 2451 Forte
791 2397 862 2449 Ac
880 2396 954 2448 Sic
989 2396 1206 2448 Walker.

2271 2143 2295 2171 θ
2334 2140 2481 2190 Forte
2503 2140 2684 2199 Quiete
2701 2141 2857 2192 noctis
2888 2139 3109 2194 Walker.

2271 2200 2294 2239 ἲ
2335 2203 2481 2253 Forte
2508 2202 2834 2267 lﬂ'uncupetur
2857 2204 3033 2267 Routh.

2269 2267 2296 2328 li
2331 2267 2480 2316 Forte
2501 2264 2794 2328 Jejuneinus
2819 2264 2989 2328 Routh.

2265 2327 2298 2409 ξ
2331 2330 2481 2409 ξῩΪέἕ
2498 2327 2982 2409 ΗὲμἚηΕὲ-ἒθέίέθῖ

2271 2391 2289 2431 ί
2329 2396 2473 2443 Forte
2489 2389 3014 2457 detend.’l‘emporum
3046 2393 3265 2446 Watlter.

1887 2499 2447 2576 COMMENTARIUS.

499 2625 842 2686 benedictione
869 2647 929 2683 :::
961 2623 1296 2701 consegravit,
1338 2641 1470 2701 Acum
1521 2641 1548 2680 c
1595 2639 1762 2701 super
1788 2643 1819 2698 g
1860 2627 2086 2701 scripto.

502 2702 673 2759 Verba
701 2701 879 2773 quibus
909 2696 1150 2763 laborem,
1178 2696 1432 2754 transfixa
1455 2706 1584 2773 sunt
1601 2696 1803 2773 lineola
1827 2715 1854 2752 a
1883 2696 2090 2773 recenti

495 2792 658 2830 manu
688 2770 720 2837 ;'
749 2790 815 2830 ex
844 2775 1082 2844 vestigiis
1114 2773 1393 2844 scriptura:
1423 2772 1622 2844 veteris
1652 2771 1730 2824 sic
1767 2770 1992 2824 restituo
2018 2798 2092 2811 —

498 2847 730 2929 septimo
759 2847 946 2929 quievit
967 2842 1002 2898 ά
1024 2845 1196 2927 labore
1235 2842 1693 2929 etbeuedietione
1725 2844 2086 2929 consecravit.

495 2913 586 2974 Sic
616 2919 774 2982 infra,
821 2919 905 2970 die
931 2919 1140 2987 septimo
1171 2913 1432 2987 Arequi'evit
1480 2913 2092 2987 ab__onmibus_0peribus

497 2991 624 3055 suis,
650 2999 694 3042 et
721 2984 1134 3042 benedixit'eum.
1167 2984 1434 3042 WALKER.
1465 2984 1605 3040 —Si
1635 2985 1717 3038 hac
1746 2985 1841 3038 viri
1873 2986 1943 3040 cl.
1970 3000 2094 3039 t-or-

499 3064 771 3116 rectiones
801 3061 854 3115 iti
905 3068 1105 3113 textum
1161 3058 1395 3112 debeant
1442 3057 1628 3126 recipi,
1654 3072 1756 3127 ego
1781 3056 1994 3126 quidem
2040 3057 2093 3111 in

501 3149 604 3188 ms.
651 3133 881 3200 spatium
934 3130 1180 3186 relictum
1233 3129 1303 3183 sit
1355 3139 1480 3183 ante
1511 3128 2092 3200 t'erbtiiii_c0itsecravit,

499 3198 805 3259 addendum
830 3204 1060 3274 putarim
1083 3218 1219 3274 eum.
1254 3201 1383 3266 Sed,
1411 3213 1467 3254 ut
1498 3215 1682 3274 verum
1712 3198 1909 3274 dicam,
1943 3202 2100 3270 longe

500 3275 810 3330 recederea
832 3271 1144 3328 litterarum
1169 3272 1333 3327 ductu
1378 3288 1541 3326 voces
1593 3272 1708 3325 ista:
1741 3271 2013 3333 videntur,
2043 3282 2100 3326 ut

498 3347 682 3400 malim
733 3361 832 3401 e.-o
875 3345 1072 3411 quietus
1104 3360 1202 3413 pro
1230 3344 1410 3414 quibus
1459 3358 1747 3413 reponere,
1781 3353 1835 3397 et
1865 3360 1957 3396 sua
1999 3343 2098 3398 ad-

505 3417 635 3473 dere
664 3428 784 3482 post
805 3415 1172 3473 benedictione.
1206 3415 1410 3472 liourti.

584 3490 984 3558 Septimam.....
1014 3489 1298 3558 regionum.
1345 3487 1444 3541 Ms.
1473 3487 1742 3555 septimam
1769 3486 1837 3539 ad
1872 3486 2102 3540 omnium

510 3561 857 3630 septimarium
886 3561 1170 3631 regionum.
1191 3559 1552 3631 [$30,118,106
1574 3558 1857 3631 septimana
1873 3558 2100 3611 omnium

502 3629 904 3701 septimanamm
931 3629 1182 3684 rationem
1227 3629 1477 3684 tuetibor.
1516 3630 1679 3692 lul‘ra,
1707 3630 1796 3698 qui
1833 3638 2100 3701 extraor-

503 3700 675 3758 dinent
699 3705 994 3775 septimana:
1045 3701 1394 3773 dispositionis
1443 3715 1770 3756 excessurus
1800 3710 1902 3755 est.
1933 3700 2099 3755 Wst.-

506 3791 699 3832 KERUS.

594 3847 804 3902 Virtutis
831 3847 966 3901 diem
989 3847 1042 3901 in
1057 3862 1168 3900 eam
1198 3845 1703 3900 consummationem.
1740 3845 1993 3900 Fortasse
2013 3861 2100 3902 re-

509 3919 814 3989 ponendum
846 3929 948 3984 est,
978 3919 1177 3972 uirtutis
1221 3916 1416 3989 divinae
1461 3917 1968 3970 consummationem.
2002 3917 2100 3972 lla-

508 3985 606 4048 bes
633 3991 767 4045 infra
793 3990 875 4045 .ad
906 4005 958 4059 p.
989 3989 1115 4055 306,
1145 3989 1182 4043 l.
1210 3988 1266 4042 2.
1292 3985 1432 4042 Deus
1459 4016 1530 4027 —-
1555 4004 1711 4058 apera
1737 4005 1834 4042 sua
1860 4005 2099 4043 consum-

510 4064 684 4116 mavit.
728 4062 938 4120 Rouru.

579 4132 830 4188 Conabor.
859 4133 1172 4188 Gallaudius
1197 4133 1308 4186 ait:
1344 4150 1362 4182 ι
1392 4130 1680 4187 Walkerus
1700 4131 1912 4201 legebat
1938 4149 2096 4186 cona-

507 4223 642 4259 mur.
675 4206 782 4261 Sed
813 4204 1165 4274 praecedentia
1188 4204 1624 4270 metibor—prout
1648 4213 2094 4272 potuero—cona-

511 4277 604 4330 bor
647 4273 931 4347 legendum
963 4278 1207 4332 suadent.
1235 4275 1322 4329 Sic
1350 4273 1488 4347 infra
1525 4276 1552 4346 §
1591 4275 1644 4340 6,
1678 4287 1731 4329 ut
1762 4291 1902 4329 mens
1939 4292 2098 4345 parva

509 4345 721 4417 poterit,
740 4349 959 4402 conabor
976 4347 1260 4402 ostendere.
1299 4363 1316 4396 ι
1352 4345 1408 4400 ln
1439 4345 1545 4401 ius:
1570 4347 1782 4416 quidem
1820 4363 1984 4414 super
2009 4347 2098 4401 lit-

513 4433 682 4474 teram
711 4436 740 4470 ο
758 4419 1119 4490 (posteriorem
1147 4418 1200 4470 iu
1227 4433 1468 4470 conamor
1493 4419 1697 4490 scripta
1729 4429 1812 4474 est
1837 4419 2008 4472 littera
2038 4435 2094 4486 tt,

2189 2634 2350 2698 atque
2384 2623 2670 2696 jejunium,
2716 2632 2825 2680 tam
2873 2635 3061 2696 quarta
3093 2625 3249 2698 feria,
3273 2641 3394 2698 quae
3425 2634 3594 2684 tetras
3627 2645 3803 2689 voca-

2197 2697 2371 2759 batur,
2403 2712 2561 2765 quam
2589 2706 2759 2760 sexta,
2797 2711 3086 2765 paras-cette
3113 2696 3584 2756 dictafDurabant
3612 2714 3793 2761 autem

2194 2769 2312 2844 ista»
2333 2766 2400 2822 ad
2422 2783 2594 2844 usque
2629 2768 2816 2822 horam
2842 2782 3062 2831 nonam,
3081 2777 3176 2823 aut
3195 2770 3358 2844 etiam
3381 2771 3448 2825 ad
3477 2787 3758 2844 vesperam
3783 2793 3802 2842 ;

2193 2839 2310 2902 sed.
2329 2855 2387 2894 re
2403 2840 2801 2928 siccomparata
2813 2882 2826 2901 ,
2846 2849 2900 2894 ut
2918 2851 3128 2910 tempus
3143 2839 3804 2928 prqdpcerentuﬂjejunia

2196 2926 2304 2990 non
2347 2911 2609 2990 stationes
2641 2910 2996 2990 vocabantur,
3019 2922 3177 2990 prout
3218 2911 3354 2968 iul‘ra
3395 2910 3710 2990 auctor'ait,
3741 2935 3796 2990 p.

2196 2982 2321 3046 306,
2347 2983 2468 3057 Al._5,
2489 2981 2618 3057 ΔΗοις
2646 2998 2846 3057 quoque
2866 2983 2950 3057 die
2976 2981 3252 3056 (sexto)—
3266 2994 3357 3057 aut
3383 2988 3650 3042 stationem
3668 2981 3795 3057 Deo,

2197 3067 2287 3108 aut
2326 3055 2588 3126 jejunium
2639 3055 2877 3124 facimus.
2929 3053 3101 3110 Immo
3141 3055 3438 3124 interdum,
3473 3067 3531 3114 ut
3559 3053 3800 3118 ostendit

2207 3125 2266 3201 _S.
2304 3125 2630 3201 Victorinus,
2677 3126 3075 3194 producebatur
3102 3129 3510 3201 quarttejerim
3532 3130 3800 3201 jejunium

2207 3199 2267 3274 in_
2291 3199 2619 3274 crastinum,
2638 3213 2757 3268 qua:
2802 3198 3299 3274 estﬂsuperpositio.
3328 3199 3447 3256 Vid.
3503 3198 3804 3274 ubtlﬁsupra

2202 3269 2268 3322 ad
2295 3270 2350 3322 S.
2388 3267 2760 3340 Diony~ii,iep.
2791 3271 2860 3322 ad
2881 3267 3182 3335 Basilidem,
3216 3271 3324 3325 vol.
3361 3287 3416 3335 ii,
3455 3289 3506 3340 p.
3531 3273 3660 3330 419.
3684 3267 3799 3332 Ad-

2209 3340 2445 3396 dendum
2477 3339 2566 3394 aut
2597 3349 2721 3396 ante
2746 3357 2904 3408 usque
2932 3339 3001 3393 ad
3028 3358 3306 3409 vesperam.
3334 3339 3547 3400 Rn-Ura.

2278 3411 2586 3490 Temptarunt
2615 3416 2880 3490 tetradem.
2916 3412 3092 3468 Monet
3127 3413 3418 3490 delendum
3447 3432 3574 3490 esse
3601 3428 3801 3490 tempo-

2203 3501 2318 3539 rum
2349 3482 2653 3549 Walkerus,
2685 3483 2828 3554 quod
2867 3499 2933 3539 ex
2972 3485 3320 3555 sequentibus
3358 3485 3462 3543 huc
3511 3482 3799 3548 advectum

2203 3566 2306 3635 est.
2337 3556 2674 3635 Reposuerat
2714 3556 2959 3609 tetradem
3004 3572 3101 3627 pro
3143 3556 3338 3612 tetrade
3372 3556 3521 3616 Cavii
3570 3577 3803 3635 apogra-

2206 3627 2392 3699 phum.
2427 3627 2635 3683 Rourn.

2277 3699 2361 3754 Ea:
2383 3717 2442 3754 ea
2465 3717 2536 3755 re.
2568 3699 2641 3753 lta
2674 3699 2954 3769 praeclare,
2987 3699 3062 3755 ait
3085 3699 3396 3765 Walkerus,
3429 3702 3530 3758 viri
3559 3703 3706 3762 docti
3727 3706 3800 3763 ad

2202 3787 2374 3842 marg.
2406 3771 2552 3826 Cavii
2581 3785 2679 3840 pro
2703 3787 2765 3826 ea:
2791 3787 2913 3826 tere.
2945 3771 3111 3843 Igitur
3135 3773 3238 3828 hoc
3267 3774 3467 3842 recepi.
3504 3775 3715 3833 Rou'ni.

2279 3844 2510 3910 Quatuor
2551 3843 2901 3914 generationes
2951 3843 3284 3915 populorum,
3340 3845 3402 3899 ab
3455 3847 3642 3915 Adam,
3684 3860 3793 3908 etc.

2203 3915 2339 3982 Quid
2369 3917 2420 3971 in
2469 3925 2647 3970 mente
2676 3916 2815 3972 inter
2852 3914 2975 3986 hinc
3013 3914 3235 3972 haberet
3263 3915 3598 3986 Victorinus,
3629 3914 3796 3979 haud

2202 3987 2382 4066 capio,
2412 3987 2510 4042 uisi
2539 3987 2681 4058 quod
2709 3994 2788 4042 tot
2816 3985 2919 4066 sibi
2963 3988 3202 4066 gentium
3235 3989 3470 4066 origines
3513 3985 3793 4066 in'singu-

2204 4059 2272 4114 lis
2299 4059 2415 4114 istis
2439 4067 2669 4128 quatuor
2698 4058 3029 4128 genealogiis
3059 4058 3340 4114 invenerit.
3365 4062 3576 4118 Rourn.

2277 4129 2344 4184 Et
2390 4142 2606 4205 quatuor
2651 4130 2921 4205 animalia,
2951 4140 3056 4186 etc.
3083 4131 3213 4187 St-il.
3245 4132 3299 4185 in
3326 4133 3516 4205 Apoc"
3548 4151 3622 4200 tv,
3653 4136 3708 4203 6,
3739 4138 3792 4205 7,

2201 4218 2299 4274 per
2323 4219 2443 4273 qua:
2469 4202 2686 4274 quidem
2718 4201 2968 4274 animalia
2998 4205 3109 4256 vult
3135 4203 3335 4272 signari
3366 4201 3597 4274 quatuor
3622 4201 3792 4264 evan;

2202 4273 2421 4351 gelistas
2448 4273 2853 4330 Commentarius
2873 4273 2932 4351 in
2951 4275 3300 4351 _4po_tjalyps.,
3327 4275 3378 4351 in
3417 4275 3664 4351 Biblioth.
3696 4297 3793 4351 pa-

2203 4344 2365 4400 risina
2393 4358 2617 4414 patrum,
2644 4355 2684 4400 t.
2712 4362 2753 4411 i,
2783 4361 2835 4414 p.
2867 4344 3321 4410 l2/t9,VictOriuo
3348 4347 3470 4402 huic
3491 4359 3677 4406 nostro
3696 4344 3796 4406 ad-

2204 4421 2456 4486 scriptus.
2481 4422 2652 4485 Atque
2678 4417 2811 4471 artis
2841 4417 3062 4486 pictura:
3087 4416 3442 4488 professores,
3472 4421 3600 4476 dum
3629 4437 3794 4478 evitn-

513 4505 618 4544 n0u
645 4508 674 4542 ει
704 4488 957 4544 Wltlkero
983 4489 1162 4561 additi
1186 4503 1281 4542 seu
1307 4493 1564 4557 reposita.
1607 4488 1779 4545 Habet
1798 4490 1943 4545 Cavii
1966 4506 2096 4561 apo-
2123 4498 2176 4558 ι)
2201 4490 2509 4559 gelistarum
2542 4490 2830 4561 pingebant
2864 4488 3089 4560 effigies,
3135 4490 3386 4546 animalia
3423 4494 3610 4548 eadem
3639 4495 3794 4556 quasi

510 4561 774 4632 graphum
799 4560 1037 4632 conabor.
1063 4559 1270 4632 RoU'ru.

585 4629 936 4685 Duodenario.
997 4630 1372 4685 Duodecinario
1422 4645 1524 4686 ms.
1580 4629 1902 4687 Correxerat
1948 4632 2097 4689 Cavii

511 4704 806 4773 apograpli.
837 4705 1042 4758 lioum.

591 4773 808 4845 Requies
833 4805 903 4816 α-
925 4775 1303 4848 superduceret.
1333 4773 1479 4830 Bene
1523 4774 1809 4831 Walkertis
1859 4777 2095 4848 requietis

514 4863 612 4916 pro
642 4848 872 4913 requies;
901 4847 1046 4902 Cavii
1093 4847 1456 4918 apograpltum
1487 4849 1846 4915 superduceret
1889 4847 2093 4918 prwbet

512 4933 612 4988 pro
630 4919 991 4988 superduceret
1021 4918 1251 4973 let-tione
1279 4933 1378 4988 ms.
1413 4917 1620 4974 Roma.

591 4987 871 5045 Hac'se—
895 4999 1272 5059 temperaretur.
1309 4987 1420 5042 Hac
1459 5006 1520 5046 se
1549 4994 1751 5047 alterna
1799 4991 1916 5046 vice
1939 4992 2092 5048 labor

512 5061 696 5126 quietis
724 5058 1076 5124 refoverelur,
1107 5058 1344 5115 Walkeri
1375 5061 1782 5117 emendationes
1827 5080 1887 5115 ac
1913 5065 2006 5127 sic,
2035 5073 2091 5119 et

510 5133 677 5202 quiete
705 5135 883 5193 noctis.
924 5133 1360 5188 commemorati.
1406 5135 1479 5186 Ac
1524 5135 1596 5189 sic
1644 5135 1806 5190 habes
1834 5133 1971 5189 inira
2019 5135 2088 5190 ad

510 5219 567 5273 p.
591 5205 714 5270 505,
747 5205 782 5258 l.
806 5207 858 5260 6.
893 5204 1100 5260 Rouru.

585 5275 759 5346 Majas
786 5288 835 5332 et
851 5277 1247 5332 minus—nocti.
1271 5275 1361 5332 Sic
1382 5277 1614 5332 correxit
1635 5277 1925 5333 Cavianum
1955 5293 2086 5348 apo-

507 5350 769 5420 graphum
815 5363 933 5419 pro,
962 5349 1131 5418 majus
1169 5359 1224 5402 ut
1255 5349 1431 5420 minus
1462 5360 1517 5402 ut
1544 5349 1772 5404 alterum
1824 5351 2081 5420 prwcessit

504 5417 612 5492 diei
662 5417 887 5474 alterum
917 5421 1097 5492 noctis,
1125 5432 1179 5475 et
1206 5419 1382 5492 statim
1415 5429 1556 5486 post,
1590 5417 1873 5489 cteteraque
1894 5439 1990 5492 pro
2009 5423 2087 5476 ci-

504 5487 767 5560 theraque,
786 5492 927 5560 quod
951 5491 1108 5547 habet
1129 5506 1230 5546 ms.
1259 5489 1464 5544 Rouru.

580 5559 648 5613 Et
680 5559 830 5634 horas
858 5579 942 5629 per
972 5563 1229 5616 stationes.
1262 5561 1318 5615 1n
1349 5578 1461 5634 ius.
1483 5561 1678 5632 legitur
1701 5574 1755 5619 et
1783 5565 1921 5620 lteris
1953 5582 2083 5634 pra:-

503 5633 766 5687 stationes.
794 5633 1192 5705 Conjecturam,
1237 5649 1356 5704 quae
1403 5633 1644 5705 adposita
1692 5645 1810 5690 erat
1837 5637 1903 5692 ad
1929 5633 2081 5693 Cavii

501 5707 818 5775 marginem,
842 5704 1026 5775 recipi.
1049 5704 1260 5761 Rourn.

575 5773 697 5855 Djes
735 5793 809 5831 uti
840 5773 1014 5842 tetras,
1037 5777 1325 5855 etcaApud
1355 5787 1564 5835 veteres
1611 5778 1937 5855 christianos
1972 5779 2075 5855 Aha-

493 5843 612 5905 beri
661 5857 829 5906 senta:
857 5857 984 5906 sunt
1035 5843 1310 5917 stationes,
1348 5867 1543 5922 nempe
1572 5851 1856 5926 religiosus
1899 5853 2078 5912 cultus

2203 4561 2443 4632 symbola
2473 4561 2585 4615 sive
2611 4565 2761 4632 signa
2786 4560 2936 4630 juxta
2959 4577 3053 4614 eos
3072 4575 3270 4631 ponere
3297 4563 3439 4617 soliti
3457 4574 3582 4617 sunt
3619 4564 3792 4623 Immo

2203 4633 2461 4698 lrentnus,
2484 4633 2574 4706 libi.
2601 4649 2756 4706 lll,rc.
2784 4635 2869 4700 ll,
2889 4635 3100 4706 gemina
3128 4643 3384 4694 sectatus.
3405 4645 3637 4706 quatuor
3666 4646 3789 4692 tan-

2203 4715 2314 4758 tum
2347 4705 2621 4772 evangelia
2656 4705 2855 4760 idcirco
2894 4705 3126 4760 existere
3153 4715 3464 4774 opportere,
3497 4709 3790 4765 ostendere

2200 4785 2285 4830 est
2303 4786 2549 4831 conatus.
2570 4776 2910 4832 Excideritue
2938 4777 3075 4847 apud
3109 4776 3438 4832 Victorinum
3460 4793 3564 4834 vox
3594 4780 3790 4836 similia

2199 4859 2322 4917 post
2350 4847 2618 4912 animalia,
2639 4847 2752 4902 viso
2776 4847 2984 4903 Joanne
3005 4847 3236 4917 judices.
3270 4847 3475 4905 Rou‘rtl.

2271 4920 2578 4991 Euphrates.
2621 4919 2805 4974 Homo.
2861 4918 3078 4991 Legere
3110 4922 3221 4975 vult
3249 4919 3535 4976 Walkerus
3592 4931 3639 4978 et
3680 4923 3787 4979 Eu-

2198 4990 2428 5063 phrates.
2468 4991 2532 5045 Et
2566 4991 2755 5047 Homo.
2784 4991 2890 5046 Sed
2920 4990 3083 5060 priori
3129 4992 3343 5062 quidem
3373 4993 3491 5048 loco
3523 4995 3784 5063 particula

2195 5062 2465 5131 sopcrﬂua
2514 5071 2680 5128 esset,
2707 5064 2808 5117 etsi
2838 5063 2891 5116 in
2920 5064 3092 5117 altero
3122 5063 3260 5118 haud
3315 5062 3637 5134 respuenda.
3661 5066 3784 5122 Mox

2193 5145 2373 5188 auctor
2400 5151 2496 5205 pro
2522 5145 2670 5189 autor
2699 5149 2767 5189 ex
2799 5150 2901 5189 ms.
2947 5144 3199 5190 monente
3238 5136 3328 5262 (ξιῄ
3353 5135 3581 5202 'l‘oddio,
3613 5138 3782 5194 edidi.

3331 5222 3496 5262 ou'rn.

3331 5222 3496 5263 OUTI.

2267 5277 2482 5334 Tetrade
2509 5279 2571 5332 ab
2617 5276 2806 5348 impiis.
2839 5275 2937 5348 Ms.
2966 5275 3051 5332 hic
3090 5287 3144 5333 et
3186 5279 3343 5348 paulo
3370 5279 3507 5334 iul'ra
3537 5281 3783 5339 tetradem

2190 5347 2370 5405 habet.
2407 5347 2765 5406 Correxerunt
2795 5357 2850 5404 et
2881 5347 3031 5403 Cavii
3058 5347 3446 5419 :ipographum,
3479 5362 3531 5406 et
3562 5351 3782 5408 Wallte-

2190 5437 2303 5476 rus.
2359 5424 2460 5491 Qui
2511 5438 2638 5478 vero
2688 5421 2796 5486 ﬁat,
2829 5429 2886 5474 ut
2933 5421 3359 5491 c0mprehensus
3408 5437 3530 5478 esse
3569 5425 3782 5481 dicatur

2185 5491 2436 5547 Christus
2463 5494 2692 5561 tetrade,
2726 5507 2820 5547 seu
2847 5505 3036 5562 quarta
3058 5491 3212 5556 feria,
3245 5494 3332 5547 vix
3361 5493 3663 5562 intelligere
3692 5511 3779 5553 me

2186 5562 2632 5638 fateorsCemiua
2678 5576 2859 5638 tamen
2910 5563 3070 5638 habet
3109 5563 3441 5638 Epiphanius
3491 5566 3541 5620 in
3577 5567 3774 5638 Expos.

2184 5633 2338 5713 Fidei
2390 5635 2619 5713 Gai/tol.,
2651 5634 2800 5713 3‘22
2847 5653 2860 5687 :
2898 5633 3367 5713 guva'cEstginqnit,
3393 5633 3776 5713 ᾇπιτελούμξιναι

2183 5709 2462 5788 rales-iacti.
2485 5708 2610 5788 siqu
2639 5707 2742 5763 ama
2775 5715 2874 5763 τῶν
2899 5708 3197 5788 ἁπρςτρᾎων
3216 5751 3228 5762 .
3256 5707 3472 5788 Ῠσςετρὰδι
3509 5715 3609 5788 θεοςὶΔ
3626 5707 3776 5788 ’προ-

2186 5777 2547 5859 σάϐϐᾀτῳ-καὶ
2568 5788 2816 5859 ξυριαξῇ,
2843 5777 3048 5859 τετρριδι
3072 5779 3125 5859 δέ
3144 5785 3242 5859 uati
3264 5782 3316 5859 ἐν
3338 5777 3693 5859 τὶροσαϐᾅάτῴ
3722 5785 3775 5838 ἐν

2184 5850 2524 5930 νηστείᾳίέως
2565 5850 2703 5928 clipea;
2730 5850 3254 5930 ἐνάτης.’“Επειδήπερ
3289 5850 3773 5931 ἑπιῷωσκούσῂτε-
