4142 6262
339 385 435 445 505

1353 379 1833 439 FRAGMENTUM
1876 382 1962 440 DE
2000 381 2298 441 FABRICA
2336 384 2568 442 MUNDI.

3513 389 3617 453 .506

335 513 430 565 est.
461 501 646 574 Itaque
672 500 744 558 ob
765 498 1130 572 captivitatem
1156 499 1270 570 ejus
1293 497 1553 555 tetradem
1578 509 1603 535 ιι
1626 499 1695 555 ob
1722 500 1917 569 majes—
1943 503 1994 563 Α
2019 501 2162 558 enim
2179 517 2337 572 quem
2360 512 2384 549 ε
2408 501 2474 558 ad
2496 501 2782 573 imaginem
2809 510 2861 558 et
2881 501 3284 560 similitudinem
3313 518 3464 562 suam
3495 521 3619 565 con-

330 607 488 653 tatem
517 610 745 666 operum
797 607 1052 660 suorum,
1093 604 1146 648 et
1171 591 1198 629 ι)
1229 600 1466 662 tempora
1513 591 1861 647 humanitatis
1893 603 1915 631 ο

324 691 579 757 salubria,
606 689 850 760 frugibus
875 688 1018 752 laeta,
1051 687 1456 757 tempestatibus
1486 688 1792 758 tranquilla,
1825 687 1920 744 de-

323 794 558 850 currant,
596 786 720 838 ideo
745 793 838 839 aut
866 778 892 819 ἀ
921 780 1412 852 superpositionem
1443 781 1688 841 facimus.

395 880 492 935 Die
515 882 710 950 quinto
735 885 876 934 terra
904 887 959 933 et
979 892 1114 944 aqua
1148 876 1308 933 fretus
1337 891 1464 931 suos
1487 877 1793 932 ediderunt.
1822 877 1918 933 Die

320 983 478 1028 sexto
503 979 689 1026 creata
730 980 876 1036 sunt,
905 985 1026 1039 quae
1052 968 1303 1032 deerant;
1334 984 1397 1023 ac
1437 970 1516 1023 sic
1557 970 1695 1024 Deus
1737 968 1912 1024 homi-

321 1083 440 1123 nem
476 1066 546 1122 de
592 1063 759 1120 humo
789 1063 1063 1129 instruxit,
1108 1063 1386 1119 dominum
1424 1062 1663 1118 omnium
1711 1078 1912 1130 rerum,

319 1180 439 1236 qua
469 1175 492 1200 ε
521 1177 689 1234 super
714 1172 910 1218 terram
941 1171 994 1215 et
1023 1175 1184 1230 super
1199 1174 1392 1230 aquam
1421 1157 1644 1214 creavit.
1663 1157 1815 1212 Prius
1833 1167 1914 1212 ta-

319 1275 441 1316 men
471 1258 700 1328 angelos
731 1264 894 1326 atque
917 1253 1272 1324 arcliangelos
1299 1253 1522 1318 creavit,
1545 1268 1705 1322 quam
1735 1251 1912 1306 homi-

318 1367 443 1406 nem
471 1350 649 1415 tinxit,
673 1347 935 1418 spiritalia
961 1348 1191 1401 terrenis
1213 1354 1565 1416 anteponens.
1590 1345 1744 1400 Prius
1770 1347 1914 1402 enim

317 1441 434 1510 lux,
468 1457 626 1512 quam
650 1441 848 1496 coelum
879 1448 934 1495 et
959 1447 1156 1495 terram
1184 1436 1228 1492 ί.
1253 1438 1351 1493 Hic
1379 1438 1493 1494 dies
1524 1448 1707 1494 sextus
1729 1453 1914 1510 paras-

318 1549 453 1592 ceve
493 1535 812 1607 appellatur,
865 1532 1188 1604 praeparatio
1229 1532 1459 1590 scillicet
1510 1532 1695 1602 regni;
1745 1532 1914 1588 Adam

2020 597 2329 652 summavit.
2361 595 2564 652 Idcirco
2591 607 2768 652 autem
2798 598 2946 668 prius
2969 613 3131 669 Opera
3154 615 3248 654 sua
3271 615 3618 659 consumma—

2020 691 2118 755 vit,
2147 706 2304 761 quam
2327 692 2544 762 angelos
2571 691 2792 752 creavit.
2825 700 2880 746 et
2909 691 3178 747 hominem
3214 692 3511 762 fabricavit,
3547 712 3616 752 ne

2019 784 2155 840 forte
2181 784 2456 854 adjutores
2497 801 2556 841 se
2593 784 2760 842 fuisse
2793 785 2921 840 falsa
2959 785 3195 842 dictione
3223 799 3535 844 asseverant
3560 787 3614 844 δ.

2017 877 2129 932 Hoc
2155 893 2366 948 quoque
2411 877 2497 932 die
2527 877 2596 930 ob
2645 879 2945 948 passionem
2984 878 3191 932 Domini
3237 879 3365 936 Jesu
3405 881 3610 938 Christi

2016 980 2108 1026 aut
2135 973 2418 1025 stationem
2458 971 2592 1035 Deo,
2625 980 2717 1025 aut
2743 971 3028 1041 jejunium,
3075 971 3318 1027 facimus.
3361 974 3454 1029 Die
3485 991 3610 1043 scp—

2019 1065 2150 1119 timo
2177 1065 2437 1134 requievit
2467 1065 2532 1119 ab
2551 1065 2802 1118 omnibus
2827 1065 3080 1135 operibus
3104 1066 3233 1131 suis,
3265 1077 3319 1120 et
3346 1066 3618 1122 benedixit

2018 1172 2139 1212 eum
2171 1166 2226 1210 ct
2261 1156 2636 1211 sanctific.ivit.
2673 1155 2785 1210 lloc
2814 1157 2901 1210 die
2947 1158 3182 1212 SOlt'lDUS
3213 1174 3617 1228 superponere;

2018 1250 2239 1317 idcirco,
2281 1259 2333 1305 ut
2363 1249 2451 1304 dic
2481 1250 2760 1306 Dominico
2802 1265 2922 1304 cum
2970 1251 3262 1320 gratiarum
3301 1253 3511 1306 actione
3549 1253 3616 1308 ad

2020 1360 2212 1415 panem
2256 1359 2532 1400 exeamus.
2574 1345 2638 1398 Et
2670 1359 2957 1414 parasccve
3003 1345 3364 1414 supcrpo~itio
3396 1344 3508 1409 ﬁat,
3552 1361 3620 1402 ne

2020 1438 2145 1509 quid
2174 1455 2294 1493 cum
2317 1437 2518 1493 ,Ιιιάωἱε
2541 1439 2822 1492 sabbatum
2843 1439 3132 1492 observare
3157 1439 3454 1504 videamur,
3474 1442 3616 1510 quod

2017 1533 2133 1603 ipse
2166 1532 2422 1588 Dominus
2472 1531 2680 1586 sabbati
2724 1530 2972 1588 Christus
3015 1546 3112 1601 per
3153 1532 3443 1604 prophetas
3488 1547 3617 1591 suos

1566 1646 1951 1706 LECTIONES
2015 1648 2103 1705 VA
2113 1649 2437 1706 RIANTES.

380 1750 408 1776 ³
443 1748 592 1798 Forte
616 1745 833 1796 Tetrade
861 1750 913 1795 et
937 1745 1106 1797 Routlt.

376 1810 403 1848 h
446 1809 671 1848 Fnrmllt
704 1806 870 1848 ηηυυι

376 1810 403 1848 h
440 1811 593 1860 Forte
613 1809 673 1858 Ut
699 1806 872 1860 Routh.

375 1875 405 1945 °_
446 1874 594 1945 forte
607 1870 907 1945 Humanitati
932 1869 1108 1945 Death.

380 1935 408 1976 ἀ
443 1937 594 1987 Forte
612 1933 825 1986 addend.
846 1935 1138 1995 Stationem,
1159 1939 1245 1984 aut
1265 1933 1437 1986 Routh.

2077 1748 2101 1809 ἐ
2137 1744 2350 1809 Legerat.
2376 1758 2515 1807 quas.

2082 1808 2102 1846 ί
2145 1805 2288 1858 Forte
2312 1805 2463 1856 Terra
2492 1805 2710 1859 Walker.

2080 1874 2104 1911 8
2138 1871 2278 1920 Detet
2301 1869 2455 1928 Quem
2483 1869 2700 1922 Walker.

2077 1933 2107 1973 ιι
2143 1935 2289 1985 Forte
2314 1933 2682 1985 Adseverareot
2709 1933 2927 1986 Watlter.

1705 2018 2270 2077 COMMENTARIUS.

320 2117 828 2197 epézSeapvrManfJ
867 2120 1068 2197 nugtor.
1094 2121 1201 2170 etc.
1383 2113 1451 2168 de
1477 2115 1712 2197 consilio.
1748 2115 1914 2197 impio

314 2186 422 2245 tum
478 2191 614 2244 inito
639 2205 669 2243 a
695 2186 1023 2243 'Judteis'ad
1062 2201 1174 2240 rem
1219 2186 1535 2241 sceleratam
1576 2186 1912 2242 efficiendam

313 2263 478 2317 verba
525 2259 929 2328 interpretanda
965 2267 1118 2319 sunt;
1149 2259 1292 2312 conf.
1339 2256 1532 2318 Mam,
1566 2274 1674 2321 xrv,
1712 2259 1764 2319 1.
1793 2275 1914 2326 quae

315 2335 531 2404 quidem
565 2331 849 2404 Epiphanii
895 2332 1177 2404 verba._ut_
1203 2330 1376 2384 obiter
1410 2331 1510 2404 hoc
1540 2340 1742 2404 notem,
1769 2330 1910 2404 inter

315 2401 564 2462 ἀνέκδοτα
591 2402 940 2458 Bibliotheca:
970 2401 1302 2456 coislinianm
1351 2402 1490 2455 male
1519 2401 1802 2455 collocavit
1834 2402 1906 2454 cl.

314 2476 765 2532 Montfancoiiius.
790 2473 911 2529 Vid.
940 2473 1170 2544 Catalogi
1194 2471 1431 2528 Pr:rfat..
1458 2471 1550 2544 fol.
1573 2474 1624 2536 5,
1645 2488 1796 2527 versa
1819 2487 1912 2542 pa-

314 2553 533 2620 ginatet
563 2564 615 2616 p.
644 2543 1180 2620 “Stabitamquam
1200 2559 1242 2620 si
1261 2545 1448 2599 eadem
1473 2543 1666 2620 fuerint
1686 2544 1911 2598 Athana-

319 2615 403 2680 sii,
424 2615 743 2674 aﬂ'eruntur.
761 2617 868 2673 Sed
890 2619 990 2672 hoc
1009 2615 1194 2680 iiiissii,
1220 2615 1715 2684 interpretationem
1741 2630 1912 2669 metm

321 2691 496 2747 ﬁrmat
533 2690 590 2744 S.
624 2689 770 2744 Petri
817 2688 1158 2744 Alexandrini
1191 2689 1372 2740 tianon
1404 2687 1644 2745 ultimus.
1683 2688 1771 2754 qni
1802 2687 1916 2741 lia-c

320 2765 508 2818 tradit:
539 2764 646 2817 Οὐκ
675 2762 936 2833 ἐγκαλέσει
958 2783 1035 2822 τις
1063 2763 1178 2832 ἡμῖν
1198 2762 1669 2835 παρατηρουμὲνοις
1697 2780 1782 2813 τετ
1818 2757 1920 2814 ἁδα

320 2841 400 2888 καὶ
419 2840 761 2888 παοασκευήν
782 2835 830 2888 ἓν
853 2830 932 2888 αἶς
953 2838 1037 2888 καὶ
1058 2834 1318 2888 νηστεύειν
1340 2834 1455 2888 ἡμῖν
1477 2835 1608 2885 κατὰ
1630 2778 1918 2888 παβάὲοσιν

319 2841 400 2892 καὶ
419 2830 761 2911 παρασκευῆν
782 2835 830 2888 ἐν
853 2830 932 2893 αἶς
953 2838 1037 2888 καὶ
1058 2830 1318 2891 νὴστεύεὶν
1340 2830 1455 2911 ita};
1477 2830 1608 2911 θεατὰ
1630 2830 1918 2907 παράδοσιν

316 2902 532 2981 sileam;
565 2907 1096 2981 wpoqriraarat._riia
1121 2907 1211 2976 μὲν
1236 2902 1460 2981 τεῖράδα
1487 2902 1571 2958 διὰ
1608 2907 1664 2958 τὸ
1688 2902 1921 2978 eopsee-

313 2980 412 3052 ᾏισν
435 2975 550 3033 ἶ)πᾶ
575 2975 675 3032 τῶν
699 2975 951 3052 laudatiora
981 2979 1070 3031 ἒπῑ
1108 2975 1451 3052 τῇ-προδρσίᾳ
1475 2982 1573 3052 rei
1595 2975 1798 3052 Kupiou‘
1829 2979 1918 3033 τήν

316 3049 367 3107 δέ
392 3054 737 3128 παρασκευήν
785 3047 869 3104 διὰ
893 3049 950 3103 τὸ
974 3047 1273 3102 πεπονθένάι
1301 3047 1453 3102 αὐτοῦ
1481 3047 1612 3128 ὐλτέρ
1624 3047 1800 3128 tiri-pair.
1828 3052 1917 3106 τὴν

313 3128 410 3200 γὰρ
457 3117 720 3200 neptunia
749 3123 1092 3200 χρςρμοσύνης
1123 3123 1340 3196 ἡμερῶν.
1371 3130 1474 3172 etc.
1500 3117 1592 3173 Sic'
1618 3117 1809 3200 canon
1833 3136 1915 3200 rc-

315 3191 641 3257 sti'tueudns,
672 3191 846 3246 ut'a'lii
866 3191 1086 3260 quoque
1129 3191 1472 3254 monuerunt,
1522 3205 1587 3244 ex
1619 3191 1915 3245 vetustissi-

315 3266 412 3320 mis
439 3283 578 3321 mss.
616 3266 691 3319 De
727 3263 1103 3318 observatione
1150 3277 1278 3316 vero
1327 3262 1552 3315 tetradis
1591 3271 1645 3316 et
1675 3278 1912 3329 parasce—

313 3352 421 3392 ves.
451 3339 612 3406 plura
631 3336 831 3391 ibidem
853 3336 919 3390 ad
937 3334 994 3390 S.
1027 3334 1242 3406 Petrum
1269 3331 1421 3388 Alex.
1445 3334 1668 3406 notabo.
1694 3333 1903 3388 “OUTH.

379 3405 661 3465 Tetradem
686 3408 751 3479 ob
769 3408 1096 3479 majestateoi.
1121 3405 1408 3479 Tetradem
1440 3405 1598 3459 habet
1623 3421 1724 3479 ms.
1754 3409 1908 3473 cujus

313 3480 429 3538 loco
461 3480 682 3552 reponit
710 3475 940 3534 Tetrade.
967 3477 1275 3545 Walkerus,
1296 3475 1390 3531 sed
1413 3492 1516 3546 ego
1517 3477 1764 3602 getrade,
1799 3489 1900 3533 etc.

1563 3564 1724 3602 ourn.

1563 3564 1724 3603 OUTH.

384 3625 451 3680 Et
483 3637 834 3694 tempora.....
876 3622 1166 3694 decurrant.
1201 3620 1493 3675 Delendam
1525 3635 1644 3694 essia
1676 3621 1907 3688 particu-

315 3698 415 3753 lam
433 3709 501 3762 et,
527 3692 922 3759 aitWalkerus,
938 3703 993 3748 et
1013 3710 1080 3748 ex
1102 3693 1218 3760 ejus
1230 3694 1497 3748 sententia
1516 3692 1791 3746 decurrunt
1808 3709 1905 3762 pro

318 3771 588 3824 decurrant
617 3768 959 3822 scribendum
979 3775 1079 3820 est.
1104 3764 1208 3820 Sed
1233 3774 1286 3816 ut
1315 3781 1409 3833 pro
1432 3774 1480 3817 et
1504 3762 1681 3816 malim
1704 3765 1902 3834 legere,

323 3841 623 3894 humanitati
649 3855 808 3907 porro
839 3855 935 3910 pro
960 3835 1310 3910 humanitatis.
1337 3836 1543 3910 RoU'rtt.

397 3912 515 3967 ideo
541 3923 628 3966 aut
645 3907 935 3986 [stationem
953 3908 1062 3986 aut]
1087 3909 1536 3986 super-positionem
1557 3907 1790 3986 facimus.
1814 3907 1904 3986 Vi-

322 3983 464 4038 desis
487 4001 604 4054 qua-
631 3978 791 4052 paulo
815 3995 940 4038 ante
964 3981 1028 4034 ad
1045 3978 1156 4054 'col.
1188 3979 1314 4054 504,
1339 3978 1609 4033 annotavi.
1642 3978 1904 4054 uis._refe—

322 4065 476 4111 rente
509 4050 762 4110 \Valkeri
811 4051 1170 4124 apographo.
1201 4052 1316 4104 ideo
1363 4060 1447 4103 aut
1499 4050 1907 4117 superstitionem

320 4129 556 4196 faciams.
590 4123 889 4198 Corrigitnr
918 4125 983 4178 ad
1025 4123 1174 4198 Cavii
1204 4137 1367 4190 marg.
1401 4130 1698 4198 autem_p_ro
1723 4133 1830 4183 aut,
1855 4131 1910 4175 et

317 4193 371 4256 in
412 4200 530 4265 ipso
565 4193 878 4270 apogrzipho
919 4197 1151 4270 positum
1205 4204 1288 4248 est
1329 4193 1784 4270 supra-positionem
1813 4208 1908 4270 pro

317 4261 750 4342 superstitionem,
773 4261 936 4340 'quod'
958 4269 1012 4342 in
1038 4283 1139 4342 ms.
1184 4265 1480 4342 secundum
1513 4261 1761 4342 Walkcri-
1785 4263 1907 4342 qni-

317 4335 435 4398 deiu
484 4335 913 4412 recognitionem
957 4339 1169 4412 legitur,
1201 4338 1356 4391 aliter
1386 4351 1513 4390 vero
1541 4351 1598 4388 se
1634 4350 1720 4388 rcs
1749 4335 1912 4389 habet

318 4425 453 4471 teste
499 4417 574 4469 cl.
607 4413 814 4468 Toddiu
867 4412 1092 4480 Propter
1121 4411 1206 4463 illa
1257 4424 1492 4478 quoque,
1525 4422 1644 4474 quin
1669 4423 1792 4460 mox
1823 4421 1908 4461 se—

315 4497 556 4557 quuntur
586 4488 651 4539 ad
682 4486 774 4540 lin.
803 4484 858 4546 9..
885 4501 946 4557 p.
989 4481 1114 4539 506.
1151 4480 1261 4557 Hoc
1289 4481 1377 4557 die
1399 4487 1753 4557 quoque—aut
1797 4487 1910 4557 sta-

315 4549 518 4612 tionem
555 4558 662 4611 Dea
681 4567 769 4609 aut
777 4549 1034 4628 jejunium
1061 4554 1299 4628 facimus,
1328 4551 1455 4606 illud
1486 4564 1650 4604 ausus
1675 4565 1794 4604 sum
1816 4549 1911 4604 ad-

314 4629 462 4695 dere,
496 4629 644 4699 quod
673 4628 724 4682 in
751 4623 892 4682 textu
918 4623 1086 4682 vides.
1111 4623 1326 4699 Bourtt.

382 4692 458 4755 Ac
478 4692 558 4755 sic
590 4700 731 4754 Deus
766 4699 1038 4752 hominem.
1083 4698 1324 4762 Quatuor
1354 4696 1467 4750 huic
1496 4693 1658 4749 verba
1699 4694 1750 4746 in
1781 4692 1904 4747 cod.

316 4787 415 4828 ms.
446 4785 580 4828 ante
607 4772 694 4826 illa
725 4771 808 4824 die
827 4782 967 4824 sexto
998 4777 1307 4839 ponuntur;
1352 4772 1444 4822 Sed
1463 4774 1727 4839 monente
1758 4763 1907 4818 Wal-

317 4845 482 4911 kero,
535 4845 716 4898 verbis
758 4845 809 4896 in
842 4838 1254 4896 huncordinein
1277 4840 1418 4908 apud
1441 4838 1738 4893 Caviauum
1779 4851 1908 4907 apo-

316 4917 584 4987 graphum
627 4915 890 4987 restitutis
928 4913 1068 4987 clara
1111 4913 1244 4987 ﬁunt
1271 4911 1472 4963 omnia.
1521 4911 1725 4987 Itourn.

389 4980 584 5056 Quam.
623 4986 791 5042 Recte
820 4985 998 5038 addita
1039 4982 1204 5038 fuisse
1227 4982 1278 5035 in
1307 4980 1616 5053 apograjbo
1645 4982 1757 5034 lucc
1777 4995 1906 5034 eon-

312 5059 525 5129 jum-tio
572 5059 806 5113 videtur.
862 5056 1028 5111 Paulo
1069 5062 1506 5129 post‘stauntnr,
1561 5066 1734 5120 neque
1781 5063 1906 5129 ante

320 5124 582 5187 mundum
631 5129 940 5195 coriditnm,
981 5124 1080 5181 nec
1115 5126 1300 5180 diebus
1329 5135 1540 5180 sextum
1581 5124 1906 5178 anteceden-

319 5205 459 5259 tibus
505 5202 731 5271 angelos
775 5211 988 5255 creatos
1029 5199 1195 5252 fuisse
1215 5239 1230 5259 ,
1254 5197 1348 5271 sed
1372 5197 1591 5251 demum
1617 5204 1772 5271 sexto
1792 5196 1900 5251 die.

321 5275 541 5330 Diversa
576 5268 753 5328 tamen
794 5271 990 5326 diversi
1037 5272 1268 5324 sentiunt
1309 5269 1378 5323 de
1431 5283 1526 5330 re,
1560 5281 1678 5335 quae
1723 5268 1772 5319 iu
1818 5281 1907 5320 sa-

320 5348 422 5401 cris
459 5347 656 5401 litteris
685 5345 765 5399 vel
797 5341 936 5396 haud
978 5344 1201 5396 onmino
1235 5349 1414 5409 extat,
1457 5339 1539 5393 vel
1567 5346 1714 5400 certe
1763 5338 1904 5394 haud

321 5418 526 5488 liquido
545 5418 899 5489 signiticatur.
927 5413 1133 5469 Ron'rn.

393 5482 633 5543 Terram:
667 5488 755 5544 Sic
781 5501 881 5540 ms.
916 5498 967 5542 et
1001 5490 1051 5539 iu
1085 5485 1327 5554 margine
1353 5482 1568 5538 Caviani
1613 5483 1902 5552 apographi

321 5563 630 5634 suppletum
661 5570 743 5615 est
760 5558 945 5634 crea_vit
967 5600 980 5621 ,
1010 5559 1102 5634 sed
1131 5555 1370 5614 Walkeri
1398 5554 1621 5634 praefero
1641 5556 1903 5634 etuianda-

323 5625 551 5688 tio'u'elu.
596 5631 802 5687 luterca
852 5630 920 5683 de
969 5646 1026 5685 re
1069 5631 1180 5700 ipsa
1224 5645 1292 5683 ex
1341 5625 1601 5700 principio
1639 5626 1755 5700 libri
1801 5625 1900 5681 Ge-

322 5707 458 5758 nesis
489 5703 633 5759 aliud
665 5703 790 5771 quid
821 5701 1016 5772 Colligo
1039 5745 1053 5768 ,
1089 5697 1246 5770 quam
1277 5699 1414 5754 istud
1458 5697 1903 5772 Vtetoriniauuut.

322 5780 464 5832 Ante
492 5769 768 5830 luminaria
793 5769 1008 5845 quideiu
1041 5769 1278 5828 cmlestia
1299 5815 1314 5837 ,
1349 5785 1468 5841 qua:
1497 5778 1688 5845 quarto
1717 5771 1802 5824 die
1827 5769 1906 5823 fa-

325 5859 413 5900 cta
442 5857 600 5912 sunt,
631 5848 718 5902 die
771 5842 944 5917 primo
990 5845 1078 5898 lux
1119 5853 1301 5898 creata
1347 5853 1460 5908 est,
1511 5842 1606 5917 sed
1631 5859 1736 5917 nou
1785 5851 1909 5917 ante

329 5920 532 5975 omium
554 5929 608 5977 et
628 5915 857 5984 terrain;
886 5916 1306 5991 ἀδιοργανίστον,
1336 5915 1550 5985 scripsit
1572 5915 1740 5971 Julius
1769 5915 1911 5970 Afri-

1934 4651 1988 4714 D

2015 2129 2182 2189 canus
2226 2114 2564 2189 in__CIironico
2608 2129 2768 2185 supra
2819 2116 2884 2170 ad
2927 2126 3057 2172 tom.
3089 2135 3158 2186 ιι,
3205 2135 3256 2189 p.
3307 2119 3448 2184 124,
3481 2124 3610 2185 τέως

2019 2185 2227 2258 (primo
2265 2186 2351 2241 die
2373 2186 2392 2257 )
2418 2189 2476 2242 τὸ
2497 2189 2887 2258 πρωτὸκτιστον
2914 2199 3017 2264 φῶς
3046 2197 3132 2245 καὶ
3160 2185 3464 2265 κε’χυμένον.

3181 2265 3392 2319 linunt.

2091 2329 2417 2405 Prwparatio
2439 2330 2630 2405 scilicet
2655 2333 2820 2405 regni.
2839 2332 2969 2405 AHoc
2997 2343 3079 2387 e-‘t
3103 2377 3117 2398 ,
3150 2335 3356 2388 sabbati
3394 2338 3602 2405 magni,

2017 2401 2132 2456 sive
2153 2403 2301 2471 regni
2321 2403 2543 2465 Christi,
2561 2403 2627 2455 de
2645 2419 2749 2472 quo
2771 2403 2907 2457 infra
2925 2405 3124 2468 aliquid
3149 2405 3373 2460 videbis.
3398 2401 3606 2464 Roii'rn.

2095 2473 2276 2540 Quem.
2321 2473 2536 2526 Addunt
2581 2477 2632 2526 in
2676 2477 2915 2543 margine
2963 2475 3123 2530 Cavei
3163 2495 3174 2531 :
3223 2496 3243 2528 ε
3293 2478 3483 2536 Deest.
3524 2481 3608 2534 die

2019 2558 2160 2619 seatto
2217 2555 2416 2598 creatus
2473 2555 2568 2619 est.
2606 2564 2623 2596 ι
2663 2546 2765 2619 sed
2820 2547 2921 2600 levi
2969 2549 3264 2602 mutatione
3317 2549 3393 2603 sic
3451 2549 3604 2619 lego.

2022 2616 2192 2670 Adam
2243 2619 2382 2670 enim
2439 2617 2504 2669 ad
2558 2617 2911 2686 imaginem...
2956 2623 3368 2674 consummavit.
3423 2616 3607 2679 Deietu

2021 2705 2186 2757 quem.
2219 2687 2483 2743 \VALKER.

2095 2761 2468 2814 Assevrrurent.
2516 2760 2663 2815 Hauc
2703 2760 2939 2816 Walkcri
2981 2761 3411 2818 ernendationem
3453 2780 3604 2820 com-

2029 2833 2345 2906 memoravi.
2379 2832 2474 2886 Ms.
2511 2832 2668 2906 habet
2697 2844 3004 2887 asseverant.
3055 2833 3345 2889 Cavianum
3375 2851 3605 2906 apogra-

2024 2904 2511 2979 phumusseverent.
2545 2904 2710 2957 Paulo
2741 2921 2901 2972 supra
2927 2921 3025 2958 nis.
3047 2919 3239 2979 c_renret
3269 2922 3364 2977 pro
3383 2904 3601 2979 creduit,

2022 2975 2162 3043 quod
2189 2976 2238 3028 in
2260 2975 2568 3045 apographo
2593 2986 2893 3030 eorrectum
2919 2986 3018 3030 est.
3061 2975 3272 3032 Reum.

2095 3046 2193 3099 Aut
2226 3050 2494 3101 stationem
2539 3045 2673 3110 Deo,
2720 3057 2808 3100 aut
2835 3049 3124 3118 jejunium,
3159 3056 3395 3118 litemus.
3429 3053 3597 3108 Statio

2021 3117 2124 3172 hoc
2157 3119 2410 3173 Victorini
2442 3120 2558 3172 loco
2587 3136 2690 3172 non
2721 3117 2892 3174 solum
2923 3137 3016 3186 pro
3044 3117 3268 3175 eollecta
3300 3137 3418 3191 quae
3445 3139 3602 3180 voca-

2021 3199 2126 3255 tur,
2160 3193 2253 3245 sed
2279 3191 2440 3244 etiam
2469 3206 2566 3260 pro
2594 3192 2914 3246 abstinentia
2937 3234 2950 3255 ,
2982 3194 3150 3260 posita
3184 3205 3296 3254 est.
3327 3203 3381 3248 et
3425 3197 3603 3250 minus

2017 3261 2266 3316 diuturna
2298 3273 2441 3329 erat,
2479 3271 2535 3317 nt
2575 3273 2698 3316 ante
2742 3263 2882 3320 dixi.
2924 3279 3081 3332 quam
3133 3266 3416 3332 jejunium.
3462 3267 3599 3322 Illud

2015 3335 2158 3406 enim
2213 3334 2279 3388 ad
2326 3349 2492 3403 usque
2521 3349 2799 3404 veSperam
2831 3334 3095 3406 durabat,
3140 3352 3315 3406 neque
3355 3339 3599 3394 stationis

2013 3404 2219 3477 instar,
2279 3406 2408 3460 hora
2457 3423 2596 3461 noua
2648 3405 3092 3461 concludebatur.
3144 3404 3425 3477 lla‘supra
3480 3419 3594 3463 tra-

2011 3476 2084 3530 dit
2143 3489 2363 3538 auctor.
2424 3479 2510 3532 dic
2569 3487 2764 3549 quarto
2803 3494 2832 3532 a
2891 3478 3012 3532 cibo
3055 3476 3344 3534 abstinere
3381 3481 3598 3536 solitum

2009 3563 2158 3616 esse,
2209 3560 2300 3603 aut
2350 3549 2415 3602 ad
2470 3551 2655 3605 horam
2709 3565 2876 3617 usque
2925 3563 3160 3614 nonani,
3210 3561 3301 3603 aut
3352 3551 3418 3604 ad
3472 3568 3596 3607 ves-

2009 3634 2223 3690 peram,
2259 3638 2309 3688 ῃ.
2341 3621 2466 3680 505.
2492 3624 2527 3677 Ι.
2562 3623 2646 3676 17.
2678 3621 2889 3676 Βουτιι.

2080 3691 2195 3746 Hoc
2220 3695 2302 3747 die
2330 3697 2550 3748 solemus
2579 3709 2934 3761 superponere.
2965 3691 3169 3748 Concil.
3200 3691 3592 3762 Eliberitinum,

2009 3779 2132 3818 can.
2161 3781 2320 3820 XXXVI
2343 3785 2355 3820 :
2375 3766 2616 3820 Errorem
2649 3765 2840 3834 placuit
2869 3765 3057 3834 conigi
3079 3808 3092 3829 ,
3125 3777 3180 3818 ut
3219 3770 3356 3818 omni
3392 3766 3598 3822 sabbato

2011 3836 2095 3889 die
2115 3836 2306 3904 jejnnii
2353 3838 2835 3907 superpositioncm
2865 3837 3188 3892 celebremus.
3233 3839 3596 3894 Tertulli-anus

2009 3923 2140 3979 vero
2173 3907 2312 3962 hunc
2359 3925 2564 3964 murem
2594 3907 2870 3978 jejnuandi
2900 3908 3158 3973 sabbato,
3190 3925 3345 3979 quem
3377 3925 3596 3965 romana

2011 3977 2199 4032 Saltem
2240 3995 2362 4034 cum
2404 3982 2522 4034 aliis
2549 3977 2858 4036 cliristianis
2900 3980 3144 4047 amplexa
3188 3977 3271 4034 est
3311 3981 3549 4034 Ecclesia
3577 4023 3592 4045 ,

2012 4050 2333 4116 improbavit
2363 4054 2413 4104 in
2449 4051 2586 4106 libro
2629 4053 2784 4104 Advs.
2834 4050 3108 4119 Psychicos
3129 4092 3142 4108 .
3174 4068 3290 4119 eap.
3321 4052 3417 4104 lt:
3445 4070 3461 4101 ι
3491 4050 3597 4104 Vos

2011 4125 2168 4175 etiam
2200 4118 2523 4192 (catholici)
2567 4123 2848 4177 subbatum
2883 4118 2926 4174 si
2966 4122 3180 4190 quando
3229 4118 3592 4184 eontinuatis,

2013 4209 2306 4260 nunquam,
2335 4195 2436 4249 nisi
2467 4195 2520 4248 in
2551 4197 2770 4265 pascha,
2799 4192 3142 4265 ieiunandum
3183 4192 3476 4247 secundum
3508 4209 3596 4246 ra-

2013 4265 2212 4318 tionein
2265 4266 2390 4319 alibi
2444 4263 2728 4320 redditam.
2762 4285 2780 4317 ι
2815 4265 2888 4319 Ita
2919 4263 3026 4317 ille.
3077 4265 3378 4320 Victorinus
3414 4273 3592 4320 autem

2013 4337 2251 4391 scribere
2295 4348 2469 4407 pergit
2509 4356 2520 4391 ε
2565 4355 2583 4388 ‹
2620 4336 2687 4390 Et
2735 4350 3022 4404 parasreve
3063 4337 3426 4406 superpositio
3469 4336 3591 4402 fiat,

2014 4423 2082 4461 ne
2139 4411 2281 4477 quod
2329 4424 2448 4463 Cum
2479 4407 2679 4464 Judmis
2732 4408 3011 4462 sabbatum
3066 4412 3354 4462 observare
3407 4409 3593 4463 videa-

2015 4494 2154 4532 mur.
2213 4498 2230 4531 i
2289 4480 2420 4548 Quae
2468 4481 2683 4551 quidem
2733 4479 2893 4534 verba
2947 4481 3015 4532 ita
3069 4480 3395 4550 interpretor
3425 4497 3439 4532 :
3469 4495 3592 4534 cum

2013 4565 2202 4605 omnes
2229 4552 2344 4608 dies
2391 4551 2542 4616 festi,
2596 4551 2711 4607 sole
2741 4551 2998 4614 cadente,
3033 4551 3269 4620 incipere
3324 4552 3588 4621 solerent,

2013 4623 2296 4692 oportebat
2325 4623 2648 4680 christianos
2674 4639 3016 4691 superponere
3044 4623 3248 4692 jejunio
3288 4623 3394 4677 diei
3426 4635 3593 4678 sexta:

2012 4695 2154 4764 quod
2203 4695 2269 4749 ad
2316 4711 2596 4766 vesperam
2635 4695 2892 4760 durabat,
2938 4710 3005 4747 ne
3038 4710 3156 4750 cinn
3198 4695 3428 4762 Judris,
3473 4695 3596 4749 sab-

2011 4766 2135 4818 bato
2179 4768 2354 4822 l‘eriari
2384 4769 2556 4823 solitis
2582 4810 2596 4828 ,
2640 4767 2918 4821 sabbatqu
2963 4773 3230 4836 tamquam
3264 4767 3458 4822 festum
3498 4781 3593 4820 ceo

2010 4837 2222 4892 lebrare
2290 4849 2345 4894 et
2416 4840 2708 4894 observare
2757 4836 3085 4890 viderentur.
3149 4837 3319 4906 Supra
3385 4837 3453 4890 de
3503 4836 3594 4893 die

2009 4919 2200 4977 quarto
2231 4910 2538 4964 Victorinus
2568 4910 2774 4964 dixerat
2806 4925 2820 4960 :
2859 4927 2876 4958 ι
2901 4909 3077 4974 Quare
3108 4924 3278 4978 u~que
3304 4907 3372 4961 ad
3404 4907 3590 4962 horam

2009 4996 2206 5034 nonam
2252 4984 2596 5050 jejuuemus,
2647 4989 2739 5032 aut
2784 4995 2953 5044 usque
3004 4979 3090 5050 ad
3127 4995 3448 5050 vesperam,
3490 4987 3596 5050 _a_ut

2009 5048 2368 5122 superposit’io
2437 5068 2604 5122 usque
2663 5053 2712 5104 in
2768 5050 2994 5103 altermn
3046 5049 3185 5103 diem
3244 5049 3354 5104 ﬁat.
3413 5068 3432 5101 ›
3489 5048 3596 5103 Ve-

2007 5134 2310 5178 rumtamen
2351 5123 2558 5188 Graeci,
2603 5123 2802 5190 aliique
2846 5122 3175 5180 orientales.
3208 5122 3297 5190 qui
3329 5137 3395 5174 ex
3443 5135 3595 5175 more

2006 5195 2226 5266 antiquo
2254 5195 2574 5250 observandi
2607 5194 2887 5248 sabbatum
2911 5236 2924 5259 ,
2951 5194 3042 5247 illo
3072 5194 3158 5246 die
3181 5207 3293 5266 non
3318 5192 3591 5261 jejunare,

2009 5267 2112 5322 nisi
2139 5263 2197 5320 in
2231 5268 2425 5337 pascha
2449 5309 2463 5332 ,
2496 5277 2927 5337 consueverunt,
2958 5277 3228 5334 negouum
3280 5263 3549 5337 invertere
3573 5306 3589 5328 ,

2007 5351 2171 5408 atque
2192 5335 2448 5394 accusare
2466 5339 2682 5393 Latinos
2700 5336 3006 5407 judaizandi
3036 5347 3221 5408 postea
3245 5335 3425 5408 conati
3444 5346 3590 5408 sunt.

2006 5407 2094 5464 lta
2125 5410 2405 5464 Mallhmns
2447 5411 2715 5464 Blastares
2738 5478 2746 5480 _
2767 5412 2814 5462 in
2867 5407 3202 5480 Syntuginate
3230 5407 3550 5480 atphabetico
3570 5448 3587 5473 ,

2007 5481 2112 5536 Lit.
2155 5481 2220 5536 A.
2270 5501 2299 5549 p
2351 5485 2403 5536 9.
2435 5485 2502 5539 de
2531 5478 2785 5537 Sahhatio
2825 5478 3270 5535 Sabhatianorum
3311 5480 3448 5532 dure
3482 5479 3596 5532 hanc

2005 5553 2194 5630 habet,
2332 5554 2384 5610 δὲ
2427 5561 2545 5630 περὶ
2592 5557 2655 5609 τὰ
2702 5556 2864 5629 χείρω
2913 5553 3160 5630 φιλοτιμίᾳ
3194 5555 3283 5630 ’καὶ
3311 5550 3594 5630 Ἰουδαῇῷς

2009 5620 2338 5691 σαϐϐατίξειν
2361 5620 2547 5704 ripa-So,
2573 5620 2807 5684 νηστὲῖαὗ
2833 5627 2887 5704 s3
2901 5620 3291 5695 ⁸ἑούτῳμέτέων,
3319 5629 3402 5677 καὶ
3437 5620 3596 5678 τᾶλλα

2007 5691 2626 5773 παραπλησίνρ›ξ’ἐκείνοις
2653 5699 2819 5773 ’.καθά
2953 5691 3050 5773 ’καί
3086 5691 3132 5749 oi
3171 5704 3374 5750 Λατῖνοι
3415 5699 3589 5750 τανῦν.

2011 5765 2151 5841 apud
2185 5771 2458 5841 Bevcrcgit
2493 5768 2831 5840 Synodicum.
2865 5765 2964 5841 Ubi
3008 5781 3130 5841 nios
3156 5767 3434 5841 jejuuandi
3467 5767 3593 5841 sab-

2014 5840 2140 5896 bato
2171 5837 2618 5912 reprehenditur,
2642 5855 2768 5912 non
2817 5837 2958 5907 quod
3001 5837 3172 5912 ,ἰυόωὶ
3222 5839 3320 5891 hoc
3347 5837 3433 5912 die
3461 5837 3602 5912 jeju-

2014 5927 2147 5970 narc
2173 5906 2316 5968 soiiti
2357 5925 2515 5980 sunt,
2563 5911 2651 5982 qui
2679 5906 2865 5967 contra
2911 5911 3289 5981 epulabantur,
3338 5909 3432 5967 sed
3483 5906 3608 5977 quia
