4142 6262
568 275 666 342 51-1

1771 280 1828 334 S.
1869 276 2215 334 VICTOle
2251 277 2600 338 ΜΑΒΤΥΒΙΞ

3758 273 3868 333 312

561 400 930 468 bilia,lumine
947 399 1208 454 radiantia
1224 397 1276 452 in
1293 397 1408 452 acie
1423 401 1642 468 aspectu
1656 389 2154 466 eju50,efﬁciutttb.
2183 395 2236 455 Α
2260 393 2478 452 delabra
2509 410 2672 452 aurea
2703 398 2916 470 (Αροε.,
2942 393 2982 462 t,
3015 397 3129 469 13);
3162 405 3372 467 septem
3402 394 3863 468 oviculaz(Levit.,

565 495 957 553 Auctoritatem
989 493 1153 548 totius
1181 491 1638 561 creaturmjustus
1662 501 1719 556 c;
1753 487 1927 544 Verbo
1956 501 2157 559 cogno-

563 604 690 644 men
723 598 806 642 est
830 588 899 654 ei,
934 588 1012 642 sic
1039 587 1178 640 enint
1206 585 1334 640 dicit
1357 593 1510 654 pater
1539 585 1677 654 ejus,
1713 581 2012 636 Eructatum
2037 590 2110 636 est
2131 579 2156 618 ά

561 697 651 736 cor
678 697 845 733 meum
878 679 1078 734 verbum
1106 677 1291 732 bonum
1317 675 1460 749 (Ps.,
1491 693 1612 739 xcv,
1636 673 1713 747 1).
1738 674 1973 731 Joannes
1999 689 2162 729 cvan-

561 775 749 847 gelista
781 775 857 828 sic
888 773 1044 827 dicit:
1079 769 1142 825 In
1170 771 1422 843 principio
1445 781 1552 824 erat
1593 767 1832 835 Verbum,
1857 777 1902 822 et
1941 765 2160 820 Verbum

559 876 669 922 erat
709 869 847 937 apud
895 864 1083 930 Deum,
1124 875 1170 918 et
1215 863 1351 919 Deus
1393 873 1499 917 erat
1553 861 1810 928 Verbum;
1839 863 1934 916 hoc
1961 871 2068 916 erat
2106 864 2161 914 in

564 959 822 1032 principio
849 957 990 1026 apud
1022 956 1184 1011 Deum
1215 973 1233 1010 :
1260 955 1431 1010 omnia
1461 973 1550 1026 per
1584 956 1750 1023 ipsum
1781 957 1918 1023 facta
1945 965 2085 1014 sunt,
2115 964 2162 1008 et

563 1051 674 1105 sine
690 1067 747 1104 eo
773 1054 969 1122 factum
989 1061 1062 1104 est
1083 1049 1216 1104 nihil
1239 1048 1441 1119 (leam,
1464 1065 1502 1104 ι.
1525 1051 1577 1115 1,
1599 1047 1657 1114 2,
1683 1047 1760 1120 ὅ).
1793 1049 1933 1117 Ergo
1961 1047 2162 1118 primus

561 1142 736 1198 factus
749 1153 1011 1198 creatura:
1031 1151 1053 1178 ε
1068 1152 1172 1206 est,
1189 1141 1459 1196 secundus
1474 1139 1710 1195 hominis
1727 1138 1746 1177 ί
1766 1138 1983 1194 humani
1999 1154 2162 1210 gene-

563 1238 661 1303 ris,
695 1245 752 1291 ut
790 1236 866 1290 ait
898 1236 1175 1306 apostolus
1221 1234 1264 1307 (l
1286 1233 1430 1301 Cor.,
1463 1250 1554 1297 xv,
1593 1233 1685 1297 45,
1715 1230 1830 1304 47).
1864 1232 1976 1287 Hoc
2005 1232 2164 1303 igitur

564 1329 823 1394 Verbum,
871 1343 992 1382 cum
1040 1329 1210 1383 lucem
1253 1326 1412 1392 fecit,
1453 1324 1716 1395 sapientia
1762 1335 2001 1389 vocatur;
2040 1339 2162 1378 cum

562 1427 784 1492 caelum,
819 1426 1162 1490 intellectus;
1195 1440 1318 1479 cum
1349 1433 1545 1478 terram
1565 1433 1619 1478 et
1649 1439 1818 1484 mare.
1846 1423 2160 1486 consilium;

563 1536 686 1577 cum
718 1520 886 1574 solem
928 1529 982 1573 ct
1029 1519 1210 1573 lunam
1256 1527 1559 1588 caete-raque
1599 1517 1765 1580 clara,
1797 1517 1989 1583 virtus;
2039 1531 2162 1572 cum

563 1623 766 1670 terram
786 1627 848 1665 ac
867 1626 1014 1666 mare
1043 1600 1263 1676 excitat,
1288 1610 1531 1675 scientia;
1551 1624 1672 1664 cum
1693 1609 1964 1663 hominem
1989 1609 2161 1680 tinxit,

560 1707 759 1775 pietas;
781 1719 901 1759 cum
923 1703 1197 1757 hominem
1226 1701 1498 1757 benedicit
1513 1711 1566 1756 et
1587 1701 1906 1769 sanctiﬁcat,
1928 1701 2089 1758 timor
2112 1712 2161 1772 ε,

560 1797 660 1854 Dei
689 1813 882 1852 nomen
917 1796 1100 1852 habet.

635 1890 774 1946 Ecce
802 1899 1008 1960 septem
1048 1904 1250 1944 cornua
1291 1888 1469 1959 agnuli
1510 1888 1717 1960 (Apoc,
1755 1906 1808 1956 v,
1837 1887 1916 1960 6),
1953 1898 2158 1961 septem

562 1984 748 2038 oculos
769 1983 861 2037 Dei
887 1981 1100 2048 (Zach.,
1122 1997 1192 2043 tv,
1223 1980 1345 2051 10);
1373 1993 1581 2051 septem
1610 1981 1752 2036 oculi
1783 1980 1992 2053 (Apoc.,
2023 1998 2078 2049 ν,
2101 1981 2159 2055 6)

563 2078 770 2147 stagnei
795 2073 824 2113 ¹ι
853 2088 1060 2147 septem
1083 2075 1303 2146 spiritus
1329 2077 1541 2145 (Apum,
1569 2091 1643 2141 tv,
1674 2074 1756 2146 5);
1782 2083 1988 2146 septem
2021 2075 2166 2132 faces

563 2171 818 2230 ardentes
848 2179 972 2227 ante
997 2170 1245 2226 thronum
1269 2169 1360 2226 Dei
1388 2169 1596 2242 (Apoc.,
1626 2185 1677 2226 tv
1701 2169 1780 2242 5);
1806 2179 2014 2239 septem
2031 2183 2165 2224 can-

2263 503 2415 555 χχιιι,
2449 487 2575 560 18);
2605 498 2807 562 septem
2829 489 3083 545 mulieres
3107 489 3246 560 apud
3273 489 3486 545 Esaiam
3515 486 3642 562 (Is.,
3673 503 3748 556 tv,
3782 489 3864 558 1);

2261 590 2466 652 septem
2494 581 2735 637 ecclesiae
2773 580 2914 653 apud
2946 581 3192 643 Paulum,
3236 581 3395 654 (Am,
3424 597 3498 647 vt,
3531 579 3610 654 5),
3652 591 3862 650 septem

2261 674 2551 738 diacones;
2582 685 2790 744 septem
2833 674 3008 744 angeli
3041 672 3196 746 (Plus
3227 673 3381 728 semet
3410 672 3624 744 Apoc.),
3656 681 3865 744 septem

2261 768 2419 822 tubas
2443 766 2456 804 ί
2478 767 2642 840 (10s.,
2661 785 2733 836 vn,
2753 767 2832 822 vel
2853 767 3039 836 Apoc..
3063 764 3205 839 vnt);
3227 779 3430 838 septem
3447 767 3720 838 signacula
3739 767 3867 824 libri

2264 856 2475 932 (Apoc.
2497 875 2555 925 .v,
2602 861 2681 930 1.)
2711 869 2915 930 septem
2947 861 3296 930 septimanae,
3326 859 3519 928 quibus
3551 869 3867 931 pentecoste

2264 952 2624 1018 concluditur;
2651 962 2861 1023 Septem
2882 954 3196 1024 septimanae
3213 951 3354 1023 apud
3371 952 3645 1009 Danielem
3670 951 3861 1025 (Dom,

2265 1064 2347 1114 ιιι,
2375 1047 2491 1118 25);
2511 1049 2636 1104 item
2668 1047 3018 1119 quadraginta
3040 1058 3150 1104 tres
3171 1052 3484 1115 septimanae
3506 1047 3648 1118 apud
3673 1047 3868 1103 Danie-

2265 1141 2393 1206 lem;
2416 1139 2558 1212 apud
2597 1139 2710 1196 Noe
2746 1151 2952 1212 septem
2983 1141 3162 1196 omnia
3198 1139 3395 1195 munda
3435 1141 3487 1195 in
3527 1155 3649 1196 arca
3680 1139 3865 1212 (Gen.,

2263 1233 2452 1307 vn.2);
2482 1243 2688 1306 septem
2716 1234 2962 1290 vindictae
2987 1234 3054 1289 de
3075 1235 3203 1290 Cain
3226 1234 3407 1301 (Gem.
3425 1251 3498 1300 tv,
3526 1233 3639 1307 15);
3656 1246 3869 1306 septem

2264 1328 2388 1382 anni
2438 1327 2746 1382 remittendi
2797 1327 2961 1382 debiti
3009 1327 3212 1401 (Deut.,
3239 1343 3327 1394 xv,
3365 1328 3464 1397 '1);
3494 1328 3711 1384 lucerna
3740 1343 3866 1385 cum

2265 1429 2469 1486 septem
2509 1419 2725 1475 oriﬁciis
2754 1418 2967 1486 (Zach.,
2993 1436 3066 1486 tv,
3098 1421 3181 1488 2);
3231 1431 3437 1489 septem
3483 1421 3750 1477 columnae
3779 1435 3870 1478 sa-

2265 1513 2480 1584 pientiae
2509 1513 2560 1567 in
2592 1513 2811 1568 domum
2843 1514 2857 1564 i
2894 1513 3202 1570 Salomonis
3235 1511 3446 1582 (Prov.,
3473 1530 3547 1575 tu.
3567 1513 3645 1585 1).

2337 1605 2489 1661 Nunc
2520 1605 2680 1678 igitur
2709 1606 2777 1662 de
2816 1607 3090 1662 inerrabili
3116 1606 3286 1678 gloria
3320 1607 3412 1662 Dei
3441 1608 3493 1662 in
3525 1607 3864 1678 providentia

2267 1700 2454 1756 videas
2480 1700 2804 1766 memorari;
2837 1709 3038 1767 tamen,
3064 1681 3126 1754 ut
3154 1715 3307 1754 meus
3337 1715 3498 1770 parva
3523 1701 3746 1771 poterit,
3768 1717 3868 1759 co-

2191 1797 2240 1859 B
2269 1794 2441 1850 nabor
2482 1794 2791 1852 ostendere.
2834 1793 2907 1852 Ut
2961 1791 3128 1849 Adam
3176 1793 3323 1848 illum
3373 1809 3469 1866 per
3511 1795 3870 1865 septimanam

2263 1888 2666 1957 reformaverit,
2695 1897 2856 1959 atque
2883 1889 3152 1943 universa:
3181 1903 3294 1942 sum
3318 1898 3582 1942 creaturae
3607 1889 3870 1960 subveni-

2265 1991 2350 2038 ret
2373 1981 2423 2046 ιι,
2444 1981 2834 2038 nativitatelilii
2862 1981 2944 2035 sui
2969 1980 3096 2035 Jesu
3117 1979 3319 2035 Cltristi
3346 1979 3557 2034 Domini
3586 1982 3757 2036 nostri
3785 1980 3860 2036 fa-

2269 2086 2414 2133 ctum
2454 2086 2558 2133 est.
2595 2076 2728 2145 Quis
2772 2076 2952 2147 itaque
2986 2075 3102 2142 lege
3145 2073 3237 2129 Dei
3259 2073 3471 2140 doctus,
3515 2076 3637 2146 quis
3669 2074 3864 2142 plenus

2276 2168 2482 2240 Spiritu
2525 2179 2732 2235 sancto,
2780 2181 2888 2225 non
2934 2166 3186 2238 respiciat
3213 2165 3397 2235 corde,
3429 2181 3494 2222 ea
3520 2167 3610 2224 die
3649 2166 3867 2225 Gabriel

1750 2271 2147 2365 emortuum
2185 2307 2608 2366 vamsures.

627 2451 655 2478 ³
693 2449 839 2499 Forte
863 2445 1105 2508 Aspectus
1125 2443 1296 2498 Routh.

628 2509 657 2547 ῒι
695 2513 840 2562 Forte
862 2507 1084 2560 Eﬂiciant
1109 2507 1282 2560 Routlt.

627 2577 654 2606 ο
691 2574 840 2625 Forte
865 2573 1043 2624 Auctor
1070 2579 1234 2621 autem
1260 2572 1411 2620 totius
1434 2576 1679 2621 creaturae
1701 2565 1730 2619 J
1735 2580 1850 2620 esus
1884 2568 2106 2622 Walker.

633 2636 663 2675 (ὶ
700 2637 848 2687 Forte
866 2636 1118 2686 Eructavit
1136 2632 1309 2685 Routh.

634 2705 660 2732 ο
696 2701 842 2750 Forte
863 2699 1094 2749 Creatura
1120 2693 1296 2748 Routlt.

637 2762 657 2802 ί
697 2764 844 2814 Forte
866 2761 1023 2812 Homo
1043 2759 1283 2810 Dominus
1305 2758 1477 2809 Routh.

2339 2450 2366 2489 8
2402 2448 2549 2499 Forte
2569 2447 2780 2498 Timoris
2803 2444 2976 2500 Routh.

2334 2509 2367 2548 h
2401 2512 2549 2576 Forte
2573 2511 2700 2576 Sunt
2731 2512 2846 2574 agni
2872 2508 3007 2562 Cavii
3052 2522 3212 2576 marg.
3249 2509 3457 2574 Septem
3493 2509 3623 2560 oculi
3661 2507 3868 2563 Delend.

2268 2581 2449 2624 censet.
2483 2573 2702 2624 Walker.

2336 2637 2354 2674 ί
2397 2637 2542 2687 Forte
2567 2636 2720 2686 Tuba:
2744 2634 2916 2688 Routh.

2338 2698 2354 2750 ἱ
2399 2700 2546 2749 Forte
2569 2698 2724 2748 Domo
2756 2699 2978 2749 Wallter.

2338 2762 2368 2802 ιι
2403 2763 2550 2814 Forte
2566 2761 2871 2814 Subvenerit
2895 2760 3114 2814 Walker.

1915 2843 2487 2904 COMMENTARIUS.

569 2998 776 3045 laverat
796 2987 1009 3056 quidem
1033 2985 1258 3041 Crellius
1279 2999 1377 3055 pro
1400 2986 1565 3051 iustus
1587 2997 1871 3056 reponere,
1894 2992 1951 3038 ut
1977 2999 2162 3040 emen-

2266 2987 2386 3044 stel.
2418 3005 2431 3041 :
2463 3007 2481 3040 ι
2521 2989 2808 3056 Apostolus
2836 2986 3036 3042 Paulus
3066 2989 3155 3058 qtti
3201 2987 3358 3055 hujus
3391 2987 3613 3059 legitimi
3646 3004 3842 3046 numer

569 3063 748 3151 daret,
781 3054 928 3113 istius
973 3058 1121 3112 verba
1171 3054 1447 3139 cognomen
1476 3065 1548 3108 est
1577 3056 1659 3151 ei“,
1693 3054 1861 3151 idest
1883 3055 1934 3151 ei
1959 3057 2159 3151 ver'l‘too,
2191 3087 2238 3151 ρ
2269 3069 2326 3151 et
2353 3054 2781 3151 certiJneminit,
2815 3059 2879 3113 ad
2906 3054 3111 3151 septem
3132 3054 3634 3151 ecclesiasosctj‘bit.
3673 3079 3693 3113 ›
3729 3061 3864 3118 Vide

571 3131 712 3201 quod
732 3147 890 3199 supra
923 3130 1360 3201 memoravimus,
1379 3141 1675 3201 cognomen
1693 3134 1780 3201 est
1799 3127 2022 3201 verbum
2043 3127 2161 3183 Dei.

575 3197 810 3259 Etenim
846 3216 967 3255 cum
1027 3199 1092 3254 ad
1150 3200 1250 3254 hoc
1289 3197 1658 3266 probandum,
1704 3197 1900 3252 Christi
1943 3201 2168 3254 verbum

575 3274 672 3330 Dei
702 3273 1002 3336 nominari,
1035 3271 1266 3326 adducat
1289 3270 1599 3325 Victorinus
1628 3269 1805 3324 locum
1828 3269 2011 3337 Joau.,
2043 3285 2082 3336 ι,
2110 3271 2165 3338 1,

573 3352 890 3413 sequeretur
917 3359 1038 3399 eum
1070 3343 1281 3413 legisse,
1315 3353 1360 3395 et
1391 3341 1482 3394 Dei
1509 3349 1617 3394 erat
1656 3344 1881 3396 verbum.
1914 3341 1990 3397 ha
2010 3342 2132 3397 Crel
2152 3375 2164 3384 -

573 3418 705 3472 lium
741 3418 913 3470 locum
963 3416 1262 3480 relinxisse,
1307 3424 1360 3465 et
1385 3422 1817 3481 argumentatum
1847 3429 1966 3468 csse
1991 3457 2006 3479 ,
2039 3413 2169 3469 mihi

575 3487 794 3549 retulit,
828 3496 1114 3556 antequam
1162 3485 1346 3540 Crellii
1395 3485 1595 3556 librum,
1621 3483 1908 3556 vidissem.
1943 3485 2168 3556 Barate-

576 3561 727 3624 rius,
759 3559 810 3612 in
853 3553 1314 3624 Anti-Artemonio,
1342 3571 1434 3610 seu
1472 3553 1629 3607 Initio
1661 3553 1926 3624 Evangelii
1951 3555 2171 3609 Joannis

583 3629 886 3695 Vindicato,
919 3639 1051 3698 part.
1088 3647 1135 3698 ξ,
1167 3644 1288 3696 cap.
1339 3627 1435 3689 16,
1471 3626 1499 3698 §
1544 3642 1630 3685 Ill.
1675 3626 1882 3690 p.110,
1926 3628 2017 3698 ubi
2058 3627 2172 3697 ipse

576 3701 862 3773 legendum
891 3697 1141 3772 proponit
1167 3717 1182 3758 :
1208 3699 1233 3753 Ι
1243 3700 1306 3753 sti
1331 3699 1478 3753 verbo
1505 3713 1780 3769 coynomen
1808 3697 2026 3824 estRDei.

1931 3785 2026 3824 ουτ

1931 3785 2096 3825 ΟυτΕ.

655 3845 954 3899 Erurtatum
997 3855 1070 3898 est
1121 3860 1208 3897 cor
1255 3859 1420 3896 meum
1467 3841 1674 3896 verbum
1722 3843 1904 3896 bonum
1935 3883 1950 3902 .
2004 3841 2168 3896 LXX.

576 3918 896 3994 :EEspsqutro
921 3919 952 3975 ἡ
979 3915 1166 3994 κᾳρδία
1185 3937 1284 3988 μου
1309 3916 1453 3988 λόγον
1475 3915 1676 3994 ago/aea»:
1715 3913 2172 3994 Vttlgataﬂttidetn

580 3984 764 4045 habet.
801 3984 1059 4040 l'jructavit'
1087 3984 1604 4041 cor'nteum'verb'um
1644 3984 1851 4039 bonum.
1897 3984 2176 4039 Nihilomi-

583 4077 685 4116 nus
714 4076 780 4114 an
808 4059 1138 4122 Victorinus,
1168 4058 1278 4127 qui,
1301 4068 1519 4112 auctore
1549 4058 1896 4128 Hieronymo,
1926 4070 2084 4124 supra
2107 4057 2172 4111 ad

586 4148 704 4201 pag.
730 4131 855 4196 234,
882 4147 986 4185 non
1030 4146 1182 4200 teque
1205 4129 1450 4201 latineac
1471 4139 1884 4201 grmcenoverat
1913 4128 2172 4201 scribere,

586 4199 866 4258 erurtatum
912 4212 986 4257 est
1032 4199 1127 4271 pro
1157 4200 1399 4256 eructavit
1448 4200 1684 4268 posuerit
1703 4242 1716 4260 ,
1746 4215 1813 4254 au
1845 4199 2017 4269 potius
2037 4239 2052 4264 ,
2083 4214 2178 4254 cor

586 4285 886 4330 eructatum
915 4289 1034 4328 esse
1064 4272 1407 4337 intellexerit,
1437 4271 1525 4326 alii
1558 4271 1810 4337 iudicent.
1891 4271 2099 4326 Rourn.

658 4344 800 4412 Ergo
829 4347 1024 4416 primus
1045 4344 1230 4416 factus.
1260 4353 1366 4416 etc.
1393 4343 1706 4416 llepositutn
1738 4342 1804 4396 ad
1839 4359 2007 4416 marg.
2031 4341 2178 4397 Cavii

585 4426 690 4480 est,
723 4414 971 4470 Dominus
995 4431 1089 4479 pro
1118 4415 1370 4469 hcininis.
1397 4414 1704 4476 Amplector
1723 4414 2174 4479 emendationem,

580 4498 750 4543 totum
774 4504 902 4543 vero
930 4490 1103 4540 locum
1133 4488 1201 4540 ita
1223 4487 1402 4551 legere
1425 4484 1604 4556 velint.
1637 4483 1776 4552 Ergo
1797 4488 1990 4555 primus
2011 4490 2179 4555 factus
2207 4492 2258 4553 ι)
2286 4487 2457 4556 Epist.
2497 4488 2530 4543 8

583 4571 821 4613 creatura
851 4570 942 4622 est,
975 4557 1224 4612 secundus
1257 4555 1938 4626 homohominushumani
1964 4559 2179 4626 generis,

584 4640 642 4684 ut
673 4632 742 4683 ait
771 4631 1047 4700 apostolus.
1083 4627 1305 4700 Scilicet
1330 4628 1380 4680 in
1416 4625 1516 4696 Ep.
1547 4642 1563 4680 ι
1591 4627 1659 4680 ad
1689 4625 1810 4700 Cor.
1842 4629 2053 4700 “.45.
2087 4629 2176 4683 47.

585 4701 707 4757 Mox
735 4699 813 4754 ad
833 4701 867 4755 Ι.
894 4703 946 4768 5,
976 4717 1026 4770 p.
1051 4700 1180 4765 210,
1200 4699 1361 4753 verba
1387 4709 1622 4766 exstant,
1646 4709 1700 4752 ut
1727 4699 1892 4753 Adam
1917 4699 2064 4754 illum
2095 4717 2183 4770 per

584 4785 921 4843 septimanam
951 4769 1321 4842 reformaverit,
1350 4780 1501 4841 atque
1526 4769 1774 4825 universa:
1802 4787 1912 4825 suae
1934 4782 2182 4826 creatura:

587 4847 886 4899 subveniret.

666 4915 776 4970 Hoc
807 4918 960 4988 igitur
994 4914 1292 4970 Verbum—
1315 4915 1465 4968 timor
1498 4912 1594 4967 Dei
1621 4929 1801 4988 nomen
1831 4915 1999 4988 liabet.
2027 4913 2182 4972 Wal-

585 4988 720 5042 kero
749 4985 915 5052 teste,
952 5003 1111 5044 voces
1137 5003 1257 5057 quae
1302 4997 1616 5053 sequuntur,
1650 4986 1719 5039 ita
1747 4985 1798 5041 in
1830 4987 1906 5041 Ms
1969 4988 2182 5056 scriptae

585 5059 831 5123 fuerant,
861 5060 1180 5114 etncndante
1220 5073 1313 5113 eas
1349 5058 1498 5113 Cavii
1539 5057 1889 5128 apographo:
1919 5062 2045 5112 creta
2080 5075 2176 5128 pro

586 5131 770 5184 etclam
796 5175 810 5197 ,
845 5142 978 5185 terra
1027 5145 1122 5195 pro
1149 5140 1334 5184 terram
1359 5172 1374 5196 ,
1407 5131 1513 5184 sole
1560 5140 1607 5182 et
1655 5131 1779 5183 lana
1810 5145 1906 5197 pro
1949 5131 2105 5184 solem
2134 5141 2183 5184 et

587 5201 783 5268 lunam,
818 5220 932 5257 cum
961 5213 1110 5256 terra:
1137 5218 1198 5255 ac
1231 5203 1388 5254 maris
1434 5216 1530 5270 pro
1557 5217 1670 5252 cum
1701 5210 1888 5254 terram
1917 5216 1976 5254 ac
2005 5218 2178 5268 mare,

590 5273 794 5328 homine
821 5291 916 5341 pro
944 5274 1219 5328 hominem.
1250 5273 1357 5327 Sed
1381 5271 1664 5326 recentiori
1692 5288 1850 5326 manu
1874 5270 2101 5327 litteram
2126 5289 2176 5327 nt

591 5358 754 5416 super
784 5347 1040 5416 pleraque
1071 5344 1185 5416 hzl'c
1215 5345 1374 5399 verba
1405 5343 1660 5416 scriptam
1687 5343 1850 5396 fuis~e
1874 5345 1924 5398 in
1949 5345 2064 5415 ipso
2089 5360 2180 5397 co-

591 5413 732 5488 d_ice,
767 5412 992 5472 testatur
1021 5416 1091 5473 cl.
1133 5415 1389 5488 Toddius.
1434 5412 1551 5484 Ego
1597 5416 1811 5469 interim
1854 5412 2048 5470 timoris
2084 5430 2182 5488 pro

591 5486 745 5560 timor
771 5490 951 5560 tnalitn
982 5491 1176 5560 legere.
1254 5485 1464 5542 Βουτιι.

660 5556 884 5616 Cornua.
917 5556 1164 5627 Cornuto,
1209 5573 1308 5614 ms.
1343 5557 1550 5612 correxi
1601 5567 1720 5628 post
1758 5559 1944 5685 Δροεῆ
1971 5575 2020 5615 v.
2056 5560 2105 5615 6.

1942 5646 2105 5685 ocrn.

1942 5646 2107 5687 OUTﬂ.

657 5703 810 5773 Apud
840 5701 1082 5760 Paulum.
1114 5705 1218 5760 Pro
1252 5701 1475 5758 Paulum
1508 5715 1693 5772 margo
1736 5701 1988 5773 editiotiis
2016 5701 2178 5759 Cavei

579 5771 764 5830 habet.
799 5773 860 5830 F.
891 5775 1130 5847 Apocat..
1173 5777 1266 5831 sed
1297 5776 1467 5847 male,
1500 5785 1557 5847 et
1607 5771 1751 5828 recte
1787 5771 2009 5847 Paulum
2031 5774 2178 5847 ;7Cy-

574 5847 798 5916 prianus
825 5850 894 5904 dc
919 5846 1304 5905 Exhortationc
1323 5845 1560 5920 Martyrii
1578 5886 1594 5918 ,
1624 5861 1747 5919 pag.
1772 5845 1897 5917 125,
1927 5845 2016 5907 ed.
2043 5845 2179 5905 Aut-

2275 3141 2330 3185 et
2360 3131 2463 3186 alia
2491 3130 2689 3186 ibidem
2737 3130 2879 3186 hunc
2920 3131 3098 3186 locum
3132 3131 3471 3186 illustrautia.
3504 3131 3773 3188 \VALKBB.
3800 3161 3878 3174 —-

2277 3200 2656 3271 Fragmentum
2698 3201 2776 3257 De
2815 3201 3022 3256 Conone
3051 3202 3111 3257 S.
3148 3201 3461 3273 Scriptum,
3496 3207 3637 3273 quod
3670 3207 3875 3271 primus

2275 3273 2440 3329 edidit
2465 3275 2515 3328 in
2538 3274 2931 3337 Antiquitatibus
2961 3273 3120 3328 Medii
3142 3272 3216 3327 ΖΕ
3223 3275 3269 3327 vi
3288 3275 3358 3329 cl.
3385 3272 3726 3343 Muratorius,
3755 3276 3876 3334 haec

2275 3343 2436 3400 habet
2466 3363 2480 3398 :
2513 3364 2532 3398 ‹
2569 3346 2702 3399 Cum
2735 3346 3071 3417 ipseheatns
3098 3345 3374 3415 apostolus
3413 3346 3608 3401 Paulus
3638 3364 3879 3416 sequens

2276 3417 2692 3486 praedecessoris
2727 3415 2808 3472 siti
2838 3415 3060 3472 Joannis
3089 3417 3357 3477 ordinem.
3387 3419 3598 3474 nonnisi
3629 3415 3879 3477 nomina-

2276 3489 2371 3559 tim
2417 3496 2622 3559 septem
2670 3488 2917 3543 ecclesiis
2952 3488 3140 3544 scribit
3183 3488 3372 3543 ordine
3405 3491 3530 3557 tali,
3565 3491 3631 3546 ad
3680 3491 3878 3550 Coriu-

2277 3557 2442 3621 thios,
2474 3557 2577 3615 etc.
2618 3578 2637 3612 ι
2719 3559 2933 3615 Rou'rtt.

2350 3630 2559 3697 Septem
2599 3632 2855 3686 diacones.
2904 3629 3066 3686 Cons.
3114 3640 3296 3688 notam
3341 3632 3406 3688 ad
3462 3631 3694 3690 Cornelii
3743 3634 3880 3691 Fra-

2275 3714 2493 3772 gmenta
2523 3702 2590 3757 de
2631 3718 2856 3758 numero
2897 3703 3271 3758 diaconornm.
3327 3703 3402 3759 De
3459 3709 3723 3771 scriptura
3773 3724 3876 3763 au-

2277 3783 2385 3828 tem
2441 3774 2677 3828 diacones
2723 3772 2944 3829 Vossius
3008 3775 3059 3829 in
3117 3775 3211 3830 lib.
3266 3774 3344 3829 De
3391 3776 3522 3831 vitiis
3573 3780 3872 3837 sermonis:

2284 3863 2304 3896 ‹
2341 3844 2592 3917 Diacones
2637 3855 2683 3900 et
2732 3845 3028 3901 diaconibus
3079 3847 3328 3902 crebrum
3383 3858 3466 3902 est
3524 3850 3876 3917 scriptoribus

2280 3916 2662 3993 ecclesiasticis
2709 3918 2886 3993 etiam
2923 3918 3177 3988 antiquis.
3233 3917 3337 3993 sed
3383 3919 3479 3993 hos
3520 3916 3734 3993 pietatis
3779 3937 3876 3993 po-

2279 3988 2384 4064 tius
2436 3988 2697 4064 habemus
2749 3988 3036 4064 magistros
3085 3988 3588 4064 quamﬂlatiuitatis.
3647 3988 3877 4064 Elegan-

2279 4060 2446 4132 tiores
2493 4061 2654 4132 igitur
2688 4075 2908 4132 semper
2947 4061 3192 4115 diaconus
3227 4063 3446 4128 dicunt,
3485 4073 3541 4116 ιιι
3583 4060 3768 4132 ςνωιοὸ
3792 4077 3878 4121 est

2280 4129 2531 4192 διάκονος.
2569 4152 2587 4185 ι
2623 4131 2736 4186 Lib.
2768 4129 2959 4198 t,'cap.
2991 4131 3082 4189 20.
3115 4150 3166 4201 p.
3207 4132 3294 4186 82.
3343 4129 3705 4190 Tertullianus
3755 4152 3879 4192 vero

2279 4202 2724 4277 Cyprianusque.
2774 4204 2916 4277 quod
2959 4219 3060 4273 ego
3101 4205 3434 4277 meminerim
3461 4246 3476 4269 ,
3510 4206 3621 4260 fere
3666 4223 3880 4277 semper

2283 4273 2483 4328 habent
2509 4273 2715 4329 diatoni
2734 4317 2750 4342 ,
2791 4275 2916 4328 dum
2955 4290 3076 4338 res,
3112 4274 3302 4341 fateor,
3332 4290 3391 4330 se
3428 4277 3586 4331 aliter
3617 4273 3794 4335 habet
3823 4281 3876 4336 itt

2282 4346 2651 4418 epistularum
2693 4347 3119 4418 cypt'iauicarutn
3165 4346 3616 4418 inscriptionibus,
3669 4360 3724 4405 et
3784 4352 3876 4408 ubi

2283 4431 2460 4471 narrat
2495 4417 2794 4544 ttgprianus
2823 4421 2872 4471 iu
2909 4417 3138 4486 Epistola
3165 4417 3233 4470 ad
3259 4417 3598 4480 Successum.
3627 4437 3749 4492 qua:
3780 4433 3869 4479 est

2286 4487 2457 4544 Epist.
2497 4488 2530 4543 8
2590 4531 2604 4544 .
2644 4489 2729 4543 vel
2777 4489 2885 4543 82:
2921 4507 2940 4540 t
2973 4489 3314 4544 Valerianum
3359 4490 3491 4544 hnu.
3528 4492 3592 4544 ad
3633 4501 3869 4544 senatum

2590 4531 2604 4553 ,
2644 4489 2729 4543 vel
2777 4489 2885 4543 82:
2921 4507 2940 4540 t
2973 4489 3314 4545 Valerianum
3359 4490 3491 4561 hnp.
3528 4492 3592 4545 ad
3633 4489 3878 4551 senatum

2287 4561 2647 4633 rest-ripsis~e.
2680 4569 2737 4633 ut
2763 4561 2998 4633 episcopi
3025 4571 3080 4616 et
3117 4561 3410 4633 presbyteri
3441 4572 3488 4614 et
3518 4564 3757 4619 diacones
3787 4572 3872 4620 in-

2285 4632 2580 4685 continenti
2621 4630 3134 4687 animadvertuntur.
3176 4651 3195 4686 ›
3230 4630 3383 4688 Unde
3427 4634 3636 4690 videtur
3675 4652 3874 4696 nomen

2286 4701 2530 4759 diacones
2556 4717 2623 4758 eo
2655 4714 2897 4774 tetnpore
2925 4705 3176 4759 usitatius
3201 4719 3264 4760 ac
3295 4705 3557 4777 vulgatius
3582 4705 3766 4764 fuisse.

3597 4777 3801 4836 nou-ra.

2356 4845 2427 4901 In
2453 4845 2603 4901 domo
2629 4845 2942 4919 Salomonis.
2971 4849 3060 4903 Sic
3080 4847 3362 4919 legendum
3384 4859 3565 4906 monet
3587 4848 3878 4911 Walkerus

2285 4933 2384 4988 pro
2409 4920 2462 4972 in
2491 4919 2696 4972 domum
2727 4916 2789 4973 S.
2818 4919 2917 4987 Qui
2950 4916 3155 4990 septeni
3185 4931 3520 4977 sacramenta
3550 4924 3600 4975 in
3633 4923 3877 4978 Ecclesia

2286 5004 2408 5045 esse
2434 5001 2693 5065 statuunt,
2741 5002 2797 5044 ut
2845 4991 3021 5047 obiter
3063 4991 3360 5065 id_notem,
3411 4993 3637 5065 plurima
3686 4994 3878 5050 borum

2286 5062 2714 5131 Septenariorum
2752 5077 3096 5118 numerorum
3135 5063 3188 5118 in
3234 5062 3464 5120 tnediuiu
3506 5065 3683 5119 solent
3708 5067 3880 5122 addu-

2285 5147 2431 5195 cere,
2467 5145 2520 5186 ut
2548 5149 2663 5188 rem
2689 5133 2770 5186 vel
2801 5133 3038 5198 tirment,
3073 5136 3150 5190 vel
3184 5135 3470 5192 illustrent.
3551 5136 3764 5192 Rou'rtt.

2361 5203 2429 5261 Ut
2460 5202 2622 5259 Adam
2649 5205 2828 5270 illum,
2869 5214 2974 5261 etc.
3020 5205 3333 5263 Walkerum
3367 5217 3670 5264 monentem
3713 5209 3878 5267 verba

2285 5275 2401 5350 lucc
2417 5293 2538 5331 cum
2560 5276 3210 5350 sequentibus,nativitate
3231 5279 3328 5347 ﬁlii
3353 5281 3453 5343 sui,
3477 5290 3605 5341 etc.,
3621 5283 3877 5350 conjungi

2284 5347 2483 5422 debere
2505 5347 2662 5422 ,non
2707 5363 2827 5422 ctnn
2872 5349 3140 5418 prioribus
3163 5392 3176 5414 ,
3209 5360 3427 5406 secutus
3456 5367 3572 5407 sum
3599 5369 3612 5404 :
3639 5355 3685 5405 is
3717 5347 3878 5422 porro

2283 5420 2566 5474 subvenerit
2592 5435 2689 5491 pro
2714 5418 2993 5493 subveniret
3013 5423 3124 5475 vult
3152 5436 3434 5489 reponere.
3464 5418 3751 5476 Nativitat'e
3776 5440 3876 5493 pro

2284 5493 2597 5564 nativitatem
2617 5504 2918 5547 surrexerat
2936 5491 3092 5564 (Cavii
3115 5493 3501 5564 apographutn.
3529 5495 3632 5550 Per
3643 5491 3877 5551 sanctam

2284 5563 2878 5635 autetnoltebdomadam,
2903 5563 3014 5618 sive
3035 5563 3277 5620 diversos
3304 5564 3555 5621 bonitatis
3579 5569 3873 5635 protectus,

2287 5633 2832 5710 procedeudttnreme
2862 5637 3118 5706 praecepit
3160 5636 3410 5692 Clemens
3456 5633 3638 5706 Aleti},
3668 5653 3829 5710 supra
3858 5633 3874 5706 ,

2283 5706 2349 5760 ad
2383 5723 2433 5774 p.
2464 5705 2591 5761 250.
2673 5706 2882 5762 Rou'ru.

2362 5777 2437 5831 Ea
2462 5777 2544 5831 tlte
2575 5777 2780 5832 Gabriel
2805 5778 3038 5849 angelum
3070 5777 3272 5843 Marica.
3301 5790 3407 5836 etc.
3437 5779 3719 5849 Quomodo
3759 5781 3878 5838 htec

2283 5859 2447 5922 atquc
2473 5860 2671 5909 caetera
2699 5850 3068 5922 hujuscemodi
3103 5852 3206 5910 sibi
3235 5852 3514 5923 collegerit
3543 5851 3873 5924 ViCtorinus,
