4142 6262
237 353 332 410 515

1213 354 1688 414 FMGMENTUM
1730 357 1817 414 DE
1857 357 2148 415 FABRICA
2193 357 2430 417 MUNDI.

3393 367 3500 427 3H

231 468 457 544 angelum
493 470 676 526 Maria:
711 472 902 544 virgini
941 475 1360 548 evangelizasse,
1393 492 1498 545 qua
1521 475 1611 531 die
1635 475 1800 532 draco
1826 481 1879 543 Α
1904 478 2026 548 quia
2082 471 2327 534 seniores
2375 487 2503 534 sunt
2541 488 2596 535 et
2641 478 2763 536 aliis
2811 480 3018 552 angelis
3066 490 3124 537 et
3169 481 3498 543 hominibus.

230 564 378 621 Evam
406 564 652 633 seduxit;
681 581 744 622 ea
771 567 860 624 die
887 570 1145 640 Spiritum
1177 580 1418 626 sanctum
1447 569 1666 626 Mariam
1697 573 1802 627 vir-

228 659 387 729 ginem
435 658 749 724 immdasse,
779 677 879 730 qua
913 662 1087 718 lucem
1135 663 1292 725 fecit;
1323 678 1383 718 ea
1431 663 1520 718 die
1546 664 1597 718 in
1638 677 1803 720 carne

229 766 334 806 esse
359 765 700 819 conversum,
738 769 843 824 qna
891 765 1089 810 terram
1134 767 1188 812 et
1217 773 1406 828 aquam
1441 756 1593 823 fecit;
1625 773 1686 812 ea
1717 757 1803 814 die

229 843 274 899 in
302 843 433 899 lacte
462 858 585 899 esse
609 861 964 910 conversum,
1005 864 1108 919 qua
1149 849 1332 904 stellas
1369 848 1515 912 fecit;
1546 865 1606 904 ea
1638 851 1724 904 die
1749 851 1800 905 in

228 936 490 1008 sanguine.
515 953 619 1008 qna
643 949 786 994 terra
813 949 866 995 et
890 955 1026 1011 aqua
1055 941 1214 998 fretus
1239 956 1369 997 suos
1393 941 1710 1007 ediderunt;
1738 958 1800 998 ea

227 1027 302 1083 die
339 1031 390 1082 in
432 1045 598 1086 carne
635 1046 759 1087 esse
797 1047 1138 1098 conversum,
1176 1051 1277 1105 qua
1307 1033 1394 1088 die
1437 1035 1705 1090 hominem
1735 1035 1803 1090 de

229 1120 376 1176 humo
400 1122 652 1198 instruxit
675 1140 690 1187 ;
714 1139 776 1176 ea
808 1123 893 1179 die
915 1136 1098 1180 natum
1123 1139 1243 1180 cSSe
1267 1124 1562 1191 Christum,
1587 1142 1690 1197 qua
1715 1126 1803 1182 ho-

227 1216 406 1271 minem
439 1214 614 1281 ﬁnxit;
639 1216 826 1272 eadem
859 1226 883 1253 α
913 1218 1001 1274 die
1026 1232 1147 1274 esse
1179 1233 1417 1290 passum,
1438 1234 1545 1290 quo
1575 1218 1600 1257 ι’
1632 1218 1799 1274 Adam

225 1309 434 1372 cecidit;
460 1323 521 1363 ea
546 1309 634 1364 die
652 1310 946 1382 resurrexit
969 1320 992 1349 ε
1017 1327 1044 1364 a
1066 1312 1315 1378 mortuis,
1337 1327 1436 1382 qua
1457 1312 1628 1367 lucem
1654 1312 1796 1367 fecit.

227 1399 612 1455 Humanitatem
641 1376 858 1472 quouque
886 1416 1038 1456 suam
1077 1404 1382 1473 septenario
1412 1419 1637 1458 numero
1672 1417 1800 1458 con-

225 1505 471 1562 summat,
502 1496 814 1562 nativitatis,
841 1497 1098 1562 infantiaa,
1119 1500 1381 1570 pueritiae,
1402 1501 1800 1570 adolescentiae,

219 1589 528 1659 juventntis,
547 1589 798 1659 perfectae
813 1591 1006 1653 aetatis,
1028 1607 1278 1648 occasum
1295 1589 1343 1647 δ.
1369 1593 1568 1650 ιυάωίδ
1589 1611 1804 1667 quoque

222 1680 597 1739 humanitatem
617 1701 770 1740 suam
792 1685 953 1741 etiam
976 1687 1058 1741 his
1081 1687 1254 1743 modis
1280 1689 1510 1754 ostendi,
1541 1705 1661 1744 cum
1679 1706 1803 1745 esu—

223 1777 304 1842 rit,
343 1777 474 1844 sitit,
505 1779 686 1833 cibum
719 1788 1011 1851 potumque
1052 1780 1230 1841 dedit.
1262 1797 1383 1837 cum
1412 1783 1676 1847 ambulat,
1709 1799 1802 1840 eas

1979 619 2223 660 EXPLICIT
2251 618 2566 662 TBACTATUS
2594 619 2864 661 VICTOBINI
2893 621 2959 661 DE
2988 620 3215 663 FABRICA
3242 622 3427 664 IUNDI.

1905 741 2116 797 Primus
2145 759 2209 797 ea:
2246 743 2418 797 codice
2445 742 2794 798 Lambethano
2837 743 2996 798 edidit
3039 743 3162 800 Gul.
3210 742 3408 802 Cavius
3445 746 3499 803 in

2187 835 2444 908 (Historia
2478 837 2678 903 Litter.,
2711 847 2834 890 tom.
2866 852 2911 900 t,
2945 853 2996 905 ρ.
3032 835 3214 908 148),

1907 952 2385 1019 Inter-pretationem
2414 969 2527 1023 quae
2555 951 2801 1018 sequitur,
2831 950 3020 1015 Esaiae,
3043 966 3094 1006 c.
3117 966 3193 1017 vr,
3220 966 3419 1008 comm.
3438 951 3496 1020 2,

1977 1057 2336 1102 commemorat
2381 1047 2444 1102 S.
2488 1046 2850 1117 Hieronymus,
2887 1046 3032 1118 epist.
3075 1044 3144 1099 ad
3190 1043 3498 1113 Damasum,

1981 1152 2022 1196 t.
2057 1158 2136 1210 ιιι,
2173 1157 2227 1212 p.
2257 1141 2386 1207 518,
2421 1140 2504 1195 ed.
2540 1138 2855 1194 Martianwi.

1906 1257 2012 1314 Sex
2027 1259 2126 1312 alte
2140 1257 2228 1311 uni
2250 1256 2335 1329 (ex
2355 1255 2684 1323 Seraphim),
2710 1265 2756 1310 et
2777 1255 2977 1310 sexalte
2997 1255 3147 1310 alteri
3162 1253 3299 1329 (lsa.
3313 1270 3389 1319 vr,
3411 1253 3496 1325 2),

1976 1349 2284 1405 Victorinus
2335 1357 2519 1404 noster
2572 1346 2856 1402 duodecim
2907 1347 3180 1420 apostolos
3229 1347 3500 1419 interpre-

1976 1452 2117 1498 tatus
2145 1453 2248 1498 est.

1905 1556 1984 1612 De
2031 1557 2093 1612 S.
2131 1555 2381 1612 Victorini
2427 1556 2862 1627 Interpretatione
2908 1553 3276 1622 Ecclesiastis,
3319 1573 3366 1611 c.
3420 1571 3497 1625 tv,

1975 1665 2157 1704 comm.
2186 1650 2272 1716 15,
2303 1649 2373 1703 ita
2401 1649 2464 1704 S.
2508 1647 2750 1716 Hierom,
2782 1647 2980 1705 Comm.
3016 1649 3069 1703 in
3104 1647 3405 1706 Ecclesiast.
3431 1649 3501 1706 ad

1976 1744 2100 1808 loc.,
2133 1753 2170 1797 t.
2193 1759 2252 1811 ιι,
2285 1761 2338 1814 p.
2357 1743 2484 1800 7M.

221 1883 325 1924 esse
351 1870 454 1923 scit
479 1880 523 1935 θ,
554 1885 678 1926 cum
708 1886 870 1942 super
897 1871 1218 1929 cervicalem
1252 1873 1271 1912 ί
1301 1873 1554 1930 dormivit
1579 1875 1795 1949 (Mora,
1827 1891 1876 1955 Β
1975 1876 2232 1949 Origenes
2261 1886 2316 1933 et
2357 1877 2669 1933 Victorinus
2716 1890 2823 1932 non
2878 1876 3108 1932 multum
3156 1877 3301 1933 inter
3327 1891 3387 1934 se
3412 1877 3497 1934 di-

223 1966 288 2028 iv,
314 1967 402 2038 '58)
425 1984 446 2031 ,°
471 1983 593 2022 cum
640 1979 819 2026 autem
849 1969 982 2026 freta
1013 1980 1107 2027 aut
1144 1973 1376 2044 procella
1401 1984 1426 2022 8
1453 1975 1678 2046 pedibus
1721 1977 1802 2031 in-

223 2061 468 2133 greditur,
518 2065 698 2119 ventis
747 2066 995 2137 imperat,
1045 2082 1218 2139 :egros
1264 2078 1450 2136 curat,
1491 2081 1543 2124 et
1585 2069 1802 2126 claudos

223 2156 487 2221 reformat,
506 2172 684 2214 caecos
705 2157 1010 2230 eloquentia
1029 2160 1257 2215 instituit
1277 2159 1302 2197 ιι
1324 2161 1497 2218 videte
1520 2162 1802 2220 Dominum

223 2263 272 2303 se
295 2264 404 2305 esse
438 2252 680 2306 nuntiari
707 2252 950 2322 ejusdem
990 2253 1033 2310 ί.

284 2341 626 2399 Duodeuario
654 2359 878 2400 numero
925 2345 1153 2402 diceret
1193 2356 1252 2402 nt
1279 2361 1442 2418 supra
1487 2351 1805 2418 memoravi,

221 2451 306 2508 per
326 2437 604 2494 duodenas
632 2438 795 2494 horas
816 2439 1005 2495 hifarie
1031 2441 1233 2497 divisus
1259 2451 1342 2498 est
1368 2442 1499 2498 lucis
1529 2452 1582 2496 et
1609 2444 1802 2512 noctis,

219 2544 305 2601 per
321 2530 415 2586 has
439 2547 679 2604 namque
700 2532 881 2600 horas,
916 2548 1132 2590 menses
1161 2545 1215 2590 et
1241 2537 1367 2590 anni
1399 2545 1455 2590 et
1477 2545 1720 2607 tempora
1750 2544 1806 2592 et

220 2625 402 2679 saecula
441 2635 840 2696 computantur.
873 2625 1179 2683 Constituta
1211 2627 1238 2665 κ
1272 2637 1399 2683 sunt
1452 2627 1633 2699 itaque
1684 2629 1804 2684 sine

220 2713 377 2770 dubio
414 2725 592 2772 autem
635 2726 656 2765 ι
687 2717 794 2774 diei
841 2719 1017 2789 angeli
1058 2717 1368 2785 duodecim,
1407 2720 1584 2774 noctis
1626 2719 1801 2790 angeli

222 2807 518 2873 duodecim,
573 2825 672 2880 pro
717 2825 944 2867 numero
989 2811 1192 2868 scilicet
1240 2811 1516 2867 horarum.
1568 2812 1629 2867 lli
1675 2823 1800 2870 sunt

220 2915 429 2974 namque
442 2918 599 2958 nun
627 2913 792 2959 testes
814 2904 1022 2959 dierum
1045 2914 1100 2960 et
1123 2904 1361 2960 noctium
1387 2904 1596 2978 (Apoc.,
1618 2922 1692 2974 Iv,
1714 2905 1796 2980 4),

220 2995 297 3064 qui
325 2995 511 3052 sedent
544 3005 675 3052 ante
704 2996 955 3052 thronum
987 2997 1103 3065 Dei,
1139 2991 1369 3053 curonas
1398 3012 1595 3054 aureas
1624 2998 1677 3054 in
1705 3013 1800 3054 ca-

217 3087 392 3157 pitibus
417 3089 533 3144 suis
566 3089 859 3156 habentes,
910 3104 1047 3160 quos
1093 3091 1147 3145 in
1179 3100 1217 3126 ιιι
1255 3091 1607 3164 Apocalypsis
1640 3091 1805 3147 Joan»

222 3182 294 3238 nis
336 3184 564 3257 apostoli
593 3194 647 3241 et
685 3184 1030 3258 evangelista:
1084 3185 1326 3242 seniores
1370 3195 1555 3254 vocat,
1604 3185 1805 3245 idcirco

271 3402 294 3432 ³
325 3403 468 3455 Forte
489 3403 567 3454 Ea
602 3403 818 3454 Walker.

269 3464 293 3505 h
323 3468 466 3518 Fo'te
487 3468 599 3526 Qua
633 3467 851 3518 Walker.

269 3530 290 3557 ε
322 3531 464 3582 Forte
485 3525 849 3580 Resurrexisse
872 3525 1093 3579 Walkcr.

266 3589 290 3628 ἀ
323 3593 463 3644 Forte
484 3592 704 3643 Drusus
736 3590 952 3641 Watker.

273 3659 297 3686 ε
327 3663 460 3706 Forte
479 3656 548 3707 Et
566 3657 778 3705 secessit
800 3651 972 3706 Rontlt.

276 3718 295 3756 ί
333 3719 465 3770 Forte
481 3716 709 3772 Cervical
725 3716 893 3770 Bauth.

276 3782 301 3824 ε
331 3783 462 3833 Forte
479 3779 766 3833 Proceltosa
786 3780 955 3834 Deleta
979 3784 1061 3829 aut
1085 3781 1258 3832 nomn.

1905 1987 2063 2028 versa
2105 1981 2407 2028 senserunt.
2438 1972 2566 2026 Post
2591 1971 2898 2042 generalem
2927 1969 3070 2026 enim
3104 1969 3250 2026 illam
3279 1979 3501 2029 senten-

1905 2066 2056 2135 tiam,
2089 2081 2209 2138 qum
2236 2065 2488 2121 omnibus
2510 2073 2674 2136 patet,
2705 2063 2848 2136 quod
2871 2064 3064 2119 melior
3092 2065 3163 2120 sit
3187 2063 3502 2121 adolescen-

1906 2160 2050 2216 tulus
2071 2175 2276 2231 pauper
2303 2168 2357 2215 et
2374 2159 2612 2230 sapiens,
2640 2173 2801 2228 quam
2830 2172 2925 2214 rex
2950 2172 3115 2214 senes
3143 2166 3197 2213 et
3220 2157 3500 2230 insipiens,

1907 2265 1962 2311 et
1991 2255 2133 2325 quod
2184 2256 2493 2325 frequenter
2531 2253 2744 2317 evenit,
2796 2263 2855 2307 ut
2896 2251 2984 2308 ille
3035 2267 3131 2323 per
3177 2252 3498 2321 sapientiam

1909 2362 2062 2403 suam
2092 2348 2253 2403 etiam
2280 2346 2348 2402 de
2377 2360 2596 2402 carcere
2635 2345 2781 2415 regis
2819 2343 3106 2416 egrediens
3147 2345 3378 2414 imperet
3399 2359 3498 2412 pro

1908 2440 2250 2496 dominatore
2281 2453 2541 2509 perverso
2569 2455 2584 2504 ;
2617 2447 2671 2492 et
2699 2453 2790 2493 res
2823 2437 3083 2507 insipiens
3112 2435 3300 2508 perdat
3331 2437 3502 2506 impe-

1912 2535 2074 2600 rium,
2103 2532 2246 2603 quod
2293 2531 2550 2587 tenebat:
2579 2546 2739 2602 super
2785 2528 3002 2585 Christo
3024 2539 3080 2586 et
3112 2530 3333 2586 Diabolu
3360 2529 3502 2588 hunc

1905 2627 2082 2683 locum
2135 2625 2470 2694 interpretati
2502 2635 2646 2691 sunt,
2677 2623 2822 2695 quod
2855 2640 3081 2694 puerum
3132 2640 3422 2696 pauperem
3447 2635 3502 2682 et

1905 2723 2226 2792 sapientem,
2251 2718 2526 2776 Christum
2542 2719 2710 2775 velint
2737 2719 3150 2790 puerum.jnxta
3176 2718 3329 2784 illud,
3355 2735 3503 2792 mag-

1905 2828 2030 2868 num
2055 2813 2148 2868 tibi
2179 2821 2263 2869 est
2293 2813 2472 2868 vocari
2505 2821 2556 2868 te
2583 2827 2805 2883 puerum
2831 2827 3008 2866 meum
3031 2812 3194 2884 (lsa.,
3231 2829 3376 2880 xux,
3403 2813 3499 2885 6);

1906 2922 2196 2979 pauperem
2236 2921 2387 2969 vero,
2427 2907 2551 2977 quia
2585 2919 2788 2976 panper
2817 2904 2988 2960 factus
3022 2913 3124 2971 est,
3153 2920 3317 2976 quum
3343 2904 3497 2962 dives

1905 3011 2053 3060 esset
2085 3001 2150 3072 (ll
2179 3001 2325 3064 εον..
2344 3016 2439 3056 vm
2458 3043 2474 3068 ,
2497 2998 2586 3072 9);
2611 3010 2664 3055 et
2693 3000 3010 3070 sapientem,
3028 3000 3152 3070 quia
3183 2997 3498 3068 proﬁciebat

1907 3105 2066 3153 {etate
2094 3105 2152 3152 et
2193 3095 2455 3165 sapientia
2486 3103 2540 3149 et
2568 3091 2736 3164 gratia
2781 3091 2921 3164 apud
2952 3091 3123 3147 Deum
3162 3099 3217 3146 et
3255 3090 3502 3147 homines

1908 3187 2088 3263 (Luc.,
2109 3206 2167 3257 ιι,
2183 3205 2368 3245 comm.
2387 3187 2532 3259 ηιμ).
2547 3187 2653 3243 Iste
2670 3195 2828 3243 natus
2839 3195 2923 3243 est
2943 3186 2998 3242 in
3020 3199 3188 3256 regno
3203 3185 3370 3252 senis,
3393 3193 3498 3244 etc.

1411 3301 1788 3364 LECTIONES
1826 3307 1915 3365 VA
1925 3307 2244 3364 RIANTES.

1414 3416 1419 3422 '
1823 3404 1868 3468 Ο
1964 3403 1995 3442 h
2029 3407 2175 3456 Forte
2199 3401 2382 3457 excidit
2427 3401 2612 3454 Sardos
2656 3400 2772 3451 facit
2816 3399 3004 3460 audire,
3032 3405 3084 3452 et
3106 3407 3326 3454 mortuos
3347 3401 3499 3453 resti-

1901 3470 1995 3520 luil.
2019 3468 2186 3520 Roulh.

1967 3532 1987 3571 ί
2031 3533 2176 3581 Forte
2200 3530 2439 3580 Nuntiare
2459 3528 2645 3579 eisdem
2670 3527 2843 3580 notua.

1969 3594 1985 3644 i
2031 3595 2177 3644 Forte
2199 3593 2322 3642 Dies
2345 3589 2512 3643 Routh.

1965 3661 1993 3697 ιι
2028 3659 2174 3707 Forte
2189 3656 2449 3708 Constituti
2484 3652 2701 3704 Walker.

1967 3719 1986 3758 ι
2030 3720 2234 3770 Delettd.
2261 3721 2440 3768 Autem
2465 3714 2533 3768 ait
2567 3716 2785 3769 Walker.

1961 3783 2002 3812 ⁸³³
2027 3783 2082 3832 In
2099 3781 2275 3834 delend
2297 3786 2453 3832 monet
2483 3779 2703 3831 Walker.

1557 3863 2124 3923 COMMENTARIUS.

215 3982 424 4052 perinde
445 3993 604 4056 atque
643 3982 735 4056 alii
777 3991 988 4038 veteres
1014 3990 1416 4056 tractatoreset
1440 3981 1785 4056 cirronologi,

215 4056 489 4126 visioperaa
515 4052 747 4126 pretium
771 4065 891 4120 est,
921 4064 976 4108 nt
1001 4054 1121 4124 quis
1162 4052 1426 4126 ostendat.
1459 4053 1628 4108 Paulo
1669 4063 1789 4122 post

216 4125 261 4198 in
287 4125 429 4181 Cavii
455 4125 770 4198 apugraphu
797 4127 1026 4197 positum
1077 4135 1161 4181 est
1204 4125 1478 4181 mandasse
1506 4140 1600 4194 pro
1642 4127 1794 4179 inun-

216 4197 361 4252 desse.
436 4197 673 4256 Roma;
1230 4255 1233 4258 .

277 4268 350 4324 Ea
373 4273 456 4324 die
477 4273 533 4325 in
556 4287 708 4324 carne
726 4286 833 4325 esse
855 4285 1167 4325 conversum.
1191 4286 1289 4338 qua
1312 4277 1516 4328 terram,
1547 4277 1655 4324 etc.
1677 4267 1790 4324 Non

217 4344 505 4397 conveniret
536 4342 638 4395 huc
660 4359 780 4396 cum
807 4342 899 4395 illo
925 4342 988 4394 ad
1013 4342 1105 4395 lin.
1134 4341 1218 4399 15.
1249 4358 1307 4394 ea
1332 4339 1414 4392 die
1438 4341 1488 4392 in
1511 4356 1663 4393 carne
1689 4358 1794 4396 esse

218 4429 516 4480 conuersum,
549 4430 650 4481 qua
681 4414 762 4466 die
787 4413 1037 4466 hominem
1068 4412 1131 4464 de
1159 4411 1313 4466 Immo
1342 4419 1580 4464 instruxit
1601 4454 1615 4476 ,
1647 4413 1788 4481 quod

217 4484 392 4539 factum
419 4502 547 4540 esse
591 4485 888 4539 ostenditur
918 4484 1052 4536 Iibru
1093 4481 1300 4537 Genesis
1326 4483 1413 4536 die
1441 4493 1599 4537 sexto
1619 4526 1631 4544 ,
1663 4484 1787 4538 dum

218 4565 337 4627 terra
363 4567 415 4611 et
440 4573 582 4627 aqua
608 4557 694 4610 die
725 4556 881 4610 tertio
910 4554 1520 4627 apparuissedicnntur,
1552 4556 1650 4610 nisi
1679 4558 1790 4627 aias

217 4626 389 4682 Christi
409 4624 838 4682 incarnationem
861 4628 912 4681 in
936 4625 1164 4680 uteruB.
1183 4624 1417 4697 Virginis
1436 4626 1548 4681 haec
1572 4625 1787 4693 quidem

218 4698 412 4769 intelligi
441 4701 670 4757 debere.
699 4697 896 4754 Confer
925 4698 1085 4752 verba
1129 4697 1287 4766 paulo
1312 4712 1469 4767 supra
1515 4698 1579 4752 ad
1609 4697 1704 4751 lin.
1733 4698 1786 4762 9,

219 4779 261 4842 et
281 4782 379 4826 not.
413 4774 466 4826 in
502 4771 816 4842 Fragment.
847 4769 865 4824 1
893 4770 1128 4824 Chronici
1155 4769 1418 4839 Africani,
1446 4769 1553 4824 vol.
1585 4785 1642 4834 ιι,
1668 4785 1787 4842 pag.

217 4840 322 4897 “.59.
395 4844 612 4900 Βουτιι.

279 4914 381 4981 Qua
408 4927 548 4970 terra
575 4925 622 4969 et
644 4930 774 4984 aqua
804 4914 953 4982 {uetus
977 4929 1096 4984 suos
1121 4911 1406 4984 ediderunt.
1441 4911 1554 4967 Hoc
1591 4913 1788 4968 factum

220 4981 292 5039 die
309 4994 499 5056 quinto
528 5002 651 5042 esse
676 4981 870 5040 dicitur
893 4987 956 5039 ad
987 5002 1037 5054 p.
1071 4983 1199 5056 256,
1239 4983 1274 5038 Ι.
1314 4983 1405 5038 28.
1437 4985 1502 5038 At
1542 5000 1670 5039 veru
1695 5000 1786 5038 sua

220 5055 425 5131 edidisse
451 5074 594 5131 aqua
615 5058 831 5128 quidem
855 5056 1081 5112 traditur
1102 5055 1191 5111 die
1211 5056 1418 5126 quinto,
1446 5064 1586 5111 terra
1609 5067 1789 5111 autem

222 5125 292 5182 die
314 5142 484 5186 sexto.
507 5125 520 5131 ⁷
568 5125 776 5184 Βόυτιι.

282 5199 348 5252 Ea
375 5203 456 5257 die
481 5219 594 5258 esse
619 5218 846 5272 passum,
875 5217 975 5270 qua
1001 5199 1165 5254 Adam
1188 5202 1386 5255 cecidit.
1413 5201 1642 5267 Lapsum
1669 5213 1790 5254 esse

221 5269 364 5343 Adam
390 5290 455 5327 eo
483 5275 606 5343 ipso
619 5269 737 5332 die,
771 5269 1046 5343 quoillnm
1075 5273 1366 5328 creavisset
1395 5273 1534 5328 Deus
1555 5313 1571 5338 ,
1601 5285 1789 5326 omnes

221 5341 313 5395 fere
339 5341 601 5399 statuunt.
681 5341 887 5399 BOD—Tu.

280 5414 514 5470 Occasus.
547 5416 622 5472 De
645 5427 816 5470 morte
837 5431 939 5471 vox
963 5416 1227 5473 interdum
1247 5415 1545 5470 adhibetur.
1572 5415 1786 5471 Rou'ru.

279 5484 375 5540 Eas
400 5505 514 5541 esse
555 5489 665 5540 scit.
720 5486 839 5540 For.
892 5491 1234 5544 scribendum
1261 5532 1275 5554 ,
1329 5498 1374 5541 et
1412 5487 1630 5541 secessit.
1672 5485 1787 5542 Vox

219 5559 342 5610 enim
389 5562 594 5612 secessit
640 5568 745 5613 vet.
797 5560 960 5614 latino
1005 5560 1282 5630 interpreti
1331 5559 1589 5630 solennis.
1625 5557 1785 5614 Verbi

219 5641 379 5690 eausa,
409 5631 542 5684 Cum
566 5640 731 5683 autem
757 5631 978 5684 audisset
1018 5629 1190 5694 Iesus,
1223 5631 1357 5694 quod
1383 5629 1608 5683 Joannes
1633 5633 1765 5684 tradi

220 5648 379 5690 causa,
409 5648 542 5684 eum
566 5648 731 5683 autent
757 5648 978 5684 auaisset
1018 5648 1190 5694 usus,
1258 5648 1354 5683 uoa
1383 5648 1608 5683 Joannes
1633 5648 1764 5684 iram

220 5708 291 5780 tus
315 5712 457 5780 esset,
487 5702 711 5780 secessit
736 5703 1114 5780 (ἀνεχῲρησεν)
1142 5705 1192 5756 in
1218 5648 1483 5780 Z‘altla'am
1511 5700 1696 5780 (Matt.
1714 5718 1788 5772 tv,

220 5769 317 5840 1‘2).
345 5771 449 5828 Sed
473 5773 544 5826 ad
567 5773 712 5828 Cavii
737 5769 1030 5841 marginem
1058 5769 1340 5844 legendum
1369 5788 1487 5828 esse
1507 5769 1790 5843 cnnjivitur

220 5845 368 5917 spicas
385 5862 480 5912 pro
498 5862 603 5898 eas.
633 5845 746 5900 Mox
770 5846 984 5900 cervical
1009 5847 1288 5917 legendum
1306 5854 1433 5916 pulo
1451 5861 1548 5916 pro
1573 5846 1789 5899 cervica-

224 5913 326 5983 lrnt,
358 5926 407 5974 et
433 5917 567 5985 freta
590 5917 886 5988 procelloso,
916 5934 1014 5990 pro
1039 5913 1170 5989 freta
1196 5927 1282 5972 aut
1307 5913 1550 5986 procella.
1576 5918 1782 5974 Reum.

1818 4586 1885 4659 l1

1967 3982 2140 4037 ϐιεωε
2162 3973 2446 4051 eloquentia
2467 3982 2703 4036 instituit.
2730 3979 3090 4052 Eloquentiam
3110 3981 3232 4049 Ms.,
3257 3992 3311 4039 et
3327 3984 3501 4039 clodos

1895 4055 2113 4117 antique
2142 4070 2236 4122 pro
2261 4054 2493 4110 claudos.
2524 4054 2759 4118 Dixerat,
2788 4053 3000 4108 claudos
3019 4054 3284 4121 reformat.
3314 4059 3497 4110 statim

1900 4137 2026 4181 ante
2050 4125 2213 4186 istud,
2234 4141 2393 4180 caecos
2417 4125 2708 4194 eloquentia
2734 4126 2973 4179 instituit.
3002 4124 3097 4178 Hic
3123 4141 3249 4178 vero
3274 4138 3499 4194 propter

1899 4199 2261 4268 seplenarium
2291 4212 2594 4268 numerum,
2624 4196 2824 4268 dequo
2864 4205 2938 4268 tot
2968 4195 3276 4268 Victorinus
3313 4197 3494 4265 habet,

1899 4267 1985 4323 vix
2017 4270 2204 4323 dubito
2242 4269 2365 4336 quin
2406 4267 2709 4339 hnjusmodi
2750 4267 2994 4338 quaedam
3037 4267 3125 4339 ille
3164 4268 3494 4339 addidisset,

1898 4342 2079 4394 surdos
2102 4342 2224 4410 facit
2241 4340 2442 4405 audire,
2464 4336 2512 4395 et
2534 4352 2760 4395 mortuos
2771 4336 3020 4394 restituit.
3041 4336 3194 4394 Conf.
3223 4338 3372 4404 Luc.,
3397 4336 3494 4403 vn,

1896 4412 2220 4467 22.1nterca
2268 4412 2443 4466 Melita
2485 4411 2760 4466 sat-densis
2804 4413 2854 4466 in
2903 4410 3203 4482 fragmento
3249 4410 3387 4466 Libri
3433 4413 3496 4468 de

1899 4483 2262 4560 lncqrnatione
2285 4482 2473 4560 αινὶαὲ
2504 4485 2571 4560 ita
2605 4483 2787 4560 scribit
2813 4500 2830 4560 7:
2860 4481 3004 4560 efﬁgi
3029 4487 3129 4560 γὰρ
3177 4481 3242 4560 ὢν
3273 4483 3402 4560 ὁμοῦ
3436 4507 3492 4542 τε

1893 4563 1973 4611 καὶ
2001 4553 2258 4631 ἅνθρωτξος
2287 4557 2473 4617 τέλειος
2505 4555 2532 4611 ὁ
2564 4558 2740 4631 αὐτὸς,
2764 4559 2858 4617 τὰς
2874 4554 2966 4611 δύο
2986 4553 3145 4631 miror}
3175 4553 3356 4617 οὐσίὰς
3381 4559 3491 4613 ἐπι·

1898 4626 2142 4683 armant-ro
2172 4627 2286 4698 ἡμῖν
2306 4641 2318 4654 ⁸
2353 4633 2440 4686 τὴν
2466 4631 2556 4699 μὲν
2579 4629 2807 4717 Θὲὀτητα
2847 4631 3004 4682 αὐτοῦ
3032 4626 3116 4717 {te
3140 4635 3239 4716 ζτῶν
3271 4631 3496 4717 σημείων

1894 4702 2027 4776 Evt-ﬁ
2054 4703 2248 4776 τριετίᾳ
2275 4709 2336 4772 τῇ
2362 4698 2493 4776 μετᾶ
2521 4703 2580 4754 τὸ
2607 4699 2904 4776 βάπτισμα,
2933 4705 3022 4761 τήν
3050 4698 3103 4776 δᾷ
3131 4698 3498 4776 ἁνθροξπὸτητα

1893 4771 2298 4848 uenustior;
2315 4771 2613 4848 τριάκοντα
2629 4771 2840 4847 χρόνοις
2866 4779 2973 4832 τοῖς
3001 4773 3104 4848 πρὸ
3132 4771 3230 4825 τοῦ⁷
3261 4771 3492 4845 βαπτίσ-

1893 4865 2078 4915 patrne.
2159 4842 2371 4915 Βουτιιζ

1970 4913 2212 4968 Nuntiari
2240 4914 2486 4984 ejusdem.
2534 4911 2863 4966 Duodenario
2904 4928 3112 4984 numero
3147 4911 3340 4984 dicere.
3374 4911 3482 4968 L0-

1895 5000 2016 5038 cnm
2049 4982 2515 5040 mendoéissimnm
2565 4985 2633 5038 ita
2666 4984 2959 5038 emendes:
2987 4982 3244 5036 Nuntiare
3275 4985 3489 5039 eisdem.

1893 5055 2223 5112 Duodenario
2251 5073 2459 5111 numero
2501 5056 2627 5109 dies.
2661 5054 2941 5110 Lectorem
2993 5054 3137 5109 enim
3180 5055 3246 5108 ad
3280 5056 3486 5110 initium

1893 5128 2318 5184 commentarioli
2349 5129 2428 5183 sui
2459 5126 2525 5180 ad
2566 5143 2617 5196 p.
2647 5126 2773 5193 505,
2809 5125 2848 5180 Ι.
2882 5127 2938 5192 5,
2969 5127 3130 5181 mittit
3161 5137 3369 5252 agetur.

3251 5214 3369 5252 uv'rt

3251 5214 3414 5254 "U'l'ﬂ.

1963 5272 2348 5343 Computantur,
2383 5280 2484 5327 etc.
2521 5270 3018 5343 Msacomnutantur
3043 5271 3317 5343 constituta
3343 5281 3484 5327 sunt.

1893 5343 2075 5416 Itaque
2092 5341 2211 5398 sine
2232 5344 2383 5397 dubio
2403 5353 2569 5397 autem
2594 5342 2712 5395 diei.
2741 5341 3054 5416 Wallternm
3079 5341 3237 5397 verba
3265 5342 3406 5416 inter
3427 5359 3487 5398 se

1891 5413 2049 5471 aliter
2077 5416 2514 5483 distinguentem,
2547 5423 2599 5468 et
2625 5415 2889 5469 constituti
2916 5414 3260 5477 scribentem,
3294 5413 3472 5469 deleto

1892 5499 2083 5553 autem,
2105 5487 2272 5554 magis
2292 5487 2623 5557 sequendum
2645 5501 2766 5541 esse
2795 5488 2951 5551 duco,
2980 5499 3137 5554 quam
3164 5485 3306 5538 viros
3333 5484 3481 5542 doct.

1891 5561 1956 5614 ad
1989 5557 2138 5613 Cavii
2173 5574 2340 5628 marg.
2373 5560 2458 5629 qui
2488 5559 2680 5629 partic.
2713 5569 2759 5612 et
2804 5557 3008 5612 addunt
3035 5567 3161 5610 ante
3207 5558 3483 5612 constituta

1891 5640 2025 5685 sunt.
2106 5629 2320 5684 Βουτιι.

1962 5701 2102 5774 Quos
2128 5700 2248 5774 [in].
2283 5701 2573 5774 Delendnm
2601 5703 2672 5774 ait
2713 5703 2765 5774 in
2796 5699 3101 5755 Walkerus.
3137 5698 3308 5774 Minus
3335 5709 3481 5757 recte

1890 5773 2190 5844 aporulypsi
2209 5773 2267 5828 in
2298 5773 2604 5843 apographo
2629 5773 2862 5826 Caviano
2887 5779 3082 5844 exstat.
3163 5773 3376 5826 Rouru.

1965 5842 2218 5911 Sex—alte,
2242 5842 2348 5900 etc.
2372 5842 2724 5910 Victorinum,
2750 5859 2908 5914 quem
2932 5842 3034 5898 hoc
3060 5842 3178 5900 loco
3202 5853 3482 5915 propterea

1889 5917 2124 5990 appellat
2169 5927 2396 5971 nostrum
2441 5917 2817 5987 Hieronymus,
2848 5915 2990 5986 quod
3037 5931 3069 5971 e
3117 5915 3474 5986 scriptoribus
