4142 6262
596 305 704 366 515

1561 309 1617 368 S.
1659 307 2001 366 VICTORINI
2039 307 2397 367 MARTYRIS
2435 308 2931 369 FRAGMENTUM.

3789 308 3900 368 516

598 421 678 494 De
719 422 977 492 Victorino
1003 429 1078 489 ita
1123 427 1296 486 scribit
1336 426 1400 484 S.
1427 425 1791 498 Hieronymus,
1818 415 2030 482 Alcen.
2057 424 2190 482 Hel-
2213 429 2268 489 Α
2292 425 2372 482 De
2399 428 2575 484 eadem
2599 428 2868 484 Sententia
2911 430 2985 483 ita
3029 427 3092 484 S.
3122 427 3339 484 Hieron.
3368 427 3564 484 Comm.
3597 427 3650 482 in
3679 425 3896 498 Euan,

1100 522 1314 590 vidium,
1347 529 1386 581 ι.
1407 521 1483 588 iv,
1516 539 1570 592 τι.
1605 521 1754 585 ιιι..

679 655 757 710 De
783 653 1063 716 Victorino
1117 655 1170 712 id
1221 671 1428 722 assero,
1461 656 1605 728 quod
1635 664 1692 712 et
1719 654 1788 712 de
1812 655 2192 728 EvangeliSIis,
2268 695 2273 700 .

609 745 808 803 fratres
837 763 958 804 eum
981 747 1186 806 dixisse
1211 748 1444 816 Domini,
1465 765 1570 806 non
1595 749 1732 806 ﬁlios
1753 749 1929 804 Maria:
1956 767 1970 804 :
1999 748 2197 804 fratres

600 849 802 907 autem,
853 855 918 896 eo
957 856 1144 906 sensu,
1174 857 1331 912 quem
1366 843 1612 914 superius
1665 843 2034 914 exposuimus,
2067 858 2194 914 pro-

603 931 926 1002 pinquitate,
958 948 1064 1011 non
1091 945 1301 990 natura.

655 1047 736 1104 De
783 1049 1047 1107 Sententia
1089 1053 1310 1121 quadam
1363 1053 1627 1122 Victorini,
1683 1055 2018 1130 aliorumque,
2069 1057 2142 1112 ita

939 1145 1003 1201 S.
1037 1145 1252 1200 Hieron.
1281 1145 1354 1200 De
1389 1147 1524 1203 Viris
1550 1148 1667 1213 Ill.,
1695 1167 1741 1204 c.
1775 1150 1863 1206 18.

674 1258 774 1315 Hic
799 1259 1042 1336 (Papias)
1075 1261 1270 1320 dicitur
1306 1263 1452 1323 mille
1500 1279 1762 1322 annorum
1789 1265 2055 1336 judaicam
2087 1265 2202 1324 edi-

609 1350 752 1406 disse
777 1351 1108 1432 δευτέρωσιν,
1136 1370 1293 1424 quem
1339 1355 1510 1410 secuti
1541 1365 1669 1410 sunt
1701 1357 1932 1413 Irenznus
1955 1367 2011 1414 et
2038 1358 2204 1430 Apol-

611 1442 840 1500 linarius
869 1454 925 1500 et
969 1447 1172 1515 caueri,
1206 1447 1297 1516 qui
1342 1457 1464 1519 post
1493 1451 1945 1509 resurrectionem
1974 1451 2125 1506 aiunt
2149 1454 2204 1508 in

607 1551 775 1592 carne
823 1553 945 1594 cum
973 1541 1174 1596 sanctis
1202 1541 1485 1596 Dominum
1516 1553 1886 1608 regnaturum.
1916 1543 2206 1600 Tertullia-

607 1643 714 1684 nus
759 1645 972 1701 quoque
1027 1632 1079 1686 in
1111 1631 1252 1687 libro
1279 1633 1346 1688 de
1372 1633 1482 1703 Spe
1520 1633 1781 1704 ﬁdelium,
1827 1646 1880 1691 et
1921 1631 2208 1698 Victorinus

607 1705 1016 1790 Pctabionensis,
1045 1733 1099 1779 et
1128 1722 1444 1782 Lactantius
1469 1725 1570 1782 hac
1599 1727 1854 1798 opinione
1875 1728 2169 1784 ducuntur.
2241 1726 2290 1789 B

2838 537 2885 575 c.
2911 519 3003 588 56,
3031 529 3067 576 t.
3095 535 3174 588 ιιι,
3195 539 3248 592 p.
3267 519 3396 578 959..

2373 655 2557 727 Neque
2583 657 2727 712 enim
2753 657 2906 730 juxta
2931 655 3172 728 judaicas
3199 655 3428 722 fabulas,
3449 671 3584 728 quas
3622 656 3700 712 illi
3729 655 3901 716 dsun-

2303 755 2488 830 ρώσεις
2509 753 2796 826 appellant,
2831 761 3154 822 gemmatatn
3185 760 3238 808 et
3281 766 3498 808 auream
3528 752 3596 812 de
3636 753 3780 807 caelo
3802 768 3902 811 ex-

2315 855 2588 914 pectamus
2613 844 2972 912 Hierusalem,
2998 859 3098 902 nec
3127 858 3339 902 rursum
3383 845 3588 916 passuri
3619 845 3904 902 circumci-

2311 935 2772 1006 sionisinjuriam,
2825 953 2923 992 nec
2951 937 3182 995 oblaturi
3232 948 3508 994 taurorum
3559 945 3616 992 et
3668 939 3900 994 arietum

2311 1032 2581 1098 victimas,
2617 1046 2715 1088 nec
2743 1031 2948 1088 sabbati
2976 1033 3089 1088 otio
3119 1031 3468 1088 dormiemus.
3493 1033 3648 1101 Quod
3671 1043 3726 1090 et
3749 1035 3904 1090 multi

2313 1133 2636 1188 nostrorum,
2669 1138 2722 1178 et
2754 1124 3024 1194 prmcipue
3055 1123 3375 1182 Tertulliani
3403 1125 3558 1191 liber,
3587 1127 3679 1196 qui
3711 1126 3906 1182 inscri—

2309 1213 2452 1272 bitur
2477 1217 2541 1270 de
2573 1217 2681 1286 Spe
2726 1215 2982 1286 fidelium,
3011 1224 3066 1274 et
3095 1215 3358 1274 Lactantii
3388 1217 3777 1272 institutiOnetu
3806 1233 3906 1271 v0-

2310 1307 2490 1362 lumen
2548 1308 2835 1378 septimum
2889 1309 3220 1380 pollicetur;
3277 1321 3332 1364 ct
3370 1307 3619 1366 Victorini
3656 1309 3908 1368 Petabio-

2309 1403 2478 1457 neusis
2533 1401 2776 1476 episcopi
2822 1403 3030 1462 crebrae
3081 1404 3492 1474 expositiones;
3529 1414 3586 1460 et
3616 1419 3783 1474 nuper
3806 1406 3908 1462 Se-

2309 1513 2472 1557 verus
2499 1509 2684 1556 noster
2713 1499 2766 1560 in
2797 1498 3032 1568 dialogo,
3064 1500 3152 1559 cui
3188 1499 3343 1558 Gallo
3391 1513 3588 1556 nomen
3621 1499 3904 1569 imposuit.

2313 1591 2380 1647 Et
2429 1601 2486 1648 ut
2531 1592 2748 1650 Graacos
2793 1594 3088 1662 nominem,
3131 1603 3184 1650 et
3213 1594 3450 1666 primum
3495 1601 3909 1666 extremumque

2321 1688 2666 1762 conjungam,
2695 1685 2934 1749 tremens
2957 1699 3014 1746 et
3041 1687 3438 1762 Apollinarius.

1954 1842 2518 1907 COMMENTARIUS.

606 1977 965 2052 Ecclesiasten
997 1980 1382 2052 interialiosS.
1411 1980 1708 2052 Scriptura:
1736 1981 1924 2044 libros,
1952 1983 2029 2041 ait
2049 1982 2193 2040 idem

607 2051 1073 2129 HierpuymusﬂDe
1123 2051 1252 2107 Viris
1291 2051 1497 2107 Illustr.
1529 2051 1560 2107 a
1603 2068 1690 2108 me
1733 2053 1856 2109 huic
1899 2056 2198 2129 fragmento

607 2121 882 2194 prtelixus.
961 2125 1168 2180 Bouru.

678 2196 854 2259 Senis.
883 2205 1014 2263 etc.,
1060 2209 1166 2254 etc.
1199 2196 1330 2252 Cum
1363 2211 1469 2254 non
1495 2205 1748 2261 constet,
1778 2199 1949 2256 utrius
1978 2197 2193 2255 tandem

606 2265 715 2328 sint
744 2268 907 2326 verba
953 2268 1104 2328 istinc
1129 2309 1145 2340 ,
1173 2267 1420 2342 Origenis
1453 2285 1536 2339 an
1563 2267 1859 2336 Victorini,
1911 2271 2064 2342 plura
2111 2271 2199 2332 hic

681 2429 1238 2506 Commentarinma)
1251 2429 1533 2506 scripsisse
1549 2429 1880 2506 Victorinum
1903 2433 1956 2506 in
1966 2430 2196 2506 Joannis

607 2501 988 2575 Apocalypsin,
1023 2499 1183 2556 tradit
1215 2499 1586 2572 'llieronymus
1611 2519 1770 2571 supra
1801 2499 1877 2556 De
1913 2501 2048 2575 Viris
2087 2502 2190 2570 ill.,

649 2574 668 2632 .7
691 2575 816 2632 Q55.
847 2575 944 2633 Διι-
961 2582 1243 2628 tractatum
1280 2584 1458 2628 autem
1489 2575 1632 2641 quod
1677 2575 1866 2628 attinet
1909 2574 1961 2628 in
2005 2585 2196 2629 tomos

649 2617 663 2632 .
691 2593 816 2632 κοῦ.
847 2593 944 2633 Λα·
961 2593 1243 2628 tractatum
1280 2593 1458 2628 autem
1489 2593 1632 2641 1111011
1677 2593 1866 2628 ειιιιηθι
1909 2593 1961 2628 In
2005 2593 2150 2628 mmo
2178 2593 2196 2629 I

607 2593 937 2718 Bibliotheca:
957 2656 1160 2710 patrum
1183 2647 1427 2718 parisina:
1447 2644 1673 2718 editum,
1699 2646 1786 2718 qui
1810 2645 2199 2718 Victorinino-

609 2723 754 2776 mine
769 2715 1057 2786 inscriptus
1075 2715 1480 2783 est,ilicendum
1497 2733 1618 2774 cum
1643 2717 2006 2782 Tillemontio,
2041 2716 2193 2773 31cm.

612 2789 785 2854 Eccl.,
815 2801 942 2844 tom.
977 2805 1008 2840 ν
1032 2830 1046 2851 ,
1084 2799 1194 2842 not.
1230 2790 1294 2846 9..
1329 2789 1378 2841 in
1421 2787 1480 2842 S.
1519 2787 1776 2844 Victorin.
1815 2787 2198 2856 Lardneroque

614 2863 690 2919 De
722 2860 918 2932 Euang.
947 2859 1103 2932 Fide.
1120 2871 1258 2932 part.
1289 2877 1350 2921 ιι,
1379 2860 1472 2932 lib.
1499 2877 1536 2928 I,
1565 2876 1686 2926 cap.
1717 2859 1809 2924 56,
1836 2875 1890 2930 p.
1921 2861 2042 2925 £96,
2065 2871 2194 2932 etc,

614 2931 994 3004 interpolatum
1019 2931 1236 3000 quidem
1257 2931 1605 3004 eumhbrum
1635 2931 1816 2997 fuisse,
1849 2941 1903 2984 et
1929 2931 2200 3004 linunt-llis

612 3007 667 3062 in
701 3001 832 3059 locis
862 3013 1145 3066 mutatum,
1175 3003 1267 3057 sed
1300 3002 1556 3075 majorem
1589 3014 1764 3058 tamen
1799 3011 2001 3075 partem
2029 3001 2200 3075 ejnsa

614 3077 893 3134 Victorino
921 3088 1105 3128 revera
1134 3073 1415 3139 scriptum,
1448 3073 1604 3142 quue
1633 3088 1697 3127 eo
1730 3074 1895 3133 matis
1921 3117 1934 3134 ,
1975 3077 2114 3142 quod
2146 3073 2200 3127 in

613 3147 860 3221 plurimis
881 3144 1040 3200 rebus
1059 3148 1477 3221 commentarius
1500 3147 1597 3200 iste
1623 3161 1744 3198 cum
1770 3146 1858 3221 illo
1887 3145 1960 3198 De
1985 3143 2204 3221 Fabrica

616 3215 802 3274 Mundi
831 3218 1148 3287 fragmento,
1183 3226 1300 3284 post
1341 3215 1557 3270 Gavium
1590 3233 1729 3287 nunc
1768 3217 1934 3275 edito,
1979 3216 2202 3287 pulchre

615 3291 920 3346 Conveniat.
960 3285 1158 3341 Confer
1200 3297 1246 3358 et
1291 3287 1540 3350 Coillier,
1579 3286 1805 3340 Histoire
1843 3285 2078 3358 generale
2109 3289 2204 3358 Viles

615 3363 834 3487 Αιιιειιὲε
859 3360 1028 3413 sacres
1053 3369 1096 3412 et
1119 3357 1540 3427 ecclésiastiques,
1568 3371 1711 3414 tome
1731 3375 1809 3424 nt,
1833 3357 1952 3429 cap.
1979 3359 2070 3425 21,
2097 3357 2203 3435 §3,

619 3450 670 3487 ιι.
703 3434 766 3487 54
816 3471 828 3485 .

657 3473 670 3488 .
703 3434 828 3488 546.

618 3450 995 3574 ρ’ἓὲἓονθιοο,
1031 3502 1278 3558 breviora
1310 3503 1556 3574 quaedam
1602 3500 2102 3574 Scltolt'aVietoriui
2151 3501 2205 3554 in

619 3573 968 3649 Apocalypsin
995 3575 1148 3646 quasi
1189 3573 1558 3649 postliminio
1601 3576 1716 3649 jani
1745 3573 1962 3649 reducta
2008 3582 2133 3649 sunt
2174 3588 2202 3625 a

620 3643 936 3711 Gallandio,
971 3643 1090 3716 qua:
1124 3643 1326 3716 primus
1353 3663 1416 3706 ex
1454 3643 1718 3707 casin'ensi
1751 3645 1938 3700 codice
1963 3643 2207 3700 ediderat

621 3719 850 3776 Basilius
881 3719 1145 3772 Millanins
1175 3717 1467 3774 monachus
1496 3717 1727 3780 casiuas,
1763 3716 2031 3778 Bononize,
2064 3730 2206 3770 anno

622 3791 782 3846 1558.
811 3791 1001 3855 Aitqne
1031 3789 1364 3854 Gallandius,
1400 3791 1450 3842 in
1484 3788 1809 3842 Bibliotheca:
1852 3799 2057 3858 patrum
2093 3801 2206 3844 sure

622 3880 660 3918 ι.
683 3877 758 3916 ιν.
783 3880 832 3930 p.
865 3861 916 3924 ϐ,
946 3876 1004 3916 se
1027 3861 1225 3916 nullum
1253 3860 1505 3928 dubitari,
1530 3862 1574 3914 si
1597 3859 1908 3914 virisdoctis
1933 3869 2208 3928 perspecta

620 3929 845 4001 hujusce
873 3933 1111 4001 opusculi
1129 3933 1292 3986 editio
1311 3933 1463 3986 unica
1479 3931 1739 4000 adeoque.
1767 3946 1981 3998 perrara
1997 3929 2208 3991 fuisset,

627 4026 646 4062 t
683 4006 811 4076 quin
845 4004 1078 4071 Scholia,
1133 4015 1398 4072 tamquam
1426 4003 1713 4076 genuinum
1745 4003 1998 4076 Victorini
2047 4001 2208 4055 fetum

619 4074 984 4146 excepissent;
1034 4077 1482 4146 agnovissentque
1523 4074 1680 4129 simul
1723 4074 2054 4129 snbdititium
2097 4087 2214 4126 om~

621 4149 750 4206 nino
797 4164 946 4214 esse,
993 4157 1176 4218 utpote
1239 4147 1371 4202 mire
1412 4147 1820 4216 interpolatum.
1872 4147 2216 4218 Commenta-

623 4221 765 4276 rium
797 4220 942 4274 illum
973 4222 1022 4274 iu
1056 4215 1429 4290 'Apocalypsin
1453 4261 1466 4278 .
1497 4215 1584 4287 qui
1629 4219 1728 4276 sub
1753 4219 1869 4284 ejus
1905 4219 2120 4290 nomine
2157 4215 2212 4270 in

624 4303 830 4360 patrum
869 4291 1214 4346 Bibliothecis
1252 4289 1646 4345 circumfertur.
1684 4309 1701 4344 ι
1739 4289 1825 4345 Sic
1870 4290 1979 4344 ille.
2027 4289 2214 4357 Quan-

624 4379 782 4432 quam
811 4378 939 4416 vero
968 4365 1192 4433 vestigia
1223 4363 1542 4428 antiquioris
1585 4361 1845 4416 doctrinae
1873 4361 1924 4415 in
1968 4361 2049 4414 his
2079 4361 2204 4413 bre-

624 4435 863 4490 vioribus
893 4434 1110 4488 scboliis
1138 4434 1363 4489 subinde
1388 4433 1716 4494 deprehendi
1735 4476 1748 4494 ,
1778 4433 2094 4500 interpolata
2137 4443 2216 4484 ta~

627 4521 749 4562 men
780 4505 965 4559 islbzec
991 4505 1058 4560 ab
1083 4505 1262 4574 aliqua
1295 4506 1434 4562 tuale
1467 4504 1654 4558 feriato
1690 4505 1852 4559 fuisse
1899 4505 2025 4565 mihi
2067 4502 2214 4574 \‘idee

627 4577 841 4643 bantur,
875 4577 919 4631 si
963 4576 1122 4631 nonin
1148 4573 1336 4631 eadem
1379 4577 1445 4630 ad
1478 4575 1806 4632 Victorinum
1851 4576 1990 4629 tertii
2030 4573 2211 4628 smcnli

627 4648 944 4718 scriptorem
975 4663 1099 4703 vere
1128 4649 1476 4719 pertinerent.
1509 4648 1668 4706 Estat
1695 4648 1745 4701 in
1777 4648 1879 4702 illis
1909 4645 1976 4700 ad
2011 4661 2210 4701 comm.

693 4781 766 4847 (Ι)
795 4783 1024 4843 Quamvis
1048 4783 1389 4834 admiserimus
1433 4784 1764 4834 Victoriniana
1803 4783 1988 4836 scholia
2013 4795 2124 4847 qua}
2147 4783 2229 4836 hic

628 4852 802 4900 noster
827 4847 1016 4910 respuit
1037 4854 1410 4908 commentator,
1437 4847 1618 4910 melius
1643 4854 1806 4910 tamen
1841 4849 1994 4910 visum
2029 4851 2108 4910 est
2141 4859 2227 4894 no-

629 4907 923 5026 :lilsertiiptare
949 4922 1061 4976 quae
1091 4911 1166 4960 'de
1210 4907 1410 4964 scholiis
1453 4911 1501 4965 in
1537 4907 1862 4976 Apocalypsin
1900 4909 2066 4965 Routb
2101 4921 2225 4960 cen-

2302 1989 2664 2060 transcribere
2689 1990 3038 2060 supersedeo.
3118 1991 3336 2050 Ratira.

2374 2059 2450 2113 De
2484 2058 2826 2117 Victorinoid
2853 2080 3049 2128 assero,
3081 2073 3186 2118 etc.
3222 2058 3519 2127 Helvidius,
3553 2059 3687 2132 dum
3701 2072 3916 2132 iperpe—p

2301 2139 2446 2204 tuam
2488 2134 2826 2204 oppugnabat
2867 2135 2923 2190 S.
2975 2136 3154 2190 Mariae
3203 2133 3564 2204 virginitatem
3597 2174 3614 2204 ,
3645 2129 3916 2188 Victorini

2304 2203 2468 2260 verba
2498 2205 2742 2276 quadam
2771 2205 3088 2262 adduxerat.
3171 2203 3391 2261 noun.
3577 2218 3583 2224 ·

2302 2433 2388 2500 is,
2422 2446 2540 2500 cap.
2574 2448 2622 2496 ι,
2655 2433 2825 2504 Apoc.
2852 2449 2867 2490 :
2891 2433 3060 2503 Caput
3097 2442 3266 2490 autem
3299 2435 3410 2503 ejus
3457 2442 3504 2492 et
3547 2431 3735 2504 capilli
3769 2443 3920 2490 erant

2303 2503 2428 2570 albi,
2455 2513 2586 2566 etc.,
2613 2503 2988 2574 interpretatio
3013 2507 3110 2560 ista
3141 2524 3153 2557 :
3181 2503 3246 2559 lu
3273 2505 3476 2574 capillis
3499 2503 3631 2558 albis
3651 2503 3912 2558 abbatum

2300 2587 2374 2630 est
2405 2577 2675 2630 umltitudo
2729 2575 2928 2630 lterum
2951 2577 3015 2630 ad
3039 2593 3236 2630 comm.
3270 2578 3358 2637 18.
3387 2592 3510 2644 cap.
3539 2592 3630 2630 xul
3659 2591 3672 2628 :
3721 2574 3922 2630 Nume-

2302 2663 2389 2702 rus
2418 2649 2528 2718 eius
2555 2664 2738 2705 nomen
2769 2649 3010 2710 Iwminis,
3037 2659 3085 2703 et
3114 2666 3354 2704 numerus
3380 2649 3494 2714 eius
3517 2649 3741 2718 sexcenti
3765 2663 3921 2701 sexa-

2302 2719 2444 2788 ginta
2469 2735 2576 2776 sex,
2610 2728 2729 2786 post
2751 2720 2916 2776 multa
2944 2720 3044 2776 alia
3076 2719 3178 2774 hoc
3201 2720 3440 2776 additum
3464 2729 3548 2776 est
3575 2735 3594 2772 :
3615 2717 3746 2774 Item
3770 2719 3920 2778 aliud

2305 2790 2416 2864 ejus
2462 2789 2812 2861 (antichristi)
2843 2807 3023 2844 nomen
3064 2793 3264 2864 got/:ice
3287 2833 3300 2857 ,
3329 2791 3467 2864 quod
3495 2808 3584 2860 per
3605 2790 3920 2864 seliqitebit,

2304 2859 2358 2914 id
2386 2859 2502 2923 est,
2549 2859 2898 2938 reae-nptiae,
2931 2859 3071 2938 quod
3113 2863 3289 2917 eodem
3335 2859 3700 2938 inﬁodoégra'cis
3736 2859 3924 2916 litteris

2305 2937 2580 3008 conmutati
2605 2933 2821 3008 7',_t'res,
2840 2935 2921 3008 με’,
2951 2935 3188 3002 quinque,
3221 2943 3326 2988 etc.
3359 2933 3708 3008 Significatur
3731 2944 3921 3008 autem

2305 3002 2629 3076 Gensericns
2653 3003 3010 3060 Vandalornm
3037 3022 3148 3068 rex,
3175 3008 3260 3075 qui
3289 3002 3489 3063 seculo
3510 3005 3702 3076 quinto
3722 3004 3922 3076 catho-

2307 3069 2438 3130 licos
2467 3073 2518 3130 iu
2552 3075 2726 3130 Africa
2760 3086 2998 3130 vexarat.
3030 3078 3146 3130 Alia
3179 3069 3331 3136 mitto
3356 3121 3371 3143 ,
3403 3077 3498 3132 sed
3527 3069 3690 3131 notes
3719 3075 3919 3142 lector,

2307 3162 2512 3216 quzeso,
2540 3148 2592 3200 in
2622 3147 2812 3203 eodem
2841 3149 3099 3215 apusculo
3131 3164 3235 3202 non
3271 3159 3474 3202 tantum
3521 3148 3665 3218 quod
3699 3147 3753 3202 in
3808 3148 3917 3202 line

2309 3217 2570 3276 adversus
2599 3219 2872 3274 cbiliastas
2901 3221 3159 3288 scriptum
3185 3231 3352 3285 extat,
3385 3221 3476 3274 sed
3508 3217 3714 3273 sobolia
3746 3218 3836 3272 adi
3867 3221 3922 3273 in

2313 3299 2479 3343 ιιιιιιιιι
2508 3301 2668 3356 caput
2699 3290 3008 3346 vicesimum
3055 3292 3368 3346 eorumdeni
3417 3292 3700 3346 sententia:
3742 3305 3922 3360 Oppo-

2309 3361 2444 3423 sita;
2488 3362 2584 3415 etsi
2607 3405 2620 3426 ,
2657 3372 2813 3430 prout
2858 3365 2926 3416 de
2954 3365 3124 3416 altero
3153 3363 3543 3421 commentario
3587 3378 3755 3432 agens
3785 3363 3917 3418 olim

2312 3432 2514 3486 notavit
2545 3435 2756 3499 Gavius,
2791 3433 3099 3488 Victorinus
3134 3435 3183 3490 in
3212 3435 3607 3495 contumulario
3635 3450 3754 3492 Stin.
3789 3433 3923 3488 "ie-

2308 3519 2538 3575 ronymo
2565 3503 2615 3556 id
2648 3504 2846 3558 diserte
2876 3506 3136 3566 tradente.
3167 3507 3535 3564 cbiliastarum
3561 3507 3734 3564 errori
3766 3504 3922 3560 fave-

2308 3575 2398 3640 rit,
2419 3574 2681 3646 idemque
2707 3575 2952 3646 profecto
2985 3593 3034 3629 ιιι
3085 3575 3386 3640 fragmento
3412 3618 3428 3643 ,
3461 3577 3607 3646 quod
3638 3587 3920 3646 superest,

2311 3646 2388 3700 De
2418 3644 2636 3700 Fabrica
2669 3645 2718 3698 Μ
2729 3647 2880 3707 nudi.
2917 3646 3124 3702 fecerit.
3156 3648 3260 3703 Sed
3294 3647 3410 3703 haec
3451 3644 3735 3702 hactenus.
3767 3647 3914 3702 Poe-

2309 3728 2534 3782 matum,
2563 3733 2682 3786 quae
2715 3717 2988 3772 Victorino
3019 3719 3261 3773 nonnulli
3290 3720 3669 3776 attribuerunt.
3705 3719 3918 3774 nullum

2311 3790 2425 3860 pari
2455 3791 2645 3858 gaudet
2681 3791 2990 3845 testimonio
3013 3802 3171 3857 atque
3203 3791 3364 3846 breve
3391 3791 3520 3844 illud
3552 3805 3776 3844 carmen
3823 3791 3923 3844 ad-

2313 3863 2416 3915 huc
2445 3869 2634 3914 extms
2664 3863 2727 3915 de
2752 3860 2911 3915 Cruce
2953 3861 3160 3915 Domini
3185 3863 3266 3916 vel
3298 3863 3360 3914 de
3405 3861 3676 3921 Paschate,
3723 3862 3922 3930 inscri-

2315 3943 2484 3998 ptum.
2509 3932 2660 3998 cuius
2687 3933 2824 3987 duos
2853 3933 3056 3996 priores
3081 3949 3267 3987 versus
3304 3933 3582 3988 Victorino
3623 3934 3918 4002 adscripsit

2316 4002 2466 4059 Beda
2484 4005 2818 4074 uenerabilis
2845 4005 2898 4060 in
2939 4005 3122 4059 libello
3151 4005 3212 4058 de
3239 4003 3389 4058 Locis
3413 4003 3653 4071 Sanctis,
3689 4019 3811 4074 cap.
3856 4006 3891 4060 5
3911 4047 3928 4072 ,

2316 4089 2434 4148 pag.
2470 4073 2597 4142 489,
2633 4087 2763 4130 tom.
2791 4093 2870 4140 nt,
2900 4076 2986 4132 ed.
3023 4076 3186 4148 Basil.
3217 4094 3230 4129 :
3259 4095 3278 4128 ι
3435 4078 3550 4144 Qua
3581 4073 3779 4131 ductus
3807 4078 3932 4144 opi-

2321 4147 2498 4211 nione,
2538 4164 2556 4197 ι
2592 4149 2758 4218 inquit
2787 4148 2960 4214 Beda,
2997 4165 3017 4198 ‹
3055 4147 3356 4202 Victorinus
3397 4147 3754 4202 Pictavicnsis
3785 4148 3931 4202 anti-

2319 4228 2435 4274 stes
2469 4218 2740 4283 Ecclvsiae,
2769 4219 2836 4274 de
2861 4219 3124 4292 Golgotba
3157 4221 3401 4274 scribens
3439 4225 3508 4274 ita
3539 4218 3796 4274 inchoat:
3831 4237 3851 4271 ι

2409 4335 2498 4399 Est
2518 4335 2762 4399 locus,_ex
2782 4337 2912 4386 omni
2933 4335 3151 4386 medium
3167 4349 3318 4399 quem
3336 4334 3586 4399 credimus
3609 4334 3754 4395 orbe,

2414 4398 2652 4462 Golgotba
2671 4397 2832 4450 iudici
2851 4399 3008 4462 patrio
3031 4397 3326 4462 cognomine
3348 4397 3537 4449 dicunt.

2317 4529 2704 4586 Verumtamen
2754 4529 3035 4600 sententia:
3080 4529 3294 4584 illorum
3346 4526 3488 4583 baud
3529 4525 3798 4600 refragor.
3833 4527 3928 4600 qui

2240 4613 2291 4675 Ι)
2321 4612 2535 4672 propter
2562 4600 2688 4675 styli
2718 4599 3127 4675 diﬂ‘erentiama
3161 4600 3434 4675 Victorino
3463 4598 3935 4675 carinen'_abjudi-

2332 4670 2458 4730 care
2499 4670 2696 4736 velint;
2731 4688 2852 4726 nam
2884 4672 3044 4728 latine
3086 4672 3234 4743 inqui
3263 4679 3449 4743 allttth‘
3477 4670 3934 4743 poematisvide;

2332 4757 2434 4808 tur,
2457 4744 2506 4799 id
2525 4743 2663 4814 quod
2683 4744 2750 4798 de
2771 4743 3042 4798 Victorino
3065 4745 3116 4798 in
3141 4739 3367 4798 tractatu
3394 4741 3468 4796 De
3493 4741 3712 4798 Fabrica
3740 4739 3934 4814 Mundi

2329 4817 2414 4872 vix
2444 4812 2750 4872 dicendum.
2781 4815 3028 4871 Facultas
3071 4817 3212 4872 enim
3243 4831 3372 4885 pure
3397 4824 3453 4870 et
3478 4816 3764 4870 emendate
3790 4812 3934 4885 scri-

2329 4890 2488 4945 bendi
2524 4889 2573 4942 iu
2600 4887 2868 4942 cumolmn
2894 4888 3064 4944 sancti
3091 4883 3342 4959 martyris
3368 4885 3609 4959 laudum,
3638 4894 3777 4943 teSte
3803 4883 3933 4958 plu-

2328 4961 2476 5019 ribus
2502 4959 2637 5018 locis
2667 4959 3014 5036 Hieronymo,
3042 4975 3149 5020 non
3179 4957 3430 5018 accessit.
