4142 6262
679 334 783 392 519

1817 347 1828 384 ι
1891 273 1949 382 S.
1993 322 2341 383 VICTORINI
2379 321 2666 381 SCHOLIA

3877 324 3992 383 320

678 467 804 510 nare
821 450 1067 520 con/lato.
1097 446 1272 506 Pedes
1301 446 1582 518 apostolos
1603 444 1755 511 dicit,
1779 444 1890 518 qui,
1925 457 2018 514 per
2071 443 2274 516 passio-
2301 439 2354 503 A
2381 450 2492 497 tera
2523 441 2643 513 ejus
2662 441 2850 499 stellas
2895 451 3101 514 septem
3131 442 3263 499 dixit
3291 459 3304 496 :
3329 441 3454 515 quia
3481 439 3715 515 Spiritus
3757 450 3992 498 sanctus

678 560 804 602 nem
833 542 1075 607 conﬂati,
1106 543 1160 599 in
1184 541 1441 598 universo
1462 541 1593 597 orbe
1622 541 1846 596 verbum
1873 539 1992 611 ejus
2023 538 2282 610 prmdica-

678 645 902 704 verunt;
938 651 1036 707 per
1057 651 1195 706 quos
1221 635 1366 690 enim
1397 633 1694 690 ambulavit
1723 631 2052 703 prtedicatio,
2086 633 2282 688 merito

678 727 847 801 pedes
878 726 1197 783 nominavit.
1238 724 1392 782 Unde
1439 737 1493 780 et
1541 725 1801 796 propheta
1844 725 2158 795 anticipavit
2200 723 2283 781 di-

677 817 853 875 cendo
899 837 913 870 :
960 818 1302 873 Adorabimus
1340 819 1395 872 in
1436 817 1547 873 loco
1577 817 1662 871 ubi
1701 827 1941 872 steterunt
1967 819 2118 889 pedes
2145 819 2275 889 ejus.

679 909 908 986 (Psalm.
928 926 1112 978 cxxxt,
1134 909 1212 983 7).
1228 910 1492 979 Quoniam
1516 909 1606 966 ubi
1631 910 1703 966 illi
1739 910 1967 980 primum
1991 919 2277 977 steterunt,

679 1014 736 1062 et
759 1005 1061 1064 Ecclesium
1092 1007 1576 1068 conlirmaverunt,
1611 1003 1663 1059 id
1711 1014 1793 1059 est
1846 1005 1899 1060 in
1953 1003 2160 1070 Judaza,
2207 1005 2278 1060 ibi

678 1111 871 1154 omnes
924 1098 1098 1154 sancti
1150 1096 1471 1156 conventuri
1496 1103 1640 1164 sunt,
1688 1106 1743 1152 et
1789 1097 2075 1154 Dominum
2122 1111 2278 1153 suum

684 1191 980 1250 adoraturi.

752 1287 844 1346 16.
871 1286 937 1342 Et
967 1303 1032 1343 ea:
1052 1304 1140 1343 ore
1164 1288 1305 1344 illius
1329 1287 1536 1361 gladius
1574 1303 1638 1342 ea:
1663 1296 1880 1358 utraque
1921 1295 2068 1358 parte
2095 1296 2278 1342 acutus

683 1381 982 1454 procedens.
1011 1381 1114 1437 Per
1168 1381 1402 1453 gladium
1454 1380 1538 1436 bis
1576 1389 1790 1436 acutum
1850 1378 1918 1436 de
1967 1395 2062 1436 ore
2114 1380 2281 1452 ipsius

679 1474 999 1530 emicantem
1033 1473 1358 1537 ostenditur,
1382 1473 1556 1544 ipsum
1582 1487 1724 1538 esse,
1756 1473 1845 1543 qui
1865 1479 1922 1527 et
1942 1487 2086 1527 nunc
2115 1487 2280 1528 evan-

681 1567 811 1640 gelii
842 1569 1091 1636 verbum,
1135 1576 1191 1622 et
1221 1567 1368 1636 prius
1394 1581 1490 1637 per
1514 1565 1697 1622 Mosen
1738 1566 1871 1637 legis
1896 1567 2136 1622 notitiam
2165 1566 2283 1622 uni-

681 1676 845 1718 verso
871 1663 989 1718 orbi
1008 1661 1246 1733 protulit.
1264 1660 1371 1717 Sed
1393 1661 1514 1731 quia
1543 1676 1612 1717 ex
1636 1661 1824 1718 eodem
1856 1662 2021 1717 verbo
2044 1662 2097 1716 in
2123 1676 2283 1717 onme

2383 537 2712 608 scptitormis
2737 539 2947 592 virtutis
2975 537 3136 592 datus
3163 547 3247 593 est
3273 538 3326 592 in
3369 545 3633 607 potesmtc
3670 534 3789 606 ejus
3817 550 3848 589 a
3876 535 3988 590 Pa-

2384 640 2485 685 tre.
2516 630 2665 686 Sicut
2686 630 2881 687 Petrus
2907 630 2974 686 ad
3003 631 3204 687 Judeos
3230 630 3550 687 exclamavit
3580 647 3596 684 :
3631 628 3852 684 Dextera
3888 629 3992 684 Dei

2383 727 2637 778 exaltatus
2666 734 2928 794 acceptum
2954 742 2985 778 a
3015 723 3174 778 Patre
3197 723 3445 795 Spiritum
3471 723 3659 795 effudit
3685 723 3820 778 hunc
3833 739 3991 795 quem

2383 818 2564 872 videtis
2592 829 2638 872 et
2662 819 2852 873 auditis
2883 818 3048 892 (Act.,
3073 835 3132 888 ll,
3185 818 3308 890 35).
3364 816 3473 874 Sed
3501 827 3556 874 et
3582 815 3819 874 Joannes
3846 817 3991 889 Bap-

2384 910 2505 965 tista
2529 911 2933 982 anticipaverat,
2961 911 3241 981 discipulis
3269 910 3382 965 suis
3410 910 3638 967 dicendo
3665 928 3680 967 :
3704 909 3826 964 Non
3849 912 3989 965 enim

2383 1007 2451 1060 ad
2477 1023 2765 1062 mensuram
2794 1007 2883 1062 dat
2914 1007 3169 1078 Spiritum
3195 1005 3347 1061 Deus.
3387 1005 3560 1072 Pater,
3606 1005 3796 1078 inquit,
3846 1014 3993 1059 amat

2383 1099 2597 1166 Filium,
2634 1111 2680 1156 et
2710 1101 2882 1156 omnia
2926 1101 3063 1156 dedit
3105 1101 3159 1155 in
3209 1116 3363 1156 manu
3407 1101 3519 1172 ejus
3546 1098 3748 1172 (Jo«n.,
3782 1115 3860 1167 ttt,
3890 1100 3986 1168 54,

2383 1195 2496 1266 55).
2540 1193 2661 1250 18ιεῦ
2701 1204 2910 1266 septem
2955 1194 3128 1249 stellze
3167 1204 3291 1248 sunt
3336 1203 3544 1264 septem
3576 1194 3822 1249 ecclesia:
3849 1208 3995 1264 quas

2383 1287 2623 1342 nominat
2653 1287 2705 1342 in
2737 1287 3013 1343 vocabulis
3043 1287 3175 1354 suis,
3205 1296 3258 1341 et
3284 1296 3438 1343 vocat
3461 1301 3556 1342 eas
3581 1288 3648 1340 ad
3680 1300 3817 1356 quas
3857 1285 3996 1342 fecit

2383 1381 2658 1451 epistolas.
2707 1379 2824 1435 Non
2883 1381 3005 1450 quia
3047 1379 3177 1447 ipsze
3208 1377 3337 1434 sola:
3388 1387 3518 1433 sunt
3575 1377 3852 1446 Ecclesiae,
3896 1387 4001 1433 aut

2384 1474 2687 1545 principes;
2749 1472 2843 1529 sed
2871 1472 3016 1540 quod
3063 1473 3152 1529 uni
3182 1471 3331 1538 dicit,
3366 1470 3620 1528 omnibus
3667 1471 3819 1527 dicit.
3842 1471 3999 1528 Nihil

2385 1569 2527 1624 enim
2561 1566 2840 1634 diﬁ’erunt,
2874 1574 2934 1621 ut
2956 1581 3025 1621 ex
3057 1565 3145 1620 illa
3173 1567 3385 1620 ratione
3423 1564 3546 1636 quis
3589 1578 3884 1635 paucorum
3916 1564 4003 1620 si-

2387 1660 2594 1716 milium
2621 1659 2810 1730 majori
2835 1673 3060 1714 numero
3098 1665 3412 1729 anteponat.
3442 1656 3502 1712 In
3542 1666 3656 1712 toto
3704 1656 3835 1712 orbe
3861 1673 4000 1727 sep-

682 1770 856 1827 genus
884 1756 1202 1822 humanum,
1232 1763 1340 1809 tam
1361 1752 1497 1809 Novi
1521 1769 1682 1826 quam
1710 1753 1921 1810 Veteris
1938 1753 2270 1810 Testamenti
2300 1765 2348 1826 Β
2379 1755 2638 1816 tennatim
2668 1751 2928 1809 ecclesias
2970 1767 3191 1818 omnes,
3247 1761 3455 1822 septem
3498 1763 3619 1806 esse
3656 1751 3995 1815 nominatas,

680 1847 1049 1902 vindicaturus
1069 1856 1184 1912 est;
1212 1845 1336 1903 ideo
1366 1845 1448 1902 bis
1476 1857 1665 1902 acutus
1691 1855 2148 1902 commemoratus
2170 1857 2276 1903 est.

682 1941 906 1999 Gladius
936 1939 1081 1996 enim
1111 1940 1338 1997 militem
1367 1950 1562 2005 armat,
1593 1940 1802 2012 gladius
1832 1939 2042 1996 hostem
2070 1940 2277 1996 interﬁ-

680 2035 773 2102 cit,
796 2033 1009 2106 gladius
1051 2032 1386 2090 desertorem
1433 2034 1600 2104 punit.
1636 2032 1704 2088 Et
1731 2042 1788 2088 ut
1815 2033 2278 2105 ostenderetapo-

679 2128 840 2184 SlOliS
874 2125 1017 2198 quod
1040 2125 1302 2197 judicium
1347 2126 1723 2189 annuntiabat.
1752 2128 1827 2181 ait
1857 2145 1870 2181 :
1905 2127 2028 2182 Non
2057 2129 2169 2182 veni
2188 2144 2279 2198 pa-

681 2239 790 2279 cem
829 2222 1046 2286 mittere,
1077 2221 1167 2277 sed
1220 2221 1451 2293 gladium
1475 2219 1715 2290 (Matth.,
1745 2219 1822 2293 κ).
1878 2221 1944 2276 Et
1993 2231 2278 2293 postquam

679 2322 1153 2373 consummaverat
1169 2314 1455 2387 parabolas
1471 2317 1546 2370 ait
1560 2315 1626 2370 ad
1646 2314 1766 2372 illos
1788 2334 1801 2370 :
1822 2315 1848 2368 Ι
1859 2316 2158 2371 ntellemistis
2171 2317 2279 2371 haec

681 2411 894 2468 omnia?
919 2408 987 2466 Et
1013 2410 1276 2477 dixerunt,
1303 2410 1397 2465 ita.
1435 2408 1502 2464 Et
1523 2411 1714 2480 adjecit
1738 2428 1757 2466 :
1789 2421 2062 2482 propterea
2116 2414 2281 2468 omnis

681 2504 849 2560 scriba
869 2503 1050 2560 doctus
1079 2505 1133 2558 in
1152 2521 1312 2577 regno
1339 2503 1435 2560 Dei
1469 2504 1653 2560 similis
1674 2514 1747 2560 est
1774 2505 1967 2560 homini
1992 2507 2282 2578 putri/ami-

682 2599 781 2656 lias
807 2600 1090 2672 proferentt'
1114 2598 1179 2654 de
1206 2599 1446 2654 thesauro
1469 2615 1562 2654 suo
1589 2615 1721 2654 nova
1750 2609 1797 2653 et
1821 2609 1985 2654 cetera
2036 2599 2279 2669 (Matth.,

682 2709 798 2758 xut,
827 2695 918 2761 5t,
948 2693 1042 2763 52)
1076 2710 1090 2746 :
1121 2707 1256 2749 nova
1308 2693 1613 2765 evangelica
1671 2694 1830 2749 verba
1881 2695 2281 2764 apostolorum;

686 2796 892 2850 vetera,
917 2786 1051 2858 legis
1078 2796 1132 2842 et
1153 2786 1536 2858 prophetarum
1562 2799 1859 2858 pratcepta;
1883 2798 1938 2842 et
1962 2787 2077 2842 haec
2097 2788 2165 2842 de
2191 2804 2286 2844 ore

683 2895 783 2937 suo
811 2881 1141 2953 processisse
1171 2890 1397 2938 testatus
1422 2893 1523 2936 est.
1558 2879 1666 2936 Sed
1717 2889 1772 2936 et
1797 2880 1958 2936 Petro
1990 2881 2065 2935 ait
2091 2899 2105 2936 :
2144 2880 2288 2936 Vade

683 2975 754 3030 ad
780 2992 924 3030 mare
953 2985 998 3029 et
1027 2975 1169 3030 mitte
1189 2976 1419 3042 hamum,
1447 2985 1493 3028 et
1520 2975 1705 3045 piscem
1733 2977 1820 3048 qui
1849 2977 2068 3048 primum
2109 2994 2286 3033 ascen-

2383 1858 2438 1905 et
2469 1863 2633 1902 unam
2679 1861 2804 1902 esse
2844 1843 3165 1900 catholicam
3194 1842 3390 1898 Paulus
3435 1841 3641 1897 docuit.
3668 1839 3738 1896 Et
3759 1840 3999 1912 primum

2385 1943 2602 2014 quidem
2652 1951 2711 1995 ut
2763 1949 3004 1995 servaret
3031 1947 3088 1994 et
3113 1939 3229 2008 ipse
3259 1947 3447 2010 typum
3477 1947 3687 2008 septem
3721 1935 4001 1992 Ecclesia-

2382 2052 2522 2104 rum,
2556 2051 2665 2090 non
2699 2033 2932 2089 excessit
2954 2047 3258 2089 numerum.
3311 2032 3416 2088 Sed
3448 2032 3667 2102 scripsit
3704 2030 3770 2086 ad
3795 2031 4001 2087 Roma-

2381 2144 2504 2193 nos.
2528 2128 2593 2184 ad
2622 2126 3040 2195 Corinthios,ad
3063 2125 3303 2194 Galatas,
3323 2124 3389 2181 ad
3417 2124 3708 2196 Ephesios,
3734 2125 3801 2181 ad
3820 2125 4003 2182 Thes-

2383 2224 2773 2288 salonicenses,
2804 2222 2871 2276 ad
2894 2221 3292 2292 Philippenses,
3310 2219 3378 2275 ad
3405 2219 3778 2276 Colossenses.
3800 2219 3999 2277 Postea

2381 2318 2741 2390 singularibus
2773 2315 3015 2386 personis
3039 2315 3277 2386 scripsit,
3297 2329 3364 2370 ne
3393 2312 3687 2370 excederet
3706 2328 4000 2370 numerum

2383 2424 2588 2486 septem
2624 2411 2996 2468 ecclesiarum.
3032 2409 3120 2474 Et,
3155 2411 3207 2464 in
3241 2409 3388 2464 brevi
3430 2412 3762 2466 contraltens
3791 2411 4000 2481 pradi-

2384 2511 2650 2565 cationem
2682 2523 2856 2571 suam.
2884 2505 2951 2561 ad
2979 2504 3326 2560 Timotheum
3348 2505 3425 2560 sic
3454 2505 3529 2559 ait
3558 2522 3573 2561 :
3610 2503 3677 2560 Ut
3697 2505 3827 2559 scias
3859 2520 4004 2574 qua-

2387 2607 2500 2661 liter
2523 2605 2703 2660 debeas
2727 2601 3012 2658 conversari
3039 2601 3094 2655 in
3125 2598 3354 2654 Ecclesia
3377 2597 3473 2654 Dei
3501 2599 3601 2653 vivi
3622 2597 3690 2670 (l,
3727 2597 3887 2666 Tim.,
3910 2614 3996 2666 ιιι,

2390 2697 2504 2771 l5).
2538 2699 2688 2754 Hunc
2735 2709 2917 2771 typum
2949 2706 3004 2751 et
3049 2695 3117 2749 ab
3147 2695 3348 2766 Spiritu
3387 2704 3576 2750 sancto
3620 2710 3716 2765 per
3766 2694 3987 2750 Esaiam

2386 2792 2678 2864 praedicare
2729 2791 2955 2862 legimus
2979 2807 2994 2845 :
3021 2787 3097 2843 De
3119 2798 3312 2860 septem
3339 2788 3634 2844 mulieribus
3651 2804 3761 2858 qua:
3788 2805 3990 2855 appre-

2390 2885 2672 2940 henderunt
2711 2884 2969 2938 hominem
2993 2898 3149 2936 unum
3179 2879 3356 2948 (Esa.,
3383 2897 3458 2948 tv,
3498 2881 3574 2951 l).
3634 2879 3779 2936 Unus
3826 2879 4000 2936 homo

2389 2977 2635 3033 Christus
2664 2989 2767 3045 est,
2802 2993 2906 3033 non
2927 2993 2992 3032 ex
3016 2975 3224 3031 semine
3251 2985 3443 3030 natus:
3474 2984 3682 3044 septem
3705 2990 3836 3031 vero
3875 2991 4002 3032 mu-

684 3069 838 3136 derit,
862 3068 1004 3136 tolle,
1045 3079 1093 3122 et
1121 3077 1299 3139 aperto
1321 3085 1408 3122 ore
1430 3069 1542 3139 ejus
1566 3070 1789 3124 invenies
1811 3079 2047 3124 staterem
2064 3112 2080 3137 ,
2105 3069 2160 3125 id
2202 3079 2288 3127 est
2310 3080 2358 3143 (ι
2391 3071 2553 3128 lieres
2580 3082 2784 3144 septem
2813 3071 3063 3128 ecclesiae
3081 3079 3226 3129 sunt.
3251 3083 3442 3139 panem
3465 3069 3794 3140 accipientes
3815 3083 4003 3136 suum,

684 3163 822 3219 duos
840 3163 1115 3231 denarios,
1142 3173 1191 3218 et
1231 3163 1377 3218 dabis
1398 3180 1491 3234 pro
1518 3179 1598 3218 me
1625 3174 1672 3218 et
1698 3181 1790 3234 pro
1818 3175 1864 3219 te
1884 3164 2126 3238 (Matth,
2155 3182 2286 3234 xvu,

681 3255 796 3329 26).
829 3257 899 3314 Ει
952 3256 1117 3313 David
1169 3257 1420 3312 similiter
1450 3272 1544 3328 per
1569 3258 1827 3330 Spiritum
1854 3259 1929 3314 ait
1962 3277 1976 3314 :
2009 3259 2181 3315 Semel
2210 3261 2290 3316 lo-

684 3359 833 3406 cutus
859 3361 932 3407 est
958 3349 1129 3416 Deus,
1180 3351 1284 3405 duo
1333 3351 1439 3406 haec
1481 3351 1941 3426 audivi(Psalm.,
1979 3357 2117 3426 ut).
2152 3354 2285 3423 Quia

683 3444 852 3500 semel
879 3443 1120 3500 decrevit
1147 3443 1216 3500 ab
1253 3444 1406 3500 initio
1453 3445 1614 3510 Deus,
1662 3445 1804 3518 quod
1833 3460 2002 3518 usque
2030 3447 2096 3504 ad
2126 3447 2284 3504 linem

687 3532 928 3592 futurum
981 3546 1082 3592 est.
1135 3535 1375 3605 Denique
1425 3552 1546 3592 cum
1591 3537 1758 3608 judex
1803 3538 1872 3594 sit
1913 3539 2029 3610 ipse
2071 3555 2100 3594 a
2129 3540 2288 3596 Patre

685 3631 1009 3688 constitutus
1025 3641 1244 3702 propter
1269 3631 1503 3688 hominis
1516 3633 1962 3703 assumptionem,
1982 3633 2170 3690 volens
2195 3648 2286 3688 os-

691 3724 916 3781 tendere
955 3725 1208 3796 quoniam
1263 3724 1428 3780 verbo
1474 3724 1870 3794 prmdicationis
1910 3725 2288 3794 judicabuntur

687 3814 958 3883 homines,
992 3816 1067 3871 ait
1093 3833 1106 3870 :
1141 3815 1348 3872 Putatis
1391 3817 1512 3886 quia
1533 3833 1626 3887 ego
1646 3833 1744 3872 .vos
1762 3818 2010 3887 judicabo
2040 3819 2095 3872 in
2121 3818 2288 3874 nouis-

686 3911 816 3965 simo
842 3909 968 3964 die?
996 3926 1119 3972 non,
1149 3911 1241 3965 sed
1273 3909 1474 3965 verbum
1514 3908 1733 3984 (inquit)
1761 3911 1896 3983 quod
1921 3912 2060 3966 vobis
2089 3911 2286 3967 locutus

685 4021 817 4069 sum,
849 4003 980 4058 illud
1009 4019 1094 4057 vos
1110 4003 1363 4075 judicubit
1411 4005 1465 4058 in
1511 4004 1785 4059 novissimo
1827 4005 1912 4058 die
1941 4004 2160 4076 (Joan.,
2187 4021 2284 4072 xu,

684 4095 803 4168 48).
837 4097 906 4152 Ει
939 4097 1131 4152 Paulus
1180 4097 1249 4152 de
1293 4095 1621 4152 antechrislo
1663 4096 1730 4152 ad
1780 4097 2288 4154 Thessalonicenses

685 4191 754 4245 ait
793 4189 1001 4257 :Quem
1048 4189 1299 4246 Dominus
1344 4190 1495 4246 Jesus
1520 4190 1794 4260 interﬁciat
1844 4191 2028 4260 spiritu
2072 4192 2177 4245 oris
2200 4191 2280 4245 sui

687 4281 756 4354 (ll
783 4280 986 4345 Thess.
1015 4297 1076 4346 ιι.
1103 4281 1180 4354 8).
1215 4282 1279 4336 Ει
1309 4281 1496 4337 Esaias
1528 4300 1541 4336 :
1568 4281 1771 4348 Spiritu
1799 4281 2015 4355 (inquit)
2038 4283 2287 4337 labiorum

686 4392 894 4432 suorum
921 4377 1191 4446 interﬁciet
1220 4376 1434 4447 impium
1487 4375 1662 4449 (Esa.,
1706 4392 1779 4444 ιιι,
1818 4377 1900 4446 4).
1928 4376 2024 4433 Hic
2051 4392 2181 4448 ergo
2206 4377 2288 4434 bis

687 4479 877 4524 acutus
899 4467 1113 4538 gladius
1133 4476 1237 4534 est,
1259 4467 1554 4538 procedens
1579 4467 1647 4522 de
1668 4483 1762 4524 ore
1782 4468 1920 4539 ejus.

763 4560 851 4616 l5.
885 4557 950 4614 Et
977 4575 1076 4614 vox
1089 4565 1198 4631 ejus
1221 4569 1480 4630 tamquam
1500 4575 1599 4614 vox
1627 4576 1873 4631 aquarum
1889 4561 2163 4616 multarunt
2179 4560 2282 4633 (l).

690 4653 860 4724 Aquae
909 4653 1113 4719 multat,
1144 4651 1324 4722 pupuli
1377 4666 1497 4708 esse
1547 4651 1937 4721 intelliguntur,
1966 4667 2060 4708 seu
2082 4653 2283 4709 donum

688 4748 965 4819 baptismi,
997 4748 1139 4819 quod
1165 4747 1346 4802 emisit
1369 4762 1463 4818 per
1484 4747 1772 4818 Apostolos
1801 4747 1984 4803 dicens
2010 4764 2023 4801 :
2055 4746 2156 4808 Ite.
2192 4748 2287 4802 do-

689 4853 797 4900 cete
816 4860 989 4899 omnes
1016 4852 1207 4912 gentes,
1240 4842 1555 4913 baptizantes
1599 4858 1684 4895 eos
1710 4841 1765 4896 in
1804 4843 2009 4897 nomine
2039 4841 2212 4900 Patris
2242 4853 2291 4899 et

692 4938 821 4996 Filii
843 4949 890 4993 et
917 4937 1145 5010 Spiritus
1171 4938 1337 4992 sancti
1365 4937 1606 5011 (Matth,
1639 4953 1830 4999 xxvut,
1866 4936 1978 5009 19).

766 5032 854 5088 16.
879 5029 948 5086 Ει
974 5030 1185 5086 habebat
1213 5030 1266 5085 in
1295 5030 1502 5087 dextera
1527 5048 1619 5086 suo
1647 5030 1822 5086 stellas
1845 5041 2055 5102 septem.
2082 5031 2138 5088 In
2159 5026 2303 5090 des?

2390 3175 2445 3220 et
2466 3165 2660 3220 tunicis
2689 3165 2800 3220 suis
2827 3164 3038 3230 velatae,
3082 3177 3202 3234 quae
3235 3171 3462 3232 poscunt
3488 3161 3689 3217 auferri
3717 3161 4003 3234 imprope-

2390 3262 2526 3319 rium
2578 3277 2757 3328 suum,
2790 3268 2993 3315 tantum
3025 3267 3085 3313 ut
3115 3272 3310 3313 nomen
3341 3257 3489 3312 illius
3540 3267 3768 3314 vocetur
3827 3272 4002 3327 super

2391 3356 2529 3412 illas.
2558 3355 2758 3410 Panem
2787 3353 3046 3424 Spiritum
3079 3363 3342 3416 sanctum,
3375 3352 3466 3421 qui
3511 3351 3677 3406 nutrit
3727 3351 3780 3405 in
3832 3351 4006 3407 vitam

2391 3457 2651 3504 tete-ruam
2669 3490 2684 3512 ,
2709 3447 2809 3502 sibi
2835 3445 3087 3502 videlicet
3119 3460 3216 3516 per
3241 3444 3614 3500 credulitatem
3655 3445 4002 3513 promissam.

2390 3539 2612 3596 Tunica:
2639 3554 2766 3594 vero
2787 3554 2920 3605 sum,
2943 3538 3136 3609 quibus
3157 3536 3422 3609 cooperiri
3457 3551 3514 3592 se
3537 3545 3747 3607 optant,
3769 3537 3999 3593 immor-

2392 3633 2612 3690 talitatis
2661 3642 2742 3688 est
2794 3633 2986 3704 gloria,
3035 3631 3103 3688 de
3143 3646 3247 3703 qua
3285 3629 3486 3686 Paulus
3543 3632 3820 3700 apostolus
3871 3632 3949 3686 ait
3978 3654 3996 3689 :

2392 3727 2606 3797 Oportet
2632 3742 2756 3797 ergo
2785 3726 3114 3796 corruptibile
3140 3726 3235 3779 hoc
3279 3724 3489 3779 induere
3510 3725 3563 3779 in
3589 3727 3997 3796 corruptionem,

2388 3829 2437 3874 et
2485 3819 2697 3872 mortale
2743 3819 2835 3872 hoc
2885 3819 3097 3872 induere
3149 3817 3586 3872 immortalitatem
3631 3815 3864 3889 (lCor.,
3896 3836 3994 3890 xv,

2389 3910 2501 3982 55).
2529 3911 2735 3967 Auferri
2763 3927 2890 3967 vero
2917 3911 3300 3982 improperium
3328 3926 3484 3966 suum
3509 3921 3738 3981 poscunt
3757 3911 3857 3982 (2),
3885 3911 4000 3969 hoc

2389 4015 2473 4061 est
2500 4005 2777 4059 emundari
2819 4019 2876 4059 se
2916 4019 2944 4058 a
2977 4005 3208 4074 peccatis
3251 4022 3264 4058 :
3316 4003 3701 4074 impr0perium
3733 4004 3875 4060 enim
3905 4016 4000 4061 est

2391 4107 2666 4168 peccatum
2716 4097 3022 4169 pristinum,
3069 4097 3212 4167 quod
3265 4096 3504 4152 aufertur
3531 4096 3584 4151 in
3611 4098 3899 4166 baptismo,
3939 4110 4002 4155 et

2390 4189 2656 4258 incipiunt
2681 4189 2858 4244 vocari
2892 4188 3139 4243 homines
3188 4188 3503 4254 christiani;
3547 4189 3692 4258 quod
3719 4198 3822 4254 est.
3848 4191 4000 4247 invo-

2389 4293 2529 4336 cetur
2557 4299 2740 4336 nomen
2790 4291 2932 4336 tuum
2975 4298 3130 4352 super
3160 4297 3274 4336 nos.
3315 4281 3371 4336 In
3402 4280 3487 4337 Itis
3515 4298 3644 4353 ergo
3669 4293 3876 4354 septem
3900 4300 4000 4340 ec-

2390 4377 2592 4439 clesiis.
2627 4378 2784 4433 unius
2830 4375 3086 4432 Ecclesia:
3114 4375 3426 4443 catholicae,
3453 4375 3639 4432 ﬁdeles
3678 4387 3835 4442 sunt,
3865 4380 3996 4448 quia

2305 4468 2492 4530 Duna
2549 4471 2601 4525 in
2653 4480 2860 4542 septem
2907 4484 3002 4540 per
3053 4468 3363 4540 qualitatem
3418 4467 3542 4525 ﬁdei
3597 4478 3652 4524 et
3705 4469 3997 4526 electionis

2390 4576 2493 4622 est.
2522 4564 2648 4621 Sive
2685 4565 2750 4619 ad
2781 4579 2876 4620 eos
2914 4564 3176 4627 scribens,
3207 4565 3295 4634 qui
3326 4564 3570 4619 laborant
3594 4565 3648 4619 in
3675 4565 3896 4632 saeculo,
3937 4577 4000 4623 et

2391 4670 2683 4734 operantur
2713 4659 2793 4733 (5)
2825 4659 2894 4715 de
2922 4657 3224 4730 frugalitate
3262 4672 3482 4713 suorum
3506 4659 3772 4720 laborum.
3805 4669 3858 4714 et
3889 4675 3995 4731 pa-

2394 4756 2590 4810 tientes
2629 4763 2785 4819 sunt;
2820 4763 2875 4808 et
2911 4767 3032 4806 cum
3068 4749 3284 4806 videant
3336 4750 3582 4814 homines
3625 4751 3887 4822 quosdam
3936 4755 3996 4809 in

2395 4847 2634 4904 Ecclesia
2662 4845 3066 4915 dispensatores
3094 4853 3147 4898 et
3177 4841 3481 4914 pestiferos,
3501 4859 3569 4898 ne
3593 4843 3854 4901 dissentio
3875 4845 3992 4914 ﬁat,

2397 4948 2632 5012 portant.
2658 4938 2928 4996 Admonet
2955 4945 3135 4992 tamen
3161 4951 3257 4992 eos
3283 4936 3351 4992 de
3375 4952 3581 5004 amore,
3613 4948 3669 4993 ut
3713 4939 3763 4992 in
3795 4937 3998 5009 quibus

2398 5022 2533 5090 ﬁdes
2553 5046 2741 5088 eorum
2761 5029 2934 5097 deest,
2963 5037 3122 5101 agant
3150 5029 3539 5101 paenitentiam.
3570 5031 3680 5086 Aut
3697 5031 3764 5087 ad
3785 5046 3881 5088 eos
3900 5033 3998 5104 qui

2084 5125 2645 5185 COMMENTARIUS.

771 5217 850 5292 (l)
897 5218 962 5272 Et
989 5221 1225 5292 voxejus
1255 5231 1521 5292 (tamquam
1570 5236 1667 5275 vox
1713 5236 1960 5290 aquarum
2004 5221 2304 5278 mularum-

692 5290 1142 5363 Non'miraberis
1182 5290 1302 5347 Iteic
1337 5290 1390 5347 et
1430 5293 1548 5346 aliis
1595 5302 1857 5362 praeterea
1909 5293 2040 5346 locis
2079 5293 2285 5363 aliquot

693 5363 923 5434 apostoli
957 5362 1119 5436 verba
1161 5363 1381 5418 inverso
1407 5363 1598 5436 ordine
1633 5363 1776 5433 legi,
1824 5381 1945 5418 cum
1974 5365 2134 5433 paulo
2165 5362 2288 5436 post

695 5436 1020 5505 scriptorem
1050 5434 1192 5489 hunc
1232 5445 1472 5489 nostrum
1514 5434 1874 5490 afﬁrmantem
1914 5434 2188 5501 audieris,
2231 5438 2286 5493 in

695 5505 819 5561 libri
851 5508 1008 5576 hujus
1050 5506 1499 5575 interpretatione
1541 5521 1644 5558 non
1676 5509 1965 5563 verborum
1996 5507 2243 5564 ordinem
2269 5554 2282 5576 ,

696 5585 790 5652 aut
827 5588 1003 5632 textus
1042 5577 1482 5652 consequentiam
1523 5577 1618 5634 sed
1657 5593 1838 5632 rerum
1881 5576 2292 5652 intelligentiam

696 5649 956 5706 lectorem
987 5653 1138 5720 sequi
1170 5649 1391 5706 debere.

770 5719 850 5793 (2)
894 5720 1105 5790 Auferri
1144 5736 1261 5775 vero
1299 5721 1665 5793 improperium
1708 5737 1861 5793 suum
1901 5733 2139 5792 poscunt.
2186 5723 2296 5779 Nos

697 5791 837 5848 illud
859 5800 1069 5865 poscunt
1093 5807 1161 5865 ett
1191 5793 1468 5865 superiore
1503 5792 1843 5865 lectione_de
1873 5791 2059 5848 nosuo
2089 5795 2298 5852 addidi-

702 5879 822 5920 mus
841 5861 867 5935 ,⁷
897 5871 954 5918 ut
991 5861 1321 5922 locutionem
1375 5864 1664 5923 clariorem
1704 5863 2066 5925 elﬁceremus.
2113 5866 2300 5938 Neque

2387 5222 2524 5278 ratio
2549 5237 2577 5273 a
2607 5219 2762 5274 nobis
2791 5219 3114 5290 ubicumque
3143 5220 3341 5291 aliquid
3379 5219 3826 5288 emendavimus,
3858 5234 4001 5278 con-

2389 5295 2538 5349 tinuo
2576 5291 2850 5347 reddenda
2895 5292 3086 5357 fuerit;
3125 5307 3246 5347 cum
3271 5291 3402 5346 illud
3440 5301 3547 5346 tant
3576 5293 3788 5347 ﬁrmum
3819 5303 3904 5346 est
3944 5304 4004 5351 et

2392 5381 2488 5436 per
2523 5379 2583 5420 se
2624 5367 2839 5436 planum
2864 5406 2877 5429 ,
2914 5372 3023 5419 uta
3065 5379 3332 5433 quoquam
3375 5364 3502 5434 quin
3542 5364 3612 5417 ita
3653 5364 3724 5419 sit
3755 5364 4004 5421 scriben-

2391 5433 2552 5502 dum,
2601 5433 2831 5508 dubitari
2888 5452 2993 5490 non
3047 5437 3218 5506 possit
3263 5433 3453 5508 :Anam
3499 5436 3679 5508 omnia
3739 5440 4001 5508 perSequi

2394 5523 2559 5580 pr0pe
2578 5517 2722 5580 esset
2749 5505 3035 5574 inﬁnitum,
3052 5505 3231 5578 usque
3257 5506 3393 5562 adeo
3416 5507 3622 5578 singula
3650 5523 3804 5578 ptene
3826 5505 3998 5575 verba

2403 5578 2710 5650 perturbata
2743 5587 2797 5632 et
2825 5591 3074 5647 corrupta
3105 5589 3281 5634 erant.

2475 5650 2556 5722 ('5)
2603 5647 2914 5718 Operantur.
2951 5650 3284 5722 Crediderint
3315 5651 3415 5706 ltoc
3443 5652 3662 5707 verbum
3695 5666 3794 5722 pro
3820 5653 3998 5708 vivunt

2401 5730 2714 5795 usurpatum
2761 5722 2830 5776 ab
2865 5729 3085 5778 auctore
3123 5721 3286 5778 luisse
3313 5766 3328 5787 .
3382 5734 3437 5779 et
3471 5721 3850 5795 dispensatores
3895 5741 3998 5795 pro

2404 5793 2778 5863 dissipatores.
2808 5802 3013 5864 portant
3046 5796 3173 5851 item
3202 5809 3301 5866 pro
3329 5795 3505 5852 lerunt
3541 5793 3563 5866 (
3590 5811 3712 5866 qua:
3750 5795 3874 5854 dua:
3898 5793 3999 5855 vo-

2405 5881 2499 5922 ces
2524 5881 2555 5924 e
2579 5865 2805 5935 vestigio
2828 5867 3167 5939 sequuntur)
3198 5865 3418 5924 dixisse.
