4196 6246
192 229 306 286 521

1362 226 1425 285 ΙΝ
1464 221 1935 286 APOCALYPSIN
1960 228 2022 284 Β.
2065 226 2364 289 JOANNIS.

3395 235 3500 293 522

187 352 257 406 in
287 348 422 406 locis
445 345 758 404 crudelibus
800 344 1104 402 inhabitant
1133 346 1275 403 inter
1320 355 1711 417 persecutores.
1738 355 1797 402 ut
1821 347 1872 406 A
1901 346 2066 402 fortes
2097 358 2222 403 sunt
2264 350 2316 403 in
2350 346 2486 414 fide,
2535 355 2589 403 et
2627 361 2730 404 non
2764 359 3130 422 expavescunt
3157 355 3500 425 persecutio-

187 451 556 516 pcrsevereut
586 442 792 497 ﬁdeles.
814 440 924 497 Aut
947 440 1012 494 ad
1039 455 1134 495 eos
1159 441 1268 511 qui,
1292 441 1393 496 sub
1420 449 1679 510 prietextu
1703 439 1801 494 mi-

191 533 539 600 sericordite,
568 533 752 590 illicita
782 535 1003 603 peccata
1028 531 1081 586 in
1110 532 1347 587 Ecclesia
1371 530 1595 596 faciunt,
1616 530 1802 586 etaliis

188 625 443 684 iacienda
474 624 785 682 ostendunt.
824 628 930 680 Aut
972 623 1040 680 ad
1087 639 1182 680 eos
1219 625 1310 695 qui
1336 624 1538 679 suntin
1561 623 1799 679 Ecclesia

189 719 408 777 faciles.
449 720 559 777 Aut
600 719 666 774 ad
708 734 804 776 eos
849 717 940 790 qui
981 717 1309 789 negligentes
1349 716 1568 772 nomine
1593 724 1798 770 tantum

190 814 480 870 christiani
527 822 674 870 sunt.
709 812 819 869 Aut
862 812 928 868 ad
977 826 1074 867 eos
1118 811 1212 882 qui
1259 809 1530 865 humiliter
1557 808 1800 863 instructi

188 919 348 978 sunt,
371 919 427 964 ut
469 910 523 964 in
576 907 684 964 ﬁde
710 907 922 963 fortiter
952 914 1316 977 perseverent.
1351 907 1457 960 Aut
1497 902 1564 959 ad
1590 919 1684 959 eos
1711 902 1800 974 qui

188 1000 419 1056 student
464 999 784 1071 Scripturis,
832 1008 887 1054 et
941 998 1188 1053 laborant
1236 1011 1564 1068 cognoscere
1605 1010 1799 1050 arcana

189 1092 611 1163 przedicatiouis,
647 1102 704 1148 et
729 1091 824 1148 Dei
850 1107 988 1162 opus
1018 1091 1197 1148 facere
1220 1092 1429 1157 nolunt,
1457 1089 1508 1145 id
1532 1096 1615 1144 est
1640 1088 1801 1144 mise-

189 1185 485 1240 ricordiam
505 1195 561 1241 et
586 1199 865 1240 amorem:
894 1182 1143 1239 omnibus
1196 1183 1563 1255 paenitentiam
1602 1182 1802 1238 denun-

191 1277 314 1346 tiat,
349 1277 599 1334 omnibus
623 1276 886 1348 judicium
915 1276 1219 1332 annuntiat.

790 1432 865 1472 EX
906 1431 1101 1472 CAPITE
1141 1431 1200 1470 II.

262 1534 326 1589 2.
392 1533 520 1590 Scio
575 1532 797 1588 laborem
841 1543 987 1586 tuum
1014 1574 1030 1598 ,
1079 1540 1128 1586 et
1155 1547 1311 1602 opera
1335 1573 1351 1598 ,
1405 1543 1454 1588 et
1499 1533 1798 1603 patientiam

190 1638 360 1683 tuam.
402 1625 462 1682 In
493 1625 663 1698 prima
694 1625 922 1697 epiStola
953 1625 1032 1680 sic
1069 1625 1182 1693 ait,
1230 1626 1344 1681 scio
1374 1634 1426 1680 te
1458 1626 1706 1682 laborare
1743 1635 1799 1683 et

189 1721 428 1792 operari,
464 1719 619 1777 video
642 1720 934 1792 patientem
962 1727 1015 1774 te
1043 1734 1166 1776 esse
1201 1736 1214 1772 :
1246 1735 1316 1776 ne
1343 1730 1498 1791 putes
1524 1737 1611 1777 me
1637 1721 1797 1793 longe
1823 1750 1873 1812 Β
1974 1741 2062 1796 17,
2111 1743 2214 1808 Qui

188 1814 398 1870 morari
424 1831 455 1868 a
483 1825 560 1871 te.

263 1907 338 1963 Et
375 1908 496 1978 quia
531 1924 637 1963 non
671 1917 814 1977 potes
847 1917 1053 1979 portare
1085 1909 1247 1965 malos
1268 1952 1282 1977 ,
1325 1919 1375 1964 et
1410 1911 1498 1981 qui
1525 1928 1578 1966 se
1616 1911 1792 1967 dicunt

184 2000 412 2056 Judcos
441 2017 577 2067 esse,
620 2010 665 2057 et
695 2018 799 2056 non
827 2012 980 2068 sunt,
1030 2013 1077 2057 et
1106 2003 1342 2058 invenisti
1370 2019 1458 2059 eos
1485 2005 1752 2061 mendaces
1772 2049 1788 2074 ,

185 2109 238 2152 et
279 2098 580 2168 patientiam
613 2097 768 2153 ltabes
806 2107 1016 2168 propter
1051 2114 1235 2154 nomen
1271 2115 1458 2153 meum.
1497 2099 1624 2156 Hinc
1669 2101 1791 2156 uni-

185 2208 355 2248 versa
395 2192 463 2247 ad
497 2191 706 2248 laudem
745 2201 1029 2258 spectant,
1074 2203 1131 2248 et
1176 2191 1388 2249 laudem
1426 2209 1532 2250 non
1579 2195 1790 2250 medio-

186 2299 342 2340 crem
380 2300 397 2337 :
430 2295 486 2339 et
529 2285 662 2340 tales
699 2284 886 2351 viros,
931 2284 1199 2356 talemque
1241 2285 1505 2352 classem,
1557 2300 1621 2342 ac
1657 2288 1791 2344 tales

184 2377 473 2434 electionis
527 2377 772 2433 homines
821 2386 1034 2448 Oportet
1080 2378 1303 2435 omnino
1332 2379 1651 2447 admoneri,
1695 2397 1788 2450 ne,

183 2471 312 2527 istis
337 2471 433 2527 Dei
454 2472 612 2527 bonis
636 2471 931 2539 concessis,
955 2471 1298 2530 fraudentur.
1318 2473 1446 2531 Haec
1469 2489 1637 2546 pauca
1655 2474 1793 2531 dixit

182 2581 245 2622 se
275 2564 493 2622 habere
521 2566 774 2622 adversus
804 2567 950 2624 illos.

266 2658 330 2725 4,
357 2659 416 2715 5.
452 2658 519 2713 Et
553 2661 846 2716 cltaritatem
873 2673 1010 2716 luant
1037 2664 1308 2735 pristinam
1343 2665 1593 2738 reliquisti
1623 2708 1639 2732 ,
1681 2683 1790 2722 me-

181 2764 357 2810 mento
397 2755 538 2808 unde
563 2757 834 2811 excideris.
875 2757 979 2826 Qui
1005 2759 1192 2825 cadit,
1232 2760 1300 2816 de
1326 2761 1436 2816 alto
1459 2761 1638 2828 cadit,
1671 2761 1790 2817 ideo

179 2848 343 2915 dixit,
370 2847 542 2912 unde;
573 2850 826 2918 quoniam
859 2867 1029 2924 usque
1053 2853 1119 2908 ad
1153 2854 1505 2911 novissimum
1530 2898 1543 2920 ,
1587 2857 1788 2913 amoris

178 2959 351 3015 opera
391 2944 691 3000 exercenda
721 2957 876 3013 sunt,
920 2946 1066 3018 quod
1105 2957 1190 3002 est
1242 2949 1532 3021 principale
1567 2950 1789 3005 manda-

178 3049 324 3094 tum.
360 3039 599 3108 Denique
636 3039 738 3095 nisi
780 3039 904 3105 ﬁat,
947 3042 1181 3096 minatus
1218 3052 1304 3099 est
1332 3059 1554 3101 movere
1581 3044 1786 3101 cande-

174 3131 398 3188 labrum
427 3133 494 3188 de
521 3134 638 3188 loco
677 3148 798 3200 suo,
828 3133 882 3189 id
903 3143 988 3189 est
1014 3148 1270 3206 spargere
1299 3136 1538 3207 plebem.

250 3226 306 3281 6.
353 3225 448 3281 Sic
474 3226 627 3281 habes
665 3235 712 3281 et
749 3237 805 3279 tu
833 3226 976 3281 odire
1020 3243 1176 3297 apera
1223 3226 1622 3285 Nicolaitarum.
1675 3231 1783 3289 Sed

175 3319 432 3392 quoniam
461 3329 518 3374 et
544 3319 662 3388 ipse
691 3317 886 3376 oderas
926 3331 1174 3377 tenentes
1207 3321 1512 3380 doctrinam
1548 3324 1782 3380 Nicolai-

175 3426 390 3481 tarum,
441 3414 655 3470 laudem
684 3424 989 3486 exspectas.
1031 3416 1195 3474 0dire
1220 3429 1398 3475 autem
1431 3434 1596 3490 opera
1625 3419 1783 3476 Nico-

173 3508 432 3564 Iaitarum
451 3524 574 3580 quas
601 3518 658 3564 et
685 3509 798 3579 ipse
829 3509 1049 3578 oderat,
1080 3510 1184 3568 hoc
1211 3511 1279 3568 ad
1305 3512 1520 3569 laudem
1550 3522 1779 3584 spectat.

173 3603 567 3660 Nicolaitarum
613 3614 796 3662 autem
838 3620 1004 3677 opera
1049 3615 1204 3661 erant
1243 3607 1338 3662 illo
1381 3618 1622 3678 tempore
1671 3607 1782 3666 ﬁcti

173 3697 434 3754 homines
454 3711 507 3756 et
534 3700 798 3772 pestiferi,
825 3703 915 3774 qui
944 3701 1044 3757 sub
1070 3702 1288 3757 nomine
1311 3701 1513 3757 Nicolai
1541 3703 1778 3761 ministri

173 3794 434 3852 fecerant
465 3795 565 3851 sibi
591 3795 866 3863 haeresim,
913 3804 974 3851 ut
1001 3795 1292 3852 delibatum
1327 3797 1420 3878 lt)
1447 3798 1783 3854 exorcizare-

173 3898 265 3945 tur
299 3899 362 3945 et
404 3888 713 3945 manducari
742 3899 962 3960 posset:
990 3898 1046 3944 et
1087 3897 1145 3944 ut
1183 3889 1508 3962 quicumque
1538 3890 1775 3947 fornica-

173 3994 262 4040 tus
281 3995 471 4050 esset,
518 3992 704 4039 octavo
732 3984 820 4039 die
849 3998 1034 4054 pacem
1061 3985 1365 4052 acciperet;
1413 3986 1534 4040 ideo
1571 3985 1777 4042 collau-

171 4077 266 4132 dat
303 4077 435 4132 illos
485 4075 551 4130 ad
597 4091 736 4148 quos
785 4077 1009 4144 scribit,
1061 4077 1257 4148 quibus
1313 4077 1508 4134 talibus
1563 4087 1617 4134 et
1669 4088 1775 4136 tam

173 4169 388 4242 magnis
427 4167 557 4224 viris
598 4168 846 4240 promisit
885 4169 1092 4240 lignum
1140 4169 1280 4241 quod
1325 4171 1491 4226 estin
1531 4170 1778 4241 paradiso

172 4260 272 4318 Dei
301 4261 410 4318 sui.
1119 4246 1124 4252 ’

247 4357 499 4427 Sequens
526 4355 751 4425 epistola
779 4365 1097 4428 sequentem
1125 4358 1600 4415 conversationem
1632 4359 1773 4417 alte-

173 4448 289 4504 rius
317 4450 514 4505 CIaSsis
541 4459 596 4505 et
617 4450 1060 4506 consuetudinem
1091 4450 1310 4521 detegit.
1345 4451 1586 4524 Denique
1615 4453 1690 4508 ait
1719 4471 1734 4508 :

1904 455 2056 506 nem;
2092 441 2185 496 sed
2208 442 2330 512 quia
2359 452 2413 496 et
2446 441 2499 495 iu
2533 441 2642 497 illis
2667 453 2828 512 sunt,
2862 443 2952 516 qui
2979 448 3133 517 proni
3155 458 3280 503 sunt
3300 447 3367 503 ad
3396 447 3502 504 illi-

1903 529 2036 586 citas
2065 534 2472 603 permixtioues,
2505 535 2616 590 ait:

1978 623 2045 678 14
2065 665 2080 688 ,
2112 626 2198 681 ili.
2246 624 2417 683 Habes
2448 627 2518 681 ibi
2548 638 2770 686 tenentes
2813 632 3097 687 doctrinam
3125 631 3378 702 Balaam,
3410 636 3501 706 qui

1903 713 2112 770 docebat
2135 717 2188 771 in
2217 716 2378 772 Balac
2402 720 2598 774 mittere
2622 723 2924 778 scandalum
2948 741 3120 779 coram
3149 727 3273 796 ﬁliis
3299 727 3492 799 Israel,

1902 807 2078 876 edere,
2107 820 2152 864 et
2183 811 2430 879 fornicari
2459 829 2479 868 :
2508 815 2582 868 ita
2609 815 2763 872 ltabes
2789 825 2836 871 et
2863 827 2918 871 tu
2947 828 3168 874 tenentes
3207 820 3501 876 doctrinam

1904 897 2315 970 Nicolaitorum,
2364 905 2454 958 sed
2493 908 2728 979 pugnabo
2771 925 2888 963 cum
2931 911 3036 966 illis
3076 913 3131 966 in
3175 912 3351 984 gladio
3395 916 3501 970 oris

1903 992 2020 1045 mei.
2041 992 2097 1046 Id
2119 1003 2232 1060 est,
2263 995 2390 1064 quid
2424 999 2770 1069 praeceperim
2797 1000 2994 1062 dicam.
3022 1013 3075 1058 et
3103 1003 3231 1074 quid
3261 1003 3499 1061 feceritis

1902 1086 2192 1142 conferam.
2232 1087 2364 1144 Nam
2398 1089 2609 1146 Balaam
2643 1093 2662 1160 (
2693 1092 2889 1162 Num.,
2933 1111 2970 1150 ll
2998 1097 3019 1167 )
3058 1095 3304 1152 doctrina
3335 1099 3500 1156 doce-

1899 1179 1992 1234 bat
2033 1179 2194 1235 Balab
2238 1183 2452 1240 mittere
2493 1186 2806 1244 scandalum
2852 1201 2979 1245 ante
3025 1193 3213 1247 oculos
3258 1192 3492 1251 ﬁliorum

1901 1270 2099 1340 Israel,
2147 1289 2269 1330 esse
2307 1275 2633 1347 delibatum,
2681 1291 2734 1336 et
2771 1280 3058 1349 fornicari;
3100 1283 3151 1338 id
3185 1285 3327 1355 quod
3368 1285 3498 1343 olim

1900 1365 2159 1422 accidisse
2201 1377 2385 1425 notum
2425 1380 2527 1427 est.
2570 1372 2667 1429 Ille
2704 1376 2846 1430 enim
2885 1376 2990 1432 hoc
3032 1377 3316 1434 consilium
3351 1379 3502 1438 dedit

1900 1461 2013 1532 regi
2044 1461 2413 1532 Moabitarum,
2442 1476 2498 1522 et
2525 1468 3034 1528 scandalizaverunt
3063 1475 3338 1546 populutn.
3369 1475 3493 1544 Sic,

1900 1554 2102 1624 inquit,
2146 1557 2288 1613 inter
2312 1573 2408 1615 vos
2449 1560 2658 1617 habetis
2689 1567 2846 1620 talem
2879 1574 3123 1623 tenentes
3160 1568 3490 1642 doctrinam,

1901 1656 1958 1701 ut
1981 1649 2082 1702 sub
2113 1660 2373 1719 praetextu
2407 1653 2800 1712 misericordia:
2828 1657 2966 1713 alios
2995 1660 3280 1718 vitiaretis.

2256 1744 2429 1800 vicerit
2450 1787 2467 1815 ,
2511 1746 2642 1802 dabo
2664 1749 2741 1803 illi
2783 1767 2972 1806 manna
3017 1752 3403 1824 absconditum,
3450 1765 3499 1813 et

1895 1834 2026 1891 dabo
2081 1836 2160 1892 illi
2211 1841 2466 1896 calculum
2516 1844 2816 1901 candidum.
2879 1846 3068 1905 Manna
3123 1849 3499 1909 absconditum

1895 1929 2273 1987 innuortalitas
2299 1943 2404 2002 est,
2448 1949 2661 2006 gemma
2689 1937 2808 1994 alba
2839 1938 3062 2010 adoptio
3089 1940 3140 1995 in
3178 1941 3344 1998 lilium
3373 1943 3496 2011 Dei;

1894 2037 2092 2078 nomen
2121 2038 2316 2080 novum
2347 2026 2401 2082 in
2426 2027 2637 2084 calculo
2667 2029 2928 2100 scriptum
2947 2073 2962 2099 ,
2997 2031 3362 2091 Christianum
3389 2044 3496 2094 est.

1966 2114 2168 2184 Quarta
2215 2117 2403 2175 classis
2458 2121 2791 2179 nobilitatem
2847 2125 3090 2182 ﬁdelium
3153 2130 3499 2200 operantium

1893 2208 2160 2278 quotidie,
2201 2221 2254 2266 et
2281 2211 2482 2282 majora
2520 2212 2832 2272 facientium
2864 2233 3031 2290 opera
3065 2221 3351 2294 signiﬁcat.
3391 2225 3499 2282 Sed
3565 2285 3570 2289 _

1893 2309 1947 2356 et
1976 2301 2047 2358 ibi
2085 2317 2208 2359 esse
2236 2320 2449 2376 quoque
2489 2306 2672 2366 faciles
2715 2309 2960 2368 homines
2997 2313 3063 2368 ad
3102 2314 3312 2372 illicitas
3341 2332 3500 2388 paces

1894 2395 2098 2451 dandas
2123 2406 2179 2453 et
2205 2412 2378 2453 novas
2409 2401 2718 2471 prophetias
2743 2403 3117 2472 attendendas,
3149 2408 3407 2476 ostendit,
3439 2418 3499 2467 et

1893 2489 2086 2560 arguit,
2118 2499 2174 2546 et
2203 2503 2502 2560 praemonet
2530 2503 2783 2562 catteros,
2813 2497 3008 2567 quibus
3033 2515 3139 2556 non
3171 2502 3346 2572 placet
3369 2501 3494 2572 hoc,

1893 2583 1982 2653 qui
2013 2594 2347 2655 cognoscunt
2373 2586 2666 2658 nequitiam
2702 2588 3012 2660 adversam,
3042 2592 3238 2664 quibus
3263 2595 3418 2652 malis
3443 2606 3498 2653 et

1893 2675 2111 2734 dolores
2151 2677 2405 2736 inducere
2446 2681 2638 2753 quaerit
2677 2683 2729 2739 in
2769 2685 2944 2757 capite
2981 2685 3217 2744 ﬁdelium
3256 2698 3312 2746 et
3352 2689 3496 2761 peri-

1892 2771 2044 2838 cuia;
2077 2781 2131 2827 et
2161 2773 2281 2829 ideo
2301 2773 2377 2829 ait
2403 2790 2420 2829 :
3186 2846 3192 2858 ‘

1961 2864 2052 2921 24.
2085 2864 2205 2921 Non
2227 2868 2369 2922 mitto
2400 2885 2554 2940 super
2576 2887 2665 2927 uos
2693 2872 2839 2927 aliud
2869 2873 3093 2944 pondus.
3141 2873 3198 2930 Id
3225 2884 3340 2942 est,
3383 2892 3491 2933 non

1891 2958 2016 3016 dedi
2054 2961 2204 3017 vobis
2234 2963 2414 3034 leges,
2446 2964 2854 3025 observationes
2891 2977 2946 3025 et
2984 2985 3182 3040 onera,
3223 2970 3368 3042 quod
3410 2979 3495 3028 est

1890 3053 2034 3109 aliud
2065 3056 2296 3126 pondus.

1809 3153 1858 3223 α
1959 3147 2052 3210 25.
2079 3148 2171 3204 '26.
2205 3149 2313 3205 Sed
2339 3152 2476 3222 quod
2503 3153 2731 3222 habetis,
2783 3156 3028 3222 teneatis,
3063 3157 3225 3213 donec
3257 3157 3490 3226 ueniam;

1887 3249 1936 3296 et
1960 3242 2045 3310 qui
2070 3243 2244 3298 vicerit
2275 3245 2408 3300 dabo
2443 3247 2524 3302 illi
2557 3257 2861 3318 potestatent
2885 3268 3042 3318 super
3075 3268 3249 3308 omnes
3290 3262 3487 3326 gentes.

1886 3334 1945 3390 ld
1997 3345 2119 3404 est,
2178 3338 2414 3409 judicem
2477 3341 2630 3398 illum
2681 3345 3004 3402 constituam
3059 3347 3202 3404 inter
3251 3358 3484 3404 cancros

1885 3441 2122 3487 sanctos.

1955 3547 2048 3603 28.
2078 3547 2147 3603 Et
2173 3547 2303 3604 dabo
2330 3550 2411 3606 illi
2435 3553 2637 3608 stellam
2666 3556 2991 3612 matutinum.
3025 3555 3263 3612 Primam
3294 3571 3483 3614 resur-

1884 3641 2178 3698 rectionem
2200 3644 2442 3711 scilicet;
2472 3647 2718 3718 promisit
2748 3647 2958 3704 stellam
2989 3650 3333 3718 matutinam,
3363 3666 3485 3721 quae

1885 3746 2095 3794 noctem
2121 3738 2267 3811 fugat
2292 3750 2346 3795 et
2375 3740 2552 3798 lucem
2580 3745 2884 3812 annuntiat,
2911 3742 2965 3801 id
2992 3753 3093 3813 est,
3120 3744 3226 3803 diei
3253 3745 3484 3802 initium.

2461 3874 2531 3914 EX
2587 3873 2782 3915 (ΖΔΗτεῖ
2830 3875 2910 3915 III.

1954 3947 2147 4016 Quinta
2176 3949 2366 4005 classis
2395 3950 2645 4007 collectio
2678 3952 2763 4008 vel
2795 3953 3138 4009 conversatio
3168 3963 3483 4010 sanctorum

1881 4039 2122 4099 declarat
2169 4042 2416 4100 homines
2457 4045 2817 4117 negligentes,
2867 4057 2924 4104 et
2964 4048 3100 4104 alias
3141 4064 3301 4120 quam
3341 4063 3476 4120 quas

1880 4145 2096 4207 Oportet
2133 4137 2186 4192 iu
2214 4139 2413 4194 saeculo
2442 4149 2666 4210 agentes
2692 4140 3066 4209 Operationes,
3109 4139 3329 4196 nomine
3366 4148 3482 4195 tan-

1881 4230 2157 4285 tummodo
2199 4231 2546 4288 christianos.
2592 4231 2662 4288 Et
2691 4232 2813 4289 ideo
2849 4231 3094 4288 hortatur
3123 4233 3244 4289 illos
3271 4232 3318 4288 si
3346 4247 3482 4304 quo-

1877 4325 2041 4382 modo
2066 4328 2269 4384 reversi
2292 4343 2324 4384 a
2351 4327 2674 4401 negligentia
2701 4328 2910 4400 possint
2935 4328 3074 4385 salvi
3098 4342 3253 4398 esse,
3281 4336 3336 4384 et
3359 4327 3481 4386 ideo

1879 4421 1953 4476 ait
1981 4439 1994 4475 :

247 4542 300 4597 9.
324 4542 451 4599 Scio
481 4543 858 4599 tribulationem
883 4553 1022 4598 luant
1041 4553 1088 4599 et
1115 4554 1486 4617 paupertatem,
1517 4547 1606 4601 sed
1633 4547 1771 4603 dives

1947 4534 2003 4589 2.
2039 4534 2164 4590 Esto
2215 4535 2434 4609 uigilans
2475 4546 2522 4592 et
2567 4537 2817 4608 conﬁrma
2861 4546 3048 4592 ca'tera
3090 4553 3187 4606 que
3227 4534 3478 4591 moritura

173 4652 248 4690 es.
272 4635 388 4692 Scit
413 4636 555 4690 enim
585 4636 724 4707 apud
741 4650 802 4692 se
827 4637 1020 4692 talibus
1045 4637 1260 4694 divitias
1285 4653 1406 4695 esse
1438 4641 1767 4711 reconditas,

174 4738 232 4786 et
254 4730 698 4786 detractationem
724 4730 791 4788 de
804 4731 1004 4787 Iudaeis
1033 4743 1289 4804 negantes
1307 4776 1322 4799 ,
1353 4735 1536 4790 dicunt
1558 4751 1618 4790 se
1646 4751 1770 4792 esse

172 4824 416 4892 Judaeos',
443 4837 499 4880 et
523 4841 626 4881 non
654 4837 799 4893 sunt,
829 4826 923 4882 sed
957 4843 1222 4900 synagoga
1253 4839 1477 4898 satanas,
1509 4832 1767 4902 quoniam

172 4920 246 4975 ab
267 4920 587 4976 antichristo
615 4921 955 4991 colliguntur,
991 4922 1185 4991 quibus
1214 4922 1290 4977 ait
1323 4942 1338 4977 :

248 5015 336 5070 10.
387 5013 505 5070 Esto
532 5016 698 5084 ﬁdelis
737 5031 892 5084 usque
927 5016 997 5070 ad
1028 5028 1260 5073 mortem.
1302 5017 1374 5075 Ut
1419 5032 1771 5090 perseverent

173 5107 371 5164 ﬁdeles
398 5123 516 5164 esse
543 5125 712 5180 usque
741 5109 806 5164 ad
832 5120 1083 5167 mortem.

249 5204 343 5258 Il.
389 5201 488 5272 Qui
513 5203 685 5258 uicerit
711 5220 812 5259 non
832 5205 1044 5260 la'detur
1071 5222 1104 5260 a
1130 5215 1290 5262 morte
1316 5211 1564 5266 secunda.
1597 5210 1656 5266 Id
1683 5221 1768 5268 est

170 5309 284 5351 non
312 5296 660 5366 castigabitur
687 5298 739 5352 in
767 5298 997 5354 inferno.

247 5389 432 5447 Tertia
461 5391 651 5448 classis
689 5402 998 5450 sanctorum
1030 5395 1271 5452 ostendit
1289 5411 1411 5453 esse
1440 5398 1588 5454 viros
1614 5440 1630 5466 ,
1673 5400 1763 5472 qui

1874 4640 2061 4684 erant:
2093 4647 2195 4685 non
2235 4631 2371 4686 enint
2407 4631 2578 4686 inueni
2616 4648 2773 4702 opera
2801 4640 2890 4686 tua
2934 4631 3087 4700 plena
3124 4646 3299 4686 coram
3345 4627 3476 4686 Deo.

1872 4722 1989 4780 Non
2021 4725 2164 4780 enim
2202 4725 2336 4781 satis
2368 4736 2452 4780 est
2479 4725 2728 4780 arborem
2762 4725 2945 4780 vivere
2969 4765 2984 4786 .
3015 4733 3072 4780 et
3103 4725 3338 4780 fructum
3370 4738 3475 4778 non

1874 4816 2108 4882 habere;
2140 4817 2281 4872 sicut
2309 4832 2414 4873 non
2446 4818 2579 4873 satis
2599 4827 2681 4874 est
2705 4817 3056 4872 christianum
3080 4815 3208 4881 dici,
3239 4823 3293 4870 et
3315 4813 3475 4871 Chri-

1874 4919 2016 4965 stum
2048 4910 2330 4978 conﬁteri,
2375 4910 2551 4979 ipsum
2585 4925 2712 4966 vero
2740 4909 2793 4963 in
2821 4922 2986 4978 opere
3014 4923 3122 4965 non
3155 4907 3353 4964 habere
3374 4948 3391 4974 ,
3421 4904 3473 4962 id

1875 5013 1959 5061 est
1983 5003 2100 5075 ejus
2129 5014 2401 5076 praecepta
2425 5020 2530 5059 non
2554 5003 2750 5060 facere.

1945 5120 2108 5177 Sexta
2155 5121 2346 5176 classis
2387 5129 2472 5176 est
2514 5118 2857 5176 conversatio
2904 5119 3187 5176 electionis
3230 5118 3471 5191 optimm.

1870 5211 2218 5270 Consuetudo
2270 5221 2578 5268 sanctorum
2624 5211 2968 5278 declaratur,
3021 5211 3212 5268 borum
3265 5210 3475 5267 scilicet

1871 5306 1964 5378 qui
1996 5306 2226 5362 humiles
2253 5315 2381 5362 sunt
2422 5305 2476 5361 in
2506 5305 2739 5375 saeculo,
2783 5316 2840 5363 et
2873 5307 3131 5363 rusticani
3155 5306 3210 5362 in
3237 5305 3472 5376 scriptu-

1871 5403 1968 5470 ris,
2011 5411 2068 5458 et
2111 5401 2270 5457 fidem
2313 5399 2663 5458 immobiliter
2690 5411 2911 5472 tenent,
2961 5417 3062 5459 nec
3096 5399 3320 5458 omnino
3356 5399 3470 5457 ullo

1519 5513 2078 5574 COMMENTARIUS.

247 5630 330 5702 (Ι)
359 5628 784 5703 θειὶὁαωηιᾼὶιείο
812 5636 868 5703 et
891 5628 1086 5703 alicubi
1112 5629 1293 5703 posuit
1315 5645 1412 5699 pro
1439 5628 1762 5703 idolothyto,

164 5701 277 5759 hoc
308 5701 491 5758 esteo
515 5701 660 5773 quod
686 5701 988 5759 simulacris
1019 5702 1421 5758 immolabatur.
1456 5701 1762 5759 Exorcisare

1867 5631 2092 5703 expiare
2121 5631 2290 5702 accipi
2329 5631 2580 5700 videtur,
2644 5631 2790 5703 quod
2839 5640 2923 5687 est
2961 5637 3159 5703 contra
3199 5628 3472 5703 propriam

1866 5700 2013 5782 verbi
2052 5700 2498 5782 signiﬁcationem
2532 5721 2546 5758 :
2578 5700 2709 5782 nam
2737 5704 3008 5782 ἐξορκίξειν
3050 5701 3229 5774 potius
3257 5710 3348 5760 est
3380 5700 3478 5759 ob~

164 5790 303 5833 vero
333 5791 432 5847 pro
469 5790 498 5829 a
537 5784 816 5832 temeratae
844 5789 940 5832 seu
974 5773 1188 5846 polluta:
1223 5773 1504 5846 religionis
1533 5774 1764 5834 crimine
1863 5773 2151 5848 stringere,
2185 5794 2346 5851 quam
2374 5779 2588 5836 solvere
2613 5773 2896 5846 religione.
