4142 6262
747 283 853 341 325

2001 280 2059 339 S.
2092 277 2435 338 VICTORINI
2472 276 2764 338 SCHOLIA

3922 276 4024 335 3ἰῇ

745 416 871 456 casu
899 400 1048 456 fracti
1077 407 1168 454 aut
1191 392 1829 464 timoretrctrahuntura
1861 396 1985 453 ﬁde.
2016 397 2144 451 Ideo
2167 397 2240 451 ait
2266 395 2333 450 ad
2364 402 2409 460 Λ
2440 390 2635 452 tantem
2687 415 2745 453 se
2803 396 2999 453 vidisse
3029 397 3256 454 fatetur:
3305 405 3360 455 et
3390 411 3532 454 nunc
3576 394 3769 453 exinde
3817 397 4019 462 recolit,

743 495 866 550 illos
901 514 913 548 :

814 592 867 644 8.
923 590 1056 643 Dedi
1096 599 1213 643 ante
1247 598 1294 642 te
1326 589 1511 643 ostium
1553 596 1821 658 apertum,
1868 596 1915 641 et
1957 588 2195 655 quoniam
2230 602 2337 640 ser-

740 683 866 737 uasti
895 682 1098 736 verbum
1127 683 1387 755 patientia:
1415 696 1560 737 meae.
1607 682 1662 735 In
1692 689 1799 735 tam
1831 680 2018 751 parvis
2043 679 2268 733 viribus.

812 776 902 831 10.
938 774 1006 828 Et
1029 790 1122 845 ego
1153 786 1200 829 te
1222 774 1430 830 servabo
1459 774 1521 828 ab
1549 775 1677 827 hora
1710 773 2022 827 tentationis.
2064 770 2136 828 Ut
2166 771 2338 826 sciant

739 870 1045 940 hujusmodi
1088 872 1311 941 gloriam
1355 883 1507 924 suam
1535 887 1546 921 :
1574 884 1674 924 nec
1716 867 1933 939 quidem
1983 866 2035 921 in
2081 865 2335 921 tentalio-

739 979 861 1019 nem
893 980 988 1019 eos
1015 965 1151 1020 tradi
1174 964 1432 1035 permitti.

811 1058 898 1113 12.
942 1056 1043 1126 Qui
1078 1059 1253 1112 vicerit
1294 1060 1381 1127 ﬁet
1423 1058 1664 1112 columna
1701 1057 1756 1110 in
1794 1056 1980 1124 templo
2017 1053 2134 1110 Dei.
2184 1054 2336 1109 Sicut

737 1151 879 1205 enim
911 1151 1158 1204 columna
1194 1150 1359 1206 decor
1381 1159 1463 1206 est
1494 1149 1707 1204 :ediﬁcii
1730 1189 1746 1213 ,
1792 1148 1871 1220 sic
1898 1148 1989 1218 qui
2023 1160 2335 1217 persevera-

738 1243 896 1308 verit,
928 1242 1263 1297 nobilitatem
1298 1243 1350 1296 in
1381 1242 1624 1296 Ecclesia
1646 1250 2027 1310 consequetur.

809 1334 1049 1405 Septima
1081 1350 1296 1405 quoque
1314 1336 1569 1389 Ecclesia:
1594 1334 1841 1388 collectio
1858 1331 2334 1399 declarat,‘homi-

735 1442 835 1485 nes
856 1430 1153 1499 locupletes
1175 1430 1227 1484 iu
1260 1429 1615 1500 dignitatibus
1643 1429 1958 1493 collocatos,
1987 1414 2081 1482 sed
2109 1425 2335 1481 creden-

738 1531 817 1576 tes
859 1533 915 1576 ut
957 1522 1255 1592 locupletes
1279 1563 1293 1585 ,
1334 1522 1479 1590 apud
1507 1535 1642 1591 quos
1674 1520 1727 1574 in
1766 1519 2015 1575 cubiculo
2052 1520 2333 1588 scripturae

734 1614 951 1686 quidem
984 1624 1313 1680 tractantur,
1338 1614 1472 1669 foris
1498 1624 1675 1669 autem
1704 1624 1829 1669 sunt
1857 1613 2063 1675 ﬁdeles.
2092 1624 2146 1667 et
2172 1620 2202 1666 a‘
2232 1626 2332 1667 ne-

735 1712 879 1764 mine
909 1710 1310 1780 intelliguntur,
1338 1708 1605 1777 iactantes
1631 1707 1838 1762 scilicet
1867 1722 1947 1773 se,
1991 1714 2045 1761 et
2090 1705 2330 1759 dicentes

2443 508 2561 560 quae
2594 508 2687 561 per
2710 494 2880 562 legem
2914 492 2963 546 in
2997 491 3437 546 similitudinibus
3468 490 3825 560 praenuntiata
3855 501 4016 557 erant,

2442 596 2496 640 et
2524 602 2620 655 per
2644 586 2780 642 hanc
2808 586 3129 654 scripturam
3156 585 3427 656 conjungit
3458 597 3651 638 omnes
3672 582 3877 652 priores
3906 596 4024 650 pro—

2444 678 2652 749 phetas,
2685 687 2742 732 et
2768 679 2940 747 aperit
2979 678 3297 746 scripturas.
3334 678 3398 731 Et
3421 676 3545 747 quia
3570 683 3851 745 postquam
3896 675 4024 730 invi-

2443 771 2571 823 tavit
2595 772 2645 824 in
2674 772 2867 825 coelum
2912 786 3100 824 omnes
3125 769 3406 826 credentes
3456 769 3509 822 in
3543 768 3761 823 nomine
3792 782 3885 821 suo
3917 766 4022 820 Do-

2440 863 2618 916 minus
2650 874 2853 926 noster.
2884 864 3061 917 statim
3116 862 3379 930 Spiritum
3407 872 3658 916 sanetum
3711 858 3895 915 eﬂ'udit
3933 854 4022 931 qui

2440 953 2677 1008 ferturus
2703 964 2785 1009 cst
2809 952 2888 1027 (l)
2916 952 2984 1008 ad
3014 954 3234 1020 C(Bltlm,
3263 955 3369 1008 ait:

2509 1048 2565 1102 2.
2600 1048 2787 1102 Statim
2814 1048 2889 1117 [ui
2910 1048 2963 1100 in
2984 1048 3189 1117 spiritu.
3224 1047 3290 1102 Et
3335 1063 3455 1102 cum
3482 1047 3757 1116 aperiatur
3786 1062 3878 1117 per
3902 1045 4021 1117 Spi-

2438 1140 2599 1194 ritum
2622 1147 2867 1195 sauctum
2897 1155 3049 1194 meus
3076 1138 3336 1207 ﬁdelium,
3371 1149 3426 1195 et
3471 1138 3601 1195 illud
3650 1139 3728 1193 eis
3773 1136 4020 1193 manifes-

2439 1239 2599 1297 tetur,
2661 1231 2803 1302 quod
2859 1239 2913 1285 et
2960 1229 3230 1302 prioribus
3279 1240 3364 1287 est
3420 1229 3793 1302 praedicatum,
3827 1229 4021 1302 signiﬁ-

2435 1335 2621 1380 canter
2642 1327 2735 1378 ait.

2509 1416 2579 1471 Et
2607 1434 2717 1471 ecce
2741 1418 2885 1472 sedes
2905 1418 3070 1489 posita
3087 1428 3197 1473 erat
3216 1419 3271 1472 in
3298 1419 3444 1473 caelo.
3487 1416 3659 1474 Sedes
3680 1417 3869 1489 posita,
3897 1415 4020 1488 quid

2436 1522 2539 1574 eSt,
2566 1510 2665 1564 nisi
2698 1510 2855 1565 sedes
2880 1510 3066 1581 judicii
3098 1518 3153 1566 et
3180 1510 3364 1582 regis?

2508 1605 2560 1659 5.
2618 1603 2686 1658 Et
2713 1618 2871 1675 supra
2919 1606 3089 1660 sedem
3134 1605 3334 1671 sedens,
3382 1607 3567 1663 similis
3605 1617 3812 1681 aspectu
3859 1609 4022 1680 lapidi

2425 1698 2626 1769 jaspidi
2656 1708 2703 1752 et
2729 1700 2921 1753 sardio.
2953 1700 3126 1770 Supra
3151 1699 3344 1754 solium
3376 1702 3574 1759 vidisse
3599 1704 3673 1759 ait
3715 1703 4022 1760 similitudi-

733 1815 791 1857 se
829 1803 1007 1855 omnia
1055 1814 1420 1872 cognoscere,
1480 1799 1689 1870 praediti
1734 1799 1925 1853 liducia
1980 1798 2291 1852 litteraturae
2311 1838 2326 1863 ,
2358 1812 2407 1873 Β
2437 1809 2558 1848 nem
2581 1793 2805 1865 jaspidis
2832 1804 2887 1850 et
2913 1796 3098 1850 sardii.
3126 1794 3305 1866 Jaspis
3334 1808 3489 1868 aqua:
3516 1798 3710 1853 caloris
3738 1809 3844 1866 est,
3901 1814 4019 1856 ssr-

732 1910 895 1965 Opere
923 1905 1100 1951 autem
1128 1902 1409 1960 vacantes,
1448 1904 1503 1949 et
1529 1894 1652 1947 ideo
1673 1892 1749 1946 ait
1778 1910 1792 1945 :

806 1989 893 2044 '15.
942 1989 1120 2060 Neque
1160 1989 1374 2059 frigidos
1404 2002 1562 2055 neque
1592 1990 1838 2058 ferventes
1866 1984 1984 2039 illos
2010 1999 2134 2038 esse.
2166 1982 2221 2037 Id
2246 1990 2330 2038 est

733 2097 907 2152 neque
956 2081 1302 2147 incredulos,
1353 2094 1526 2150 neque
1557 2078 1744 2133 ﬁdeles
1787 2096 1798 2132 :
1835 2078 1902 2132 ad
1952 2091 2141 2132 omnes
2182 2076 2327 2130 enim

729 2174 907 2228 omnia
936 2184 1076 2229 sunt.
1116 2174 1180 2228 Et
1198 2174 1450 2243 quoniam
1477 2172 1567 2241 qui
1597 2186 1701 2224 non
1734 2169 1958 2240 frigidus
1978 2178 2065 2225 est-
2090 2183 2191 2225 nec
2222 2182 2317 2223 ca-

650 2319 663 2333 ,
731 2267 894 2331 lidus,
921 2266 1016 2320 sed
1049 2265 1259 2335 tepidus
1280 2274 1383 2329 est,
1409 2278 1664 2319 nauseam
1689 2262 1832 2325 facit,
1863 2262 1935 2316 ait
1964 2278 1979 2315 :

800 2357 887 2414 £6.
939 2355 1151 2410 Vomam
1177 2366 1224 2411 te
1252 2356 1315 2410 de
1342 2372 1429 2411 ore
1455 2370 1583 2409 meo.
1622 2353 1832 2408 Nausea
1859 2352 2104 2423 quamvis
2131 2350 2316 2406 odibi-

731 2453 795 2508 lis
818 2453 916 2517 sit,
952 2460 1130 2505 tamen
1161 2451 1435 2505 nemiuem
1463 2448 1609 2502 laedit
1644 2447 1759 2502 :sic
1788 2453 1845 2502 et
1870 2443 2175 2515 hujusmodi
2218 2442 2320 2499 bo-

726 2545 899 2599 mines
950 2559 1071 2598 cum
1118 2541 1321 2597 fuerint
1372 2540 1617 2612 projecti.
1666 2538 1775 2595 Sed
1827 2538 1952 2609 quia
2002 2548 2213 2607 tempus
2240 2544 2325 2592 est

732 2636 1066 2709 poenitentia:
1084 2677 1098 2701 ,
1127 2635 1203 2688 ait
1232 2652 1246 2688 :

800 2731 889 2788 18.
923 2730 1133 2787 Suadeo
1165 2728 1255 2783 tibi
1280 2737 1335 2781 ut
1366 2743 1505 2781 emas
1548 2743 1581 2780 a
1611 2742 1691 2780 me
1715 2741 1900 2779 aurum
1937 2724 2232 2794 conﬂatum.
2263 2720 2322 2776 Id

728 2836 844 2890 est,
893 2841 1001 2896 quo
1030 2825 1191 2878 modo
1222 2824 1427 2893 poteris
1473 2838 1569 2892 pro
1595 2820 1811 2876 nomine
1842 2818 2057 2875 Domini
2089 2818 2198 2889 pati
2229 2817 2325 2871 tri-

728 2919 1034 2974 bulationes
1060 2925 1115 2973 et
1142 2917 1441 2986 passiones.

798 3012 866 3067 Et
909 3011 1125 3082 collyrio
1160 3011 1349 3082 inunge
1392 3009 1566 3064 oculos
1603 3017 1738 3062 tuos.
1793 3004 1866 3062 Ut
1904 3005 2048 3077 quod
2088 3004 2322 3061 libenter

725 3106 1009 3176 cognoscis
1056 3120 1151 3174 per
1190 3104 1545 3175 scripturam,
1585 3103 1743 3171 hujus
1781 3102 1943 3157 etiam
1975 3116 2111 3172 opus
2137 3098 2321 3156 facere

2434 1886 2555 1941 dius
2600 1887 2756 1957 ignis.
2810 1888 2935 1943 llaec
2959 1888 3066 1944 duo
3108 1888 3306 1959 judicia
3359 1890 3533 1962 posita
3584 1908 3706 1949 esse
3742 1909 3910 1965 usque
3948 1896 4021 1953 ad

2432 1981 2950 2037 consuunnationem
3004 1982 3152 2038 orbis
3194 1996 3359 2055 super
3411 1986 3639 2042 tribunal
3682 1987 3776 2044 Dei
3827 1989 4017 2045 exinde

2430 2072 2862 2141 ntanil‘estantur,
2891 2091 3117 2145 quorum
3150 2076 3482 2147 judiciorum
3514 2092 3679 2135 unum
3732 2080 3842 2150 jam
3890 2095 4020 2137 cou-

2430 2177 2755 2221 summatum
2780 2177 2865 2222 est
2891 2167 2945 2221 in
2976 2169 3302 2240 cataclysmo
3314 2186 3641 2243 peraquam,
3670 2172 3814 2228 aliud
3838 2181 4016 2230 autem

2430 2260 2892 2315 consummabitur
2914 2276 3011 2331 per
3032 2262 3229 2332 ignem.

2500 2355 2568 2409 Et
2594 2356 2683 2410 iris
2711 2365 2820 2411 erat
2842 2357 2897 2410 in
2921 2358 3139 2413 circuitu
3166 2359 3359 2414 throni.
3394 2359 3494 2416 Iris
3514 2370 3699 2418 autem
3733 2363 3870 2419 circa
3919 2377 4015 2419 so-

2427 2447 2557 2502 lium
2612 2449 2830 2505 eosdem
2862 2451 3075 2507 colores
3127 2451 3310 2508 habet.
3364 2452 3465 2509 Iris
3506 2466 3665 2510 arcus
3692 2455 3905 2522 dicitur,
3943 2455 4020 2514 de

2425 2554 2532 2610 quo
2550 2540 2708 2594 etiam
2737 2541 2805 2596 ad
2843 2541 2956 2597 Noe
2981 2550 3035 2598 et
3072 2543 3139 2598 ad
3169 2543 3307 2600 ﬁlios
3333 2544 3448 2616 ejus
3480 2545 3692 2602 locutus
3717 2554 3803 2603 est
3829 2547 4015 2603 Domi-

2426 2647 2526 2686 nus
2554 2634 2570 2700 (
2592 2631 2744 2697 Gen.,
2769 2636 2877 2704 lx).
2907 2650 2974 2690 ne
3005 2636 3257 2692 timerent
3278 2637 3415 2693 ultra
3440 2636 3703 2694 diluvium
3746 2641 3799 2695 in
3845 2648 4018 2712 gene-

2426 2730 2635 2780 ratioue
2660 2727 2776 2794 Dei,
2804 2728 2898 2781 sed
2923 2728 3120 2799 ignem.
3155 2729 3244 2786 Sic
3267 2731 3411 2786 enim
3432 2732 3541 2788 ait:
3568 2732 3806 2788 Statuam
3830 2744 4018 2790 areum

2424 2832 2604 2873 meum
2628 2817 2683 2872 in
2710 2819 2962 2887 nubibus,
3005 2831 3200 2877 utnon
3238 2821 3350 2892 jam
3381 2836 3574 2895 aquam
3618 2823 3870 2894 linteatis,
3918 2825 4020 2882 sed

2424 2911 2623 2982 ignem.
3193 2969 3202 2978 ,

2494 3007 2547 3063 6.
2573 3006 2640 3061 Et
2665 3018 2784 3063 ante
2804 3008 2973 3063 sedem
2994 3018 3251 3080 tamquam
3278 3027 3419 3066 mare
3447 3013 3664 3068 vitreum
3696 3012 3865 3067 simile
3893 3030 4021 3084 crg-

2421 3102 2590 3158 stallo.
2624 3102 2679 3157 Id
2708 3113 2791 3159 est
2820 3103 3022 3160 donum
3053 3105 3325 3175 baptismi,
3353 3106 3497 3178 quod
3520 3120 3616 3178 per
3637 3105 3835 3164 Filium
3854 3123 4020 3165 suum

723 3198 958 3252 coneris.
992 3196 1062 3252 Et
1087 3197 1342 3267 quoniam
1364 3197 1409 3251 si
1443 3196 1522 3250 his
1554 3194 1728 3251 modis
1759 3194 2006 3250 homines
2034 3194 2103 3250 de
2125 3208 2319 3263 magno
2344 3213 2394 3277 ο
2424 3198 2753 3268 poenitentiae
2786 3208 3049 3270 tempore,
3076 3213 3362 3271 antequam
3390 3202 3651 3271 judicium
3674 3202 3858 3269 faciat,
3878 3202 4025 3260 etfu-

723 3290 933 3346 excidio
957 3289 1025 3345 ad
1053 3306 1304 3361 magnam
1327 3290 1557 3347 redeant
1581 3290 1975 3360 paenitentiam,
2011 3305 2117 3343 non
2141 3290 2318 3343 solum

723 3382 822 3437 sibi
880 3392 1005 3437 sunt
1054 3382 1254 3446 utiles,
1306 3382 1401 3438 sed
1462 3391 1518 3436 et
1545 3382 1730 3436 multis
1761 3381 2015 3449 prodesse
2050 3388 2315 3450 possunt;

722 3477 1027 3532 mercedem
1060 3491 1165 3531 non
1198 3476 1522 3531 mediocrem
1546 3476 1625 3530 eis
1651 3475 1917 3545 promisit,
1947 3472 2202 3528 nimirum
2226 3488 2313 3528 se-

721 3570 851 3627 dere
881 3568 936 3624 in
962 3568 1101 3625 solio
1126 3568 1339 3640 judicii.

1314 3677 1382 3716 EX
1407 3676 1597 3717 CAPITE
1642 3676 1717 3719 ιν.

792 3750 923 3813 Post
971 3758 1076 3812 lues
1127 3757 1230 3811 vidi
1280 3766 1329 3810 et
1367 3772 1480 3811 ecce
1534 3755 1720 3809 ostium
1768 3762 2003 3825 apertum
2061 3752 2116 3806 in
2166 3750 2310 3806 cazlo.

719 3853 926 3909 Ostium
954 3861 1199 3923 apertum
1231 3850 1286 3904 in
1308 3844 1699 3916 emio,Novum
1729 3845 2138 3902 Testamentum
2170 3858 2311 3915 prte-

720 3944 953 3999 dicatur.

790 4058 856 4114 Et
883 4076 980 4114 vox
1002 4060 1170 4130 prima
1205 4075 1361 4127 quam
1387 4057 1593 4123 audivi,
1628 4065 1870 4125 tanquam
1904 4055 2038 4110 tuba:
2063 4050 2314 4126 loquentis

716 4169 931 4216 mecum,
963 4152 1135 4207 dicens
1162 4175 1173 4208 :
1199 4150 1417 4206 ascende
1447 4151 1567 4205 huc.
1599 4146 1824 4218 Quando
1853 4156 2097 4218 apertum
2129 4150 2315 4201 osten—

717 4245 899 4312 ditur,
933 4245 1177 4301 clausum
1222 4245 1387 4299 fuisse
1427 4255 1586 4297 antea
1617 4240 1927 4295 hominibus
1971 4237 2313 4294 manifestum

715 4348 817 4395 est.
863 4337 1003 4395 Satis
1054 4348 1231 4393 autem
1270 4348 1323 4393 et
1364 4336 1520 4407 plene
1570 4332 1891 4404 patefactum
1936 4342 2049 4399 est,
2101 4331 2314 4403 quando

716 4429 962 4485 Christus
999 4445 1118 4484 cum
1147 4444 1373 4499 corpore
1407 4429 1460 4482 in
1491 4427 1659 4483 caelos
1700 4426 1767 4481 ad
1797 4424 2012 4480 Patrem
2046 4426 2311 4481 ascendit.

715 4523 830 4576 Vox
854 4532 1032 4577 autem
1062 4522 1208 4593 prior
1238 4538 1398 4592 quam
1425 4522 1708 4586 audierat,
1742 4536 1862 4574 cum
1888 4520 2014 4574 dicit
2044 4519 2191 4573 illaut
2222 4534 2310 4575 se-

2420 3299 2516 3355 dit.
2567 3300 2693 3356 ldeo
2717 3310 2845 3356 ante
2873 3299 3090 3364 solium,
3133 3300 3187 3356 id
3224 3306 3308 3356 est
3351 3302 3632 3372 judicium.
3669 3300 3804 3359 Cum
3833 3312 4022 3359 autem

2420 3393 2548 3447 dicit
2564 3408 2712 3448 mare
2732 3393 2961 3448 vitreum
2984 3393 3160 3448 simile
3179 3394 3493 3464 chrystallo,
3516 3410 3711 3466 aquam
3736 3395 4023 3465 unundam,

2419 3486 2689 3552 stabilem,
2722 3503 2828 3541 non
2873 3496 3036 3543 vento
3064 3488 3341 3557 agitatam,
3373 3504 3483 3543 non
3521 3489 3575 3543 in
3628 3489 3870 3558 proclivo
3918 3489 4025 3546 de-

2418 3576 2696 3643 ﬂuentem,
2722 3578 2817 3634 sed
2851 3587 3123 3649 tamquam
3149 3578 3371 3635 domum
3401 3580 3499 3636 Dei
3523 3579 3861 3639 immobilem
3906 3591 4025 3638 tn-

2419 3673 2584 3729 ditam
2609 3674 2865 3730 ostendit.

2490 3765 2560 3820 Et
2591 3783 2679 3835 per
2720 3767 2990 3821 circuitum
3029 3768 3165 3823 sedis
3206 3778 3426 3839 quatuor
3472 3768 3743 3826 animiin.
3772 3769 4029 3838 Quatuor

2416 3863 2665 3918 animalia
2687 3872 2918 3933 quatuor
2937 3872 3062 3918 sunt
3084 3865 3394 3936 Evangelia.

2491 3957 2685 4012 7—10.
2718 3956 2953 4011 Primum
2983 3958 3176 4011 animat
3206 3958 3370 4013 simile
3420 3958 3579 4025 leoni,
3630 3969 3679 4015 et
3731 3958 4034 4016 secundum

2417 4053 2581 4108 simile
2610 4053 2793 4121 vitulo,
2826 4063 2872 4108 et
2899 4054 3105 4107 tertium
3133 4053 3323 4107 habens
3346 4054 3533 4125 faciem
3549 4055 3769 4110 similem
3791 4056 4025 4124 homini,

2418 4156 2463 4200 et
2491 4158 2728 4217 quartum
2753 4146 2921 4201 simile
2949 4147 3139 4217 aquilae
3164 4146 3394 4212 volanti;
3424 4149 3667 4203 habentia
3685 4149 3800 4203 alas
3824 4158 3986 4204 seiras
4006 4163 4033 4204 :

2418 4251 2463 4296 et
2485 4258 2575 4312 per
2604 4242 2874 4296 circuitum
2901 4252 2947 4296 et
2977 4242 3138 4308 intus,
3166 4241 3319 4313 plena
3342 4243 3539 4307 oculis;
3564 4254 3611 4298 et
3647 4244 3880 4314 requiem
3914 4259 4033 4298 non

2418 4333 2667 4387 habebant
2694 4332 2946 4387 dicentia:
2982 4331 3226 4400 Sanctus,
3260 4335 3504 4401 Sanctus,
3552 4334 3799 4398 Sanctus,
3831 4332 4036 4389 Domi-

2418 4442 2513 4479 nus
2544 4426 2884 4498 omnipotens.
2922 4425 2985 4479 Et
3009 4425 3326 4497 procidentes
3348 4428 3525 4498 viginti
3555 4437 3773 4498 quatuor
3786 4429 4031 4483 seniores

2416 4530 2535 4572 ante
2570 4520 2741 4573 sedem
2784 4520 3121 4574 adoraverunt
3165 4518 3350 4575 Deum.
3399 4520 3599 4592 Viginti
3646 4532 3885 4593 quatuor
3933 4536 4037 4578 se-

714 4632 835 4670 cum
866 4630 988 4669 esse
1026 4615 1257 4669 locutam
1286 4657 1302 4681 ,
1345 4615 1460 4669 sine
1501 4613 1930 4668 contradictione
1970 4613 2145 4684 arguit
2176 4629 2270 4669 eos
2291 4656 2305 4679 ,
2335 4618 2391 4679 Β
2416 4611 2595 4666 niores
2619 4612 2807 4683 viginti
2835 4624 3064 4683 quatuor
3082 4613 3199 4668 libri
3219 4624 3345 4668 sunt
3373 4616 3781 4685 prophetarum,
3802 4623 3862 4671 et
3881 4615 4034 4685 legis

714 4708 803 4778 qui
835 4706 995 4761 alium
1029 4707 1079 4761 in
1122 4705 1397 4778 prophetis
1422 4746 1436 4772 ,
1484 4705 1645 4759 alium
1685 4705 1737 4759 in
1780 4705 2076 4776 Evangelia
2121 4705 2310 4761 dicunt

713 4800 877 4855 fuisse
910 4803 1180 4864 locutum;
1240 4816 1361 4855 cum
1392 4800 1558 4871 magis
1586 4797 1702 4870 ipse
1738 4799 1827 4869 qui
1860 4800 2004 4853 venit
2030 4841 2044 4861 .
2092 4798 2209 4869 ipse
2240 4800 2309 4854 sit

712 4897 803 4968 qui
840 4897 889 4951 iu
926 4896 1201 4969 prophetis
1243 4898 1449 4952 locutus
1480 4904 1583 4951 est.
1631 4892 1866 4951 JOanocs
1903 4896 2044 4949 enim
2085 4909 2150 4949 ex
2196 4894 2307 4949 cir-

712 4991 1041 5047 cumcisione
1080 5000 1234 5056 erat;
1266 4998 1319 5045 et
1360 4991 1536 5046 omnis
1578 4989 1669 5045 ille
1702 4990 1929 5060 populus
1970 4990 2056 5059 qui
2090 4986 2305 5045 Veteris

712 5083 1043 5139 Testamenti
1087 5083 1525 5154 praedicationem
1556 5081 1818 5151 audierat,
1857 5081 1946 5137 illa
1971 5097 2104 5138 voce
2137 5083 2307 5137 adilt-

712 5188 865 5233 catus
882 5186 989 5232 εει.

784 5269 891 5325 Illa
917 5270 1188 5342 eademque
1213 5286 1330 5337 eoat,
1362 5270 1554 5341 inquit,
1578 5285 1731 5341 quam
1757 5269 2043 5333 audierant,
2064 5267 2155 5323 illa
2179 5267 2305 5323 mihi

2414 4707 2712 4764 referentes
2746 4709 3051 4765 testimonia
3068 4708 3275 4779 judicii.
3308 4712 3449 4768 Sunt
3474 4721 3656 4766 autem
3692 4720 3747 4765 et
3777 4709 4037 4781 vinginti

2413 4808 2641 4870 quatuor
2669 4812 2869 4869 patres,
2914 4800 3196 4856 duodecim
3239 4802 3470 4872 apostoli
3499 4812 3553 4857 et
3583 4801 3875 4859 duodecim
3926 4815 4039 4871 pa-

2415 4896 2682 4948 triarchae.
2708 4894 2972 4949 Animalia
3006 4897 3166 4966 igitur
3182 4895 3325 4968 quod
3349 4896 3648 4953 diﬂ'erentia
3675 4905 3805 4951 sunt
3827 4895 4039 4951 vultus

2354 5026 2370 5033 -
2411 4987 2548 5042 hanc
2569 4987 2767 5042 habent
2789 4990 3049 5044 rationem
3076 5006 3092 5054 ;
3135 4990 3311 5046 simile
3344 4988 3486 5045 leoni
3512 4989 3735 5055 animal,
3767 4989 4043 5045 Marcum

2410 5083 2669 5153 designat,
2700 5083 2754 5137 in
2777 5097 2885 5153 quo
2912 5100 3014 5138 vox
3045 5084 3218 5140 leonis
3244 5086 3294 5139 in
3325 5100 3510 5141 eremo
3553 5084 3818 5156 rugientis
3860 5083 4038 5140 audi-

2410 5185 2515 5231 tur.
2539 5175 2779 5230 llominis
2801 5185 2976 5231 autem
3006 5175 3173 5249 ﬁgura
3191 5180 3411 5235 enititur
3429 5179 4045 5236 Matthzensenuntiare

2408 5270 2560 5325 nobis
2583 5283 2753 5339 genus
2774 5266 2952 5323 Mariae
2972 5268 3076 5341 (2),
3104 5271 3245 5326 unde
3266 5286 3481 5329 carnem
3499 5274 3709 5343 accepit
3732 5271 4037 5330 Christus.

711 5364 840 5417 didit
868 5376 887 5417 :
913 5363 1139 5417 Ascende
1168 5362 1287 5416 huc.
1318 5361 1374 5416 id
1402 5370 1488 5415 est
1523 5361 1763 5432 spiritus,
1796 5376 1955 5432 quem
1988 5359 2148 5430 paulo
2177 5369 2303 5415 ante
2406 5361 2546 5432 Ergo
2567 5361 2691 5414 dum
2721 5372 2999 5416 enumerat
3028 5363 3096 5415 ab
3126 5363 3395 5418 Ahraham
3431 5380 3601 5435 usque
3627 5364 3694 5420 ad
3727 5364 3934 5431 David,
3969 5373 4040 5421 et.

711 5457 1067 5529 (memmium
1099 5456 1332 5510 hominis
1355 5454 1498 5509 inter
1523 5454 1845 5510 candelabra
1892 5468 2055 5510 aurea
2111 5454 2302 5511 ambu-
2404 5470 2573 5526 usque
2594 5452 2662 5509 ad
2699 5452 2920 5524 Joseph,
2950 5463 3219 5525 tamquam
3267 5455 3336 5512 de
3362 5455 3585 5513 homine
3631 5457 3854 5514 locutus
3907 5465 4037 5514 est.

2096 5567 2651 5627 COMMENTARlUS.

2399 5697 2537 5742 state
2565 5686 2889 5742 venerabilis
2920 5685 3123 5743 codicis
3146 5686 3434 5753 immutare
3462 5689 3753 5747 noluimus.

2464 5758 2547 5833 (ἢ)
2571 5756 2811 5833 Hominis
2832 5759 3190 5833 autemﬁgura
3204 5763 3411 5817 enititur
3439 5762 3709 5818 Mattheus
3736 5762 4059 5818 enuntiare

2390 5829 2533 5887 nobis
2560 5847 2718 5902 genus
2742 5829 2946 5885 Maria.
2971 5829 3107 5888 Vide
3129 5842 3188 5888 ut
3217 5833 3388 5890 tradat
3411 5833 3724 5892 Matthaeum
3743 5835 4054 5908 genealos

780 5691 863 5765 (ri)
896 5690 1138 5749 Ferturus
1169 5704 1267 5765 pro
1291 5692 1524 5765 taturus,
1543 5700 1598 5745 et
1626 5690 1669 5745 si
1700 5702 1907 5765 nones
1955 5705 2059 5745 usu
2112 5704 2291 5765 gramo

710 5759 1045 5832 mati'corum,
1088 5759 1362 5822 uti'etiam
1409 5762 1566 5835 paulo
1595 5759 1910 5835 ante‘odire,
1958 5776 2054 5835 pro
2083 5762 2283 5829 odisse,

710 5839 968 5907 dicimus;
1000 5838 1286 5894 lectionem
1322 5832 1497 5894 tamen
1529 5833 1755 5905 antiqui,
1785 5846 1840 5889 et
1862 5832 2095 5888 maxime
2128 5843 2281 5889 vetu-

4058 6012 4095 6023 καί
