4196 6246
240 228 355 293 $23

1380 222 1447 295 1N
1474 219 1951 297 APOCALYPSIN
1987 237 2048 295 Β.
2089 222 2392 297 Joannis.

3426 232 3532 299 326

240 357 369 412 ideo
397 354 705 426 prmdicatio
736 354 854 424 ejus
875 353 1106 425 efﬁgiem
1123 354 1354 412 hominis
1389 357 1645 412 ostendit.
1670 358 1844 414 Lucas
1870 358 1921 418 Α
1949 372 2155 412 eorum.
2207 357 2331 412 Hart:
2383 357 2525 413 enim
2572 363 2713 414 tenet
2752 350 2991 415 Ecclesia
3039 356 3299 427 catholica
3332 374 3450 428 qum
3482 368 3535 414 et

236 450 603 505 sacerdotium
631 447 904 504 Zachariae
923 447 1200 503 otierentis
1230 450 1456 504 hostiam
1484 465 1581 518 pro
1613 451 1841 520 populo,

236 554 297 598 ct
344 557 693 614 apparentem
748 543 848 597 sibi
898 542 1153 612 angelum
1201 543 1326 596 dum
1354 552 1589 609 enarrat,
1627 552 1847 612 propter

240 637 608 692 sacerdonuin
656 645 709 692 et
762 636 1018 702 hostiam,
1074 636 1191 705 ipsa
1241 637 1643 704 conscriptione
1695 634 1846 690 vituli

245 731 367 787 tulit
411 731 721 802 imaginem.
777 728 1014 785 Joannes
1039 728 1381 798 Evangelista
1434 728 1628 798 aquila:
1656 728 1849 783 similis

241 825 541 894 assumptis
586 824 778 895 pennis
805 822 874 877 ad
914 823 1103 878 altiora
1152 822 1411 878 festinans
1436 823 1505 877 de
1547 820 1723 877 Verbo
1754 821 1846 876 Dei

238 915 501 987 disputat.
550 914 781 975 Marcus.
811 917 990 985 itaque
1039 913 1405 984 EvangeliSta,
1433 914 1511 968 sic
1540 914 1843 983 incipiens:

239 1007 462 1063 Initium
493 1002 765 1078 Evangelii
791 1008 922 1061 Jesu
949 1006 1158 1074 Christi,
1216 1008 1346 1060 sicut
1376 1014 1624 1076 scrtptun't
1667 1013 1739 1060 est
1791 1005 1847 1058 in

236 1102 405 1158 Esaia
431 1103 685 1174 prop/aeta
708 1101 928 1175 (Mam,
959 1118 997 1168 t,
1020 1099 1114 1173 5):
1148 1099 1259 1156 νοω
1281 1103 1554 1156 clamantis
1582 1102 1634 1156 in
1652 1102 1849 1155 deserto

240 1194 423 1267 (Era,
453 1213 542 1262 XL,
566 1195 623 1268 5)
656 1196 828 1250 leonis
857 1194 1017 1249 habet
1039 1194 1294 1264 effigiem.
1328 1195 1610 1249 Matutinus
1633 1204 1847 1251 autem:

234 1286 395 1342 Liber
421 1288 764 1358 generationis
780 1286 905 1342 Jesu
922 1286 1111 1342 Christi
1137 1286 1232 1355 lilii
1256 1285 1443 1351 David,
1465 1285 1563 1355 ﬁlii
1587 1286 1849 1341 Abraham

238 1380 459 1453 (Matth.
499 1397 539 1447 ι,
575 1382 662 1451 l);
695 1380 811 1435 hmo
850 1389 932 1435 est
978 1378 1142 1434 facies
1187 1376 1442 1434 hominis.
1491 1378 1663 1434 Lucas
1718 1394 1848 1435 vero

234 1473 376 1529 dixit
405 1491 418 1527 :
458 1471 581 1526 Fuit
610 1472 863 1527 Sacerdos
893 1472 1098 1525 nomine
1138 1469 1427 1525 Zacharias
1454 1471 1517 1524 de
1541 1471 1647 1525 vice
1694 1470 1845 1537 Abia,

235 1577 286 1621 et
310 1584 446 1621 uxor
474 1566 556 1620 illi
602 1567 665 1621 de
689 1565 894 1634 ﬁliabus
932 1566 1109 1619 Aaron
1166 1564 1344 1637 (Luc.,
1377 1581 1417 1630 ι,
1448 1564 1544 1636 5);
1598 1566 1714 1619 haec
1766 1571 1852 1619 est

238 1661 420 1732 imago
472 1660 645 1715 vituli.
697 1662 766 1714 At
793 1660 1031 1715 Joannes
1089 1675 1210 1714 cum
1245 1660 1464 1729 incipit:
1497 1657 1566 1712 In
1595 1658 1849 1728 principio

1948 459 2101 505 antea
2126 453 2413 519 predicala.
2447 462 2493 506 ct
2517 463 2713 522 postea,
2732 463 3100 507 consummata
3135 462 3278 507 sunt.
3304 446 3367 505 Et
3394 452 3538 505 volat

1948 544 2141 613 quippe
2171 552 2224 598 et
2256 545 2448 598 merito
2481 546 2683 599 tollitur
2705 562 2733 599 a
2762 552 2900 600 terra
2920 547 3096 601 vivunt
3117 536 3327 599 a‘nintal.
3357 536 3539 598 Hu-rc-

1950 637 2066 689 ticis
2092 646 2270 690 autem
2302 637 2388 704 qui
2429 637 2736 692 testimonio
2778 637 3091 708 praphetico
3140 646 3244 692 non
3295 640 3535 703 utuntur,

1950 729 2146 782 adsunt
2193 736 2248 783 et
2294 729 2373 784 eis
2417 730 2702 795 animalia,
2748 730 2841 784 scd
2894 738 2998 785 non
3031 729 3232 795 Volunt,
3265 729 3387 797 quia
3417 734 3543 781 sunt

1950 829 2179 874 terrena.
2214 820 2414 877 ludatis
2445 832 2623 876 autem
2652 820 2741 891 qtti
2773 832 2875 877 non
2904 823 3174 893 accipiunt
3197 821 3326 876 Novi
3348 820 3541 876 Testa-

1950 914 2113 968 meuti
2146 914 2599 982 praedicationem,
2634 915 2826 970 adsunt
2856 917 2974 977 also,
3005 917 3095 970 sed
3125 931 3229 970 non
3259 915 3456 975 volant,
3489 912 3544 968 id

1950 1015 2033 1059 est
2079 1006 2293 1062 inanem
2328 1007 2761 1061 Vaticinationem
2797 1008 3100 1063 hominibus
3130 1004 3377 1069 aderunt,
3406 1004 3545 1062 facta

1950 1097 2110 1152 dit-tis
2139 1112 2244 1153 non
2289 1097 2650 1155 conferentes.
2681 1098 2815 1155 Sunt
2837 1106 3016 1155 autem
3047 1100 3165 1155 libri
3209 1098 3354 1156 Vetei
3372 1099 3416 1153 is
3443 1099 3547 1154 'l'e-

1951 1191 2205 1245 stamenti
2250 1193 2340 1262 qui
2392 1192 2721 1261 recipiuntur
2760 1194 2946 1263 viginti
3014 1185 3265 1263 quatuor,
3317 1198 3451 1262 quos
3495 1190 3549 1247 in

1953 1283 2214 1353 Epitomis
2260 1283 2528 1339 Theodori
2561 1285 2806 1341 invenies
2835 1285 2936 1357 (2).
2969 1284 3073 1341 Sed
3103 1292 3157 1340 et
3184 1286 3371 1356 viginti
3420 1299 3552 1354 qua-

1951 1376 2183 1445 tuor.(ut
2225 1375 2481 1447 diximus)
2517 1377 2761 1432 seniores
2793 1378 3132 1433 Patriarcltas
3170 1388 3224 1433 et
3261 1378 3551 1448 Apostolus

1946 1468 2190 1537 judicare
2214 1470 2465 1538 pupulum
2491 1484 2645 1524 suurn
2668 1476 2901 1540 oportet.
2917 1469 3379 1540 littetrogantibus
3405 1470 3550 1526 enim

1951 1562 2232 1632 Apostolis
2260 1570 2315 1617 et
2343 1562 2646 1619 dicentibhs
2683 1580 2697 1618 :
2734 1562 2846 1617 Nos
2868 1561 3099 1618 erunibus
3127 1564 3311 1618 nostris
3342 1563 3550 1630 relictis,

1953 1656 2113 1710 secuti
2142 1670 2317 1710 sumus
2337 1665 2403 1720 te,
2436 1657 2559 1725 quid
2587 1656 2680 1711 erit
2710 1656 2854 1710 nobis
2892 1655 3133 1728 (Matth.,
3164 1668 3273 1723 tux,
3308 1654 3397 1719 27,
3425 1654 3556 1728 28)?

235 1766 346 1809 erat
388 1752 625 1821 Verbum,
658 1763 705 1807 et
743 1752 959 1809 Verbum
986 1763 1093 1808 erat
1118 1754 1258 1823 apud
1290 1752 1551 1816 Deum,et
1579 1750 1720 1807 Deus
1742 1760 1850 1807 erat
1879 1762 1930 1823 Β
1957 1750 2236 1820 respondit
2260 1751 2520 1804 Dominus
2550 1760 2735 1805 noster
2760 1768 2771 1803 :
2799 1747 2929 1804 Cum
2957 1749 3140 1804 sederit
3169 1750 3309 1819 ﬁlius
3338 1751 3559 1805 hominis

244 1848 465 1905 Verbum
494 1851 703 1921 (Joan.,
755 1865 791 1912 t,
828 1848 905 1919 l);
935 1848 1344 1904 similitudinem
1396 1847 1589 1917 aquilze
1619 1848 1848 1903 volantis

238 1942 500 1998 ostendit.
534 1941 653 1996 Non
682 1941 856 1995 solum
884 1950 1065 1994 autem
1095 1955 1222 1994 suas
1245 1939 1606 2010 Evangelista:
1634 1949 1850 2009 quater-

238 2054 341 2093 nas
372 2038 755 2093 similitudines
792 2040 844 2093 in
895 2039 1005 2094 suis
1031 2037 1270 2093 exordiis
1298 2036 1711 2106 Evangeliorum
1751 2051 1849 2091 ex-

239 2131 506 2204 primunt,
542 2131 635 2187 sed
667 2142 720 2187 et
762 2132 939 2202 ipsum
963 2130 1197 2186 Verbum
1234 2131 1325 2186 Dei
1368 2130 1546 2185 Patris
1588 2130 1842 2199 omnipo-

241 2228 411 2283 tentis
437 2227 530 2297 qui
559 2238 643 2282 est
671 2227 811 2281 titius
831 2226 971 2297 ejus,
1007 2225 1266 2281 Dominus
1289 2233 1475 2281 noster
1502 2224 1663 2280 Jesus
1690 2223 1851 2279 Chrio

242 2333 364 2379 stus
393 2321 495 2378 fert
522 2321 742 2378 easdem
785 2320 1045 2388 imagines
1074 2320 1128 2374 in
1175 2330 1416 2389 tempore
1454 2319 1717 2374 adventus
1746 2317 1852 2375 sui.

244 2416 381 2472 Cum
415 2416 572 2471 nobis
595 2415 871 2488 praedicat,
898 2424 980 2470 est
1002 2424 1271 2484 tamquam
1299 2414 1386 2468 leo
1415 2422 1470 2468 et
1500 2412 1713 2467 catulus
1738 2411 1855 2465 leo.

244 2513 356 2566 nis.
393 2510 458 2565 Et
489 2525 611 2567 cum
638 2518 860 2579 propter
880 2509 1111 2563 salutem
1138 2507 1437 2570 hominum,
1464 2506 1627 2561 homo
1679 2504 1856 2559 factus

245 2616 360 2671 est,
384 2606 450 2659 ad
475 2615 698 2660 mortem
724 2603 1114 2659 deviucendam
1136 2611 1192 2657 et
1213 2602 1495 2655 universos
1517 2598 1850 2655 liberandos.

247 2699 326 2757 Et
347 2700 494 2771 quod
525 2715 584 2752 se
605 2700 773 2769 ipsum
802 2697 1059 2754 obtulerit
1089 2697 1319 2752 hostiam
1366 2695 1510 2750 Patri
1553 2710 1650 2764 pro
1678 2692 1855 2761 nobis,

248 2797 455 2850 vitulus
478 2794 651 2849 dictus
676 2803 778 2849 est.
807 2793 871 2848 Et
899 2791 1041 2863 quod
1068 2798 1294 2845 mortem
1315 2789 1649 2845 deviceritet
1671 2800 1865 2843 ascen-

252 2888 335 2943 dit
357 2889 412 2943 in
433 2888 624 2947 ccelos.
656 2885 957 2940 extendens
986 2885 1098 2938 alas
1132 2896 1260 2938 suas
1308 2891 1362 2936 et
1403 2890 1693 2951 protegens
1744 2878 1861 2949 ple-

256 2983 385 3039 bem
432 2996 582 3035 suam
607 3021 624 3045 ,
650 2980 826 3050 aquila
867 2978 1055 3033 voians
1100 2976 1405 3032 nominatus
1456 2985 1560 3030 est.
1597 2974 1689 3028 ita
1734 2984 1869 3041 ergo

255 3074 693 3146 praedicationes,
717 3071 965 3143 quamvis
984 3078 1213 3140 quatuor
1240 3069 1369 3134 sint,
1395 3083 1498 3122 una
1540 3074 1625 3121 est
1662 3074 1862 3130 tamen,

1953 1861 2107 1916 super
2135 1845 2302 1898 sedent
2322 1845 2501 1914 gloria:
2517 1860 2641 1909 sure,
2664 1844 2899 1899 sedebitis
2925 1854 2971 1898 et
2998 1861 3085 1898 vos
3114 1858 3266 1914 super
3292 1844 3559 1899 duodecim

1952 1937 2232 1991 tribunalia
2254 1937 2550 2008 judicantes
2580 1938 2849 1991 duodecim
2878 1936 3035 1992 tribus
3060 1933 3243 1991 Israel.
3277 1936 3382 1993 Sed
3410 1947 3463 1993 et
3492 1937 3562 1994 de

1956 2029 2193 2097 patribus
2228 2030 2316 2099 qui
2364 2030 2655 2099 judicaturi
2690 2038 2834 2096 sunt,
2876 2028 2951 2084 ait
2998 2027 3164 2085 Jacob
3212 2028 3560 2100 patriarcha:

1953 2119 2077 2175 Dan
2110 2119 2369 2191 judicabit
2389 2133 2439 2175 et
2459 2123 2570 2191 ipse
2600 2123 2848 2193 populum
2874 2138 3023 2177 suum
3049 2124 3181 2179 inter
3208 2127 3393 2192 fratres
3421 2140 3560 2189 suos,

1953 2213 2105 2267 sich
2109 2225 2155 2266 et
2182 2231 2286 2268 una
2303 2215 2465 2268 tribus
2489 2216 2543 2268 in
2571 2213 2740 2269 Israel
2761 2213 2940 2288 (Gem,
2972 2230 3117 2284 thx,
3152 2213 3263 2287 16).

2030 2325 2086 2381 5.
2118 2324 2187 2380 Et
2218 2343 2248 2380 a
2274 2327 2393 2381 sede
2418 2327 2758 2397 procedebant
2780 2330 2992 2401 fulgura
3020 2338 3068 2384 et
3101 2346 3245 2385 voces
3265 2338 3313 2384 et
3340 2331 3566 2385 tonitrua

1958 2428 2004 2474 et
2029 2430 2219 2491 Septem
2240 2421 2429 2489 faculty
2448 2421 2581 2491 ignis
2598 2422 2852 2476 ardentes.
2876 2418 3230 2478 Procedentia
3251 2432 3431 2478 autem
3463 2424 3567 2478 ful-

1959 2525 2087 2582 gura
2114 2521 2168 2567 et
2195 2520 2357 2568 v‘ores
2383 2526 2435 2568 et
2463 2512 2695 2568 tonitrua
2726 2531 2753 2568 a
2783 2514 2922 2571 solio
2954 2516 3067 2581 Dei,
3097 2526 3151 2572 et
3174 2525 3384 2587 septem
3411 2512 3560 2573 faces

1962 2604 2101 2673 ignis
2129 2606 2382 2660 ardentes
2408 2604 2712 2677 significant
2743 2608 3155 2678 praedicationes
3186 2617 3239 2664 et
3268 2610 3567 2681 repromis-

1970 2700 2153 2753 siones
2190 2699 2516 2769 adoptionis,
2549 2711 2601 2755 et
2631 2701 2824 2756 minas.
2857 2700 2987 2755 Nam
3029 2702 3233 2773 fulgura
3278 2705 3568 2762 adventant

1968 2792 2177 2846 Domini
2220 2792 2541 2863 significant.
2600 2786 2775 2849 VOCes
2822 2804 2998 2849 autem
3044 2794 3176 2849 Novi
3234 2796 3570 2854 Testamenti

1967 2882 2401 2952 praedicationes.
2449 2885 2705 2940 Tonitrua
2753 2898 2931 2941 autem
2979 2887 3123 2958 quod
3162 2887 3401 2944 ctelestia
3445 2898 3573 2945 sunt

1969 2977 2153 3031 verba.
2201 2975 2370 3031 Faces
2401 2978 2537 3047 ignis‘
2586 2974 2841 3034 ardentes
2879 2978 3078 3034 donum
3119 2977 3354 3049 Spiritus
3401 2981 3576 3036 sancti

1968 3071 2112 3142 quod
2154 3072 2205 3125 id
2250 3072 2395 3141 ligno
2435 3073 2702 3143 passionis
2744 3084 2827 3129 est
2860 3072 3148 3128 redditum.
3182 3074 3250 3129 Et
3291 3090 3412 3130 cum
3460 3073 3576 3130 haec

257 3168 383 3240 quia
403 3167 473 3222 de
511 3181 617 3223 uno
645 3181 738 3220 ore
771 3163 1056 3235 proceSsit.
1102 3162 1248 3218 Sicut
1286 3160 1480 3229 ﬂuvius
1508 3159 1559 3213 in
1610 3156 1859 3228 paradiso
1887 3160 1935 3225 C
1968 3162 2180 3230 fierent,
2203 3164 2465 3220 cecidisse
2487 3164 2618 3220 dicit
2640 3166 2920 3221 universos
2953 3167 3185 3236 majores
3211 3167 3577 3234 natu,etado-

262 3274 384 3315 cum
417 3259 487 3314 sit
517 3273 675 3325 unus,
709 3258 759 3311 in
810 3265 1040 3327 quatuor
1075 3263 1253 3324 partes
1300 3252 1504 3307 divisus
1550 3260 1652 3305 est.
1676 3248 1874 3305 Oculos

263 3363 446 3407 autem
484 3354 626 3406 intus
658 3361 709 3404 et
742 3348 869 3402 foris
896 3346 1094 3401 habere
1121 3360 1185 3401 ea
1228 3344 1480 3399 animalia
1528 3343 1581 3397 in
1613 3340 1871 3410 praedica-

264 3450 469 3504 tionem
516 3448 652 3503 Novi
679 3444 1053 3509 Testanienti;
1090 3444 1485 3514 providentiam
1539 3442 1871 3519 spit'itualcm

266 3542 508 3598 ostendit
546 3557 665 3612 qua:
694 3549 749 3595 et
773 3550 979 3595 secreta
1008 3540 1186 3594 cordis
1234 3536 1473 3606 inspicit,
1502 3546 1557 3591 et
1610 3550 1871 3605 superve-

268 3638 477 3693 nientia
504 3637 648 3693 videt
672 3652 791 3705 qua:
814 3646 939 3690 sunt
964 3634 1107 3688 intus
1134 3644 1187 3687 et
1215 3631 1364 3687 foris.

352 3754 409 3809 8.
437 3752 556 3807 Ala:
584 3766 749 3807 senas.
776 3746 1105 3806 Testimonia
1149 3756 1274 3802 sunt
1303 3744 1513 3802 Veteris
1544 3744 1877 3801 TeStamenti

270 3847 562 3905 librorum.
584 3838 707 3898 Ideo
740 3842 925 3913 viginti
948 3840 1001 3897 et
1022 3848 1252 3911 quatuor
1285 3838 1506 3893 totidem
1536 3839 1739 3893 faciunt
1770 3837 1874 3910 (1),

270 3951 413 4013 quot
467 3947 588 3993 sunt
628 3938 870 3993 seniores
922 3948 1085 4006 super
1139 3932 1422 3988 tribunalia
1470 3932 1740 3987 sedentes.
1772 3930 1879 3987 Sed

272 4036 422 4089 sicut
454 4030 646 4086 animal
686 4031 869 4084 volare
918 4040 1022 4083 non
1054 4034 1232 4098 potest
1286 4027 1387 4080 nisi
1428 4036 1634 4096 pennas
1660 4024 1878 4091 habent,

274 4130 380 4191 sic,
436 4140 534 4181 nec
562 4123 871 4196 prmdicatio
918 4119 1051 4176 Novi
1095 4116 1429 4175 Testamenti
1478 4110 1637 4170 fidem
1694 4115 1875 4185 habet,

278 4222 389 4277 nisi
441 4219 634 4273 habeat
685 4215 896 4271 Veteris
949 4208 1281 4269 Testatuenti
1356 4210 1710 4280 praenuntiata
1770 4217 1879 4262 tes-

278 4314 533 4376 timonia,
579 4326 672 4381 per
716 4320 835 4379 qua:
868 4306 1070 4377 tollitur
1099 4318 1127 4359 a
1172 4314 1309 4360 terra
1352 4312 1407 4357 et
1448 4302 1613 4355 Volat.
1658 4301 1883 4370 Semper

280 4410 451 4472 enim,
478 4405 619 4473 quod
651 4412 774 4457 ante
814 4401 1012 4456 dictum
1042 4411 1143 4464 ρει,
1192 4402 1246 4451 et
1274 4405 1458 4466 postea
1490 4392 1684 4448 factmn
1728 4394 1881 4449 inve-

1979 3273 2126 3313 rasse
2156 3258 2461 3325 Dominum,
2492 3272 2613 3314 cum
2645 3259 2837 3315 darent
2861 3261 2938 3316 illi
2968 3262 3221 3316 animalia
3261 3264 3488 3334 gloriam
3521 3244 3593 3320 et“

1978 3351 2263 3417 honorem,
2296 3351 2347 3406 id
2375 3360 2461 3407 est
2492 3353 2811 3424 Evangelica
2839 3357 2979 3409 actio
3008 3355 3216 3411 seilicet
3245 3363 3299 3411 et
3333 3356 3578 3415 doctrina

1981 3445 2187 3499 Domini
2203 3441 2286 3517 (5)
2308 3460 2431 3500 cum
2458 3444 2806 3516 ademptisset
2827 3450 2952 3503 ante
2977 3462 3069 3517 per
3091 3446 3211 3503 illos
3241 3452 3578 3519 pratnuntia-

1981 3548 2089 3592 tum
2121 3538 2367 3605 verbum,
2421 3540 2581 3610 digne
2629 3542 2929 3611 meritoque
2965 3541 3247 3596 exsultant
3286 3544 3580 3600 sentientes

1979 3642 2185 3687 secreta
2218 3642 2272 3686 et
2312 3632 2537 3687 verbum
2593 3632 2804 3688 Domini
2850 3636 3207 3692 ministrasse.
3260 3636 3499 3709 Denique
3527 3649 3581 3697 et

1983 3726 2106 3793 quia
2138 3732 2360 3778 venerat
2407 3725 2497 3795 qui
2544 3735 2775 3781 mortem
2830 3726 3183 3800 disjungeret,
3229 3738 3285 3786 et
3323 3747 3580 3788 coronam

1982 3818 2401 3873 immortalitatis
2426 3821 2575 3876 solus
2603 3814 2795 3890 dignus
2816 3834 3078 3892 Sumeret,
3103 3841 3293 3883 onmes
3317 3828 3584 3886 habebant

1983 3925 2080 3982 pro
2105 3911 2273 3982 gloria
2296 3912 2472 3980 aliqua
2497 3924 2650 3968 aetus
2676 3916 2758 3969 sui
2789 3915 2977 3986 optimi
2999 3934 3250 3976 coronas.

2059 4024 2145 4079 10.
2180 4022 2249 4078 Ει
2296 4026 2618 4096 proiecerunt
2667 4045 2884 4085 coronas
2926 4048 3047 4086 suas
3073 4035 3167 4088 sub
3196 4034 3408 4104 pedibus
3449 4037 3580 4107 ejus.

1985 4117 2040 4172 Id
2069 4129 2167 4184 est,
2205 4131 2423 4190 propter
2450 4127 2776 4178 eminentem
2816 4125 3042 4195 gloriatn
3081 4127 3320 4183 victoriae
3358 4128 3579 4197 Christi,

1987 4229 2175 4269 omnes
2234 4214 2483 4269 victorias
2529 4231 2655 4271 suas
2706 4218 3050 4287 projecerunt
3093 4217 3173 4292 (ί)
3216 4220 3315 4275 sub
3362 4221 3586 4290 pedibus

1987 4308 2123 4378 ejus.
2177 4308 2289 4365 Hoc
2330 4322 2409 4365 est
2437 4311 2580 4381 quod
2622 4311 2675 4366 in
2716 4312 2997 4384 evangelio
3046 4316 3312 4387 supplevit
3356 4318 3589 4390 Spiritus

1989 4412 2205 4458 sanctus
2243 4404 2599 4460 ostendendo.
2633 4396 2766 4461 Cum
2795 4407 2962 4475 enim,
2992 4424 3247 4477 passurus
3272 4414 3583 4480 novissime,

281 4504 453 4564 ﬂilm‘.
500 4497 631 4552 ίιιυιι
685 4494 842 4551 “de!!!
892 4490 1019 4548 Γθείι
1064 4486 1492 4546 ίίιάυίιῖῐθῦῖῐθῐηο
1546 4482 1777 4543 Rursum
1830 4496 1885 4545 et
1912 4564 1955 4571 _
1992 4496 2197 4549 venriet
2234 4494 2634 4569 Hierosolyinas
2666 4499 2928 4556 Dominus
2960 4514 3180 4571 noster,
3212 4515 3264 4560 et
3289 4508 3488 4563 exisset
3515 4508 3590 4565 illi

284 4596 392 4652 alte
411 4595 455 4649 si
483 4608 587 4647 non
619 4591 857 4646 haereant
884 4585 1221 4649 animalibus,
1266 4585 1427 4637 vitam
1458 4582 1597 4636 unde
1644 4582 1884 4651 trahant,
1912 4564 1967 4625 D
1996 4588 2225 4658 populus
2254 4588 2491 4657 obviam,
2523 4591 2613 4645 alii
2642 4593 2878 4662 praecisis
2919 4599 3084 4651 ramis
3127 4598 3421 4668 palmarum
3447 4605 3590 4658 viam

289 4713 401 4752 non
430 4696 647 4750 habent.
674 4692 783 4748 Nisi
807 4692 949 4748 enim
975 4707 1093 4762 qua:
1126 4688 1484 4763 prieditterunt
1511 4690 1810 4761 prophetat,
1835 4683 1889 4738 in

289 4789 514 4846 Christo
553 4798 735 4843 essent
775 4794 1166 4852 consummata,
1214 4783 1385 4838 inanis
1425 4794 1539 4839 erat
1584 4779 1892 4852 prazdit-atio

1998 4683 2311 4738 sternebant
2340 4683 2425 4737 alii
2449 4687 2657 4741 tunicas
2684 4700 2808 4741 suas
2825 4687 3200 4758 subjiciebant;
3223 4692 3360 4748 duos
3386 4694 3592 4751 scilicet

1999 4778 2225 4847 puplilOS
2278 4778 2657 4849 ostendentes,
2702 4796 2866 4835 unum
2913 4783 3374 4857 patriarcharum,
3425 4790 3593 4856 alium

1673 4890 2239 4953 COMMENTARIUS.

296 5027 440 5099 giam
462 5021 618 5099 nobis
644 5020 958 5099 hiat-irenon
981 5015 1177 5072 Christi
1196 5012 1524 5099 describere,
1544 5026 1701 5067 secus
1728 5018 1893 5080 atque

297 5088 477 5166 fnajor
496 5095 652 5149 hodie
682 5091 1070 5166 Tlteologorum
1103 5102 1228 5160 pars
1258 5088 1527 5166 opinatur.
1573 5152 1584 5166 .
1668 5162 1677 5166 Δ
1878 5152 1895 5166 ί

380 5152 455 5240 (1)
502 5166 629 5240 Ideo
666 5164 841 5240 viginti
879 5152 925 5216 e't
964 5152 1182 5240 quatuor
1220 5152 1681 5240 tetidcut‘faciunt'
1701 5194 1724 5240 ,.
1770 5152 1891 5240 quot

301 5223 796 5297 suritlscnioresflu
825 5223 1191 5299 inantiscripto
1220 5228 1290 5282 ita
1330 5227 1623 5299 legebatur,
1654 5223 1784 5305 Ideo
1814 5225 1890 5275 vi-

301 5312 433 5382 ginti
460 5319 507 5363 et
529 5319 744 5378 quatuor
773 5307 965 5378 faciunt
988 5313 1057 5382 tot
1080 5316 1364 5382 numerum,
1394 5308 1514 5382 quot
1545 5309 1591 5353 et
1619 5309 1843 5382 seniores
1873 5309 1895 5382 ,'

299 5370 400 5456 'qui
431 5370 584 5436 errtit‘
622 5390 676 5435 et
700 5370 892 5456 _si'n0u
927 5391 956 5429 a
990 5373 1241 5456 Iibrurio,_
1274 5370 1376 5456 sed
1416 5372 1484 5423 ab
1514 5379 1732 5456 auctore

304 5438 558 5512 manasse
587 5450 887 5506 credendus
928 5456 1046 5508 est;
1086 5443 1332 5499 eumdem
1366 5450 1560 5501 tamen,
1587 5438 1729 5512 quod
1775 5444 1903 5512 runt

305 5508 458 5583 recta
510 5520 1015 5594 loquentliiratione
1063 5524 1293 5594 pugnet,
1342 5512 1615 5594 additione
1657 5508 1898 5594 adverbii

306 5582 542 5662 tetidem,
564 5582 648 5660 ac,
677 5603 751 5659 et,
781 5593 833 5647 in
855 5600 995 5655 sunt,
1017 5582 1260 5652 verbum,
1286 5582 1585 5639 mutatione
1601 5582 1901 5637 tollendum

307 5684 580 5811 ωῗὲῗιῖη
621 5736 853 5811 epitomis
906 5731 1167 5811 Theodori
1208 5729 1448 5811 invenies.
1503 5724 1898 5811 [interciderunt

312 5797 462 5871 sicut
503 5812 603 5867 alia
650 5797 918 5882 'pleraque
945 5804 1048 5863 viri
1076 5801 1236 5873 hujus
1283 5800 1615 5858 monimenta
1645 5815 1659 5867 ;
1691 5797 1761 5854 de
1789 5811 1896 5869 quo

1993 5007 2119 5089 quid
2165 5006 2260 5061 tibi
2305 5020 2403 5094 pro
2428 5016 2579 5094 certe
2622 5006 2848 5094 referam
2900 5014 3228 5094 non‘h‘a‘be‘d
3270 5024 3441 5075 {nam
3482 5039 3591 5094 quo

1997 5078 2453 5155 ininus‘cumdem
2476 5078 2874 5155 Heracliensem
2900 5084 3403 5147 autAutiocbenum
3433 5078 3582 5155 illuni

1996 5148 2429 5230 esslettflit‘mem,
2462 5152 2603 5230 ratio
2626 5162 2925 5230 temporum
2950 5158 3266 5230 refragatur.

2069 5218 2147 5293 (5)
2179 5220 2248 5274 Id
2274 5231 2349 5275 est
2376 5223 2667 5299 evangelica
2694 5218 2848 5299 actio
2888 5234 2935 5280 et
2962 5218 3193 5287 doctrina
3223 5226 3448 5299 Domini.
3483 5239 3592 5299 Nos

2000 5293 2055 5381 i'rt
2082 5292 2275 5381 quarto
2295 5292 2756 5381 ensurerba
2803 5299 3104 5381 legendam
3133 5310 3227 5373 pro
3254 5292 3589 5381 Evangelica:

2005 5364 2286 5441 Evangelia
2332 5365 2674 5441 scribendum
2703 5384 2825 5424 esse
2856 5364 3274 5430 vexistima'mus.
3325 5364 3595 5441 Caeateruu't

2006 5436 2074 5490 de
2099 5452 2168 5520 eo
2191 5450 2288 5488 suo
2316 5438 2541 5520 quisque
2559 5439 2821 5520 judicabit
2839 5444 3062 5520 arbitrio
3086 5462 3099 5498 :
3121 5463 3251 5520 nam
3277 5452 3405 5520 quid
3433 5436 3595 5513 exi};

2005 5517 2271 5561 structura
2319 5510 2605 5563 verborum
2646 5512 2948 5583 intelligas,
2993 5515 3261 5585 dispicere
3293 5510 3441 5580 .satis
3487 5510 3600 5587 noti

2005 5594 2309 5650 possumus.
2488 5640 2493 5646 ,

2076 5648 2157 5722 (ὁ)
2178 5650 2365 5729 Omnes
2386 5652 2621 5729 victorias
2645 5662 2766 5708 suus
2786 5656 3131 5729 proiecerunt.
3164 5656 3341 5721 Verba
3364 5666 3452 5721 illa
3483 5686 3606 5729 sua;

2001 5731 2055 5777 et
2076 5724 2396 5809 projecerunt
2421 5726 2484 5809 de
2510 5734 2694 5809 nostro
2732 5728 3075 5809 a_ddidimus_,_
3095 5732 3323 5809 victoria:
3382 5724 3608 5809 praeter:

2002 5809 2063 5853 ea
2091 5806 2189 5865 pro
2216 5812 2322 5871 quo
2348 5797 2612 5854 victoriam
2636 5797 2931 5870 legebatur,
2960 5799 3114 5859 nullo
3143 5801 3367 5879 (judicio
3386 5797 3613 5896 nostra)
