4142 6262
611 277 716 334 3‘27

1821 282 1880 338 S.
1915 281 2255 346 VICTORINI
2295 289 2582 350 SCHOLIA

3796 289 3913 346 528

610 392 988 466 prophetarum
1009 432 1027 460 ,
1067 406 1384 467 magnorum
1411 394 1622 452 scilicet
1647 395 1884 452 virorum
1922 399 2013 470 qui
2043 417 2200 469 qttas-
2229 409 2279 467 Α
2306 405 2566 476 qnamlco
2586 403 3120 477 confregitmortem,
3148 411 3207 462 et
3221 417 3342 475 quae
3362 403 3430 461 de
3444 415 3513 461 eo
3541 406 3910 476 prannntiata

608 500 842 558 cumque
870 485 1132 543 habebant
1163 488 1369 560 palmas
1392 489 1735 546 victoriarum
1764 507 1981 546 suarum
2012 504 2202 550 contra

611 589 913 650 peccatum,
954 579 1147 635 victori
1191 580 1432 635 omnium
1461 578 1699 648 Christo,
1733 597 1826 637 eas
1853 583 1954 638 sub
1981 585 2205 653 pedibus

605 671 903 743 jactabant.
945 671 1127 728 Palma
1152 683 1332 730 autem
1359 686 1416 732 et
1441 689 1642 732 corona
1679 675 1820 732 idem
1862 677 2209 747 signiﬁcant,

610 781 732 837 qua:
760 783 866 822 non
895 765 1092 822 dantur
1117 767 1219 822 nisi
1243 767 1454 824 victori.

1195 875 1264 915 EX
1301 875 1494 916 CAPITB
1536 877 1587 916 ν.

683 952 734 1008 1.
770 950 837 1007 Et
866 952 970 1008 vidi
997 954 1052 1008 in
1081 954 1292 1010 dextera
1320 956 1542 1011 sedentis
1581 974 1734 1027 super
1760 959 1984 1016 tribunal
2021 961 2208 1016 librant

611 1046 857 1114 scriptum
881 1046 1018 1100 intus
1039 1056 1085 1101 et
1113 1047 1262 1119 foris.
1299 1049 1559 1118 signatum
1589 1050 1776 1122 sigillis
1805 1063 2014 1123 septem.
2049 1052 2210 1110 Liber

615 1138 702 1192 hic
731 1137 896 1195 Vetus
927 1138 1331 1196 Testamentum
1357 1141 1644 1213 signiﬁcat,
1674 1143 1816 1214 quod
1837 1155 1922 1201 est
1951 1146 2134 1201 datum
2154 1146 2207 1201 in

615 1231 865 1288 manibus
911 1232 1120 1289 Domini
1152 1233 1325 1290 nostri
1363 1234 1518 1293 Jesus
1545 1235 1766 1306 Christi,
1808 1237 1898 1308 qui
1936 1239 2142 1308 accepit
2178 1253 2207 1292 a

613 1319 774 1380 Patre
793 1324 1078 1392 judicium.

682 1418 740 1485 ‘2,
767 1419 818 1475 5.
856 1418 920 1474 Ει
948 1420 1048 1474 vidi
1091 1421 1341 1493 dngelum
1379 1423 1699 1493 fortitudinis
1735 1423 1974 1494 plenum,
2015 1423 2208 1496 praedi-

613 1520 812 1565 cantem
828 1527 951 1566 uoce
978 1528 1166 1585 magna
1193 1531 1213 1569 :
1241 1514 1369 1583 Quis
1393 1525 1467 1570 est
1496 1515 1681 1586 dignus
1703 1517 1904 1587 aperire
1926 1517 2134 1582 librum,
2164 1524 2212 1570 et

613 1602 804 1657 solvere
832 1603 1098 1674 signacula
1132 1605 1288 1676 ejus?
1310 1617 1356 1660 et
1378 1622 1523 1661 nemo
1549 1607 1782 1662 inuentus
1809 1618 1880 1662 est
1908 1608 2094 1679 dignus
2123 1623 2212 1662 ne-

613 1712 709 1766 que
734 1697 786 1750 in
817 1696 943 1751 οωιο
973 1712 1132 1768 neque
1156 1699 1210 1751 in
1239 1707 1394 1765 terra,
1423 1715 1584 1768 neque
1603 1699 1770 1754 subter
1799 1711 1985 1755 terram
2014 1701 2214 1770 aperire

2309 499 2522 555 fuerant
2545 499 2792 569 replevit,
2817 509 2872 554 et
2903 500 3171 556 hominem
3205 501 3472 564 liberavit,
3494 499 3543 554 id
3572 510 3656 556 est
3679 515 3908 558 carnem

2309 593 2376 650 de
2389 606 2582 662 morte,
2606 604 2661 650 ct
2675 594 2882 665 accepit
2899 595 3292 665 possessionem
3310 595 3662 651 substantiam
3676 594 3914 652 morien-

2311 693 2399 756 tis,
2424 690 2474 745 id
2497 700 2579 746 est
2601 691 2962 746 membrorum
2983 689 3360 746 humanorum.
3378 687 3448 747 Ut
3464 689 3604 746 sicut
3616 704 3713 760 per
3734 706 3908 747 unum

2309 797 2507 854 corpus
2532 798 2721 839 omnes
2753 783 3000 840 homines
3019 783 3200 840 debito
3223 783 3410 839 mortis
3432 798 3544 840 suae
3572 782 3907 851 ceciderant,

2310 893 2409 948 per
2439 895 2602 934 unum
2631 882 2792 934 etiam
2831 893 3029 949 corpus
3062 879 3297 934 universi
3327 877 3613 934 credentes
3647 879 3818 935 renati
3844 878 3909 933 in

2313 971 2474 1026 vitam
2503 981 2869 1043 resnrgerent.
2893 972 3086 1028 Merito
3102 987 3232 1042 ergo
3250 971 3412 1027 facies
3433 970 3564 1026 Mosi
3589 970 3828 1042 aperitur
3848 980 3912 1026 et

2311 1065 2613 1132 revelatur;
2663 1065 2888 1136 ideoque
2937 1064 3325 1136 Apocalypsis,
3372 1063 3648 1118 Revelatio
3683 1062 3899 1119 dicitur.

2312 1157 2470 1214 Modo
2500 1159 2646 1213 enim
2685 1157 2822 1214 liber
2845 1157 2963 1228 ejus
2990 1159 3316 1230 resignatur,
3345 1155 3506 1213 modo
3535 1157 3725 1213 hostia:
3751 1157 3911 1212 obla-

2315 1251 2476 1306 tionis
2502 1251 2899 1322 intelliguntur,
2927 1250 3086 1307 modo
3107 1249 3448 1306 sacerdotum
3471 1249 3720 1306 chrisma:
3737 1250 3907 1307 fabri-

2313 1345 2486 1411 catio;
2517 1345 2611 1401 sed
2640 1355 2694 1401 et
2720 1345 3024 1401 testimonia
3045 1353 3232 1416 aperte
3262 1344 3651 1414 intelliguntur.

2385 1438 2441 1505 8,
2472 1437 2528 1492 9.
2579 1436 2774 1510 Viginti
2823 1447 3043 1509 quatuor
3083 1439 3306 1494 seniores
3335 1447 3381 1492 et
3407 1447 3624 1504 quatuor
3659 1438 3910 1493 animalia

2313 1533 2538 1588 citharas
2561 1543 2612 1590 et
2651 1535 2854 1604 phialas
2884 1534 3146 1601 habentes,
3178 1542 3223 1588 et
3245 1543 3506 1590 cantantes
3527 1534 3775 1588 canticum
3802 1551 3906 1590 no-

2314 1645 2452 1684 uunt.
2493 1628 2794 1699 Conjuncta
2831 1627 3040 1684 Veteris
3069 1627 3402 1684 Testamenti
3433 1627 3742 1698 praedicatio
3780 1645 3905 1685 cum

2315 1735 2475 1785 novo,
2500 1720 2756 1791 populum
2775 1718 3127 1775 christianum
3157 1719 3425 1790 significat
3451 1729 3752 1776 cantantem
3778 1736 3912 1777 can-

615 1790 819 1846 librum.
847 1791 1070 1862 Aperire
1089 1803 1268 1848 autem
1297 1793 1494 1850 librum
1515 1802 1618 1863 est,
1653 1810 1748 1865 per
1775 1793 2046 1850 hominem
2065 1809 2212 1850 mor-

2319 1814 2480 1870 licum
2509 1829 2727 1880 novum,
2755 1814 2807 1869 id
2835 1822 2919 1870 est
2933 1813 3328 1871 confessionem
3357 1829 3507 1870 suam
3538 1813 3751 1885 publice
3775 1829 3913 1870 con-

615 1891 723 1940 tem
752 1883 1061 1942 devincere.

684 1979 741 2034 4.
776 1977 891 2035 Hoc
930 1980 1116 2052 dignus
1147 1981 1316 2051 facere
1354 1999 1500 2037 nemo
1540 1992 1614 2038 est
1658 1983 1909 2040 inuentus.
1947 1982 2132 2055 Neque
2158 1982 2211 2039 in

613 2071 821 2145 angelis
849 2073 919 2129 de
943 2075 1082 2130 etelo
1103 2115 1120 2142 ,
1153 2090 1327 2146 neque
1372 2076 1423 2130 in
1465 2076 1774 2131 hominibus
1815 2077 1867 2130 in
1916 2089 2078 2143 terra,
2112 2092 2214 2132 nec

616 2167 759 2224 inter
783 2168 990 2224 animas
1019 2179 1331 2225 sanctorum
1359 2171 1413 2224 in
1438 2171 1641 2241 requie,
1673 2170 1774 2225 nisi
1799 2171 1944 2226 solus
1967 2169 2214 2226 Christus

613 2257 782 2315 Filius
800 2261 917 2328 Dei,
940 2277 1098 2331 quem
1115 2262 1247 2317 dicit
1267 2262 1466 2319 vidisse
1481 2278 1674 2335 agnum
1692 2272 1922 2318 stanti-nt
1943 2274 2211 2335 tamquam

613 2356 877 2420 occisum,
923 2352 1212 2410 habentem
1243 2367 1445 2410 cornua
1488 2365 1718 2426 septem.
1751 2354 1904 2424 Quod
1949 2373 2054 2412 non
2096 2367 2216 2413 erat

622 2453 747 2503 tunc
771 2446 1140 2518 prwdicatum,
1165 2457 1219 2504 et
1235 2448 1495 2520 quidquid
1525 2465 1619 2520 per
1641 2450 1817 2505 varias
1840 2451 2140 2508 oblationes
2160 2461 2215 2507 et

613 2540 902 2608 sacrificia,
951 2542 1038 2598 lex
1083 2543 1136 2597 in
1185 2543 1336 2598 illum
1379 2543 1633 2599 meditata
1683 2543 1874 2610 fuerat,
1908 2546 2082 2616 ipsum
2115 2546 2214 2601 im-

619 2635 770 2707 plere
786 2633 1091 2707 oportebat.
1113 2635 1179 2692 Et
1203 2636 1328 2708 quia
1350 2637 1464 2708 ipse
1481 2647 1597 2693 erat
1615 2646 1844 2693 testator
1866 2639 1957 2710 qui
1983 2652 2212 2695 mortem

612 2725 910 2794 devicerat,
942 2729 1114 2799 ipsum
1151 2739 1270 2784 erat
1301 2728 1504 2799 justum
1535 2731 1792 2786 constitui
1823 2731 2078 2786 heredem
2111 2731 2216 2786 Do-

611 2823 768 2890 mini.
791 2833 849 2880 ut
865 2823 1170 2896 possideret
1188 2823 1516 2880 subtantiam
1538 2825 1844 2890 morientis,
1869 2825 1920 2880 id
1939 2835 2022 2880 est
2039 2841 2212 2881 mem-

614 2914 709 2972 bra
733 2915 992 2972 humana.

685 3011 741 3068 5.
790 3009 926 3067 Ecce
952 3010 1070 3065 uicit
1102 3010 1180 3066 leo
1208 3010 1271 3065 de
1291 3011 1426 3066 tribu
1466 3008 1630 3075 Iuda,
1654 2971 1806 3067 radis:
1835 3009 2023 3067 David.
2062 3010 2216 3069 Hunc

617 3105 833 3164 leonem
862 3104 930 3162 de
965 3104 1105 3161 tribu
1133 3103 1270 3161 Juda
1300 3104 1493 3160 vicisse
1527 3104 1580 3160 in
1609 3103 1809 3161 Genesi
1849 3103 2092 3175 legimus,
2127 3105 2215 3161 ubi

2317 1912 2598 1965 ferentem.
2649 1908 2856 1965 Novum
2907 1918 3020 1976 est,
3068 1908 3234 1964 tilium
3283 1909 3376 1966 1ὶεί
3436 1907 3710 1967 hominem
3767 1909 3908 1965 fieri.

2315 2001 2523 2058 Novum
2549 2011 2653 2066 est,
2685 2017 2806 2057 cum
2827 2016 3056 2073 corpore
3085 2002 3138 2057 in
3163 2001 3331 2058 ctelos
3356 2000 3670 2058 ascendere.
3697 2000 3907 2057 Novum

2316 2107 2420 2161 est,
2440 2095 2810 2152 remissionem
2830 2105 3168 2166 peccatorum
3185 2095 3488 2152 hominibus
3503 2095 3653 2152 dare.
3671 2095 3904 2165 Novum,

2315 2200 2505 2245 sancto
2532 2189 2734 2259 Spiritu
2759 2187 2959 2260 signari
2988 2187 3252 2244 homines.
3282 2188 3486 2244 Novum
3523 2199 3628 2256 cst,
3655 2189 3906 2246 sacerdo-

2319 2282 2448 2337 tium
2490 2282 2736 2352 accipere
2786 2297 2955 2338 sacra:
2990 2282 3417 2350 observationis,
3460 2292 3517 2339 et
3551 2298 3773 2354 regnum
3805 2299 3903 2340 ex-

2317 2384 2563 2444 spectare
2583 2372 2869 2429 immensa:
2903 2374 3359 2444 repromissionis.
3391 2371 3608 2429 Cithara
3631 2384 3682 2430 et
3705 2373 3907 2432 chorda

2317 2469 2371 2523 in
2415 2467 2556 2540 ligno
2600 2477 2822 2525 extensa
2871 2468 3137 2540 significat
3163 2483 3382 2525 carnem
3406 2465 3606 2525 Christi
3640 2468 3906 2541 passionis

2315 2561 2459 2628 ligno
2498 2562 2860 2633 coniunctam.
2906 2561 3086 2618 Phiala
3116 2563 3508 2618 confessionem
3528 2605 3544 2630 ,
3575 2572 3630 2620 et
3659 2563 3782 2617 novi
3813 2577 3904 2618 sa-

2316 2652 2540 2710 cerdotii
2588 2642 2956 2726 propaginem.
2999 2654 3326 2725 Angelorum
3363 2663 3542 2710 autem
3591 2655 3900 2724 multorum,

2316 2747 2482 2802 immo
2524 2748 2763 2804 omnium
2802 2748 2938 2815 laus,
2977 2750 3216 2804 omnium
3247 2750 3393 2806 salus
3424 2760 3539 2818 est,
3569 2759 3625 2806 et
3660 2750 3908 2808 testimo—

2316 2838 2464 2894 nium
2488 2841 2755 2896 universa;
2778 2841 3072 2900 creatinnis
3095 2841 3323 2898 Domino
3340 2853 3528 2898 nostro
3554 2843 3903 2901 referentium

2317 2931 2724 3003 gratulationem
2752 2933 3088 2989 liberationis
3116 2934 3392 2990 hominum
3423 2933 3491 2990 de
3509 2935 3662 2991 clade
3689 2936 3904 2992 mortis.

2318 3023 2633 3094 Resignatio
2664 3024 2993 3096 sigillorum,
3025 3037 3080 3080 nt
3103 3025 3361 3094 diximus,
3394 3028 3602 3098 apertio
3629 3037 3712 3084 est
3741 3027 3908 3085 Vete-

2319 3119 2395 3175 ris
2443 3119 2808 3185 Testamenti,
2858 3130 2914 3176 et
2965 3120 3376 3192 przedicatorum
3425 3122 3800 3193 praenuntiatio
3853 3125 3911 3180 in

619 3199 789 3257 Jacob
834 3199 1138 3272 patriarcha
1165 3199 1240 3254 ait
1265 3216 1279 3253 :
1307 3198 1449 3253 Juda
1478 3207 1525 3253 te
1551 3198 1835 3253 laudabunt
1880 3202 2065 3271 fratres
2094 3199 2166 3252 tui
2199 3213 2215 3253 :

2321 3211 2614 3268 novissimo
2675 3224 2918 3285 tempore
2962 3213 3292 3281 futurorum;
3324 3231 3443 3287 qua:
3484 3216 3610 3272 licet
3643 3217 3911 3288 scriptura

613 3295 886 3352 recubuisti
905 3337 921 3363 ,
951 3306 998 3351 et
1029 3295 1293 3360 dormisti,
1336 3304 1384 3349 et
1418 3293 1686 3349 surrexisti
1725 3303 1982 3364 tamquam
2015 3293 2093 3349 leo
2113 3334 2127 3357 ,
2169 3302 2214 3348 et

615 3399 875 3457 tamquam
902 3388 1106 3444 catulus
1134 3389 1294 3444 leonis
1324 3386 1507 3457 (Gem,
1535 3403 1688 3454 χιιι,
1722 3387 1780 3454 8,
1813 3388 1890 3458 9).
1922 3387 2004 3442 Ad
2025 3386 2214 3442 devin-

614 3484 848 3538 cendum
889 3482 1034 3538 enim
1074 3491 1302 3536 mortem
1347 3481 1432 3536 leo
1469 3481 1644 3536 dictus
1669 3489 1782 3546 est;
1811 3480 1875 3535 ad
1909 3480 2216 3552 patiendum

615 3589 748 3630 vero
777 3590 877 3648 pro
909 3573 1238 3642 hominibus,
1283 3581 1536 3644 tanquam
1581 3587 1752 3644 agnus
1785 3573 1851 3627 ad
1892 3573 2215 3628 occisionem

620 3663 814 3724 ductus
853 3675 956 3723 est.
1014 3665 1121 3723 Sed
1153 3665 1276 3738 quia
1319 3673 1550 3721 mortem
1590 3664 1818 3729 devicit,
1861 3674 1918 3720 et
1962 3664 2219 3733 pratvenit

622 3760 894 3818 carniﬁcis
915 3758 1176 3827 officium,
1206 3759 1359 3830 quasi
1388 3757 1602 3814 occisus
1622 3756 1796 3813 dictus
1821 3766 1924 3814 est.
1957 3757 2052 3814 Hic
2089 3774 2218 3830 ergo

618 3855 794 3923 aperit
815 3861 871 3908 et
901 3853 1160 3923 resignat,
1183 3849 1328 3922 quod
1353 3849 1471 3921 ipse
1490 3851 1796 3921 signaverat
1817 3860 2214 3908 testamentum.

616 3947 733 4007 Hoc
755 3947 1073 4021 signiﬁcans
1101 3945 1275 4002 Moses
1297 3945 1594 4017 legislator.
1623 3944 1767 4016 quod
1794 3945 2076 4016 oportebat
2097 3959 2221 4000 esse

616 4045 884 4115 signatum
901 4051 957 4098 et
973 4041 1205 4098 celatum
1225 4054 1395 4110 usqne
1410 4038 1476 4094 ad
1492 4038 1780 4094 adventum
1798 4038 2064 4109 passionis
2079 4037 2215 4110 ejus,

616 4136 816 4193 velavit
873 4133 1066 4192 faciem
1122 4148 1314 4201 suam,
1344 4140 1400 4188 et
1443 4132 1522 4187 sic
1570 4141 1654 4187 est
1703 4131 1903 4202 populo
1948 4130 2159 4186 locutus
2203 4148 2217 4185 :

617 4227 913 4286 ostendens
943 4228 1119 4283 velata
1163 4240 1285 4282 esse
1311 4223 1473 4280 verba
1518 4221 1919 4294 praedicationis
1963 4237 2130 4293 usque
2153 4221 2221 4278 ad

619 4320 908 4377 adventum
955 4317 1215 4390 temporis
1259 4316 1397 4388 ejus.
1431 4313 1563 4371 Nam
1596 4323 1649 4371 et
1681 4314 1798 4385 ipse
1837 4329 1957 4369 cum
2004 4313 2223 4384 legisset

620 4413 840 4486 pupulo,
886 4420 1109 4482 accepta
1161 4411 1283 4466 lana
1311 4410 1528 4465 succina
1562 4407 1662 4482 (l).
1695 4409 1956 4480 sanguine
1994 4406 2141 4462 vituli
2169 4416 2225 4464 et

619 4524 755 4580 aqua
799 4507 1035 4579 aspersit
1080 4506 1338 4576 p0pulum
1390 4505 1703 4560 universum
1740 4503 1928 4559 dicens
1963 4520 1976 4557 ε
2016 4502 2115 4558 Hic
2141 4509 2224 4559 est

2319 3309 2630 3382 prOpItetica
2663 3325 2758 3380 per
2787 3308 2994 3380 singula
3033 3311 3204 3381 sigilla
3236 3311 3398 3377 dicat,
3439 3311 3689 3368 omnibus
3729 3321 3912 3367 tamen

2319 3406 2498 3474 simul,
2530 3405 2734 3477 apertis
2766 3405 2997 3477 sigillis,
3029 3405 3274 3463 ordinem
3313 3423 3468 3463 suum
3513 3406 3674 3464 habet
3718 3406 3916 3479 praedi-

2318 3498 2483 3555 catio.

2895 3618 2992 3686 ζει
3018 3630 3208 3674 ωριτε
3232 3631 3308 3673 v1.

2395 3752 2446 3813 i.
2471 3752 2526 3808 2.
2558 3753 2757 3809 Etcum
2779 3755 3056 3827 aperuisset
3074 3773 3238 3830 agnus
3257 3774 3411 3813 unum
3427 3757 3685 3831 deseptent
3706 3759 3913 3833 sigillis,

2320 3843 2422 3899 vidi
2447 3856 2494 3900 et
2518 3846 2692 3902 audivi
2718 3865 2876 3903 unum
2907 3849 2972 3904 de
3003 3862 3221 3922 quatuor
3248 3853 3553 3908 animalibus
3579 3854 3770 3922 dicens,
3787 3853 3917 3908 Veni

2322 3950 2368 3994 et
2390 3941 2521 3996 uide.
2552 3940 2620 3996 Et
2647 3959 2760 3998 ecce
2777 3945 3110 4014 equusalbus
3129 3987 3144 4013 ,
3181 3956 3229 4002 et
3252 3948 3340 4018 qui
3365 3948 3568 4005 sedebat
3586 3966 3740 4021 super
3763 3949 3915 4003 illum

2323 4035 2510 4091 habens
2537 4053 2735 4092 arcum.
2786 4037 2991 4108 Aperto
3029 4039 3207 4112 sigillo
3247 4042 3420 4112 primo
3461 4043 3589 4098 dicit
3617 4059 3678 4098 se
3719 4042 3918 4100 vidisse

2324 4145 2518 4200 equum
2536 4129 2718 4186 album
2737 4132 3039 4202 etequitem
3057 4144 3375 4189 coronatum
3396 4133 3681 4192 habentem
3704 4151 3914 4192 arcum.

2325 4219 2440 4278 Hoc
2467 4224 2608 4278 enim
2657 4239 2754 4296 per
2796 4225 2968 4296 ipsum
3015 4225 3187 4296 primo
3232 4225 3430 4284 factum
3471 4238 3574 4285 est.
3625 4229 3920 4302 Postquam

2325 4317 2466 4372 enim
2494 4318 2737 4374 ascendit
2763 4318 2818 4374 in
2841 4319 3010 4376 ctelos
3033 4320 3309 4386 Dominus,
3326 4335 3380 4378 et
3401 4323 3611 4396 aperuit
3639 4326 3916 4395 universa,

2326 4409 2474 4465 misit
2504 4410 2760 4480 Spiritum
2798 4423 3042 4468 sanctum
3066 4457 3080 4481 ,
3129 4415 3283 4482 cujus
3318 4415 3479 4470 verba
3537 4417 3921 4487 pra-dicatores

2328 4510 2597 4572 tamquam
2655 4502 2876 4573 sagittas
2930 4503 2999 4558 ad
3050 4518 3144 4559 cor
3206 4505 3498 4562 lmmannm
3553 4509 3920 4580 pertingentes

619 4602 838 4670 sanguis
889 4597 1202 4655 tesutmenti
1241 4597 1392 4668 ejus,
1424 4597 1514 4667 qni
1547 4596 1826 4652 inundavit
1855 4611 1950 4652 vos
1997 4595 2220 4669 (Exod.,
2246 4624 2300 4685 D
2327 4595 2620 4651 emiserunt
2649 4593 2746 4667 (Ξ),
2777 4604 2837 4649 ut
2875 4596 3187 4653 evincerent
3219 4597 3669 4655 incredulitatem.
3702 4599 3920 4658 Corona

623 4707 776 4756 xstv.
799 4693 854 4761 7,
883 4689 964 4765 8).
986 4690 1355 4748 Animadverti
1383 4690 1546 4761 igitur
1565 4698 1781 4761 oportet
1796 4689 2068 4746 hominem
2096 4690 2217 4746 dili-

621 4799 812 4860 genter
833 4784 1152 4860 praedicare,
1175 4794 1230 4841 et
1243 4783 1492 4839 universa
1512 4783 1566 4839 in
1585 4799 1753 4838 unnm
1771 4783 2068 4842 cohaPret'e.
2090 4784 2222 4842 Nam

624 4899 735 4941 non
765 4880 965 4938 sufﬁcit
994 4881 1167 4952 legem
1215 4877 1364 4934 illam
1395 4877 1539 4944 dici,
1583 4877 1678 4934 sed
1721 4888 1803 4934 est
1845 4886 2222 4936 testamentum

628 4976 903 5034 nominata
933 4982 1044 5031 est.
1077 4971 1230 5027 Nulla
1269 4971 1412 5027 enim
1445 4971 1532 5028 lex
1571 4979 1948 5028 testamentum
1979 4980 2221 5036 vocatur.

621 5085 723 5126 nec
765 5076 1148 5125 testamenqu
1202 5065 1346 5121 aliud
1399 5064 1620 5131 dicitur,
1669 5063 1772 5120 nisi
1820 5064 1964 5134 quod
2023 5065 2225 5122 faciunt

623 5161 892 5220 morituri.
922 5160 990 5216 Et
1009 5159 1387 5231 quodcumque
1414 5160 1740 5214 intrinsecus
1769 5160 2076 5215 testamenti
2103 5169 2184 5214 est
2203 5202 2220 5228 ,

623 5260 892 5330 signatum
935 5266 1019 5312 est
1055 5269 1229 5326 usque
1266 5253 1334 5310 ad
1361 5253 1505 5310 diem
1535 5254 1728 5309 mortis
1769 5254 2060 5310 testator-is.
2094 5252 2221 5308 Ideo

622 5350 785 5409 modo
809 5351 1005 5408 merito
1044 5347 1289 5420 signatur
1314 5361 1410 5419 per
1432 5363 1632 5420 agnum
1671 5347 1930 5418 occisum,
1959 5347 2051 5419 qui
2079 5355 2221 5402 tam-

2327 4699 2504 4745 autem
2533 4705 2696 4758 super
2724 4700 2884 4760 caput
2916 4689 3357 4760 praedicatoribus
3399 4703 3480 4749 est
3511 4694 3769 4764 promissa
3821 4711 3921 4767 per

2328 4779 2586 4852 Spiritum
2615 4790 2880 4836 sanctum.
2913 4781 3108 4838 Czeteri
3138 4792 3245 4838 tres
3269 4783 3425 4854 equi,
3461 4787 3595 4840 bella
3617 4827 3633 4854 ,
3658 4789 3827 4843 fames
3861 4796 3924 4844 et

2329 4874 2664 4946 pestilentias
2691 4874 2742 4929 in
2771 4871 3069 4947 Evangelia
3095 4891 3125 4931 a
3154 4876 3381 4932 Domino
3410 4888 3596 4934 nostro
3627 4880 3919 4950 praedicata

2328 4968 2661 5024 manifestius
2676 4967 2998 5039 signiﬁcant.
3034 4968 3263 5040 Ideoque
3292 4971 3396 5038 ait,
3425 4985 3590 5026 unum
3617 4970 3685 5028 de
3711 4973 3922 5028 anima-

2329 5061 2469 5118 libus
2488 5061 2689 5118 dixisse
2717 5061 2864 5132 (qnia
2895 5062 3074 5117 omnia
3101 5072 3330 5133 quatuor
3367 5079 3531 5118 unum
3562 5063 3708 5134 sunt)
3734 5107 3750 5131 ,
3793 5062 3923 5119 Veni

2327 5165 2374 5211 et
2398 5156 2530 5210 vide.
2560 5153 2693 5210 Veni
2733 5155 2929 5210 dicitur
2967 5154 3190 5211 invitato
3229 5155 3296 5211 ad
3344 5157 3522 5212 fidem.
3563 5155 3693 5212 Vide
3720 5156 3922 5213 dicitur

2325 5248 2398 5316 ei,
2439 5247 2530 5320 qui
2565 5263 2671 5302 non
2713 5247 2947 5303 videbat.
3001 5247 3140 5318 Ergo
3184 5263 3356 5321 equus
3398 5249 3555 5304 albus
3581 5250 3805 5306 verbum
3837 5259 3924 5307 est

2323 5343 2719 5415 praedicationis
2747 5358 2870 5400 cum
2898 5343 3098 5416 Spiritu
3123 5356 3309 5405 sancto
3351 5347 3405 5403 in
3435 5347 3619 5405 orbem
3661 5349 3910 5405 missum.

1977 5485 2545 5547 COMMENTARIUS.

627 5645 809 5696 sensu,
835 5627 1191 5685 restituimus.

697 5702 777 5775 (ι)
795 5695 1051 5775 Sucina.
1081 5701 1161 5757 Ex
1188 5697 1319 5756 Heb.
1342 5715 1418 5768 ix,
1445 5696 1536 5753 20.
1563 5695 1852 5770 legendum
1874 5695 2087 5754 videtur
2110 5714 2225 5755 coc-

629 5771 790 5830 cinea.
821 5771 1097 5828 Caussa.

702 5843 783 5915 (2)
823 5841 1133 5903 Entiscrunt.
1167 5844 1464 5903 Dictionem
1493 5843 1633 5901 hanc
1662 5844 1982 5914 (emiserunt)
2011 5841 2222 5900 addidi~

2335 5640 2478 5692 mus,
2506 5635 2563 5682 et
2589 5628 2802 5706 sagittas
2828 5628 2917 5684 ubi
2941 5631 3139 5706 sagittis
3157 5630 3323 5706 prius
3349 5631 3646 5704 legebatur,
3680 5637 3926 5706 reposui-

2328 5715 2448 5754 mus
2479 5716 2491 5752 :
2518 5699 2696 5775 cuivis
2729 5710 2882 5775 certe
2928 5699 3118 5775 melior
3155 5699 3270 5759 hate
3315 5699 3473 5762 leclio
3521 5699 3683 5762 videri
3739 5699 3922 5775 debet,

2327 5785 2488 5898 (ipsam
2517 5769 2607 5826 illa
2634 5771 2871 5842 antiqua:
2894 5771 3176 5845 scriptura:
3197 5816 3211 5842 ,
3235 5776 3320 5833 cui
3351 5793 3450 5834 nos
3476 5794 3582 5834 non
3611 5780 3764 5837 valde
3793 5769 3926 5838 con;

2351 5859 2364 5898 I
2409 5857 2570 5898 imus.

2351 5857 2570 5900 tatmus.
