4196 6246
366 231 470 286 529

1501 226 1564 284 ΙΝ
1600 223 2066 286 APOCALYPSIN
2100 225 2159 282 Β.
2202 225 2503 284 JOANNIS.

3539 230 3643 285 550

362 350 452 404 Ait
498 347 646 403 enim
688 346 944 402 Dominus
969 361 987 402 :
1022 345 1405 404 Prtedicabitur
1445 347 1548 403 hoc
1590 349 1937 420 Evangelium
1966 352 2020 411 Α
2045 349 2120 403 sic
2145 359 2201 403 et
2223 363 2314 402 ara
2343 362 2483 403 aerea
2511 355 2652 400 terra
2679 343 3018 414 intelligitur,
3045 344 3146 400 sub
3172 358 3273 417 qua
3296 351 3381 401 est
3399 344 3642 404 infernus
3730 432 3733 434 _

359 457 460 512 per
490 452 659 495 l0tum
689 439 870 494 orbem
915 450 1179 495 terrarum
1206 440 1260 494 in
1291 439 1650 496 testimonium
1700 442 1948 497 omnibus

354 537 629 608 gentibus,
659 546 711 590 et
740 543 865 590 tunc
889 535 1068 589 veniet
1096 535 1234 589 ﬁnis.

428 633 484 696 5,
507 632 562 686 4.
592 630 661 686 Et
689 646 802 684 cum
829 629 1106 700 aperuisset
1130 631 1445 700 signaculum
1463 631 1945 696 secundum,audivi

351 723 631 779 secundum
668 722 860 776 animal
904 722 1094 788 dicens,
1135 721 1256 776 Veni
1291 733 1338 776 et
1370 723 1502 777 vide.
1553 722 1620 775 Et
1665 723 1786 777 exiit
1819 725 1945 776 alter

353 835 510 889 equus
547 816 726 888 rufus,
771 826 819 870 et
848 817 1041 871 sedenti
1077 832 1229 887 super
1260 817 1406 872 illum
1435 819 1584 872 datus
1624 826 1697 872 est
1741 817 1943 888 gladius

351 929 588 982 magnus.
623 911 810 980 Equus
847 911 994 966 rufus
1035 921 1088 966 et
1119 912 1209 982 qui
1245 911 1469 967 sedebat
1497 927 1660 983 super
1698 928 1822 967 eum
1849 911 1941 965 ba-

351 1007 486 1063 bens
531 1006 792 1077 gladium,
825 1006 964 1061 bella
996 1005 1170 1060 futura
1193 1007 1514 1076 signiﬁcant,
1547 1018 1606 1062 ut
1634 1008 1858 1079 legimus
1887 1010 1941 1064 in

350 1101 639 1171 Evangelio
663 1118 677 1154 :
713 1100 901 1172 Surget
927 1101 1059 1154 enim
1076 1117 1198 1172 gens
1211 1111 1387 1156 contra
1409 1112 1627 1174 gentem,
1660 1113 1707 1158 et
1728 1121 1940 1175 regnum

349 1195 592 1248 adversus
620 1209 855 1263 regnum,
890 1202 938 1246 et
959 1205 1104 1248 erunt
1141 1208 1286 1249 terra:
1312 1206 1477 1250 motus
1514 1197 1687 1267 magni
1716 1213 1804 1267 per
1829 1198 1940 1251 loca

349 1285 528 1356 (Luc.,
564 1302 680 1348 χχι,
705 1288 789 1348 10,
823 1285 935 1357 Η).
969 1287 1063 1341 llic
1091 1298 1174 1342 est
1192 1304 1357 1358 equus
1385 1304 1596 1346 roseus.

423 1380 477 1432 5.
513 1378 581 1432 Et
612 1395 724 1432 cum
745 1381 1023 1449 aperuisset
1057 1381 1375 1452 signaculum
1401 1384 1622 1451 tertium,
1645 1385 1818 1439 audivi
1839 1394 1938 1439 ter-

346 1475 478 1526 tium
498 1473 688 1526 animal
706 1475 894 1540 dicens,
931 1472 1052 1527 Veni
1079 1484 1122 1529 et
1152 1475 1282 1530 vide.
1321 1475 1386 1530 Et
1429 1493 1541 1532 ecce
1585 1495 1741 1548 equus
1771 1481 1933 1551 niger,

343 1580 395 1620 et
454 1568 540 1638 qui
589 1567 790 1623 sedebat
829 1570 882 1622 in
917 1585 976 1622 eo
1024 1570 1214 1624 habens
1266 1581 1504 1626 stateram
1547 1575 1601 1627 in
1633 1591 1788 1628 manu
1818 1592 1930 1630 sua.

345 1658 532 1730 Equus
576 1661 727 1732 niger
770 1660 966 1717 famem
1018 1663 1312 1734 signiﬁcat;
1358 1666 1430 1719 ait
1461 1668 1602 1721 enim
1654 1667 1931 1735 Dominus,

2053 453 2260 498 remota
2288 459 2317 496 a
2345 443 2518 513 pinnis
2555 452 2609 497 et
2638 441 2848 512 ignibus
2879 443 3026 512 regio
3045 482 3058 504 ,
3091 449 3146 496 et
3173 440 3386 511 requies
3431 451 3657 505 sanctos

2047 553 2202 602 rum;
2227 539 2279 591 in
2321 554 2422 608 qua
2456 536 2669 608 quidem
2695 535 2761 590 ab
2796 534 2974 602 impiis
2997 534 3248 590 videntur
3274 543 3329 590 et
3356 535 3644 590 audientur

2041 630 2192 700 justi,
2224 631 2318 687 sed
2358 647 2466 686 non
2515 631 2644 685 illuc
2683 629 3027 684 transvectari
3081 639 3322 698 possunt.
3378 629 3486 684 llos
3514 644 3642 700 ergo

2045 732 2280 788 sanctos,
2312 724 2364 778 id
2397 733 2480 779 est
2506 724 2713 778 animas
2741 725 3040 777 occisorum
3072 730 3324 790 expetere
3351 721 3639 776 vindictam

2045 816 2338 885 sanguinis,
2373 816 2423 870 id
2450 826 2535 872 est
2563 815 2804 885 corporis
2847 815 2929 869 sui
2971 814 3038 869 de
3084 813 3448 868 habitantibus
3479 828 3641 884 super

2045 916 2264 975 terram,
2297 909 2466 963 voluit
2506 924 2603 963 nos
2642 924 2968 978 cognoscere
2993 907 3084 978 qui
3124 905 3301 961 omnia
3331 905 3475 960 videt
3507 905 3639 961 :sed

2043 1001 2166 1070 quia
2190 1001 2241 1054 in
2264 1001 2558 1055 novissimo
2588 1010 2829 1070 tempore
2860 1001 3021 1055 etiam
3051 1009 3356 1053 sanctorum
3385 1012 3639 1052 remune-

2043 1094 2179 1148 ratio
2211 1105 2467 1164 perpetua
2502 1136 2518 1161 ,
2549 1103 2605 1148 et
2640 1093 2923 1164 impiorum
2955 1103 3038 1149 est
3077 1102 3296 1148 ventura
3342 1092 3638 1157 damnatio,

2042 1183 2242 1240 dictum
2273 1196 2354 1241 est
2398 1186 2479 1241 eis
2519 1197 2854 1256 exspectare.
2895 1186 2961 1240 Et
2993 1202 3088 1256 pro
3113 1186 3354 1266 corporis
3381 1187 3461 1239 sui
3493 1185 3638 1239 sola-

2042 1279 2137 1344 tio,
2171 1278 2309 1332 data:
2351 1288 2476 1333 sunt
2513 1279 2620 1332 illis
2663 1279 2884 1349 singulae
2922 1279 3074 1334 stola:
3095 1278 3250 1332 albae.
3279 1280 3635 1348 Acceperunt,

2040 1369 2234 1440 inquit,
2263 1372 2431 1426 stolas
2456 1371 2628 1438 albas,
2662 1371 2712 1426 id
2737 1382 2840 1437 est,
2870 1371 3068 1425 donum
3105 1370 3340 1440 Spiritus
3369 1371 3560 1426 sancti.

2113 1463 2199 1517 12.
2255 1461 2323 1516 Et
2373 1464 2475 1518 vidi
2504 1481 2618 1517 cum
2657 1465 2935 1534 aperuisset
2979 1463 3202 1534 sigillum
3239 1473 3457 1527 sextum,
3492 1472 3638 1516 terra:

2042 1566 2204 1610 motus
2237 1557 2404 1627 factus
2430 1568 2501 1612 est
2530 1574 2762 1628 magnus.
2790 1557 2846 1611 In
2878 1567 3030 1611 sexto
3071 1557 3246 1626 sigillo
3275 1557 3444 1611 factus
3473 1566 3636 1612 terra:

2039 1657 2222 1702 motus
2249 1664 2494 1719 magnus,
2529 1651 2642 1720 ipsa
2671 1659 2752 1703 est
2785 1647 2872 1702 illa
2908 1649 3194 1703 novissima
3226 1649 3549 1718 persecutio.

343 1764 492 1807 mm,
512 1755 672 1825 fames
717 1771 806 1820 per
831 1756 944 1810 loca
970 1772 988 1810 ς
1018 1760 1236 1827 proprie
1261 1768 1440 1814 autem
1480 1762 1790 1816 extenditur
1819 1779 1938 1818 ver_
1967 1752 2016 1812 Β
2117 1737 2185 1793 Et
2211 1742 2377 1810 factus
2399 1751 2472 1795 est
2501 1740 2581 1794 sol
2610 1741 2752 1811 niger
2779 1750 3035 1810 tamquam
3063 1757 3240 1794 saccus
3261 1742 3513 1796 cilicinus.
3542 1741 3637 1797 Sol

343 1846 473 1903 bum
526 1864 698 1919 usque
738 1849 804 1904 ad
848 1851 1146 1905 antichristi
1187 1861 1445 1923 tempora,
1481 1855 1692 1923 quando
1742 1872 1932 1927 magna

345 1940 516 1998 fames
541 1952 625 1998 est
648 1942 849 2010 futura,
869 1945 1187 2016 quandoque
1208 1962 1396 2003 omnes
1417 1948 1699 2006 lzedentur.
1723 1950 1932 2007 Statera

345 2045 522 2091 autem
553 2041 603 2092 in
632 2053 796 2093 manu
823 2038 955 2093 libra
978 2041 1238 2096 examinis
1259 2052 1339 2098 est
1363 2085 1377 2110 ,
1409 2043 1460 2097 in
1483 2061 1584 2114 qua
1614 2047 1802 2100 merita
1823 2048 1932 2102 sin-

345 2130 586 2200 gulorum
616 2131 942 2196 ostenderet,
968 2133 1041 2187 ait
1067 2133 1210 2188 dein.

417 2221 472 2278 6.
513 2221 696 2278 Vinum
720 2237 767 2278 et
795 2225 959 2279 oleum
985 2243 1047 2280 ne
1073 2227 1280 2282 laseris.
1308 2228 1363 2284 ld
1390 2239 1472 2286 est
1501 2231 1774 2288 hominem
1819 2234 1932 2304 spi-

342 2313 589 2372 ritualem
619 2334 687 2372 ne
715 2317 881 2389 plagis
916 2321 1261 2387 percusseris.
1304 2322 1399 2378 llic
1442 2333 1524 2378 est
1551 2341 1721 2395 equus
1760 2327 1928 2396 niger.

341 2439 343 2441 -
417 2409 472 2474 7,
503 2409 558 2464 8.
590 2408 658 2463 Et
688 2426 799 2464 cum
827 2413 1103 2478 aperuisset
1133 2413 1450 2485 signaculum
1474 2428 1730 2484 quartum,
1760 2419 1934 2473 audivi

345 2513 581 2571 quartum
603 2505 792 2559 animal
807 2505 999 2572 dicens,
1041 2506 1160 2560 Veni
1192 2519 1238 2563 et
1257 2510 1386 2563 vide.
1414 2511 1483 2565 Et
1508 2529 1619 2567 ecce
1648 2530 1801 2585 equus
1820 2513 1934 2584 pal-

346 2595 490 2649 lidus
513 2609 596 2659 ;et
617 2599 700 2667 qui
732 2600 933 2655 sedebat
970 2603 1022 2656 in
1058 2603 1178 2668 illo,
1227 2621 1405 2659 nomen
1435 2605 1706 2661 illi-Mors.
1748 2609 1932 2680 Equus

341 2703 527 2744 autem
555 2692 798 2760 pallidus,
823 2705 873 2748 et
902 2697 992 2764 qui
1016 2697 1236 2752 sedebat
1261 2715 1422 2768 super
1446 2715 1590 2767 eum,
1621 2717 1814 2756 nomen
1844 2703 1933 2756 ba-

341 2782 527 2850 bebat,
551 2783 707 2840 Mors.
738 2785 861 2841 llaec
889 2793 1073 2844 eadem
1103 2806 1314 2861 quoque
1345 2793 1482 2848 inter
1501 2803 1725 2850 cazteras
1752 2797 1931 2852 clades

340 2877 663 2943 promiserat
689 2879 945 2936 Dominus
973 2893 1244 2953 venturas,
1276 2896 1454 2956 pestes
1477 2905 1693 2960 magnas
1714 2900 1767 2946 et
1790 2907 1930 2947 mor-

343 2967 599 3034 talitates,
628 2985 748 3025 cum
777 2973 920 3029 enim
954 2975 1115 3031 dicat.

415 3059 486 3114 Et
527 3063 756 3134 infernus
785 3068 1082 3136 sequebatur
1121 3071 1286 3124 illum.
1341 3071 1396 3128 ld
1440 3084 1542 3141 est,
1587 3080 1932 3148 exspectabat

2043 1831 2102 1885 ﬁt
2124 1839 2183 1885 ut
2209 1847 2419 1899 saccus,
2453 1832 2506 1888 id
2534 1841 2620 1888 est
2660 1831 2950 1888 incredulis
2981 1832 3355 1888 obscurabitur
3381 1832 3637 1903 splendor

2037 1924 2321 1980 doctrime.

2107 2014 2175 2068 Et
2200 2016 2324 2070 luna
2353 2025 2456 2070 tota
2493 2019 2630 2087 facta
2656 2027 2729 2070 est
2774 2026 2829 2070 ut
2878 2017 3108 2088 sanguis.
3149 2016 3299 2071 Luna
3337 2017 3631 2088 sanguinea

2035 2109 2282 2165 Ecclesia
2304 2122 2610 2165 sanctorum
2639 2110 2944 2166 ostenditur
2969 2127 3066 2182 pro
3078 2111 3292 2167 Christo
3316 2113 3632 2182 sanguinem

2036 2204 2057 2255 t
2062 2203 2280 2259 undere.

2109 2297 2198 2352 15.
2227 2296 2294 2350 Et
2323 2299 2482 2352 stellae
2511 2298 2798 2352 ceciderunt
2829 2299 2880 2352 in
2911 2308 3116 2353 terram.
3151 2299 3436 2355 Stellarum
3473 2285 3631 2356 casus

2038 2390 2225 2446 ﬁdeles
2247 2403 2393 2458 sunt,
2444 2395 2532 2463 qni
2562 2409 2659 2464 pro
2688 2393 2901 2448 Christo
2928 2394 3230 2449 turbantur.

2111 2483 2552 2550 Quemadmodum
2579 2486 2707 2555 ﬁcus
2728 2489 2885 2553 iactat
2911 2503 3112 2557 grossos
3141 2504 3278 2542 suos.
3314 2487 3526 2558 Agilata
3562 2489 3626 2542 li-

2035 2591 2131 2631 cus
2158 2576 2356 2631 amittit
2383 2593 2604 2648 grossos
2625 2594 2771 2644 suos,
2797 2579 3012 2648 quando
3041 2581 3418 2649 persecutione
3447 2581 3626 2636 homi-

2037 2685 2132 2723 nes
2162 2669 2232 2723 ab
2271 2670 2506 2725 Ecclesia
2546 2681 2882 2740 separantur.

2112 2764 2199 2818 M.
2234 2763 2301 2817 Et
2331 2764 2512 2819 malum
2540 2766 2742 2819 recessit
2774 2775 3028 2836 tamquam
3058 2766 3183 2821 liber
3212 2768 3295 2837 qui
3337 2768 3623 2824 involvitur.

2036 2854 2241 2910 leum
2275 2855 2494 2919 involvi,
2529 2855 2579 2909 id
2611 2865 2691 2910 est
2715 2855 2955 2910 Ecclesia
2980 2857 3046 2909 de
3074 2857 3249 2911 medio
3278 2858 3387 2912 lict.

2109 2949 2177 3004 Et
2221 2952 2382 3005 omnis
2420 2967 2562 3004 mons
2605 2961 2650 3004 et
2686 2952 2868 3005 insula:
2915 2951 2978 3004 de
3025 2952 3150 3006 locis
3175 2954 3279 3007 suis
3307 2963 3454 3007 mota:
3483 2965 3623 3008 sunt.

2035 3046 2185 3103 Mons
2216 3057 2269 3101 et
2299 3047 2487 3101 insula:
2522 3045 2590 3101 de
2618 3046 2752 3100 locis
2787 3046 2898 3100 suis
2931 3055 3088 3100 molat:
3117 3047 3404 3102 novissima
3437 3064 3620 3119 perse-

338 3154 744 3213 devoratiouem
762 3162 1054 3217 animarum
1082 3165 1367 3222 multarum
1398 3139 1702 3239 impiarum:
1733 3173 1828 3228 Hic
1848 3183 1926 3230 est
1956 3153 2002 3216 (ἶ
2035 3140 2249 3239 cum?“
2275 3147 2506 3239 ,mnuun}
2548 3153 2738 3194 omnes
2776 3152 3067 3239 recesslsw
3101 3140 3179 3239 ὼ),
3219 3139 3351 3239 “lus
3385 3156 3518 3196 Slus'
3564 3141 3620 3197 Id

336 3265 508 3319 equus
529 3252 773 3322 pallidus.

407 3345 464 3400 9.
498 3345 568 3400 Et
591 3364 705 3401 cum
729 3351 1008 3418 aperuisset
1027 3355 1254 3425 quintum
1275 3359 1612 3430 signaculum,
1631 3364 1732 3417 vidi
1755 3365 1928 3422 subtus

332 3437 498 3491 altare
521 3440 720 3495 animas
746 3443 1144 3509 interfectorum.
1175 3449 1394 3508 Animas
1409 3455 1706 3511 occisorum
1730 3459 1927 3516 vidisse

333 3544 394 3584 se
419 3541 602 3586 narrat
632 3533 731 3589 sub
755 3551 845 3590 ara
879 3537 989 3603 Dei,
1021 3539 1072 3593 id
1101 3552 1186 3597 est
1220 3543 1319 3597 sub
1357 3555 1516 3602 terra.
1559 3548 1665 3604 Ara
1694 3551 1834 3606 enim
1871 3563 1926 3608 et

333 3624 530 3680 cadum
559 3637 612 3682 ct
650 3637 790 3684 terra
819 3629 1014 3687 dicitur
1033 3676 1048 3700 ,
1078 3637 1214 3690 sicut
1246 3637 1327 3693 lex
1355 3641 1466 3706 ait,
1498 3644 1806 3714 imaginaria
1835 3663 1924 3702 ve-

333 3718 508 3774 ritatis
530 3720 660 3778 facie
685 3726 944 3780 mandans
979 3728 1112 3785 duas
1152 3747 1274 3787 aras
1318 3735 1431 3790 ﬁeri
1460 3735 1562 3810 (l),
1597 3755 1811 3795 auream
1841 3744 1923 3796 in-

336 3811 622 3879 trinsecus,
653 3825 706 3872 et
733 3834 926 3875 :eream
957 3825 1306 3882 extrinsecus.
1334 3828 1442 3883 Nos
1467 3842 1641 3887 autem
1670 3834 1922 3905 intelligi-

331 3921 460 3960 mus
505 3923 647 3964 aram
693 3928 907 3969 auream
953 3917 1149 3973 cmlum
1197 3921 1267 3974 ita
1309 3921 1455 3989 dici,
1487 3925 1710 3981 Domino
1737 3939 1920 3985 nostro

330 4001 491 4055 nobis
523 4003 879 4062 teSIimonium
901 4010 1248 4080 perhibente;
1289 4015 1360 4068 ait
1389 4018 1528 4072 enim
1561 4035 1574 4071 :
1606 4018 1734 4074 Cum
1767 4023 1919 4089 offers

328 4110 515 4148 munus
542 4106 684 4152 tuum
731 4101 800 4154 ad
829 4118 972 4156 aram
1006 4104 1214 4177 (utique
1244 4124 1462 4165 munera
1506 4123 1689 4168 nostra
1721 4116 1920 4172 ora-tio-

327 4205 427 4245 nes
457 4201 602 4258 sunt,
635 4210 766 4263 quas
788 4196 1082 4270 oll'erimus)
1113 4213 1160 4256 et
1204 4203 1274 4257 ibi
1297 4206 1591 4261 recordatus
1638 4212 1793 4278 fueris
1827 4212 1917 4266 Ita-

325 4282 444 4337 bere
481 4285 679 4352 aliquid
724 4289 932 4358 fratrem
970 4301 1112 4345 tuum
1154 4294 1420 4350 adversum
1470 4308 1533 4364 te,
1583 4301 1809 4367 relinque
1849 4306 1916 4358 ibi

326 4394 514 4432 munus
544 4388 684 4433 tuum
709 4391 824 4436 ante
847 4400 989 4437 aram
1021 4384 1262 4456 (Matt/3.,
1293 4405 1344 4456 v,
1369 4389 1460 4456 25,
1483 4391 1598 4464 24).
1625 4393 1818 4464 Utique
1848 4399 1913 4452 ad

324 4471 521 4525 coelum
553 4473 845 4528 ascendunt
869 4477 1156 4533 orationes.
1202 4481 1339 4550 Ergo
1365 4485 1558 4540 caelum
1603 4486 1914 4558 intelligitur

2033 3242 2135 3300 est,
2165 3232 2288 3288 boni
2313 3232 2668 3288 movebuntur
2696 3231 3126 3302 persecutionem
3158 3235 3437 3303 fugientes.

2642 3385 2708 3423 EX
2731 3385 2924 3424 CAPITE
2950 3386 3045 3424 νη.

2101 3483 2155 3536 ‘2.
2189 3479 2256 3536 Et
2283 3483 2385 3537 vidi
2415 3483 2632 3537 alterum
2655 3485 2893 3555 angelum
2915 3491 3261 3540 ascendentem
3289 3505 3320 3540 a
3348 3490 3470 3543 solis
3503 3501 3619 3544 orttt

2029 3574 2290 3629 habentem
2336 3577 2658 3648 signaculum
2714 3575 2809 3630 Dei
2862 3578 2978 3631 vivi.
3030 3577 3234 3632 Heliam
3296 3581 3615 3650 prophetam

2027 3665 2186 3731 dicit,
2237 3666 2327 3736 qui
2360 3665 2762 3737 Anticipaturus
2791 3677 2875 3722 est
2913 3677 3154 3737 tempora
3197 3670 3513 3727 Antichristi
3551 3673 3618 3728 ad

2027 3757 2382 3813 restituendas
2401 3758 2668 3814 Ecclesias
2689 3761 3102 3817 etstahilientlas
3123 3779 3149 3814 a
3180 3778 3367 3834 magna
3396 3774 3449 3821 et
3472 3767 3584 3822 into
3599 3797 3618 3809 -

2026 3850 2233 3904 lerabili
2277 3850 2665 3918 persecutione.
2698 3851 2900 3906 Haecin
2933 3855 3214 3922 apertione
3259 3857 3380 3911 libri
3405 3857 3616 3914 Veteris

2023 3941 2352 3998 Testamenti
2385 3954 2438 3998 et
2465 3943 2595 3998 Novi
2630 3945 2915 4013 praedicata
2945 3947 3205 4017 legimus,
3248 3951 3322 4002 ait
3348 3951 3488 4004 enim
3523 3967 3618 4020 per

2022 4033 2336 4088 Malachiam
2369 4051 2382 4086 :
2412 4033 2547 4090 Ecce
2575 4052 2666 4106 ego
2694 4037 2889 4090 mittam
2909 4039 3046 4092 vobis
3087 4038 3288 4093 Heliam
3325 4041 3611 4110 Thesbiten,

2022 4139 2304 4182 convertere
2319 4130 2472 4182 corda
2505 4139 2706 4198 patrum
2742 4129 2811 4181 ad
2851 4129 2986 4199 filios
3022 4130 3300 4203 (Malaclt.,
3334 4150 3405 4200 tv,
3439 4137 3492 4202 5,
3534 4135 3614 4206 6),

2021 4219 2314 4274 secundum
2372 4207 2581 4290 tempus
2622 4221 2916 4276 vocationis
2968 4222 3181 4277 Judacos
3227 4226 3293 4280 ad
3347 4231 3616 4298 sequentis

2021 4312 2200 4382 pOpllli
2232 4312 2388 4366 ﬁdem
2421 4328 2696 4368 revocare.
2725 4313 2791 4368 Et
2834 4315 2954 4368 ideo
2984 4317 3237 4384 ostendit,
3273 4329 3328 4373 ut
3354 4321 3611 4391 diximus,

2023 4420 2305 4460 numerum
2337 4420 2399 4459 ex
2441 4403 2640 4459 Judwis
2693 4407 3120 4476 crediturorum,
3170 4422 3221 4465 et
3256 4427 3319 4467 ex
3365 4415 3613 4484 gentibus

2020 4513 2263 4568 magnam
2294 4497 2715 4563 multitudinem,
2747 4518 2902 4570 quam
2939 4518 3098 4559 nemo
3126 4515 3334 4575 poterat
3371 4507 3614 4566 dinume-

321 4581 415 4618 ara
448 4581 608 4621 aurea
634 4582 753 4636 quae
779 4577 894 4622 erat
923 4569 1146 4626 interior
1168 4589 1181 4626 :
1207 4589 1326 4629 nam
1342 4585 1395 4630 et
1414 4579 1720 4636 sacerd0tes
1743 4584 1910 4639 semel
1943 4554 1992 4614 Β
2019 4605 2156 4644 rare.
2190 4589 2322 4644 Mitti
2343 4592 2501 4644 ctiam
2528 4591 2596 4646 de
2627 4592 2765 4648 ccelo
2809 4597 3080 4652 orationes
3126 4554 3381 4656 Ecclesiae
3424 4601 3502 4674 (2)
3542 4603 3612 4657 ab

322 4660 376 4714 in
403 4676 547 4716 anno
599 4663 887 4718 introibant
915 4664 1006 4736 qui
1049 4665 1316 4724 habebant
1359 4671 1610 4739 chrisma,
1660 4675 1726 4730 ad
1763 4693 1910 4734 aram

320 4767 566 4819 auream,
619 4753 951 4824 signiﬁcante
1002 4757 1201 4826 Spiritu
1255 4773 1441 4816 sancto
1484 4764 1754 4824 Christum
1810 4770 1912 4825 hoc

321 4845 492 4900 semel
516 4843 797 4900 iacturum.
831 4846 980 4903 Sicut
1017 4865 1107 4904 ara
1144 4867 1302 4908 aurea
1343 4857 1536 4913 coelum
1579 4863 1907 4932 agnoscitur,

2016 4683 2225 4752 angelo,
2252 4685 2527 4754 etsuscipi
2572 4685 2692 4739 illos
2715 4696 2900 4741 contra
2945 4689 3101 4757 iram,
3142 4692 3338 4748 clTundi
3369 4705 3423 4748 et
3469 4698 3612 4750 aesti-

2015 4778 2148 4830 mari
2204 4793 2425 4847 regnum
2481 4779 2780 4834 antichristi
2843 4797 2942 4850 per
2986 4785 3205 4854 angelos
3251 4801 3504 4855 sanctos,
3557 4790 3609 4844 in

2014 4871 2306 4943 Evangelio
2330 4873 2596 4944 legimus;
2641 4875 2716 4928 ait
2745 4876 2888 4930 enim
2923 4896 2936 4930 :
2971 4878 3158 4945 Orate,
3196 4899 3262 4938 ne
3306 4884 3514 4940 intretis
3554 4885 3606 4941 in

1669 4999 2223 5064 COMMENTARIUS.

313 5123 323 5134 ’
365 5208 368 5209 ν
395 5123 478 5201 (1)
506 5123 763 5209 Mandans
793 5127 1056 5209 duasut-as
1079 5131 1213 5209 ﬁeri.
1239 5131 1364 5209 _Pro
1390 5154 1496 5209 quo
1533 5137 1582 5194 in
1611 5146 1910 5200 manuscri-

317 5199 415 5283 pto
457 5207 719 5283 corrupte.
745 5199 1049 5283 admodum‘
1078 5199 1203 5272 (nisi
1235 5199 1420 5283 lallprl
1457 5211 1753 5283 legebatur.
1799 5199 1911 5270 Me-

317 5273 509 5350 diante_
548 5269 635 5350 qui
684 5271 812 5350 duas
857 5290 976 5327 aras
1021 5269 1227 5350 fecerat.
1294 5269 1477 5350 Neque
1510 5269 1910 5344 “tamen'hanc

317 5341 751 5420 emendationem
776 5343 843 5396 ita
871 5341 1038 5400 ratam
1070 5341 1700 5420 ﬁrmamqne'hahebomt
1730 5359 1772 5412 si
1798 5341 1907 5415 me:

319 5413 507 5494 liorem
557 5411 816 5482 quispiam
870 5411 1406 5494 connnonstraverit,
1458 5441 1560 5480 non
1621 5411 1768 5494 sim,
1800 5411 1906 5485 illa

316 5485 890 5561 desert:_v_,_ez_un_quam
923 5488 1010 5543 ille
1035 5489 1294 5547 docuerit.
1323 5485 1662 5561 probaturus,

389 5556 466 5626 (2)
499 5553 636 5607 Mitti
656 5555 808 5607 etiam
837 5557 900 5610 de
918 5561 1042 5614 caelo
1067 5553 1594 5623 orationes'Ecclcsiu'.
1618 5571 1792 5628 Locus
1819 5574 1904 5630 hic

312 5627 574 5700 obscurus
596 5635 699 5700 est,
733 5642 831 5682 nec
856 5645 977 5684 eum
1027 5633 1220 5689 mendo
1255 5651 1444 5694 vaCare
1487 5627 1855 5700 existimamus
1883 5627 1904 5700 ξ

310 5699 407 5754 sed
435 5713 534 5753 nos
558 5695 788 5778 quidem
815 5712 1010 5778 notare
1038 5705 1213 5778 illum,
1253 5724 1359 5762 non
1405 5695 1905 5771 emendarevo‘lui;

309 5787 451 5838 ntus,
485 5779 543 5825 ut
579 5767 674 5822 alii
719 5769 879 5825 etiam
917 5775 1148 5845 religiosi
1197 5767 1448 5837 homines
1486 5767 1722 5844 habeant
1747 5767 1902 5846 unde

762 5861 1030 5928 PATROL.
1063 5867 1137 5928 V.

2013 5150 2300 5233 exercendi
2344 5151 2540 5236 ingenii
2581 5153 2918 5236 occasionem
2959 5159 3240 5236 accipiant.
3270 5163 3602 5236 Quamquam

2016 5236 2122 5276 non
2149 5224 2323 5291 inepte
2341 5223 2820 5306 nobisconjectare
2836 5223 3096 5306 videmur,
3118 5234 3160 5286 si
3189 5223 3441 5303 ιποῖιιοε,
3462 5223 3601 5306 illas,

2015 5301 2083 5374 et.
2121 5307 2219 5362 pro
2269 5294 2531 5374 aestimari,
2573 5298 2796 5374 extingui
2843 5294 3092 5370 legamus
3128 5322 3140 5354 τ
3182 5294 3371 5374 quibus
3413 5294 3454 5364 si
3491 5294 3606 5368 huic

2015 5365 2792 5454 etiauincorrectiqaccesserit,
2810 5381 2866 5424 nt
2894 5365 3036 5441 prior
3058 5375 3145 5427 illa
3173 5365 3479 5454 conjuncta)
3507 5365 3600 5454 (et)

2012 5445 2136 5510 post
2163 5434 2405 5510 Ecclesia:
2430 5437 2720 5493 dietionem
2747 5434 3000 5508 popular;
3045 5462 3148 5498 non
3189 5434 3343 5501 vider
3373 5467 3468 5506 cur

2013 5507 2182 5559 multo
2213 5509 2571 5586 ineorruptior
2597 5521 2650 5564 et
2679 5507 2892 5574 clarior,
2924 5533 3042 5584 quin
3073 5518 3245 5586 primo
3268 5529 3373 5574 tam
3404 5507 3602 5578 obscu:

2006 5592 2063 5628 ra
2097 5587 2213 5632 erat
2238 5581 2694 5642 etcontaminata.
2732 5581 2992 5639 structura
3039 5581 3124 5640 illa
3158 5591 3443 5648 verborum
3484 5597 3607 5649 elﬁ-

2008 5648 2179 5722 ciatur
2201 5666 2223 5722 7:
2252 5652 2320 5707 de
2337 5669 2436 5721 qua
2467 5651 2722 5722 quidquid
2746 5655 3096 5711 studiosiores
3125 5659 3372 5716 homines
3400 5648 3609 5719 statue-

2008 5719 2136 5783 rint,
2169 5721 2212 5777 si
2245 5719 2502 5782 rauenem
2531 5719 2760 5794 aliquam
2811 5728 3124 5795 attulerint,
3161 5733 3392 5791 libenter
3422 5750 3616 5805 seque-

2009 5807 2151 5850 Illlll‘.
