4196 6246
430 220 530 281 357

1561 220 1626 277 ΙΝ
1666 217 2142 278 APOCALYPSIN
2181 219 2243 277 Β.
2281 219 2584 277 JOANNIS.

3609 219 3713 276 358

498 337 691 396 Omnes
717 337 820 394 uidi
860 339 1124 394 recessisse
1151 339 1216 394 de
1252 339 1376 394 locis
1419 340 1545 393 suis.
1580 336 1694 393 Hoc
1735 345 1838 403 est,
1884 336 2012 393 boni
2038 337 2094 399 A
2120 337 2303 406 pardo.
2331 337 2576 406 Regnum
2608 333 2752 390 illius
2795 333 3053 403 temporis
3096 330 3444 401 Antichristi,
3477 345 3598 387 cum
3629 349 3719 387 va-

425 433 786 490 movebuntur
811 433 1239 502 persecutionem
1269 431 1552 502 fugientes.

501 525 570 581 Et
598 526 737 594 ﬁlius
763 534 942 595 raptus
969 535 1040 578 est
1085 524 1155 578 ad
1195 522 1359 577 Deum
1399 533 1444 577 et
1485 522 1554 575 ad
1601 523 1842 576 thronum
1887 522 2018 588 eius.

421 622 658 692 Baptum
696 619 771 674 ad
788 619 981 674 solium
1024 619 1117 673 Dei
1143 627 1196 672 et
1225 633 1321 672 nos
1348 618 1577 688 legimus
1617 617 1670 670 in
1714 617 1862 670 Actis
1887 630 2021 686 apo-

418 717 714 781 stolorum,
775 714 1234 786 quemadmodum
1289 715 1515 786 loquens
1567 728 1688 768 cunt
1742 711 2020 784 discipulis

417 819 604 882 raptus
631 817 716 864 est
742 811 794 862 in
825 807 1016 864 cmlos.

493 904 544 958 6.
593 902 786 958 Mulier
806 912 978 956 autem
1013 903 1145 973 fugit
1169 901 1223 954 in
1259 900 1620 965 solitudinem;
1647 909 1695 954 et
1729 899 1864 954 datte
1903 908 2021 952 sunt

421 1001 500 1055 illi
531 999 649 1054 duae
677 998 778 1052 alae
807 997 994 1068 aquin
1018 1011 1236 1068 magna.
1278 995 1543 1050 Auxilium
1573 995 1780 1050 alarum
1813 1008 2020 1063 magna:

418 1095 635 1167 aquilio,
665 1092 868 1150 donum
898 1093 1104 1148 scilicet
1127 1093 1529 1164 prophetarum.
1556 1092 1850 1148 Ecclesiam
1876 1092 2020 1147 illam

417 1189 738 1244 catholicam
771 1203 841 1244 ex
874 1203 980 1259 qua
1025 1187 1077 1241 in
1123 1187 1420 1242 novissimo
1468 1197 1712 1260 tempore
1746 1186 2018 1242 creditura

416 1291 548 1339 sunt
571 1293 787 1338 centum
819 1280 1172 1353 quadraginta
1195 1290 1427 1351 quatuor
1449 1280 1615 1335 millia
1646 1279 1926 1334 hominum
1953 1278 2021 1334 ad

419 1379 858 1452 praedicationem
882 1377 1051 1442 Elim;
1081 1376 1172 1432 sed
1197 1387 1249 1432 et
1269 1385 1524 1432 emtorum
1549 1375 1806 1446 populum
1834 1373 2018 1428 vivum

416 1473 648 1528 inveniri
690 1472 741 1526 in
783 1471 1023 1526 adventu
1067 1469 1299 1535 Domini,
1331 1468 1453 1524 heic.
1480 1467 1630 1524 dicit.
1662 1468 1728 1523 Et
1763 1467 2020 1523 Dominus

417 1565 473 1621 in
507 1565 796 1634 Evangelio
820 1564 895 1620 ait
925 1583 938 1619 ε
971 1563 1113 1619 Tunc
1142 1567 1229 1634 qui
1257 1564 1312 1617 in
1336 1561 1524 1616 Judwa
1555 1572 1708 1628 sunt,
1739 1563 1940 1633 fugiant
1966 1563 2024 1616 in

417 1670 609 1716 montes
649 1659 831 1733 (Luc.,
868 1674 980 1720 xxi.
1026 1657 1124 1729 2|)
1159 1676 1172 1712 :
1204 1656 1258 1711 id
1287 1666 1408 1722 est,
1455 1663 1721 1726 quotquot
1749 1654 1802 1708 in
1830 1653 2019 1709 Iudaea

2127 433 2318 488 rietate
2344 431 2583 502 gentium
2611 440 2663 485 et
2693 429 2946 500 populum
2969 428 3338 492 commixtum,
3365 427 3639 498 significat.

2195 525 2253 580 2.
2293 524 2457 580 Pedes
2488 526 2597 594 ejus
2630 534 2889 592 tamquam
2913 521 3247 602 ursi.'Forlis
3277 529 3331 576 et
3360 522 3723 590 spurcissimae

2125 619 2311 676 bestiae
2340 637 2352 672 :
2389 618 2572 687 pedes,
2606 617 2773 672 duces
2799 616 2917 687 ejus
2945 616 3271 685 intelligendi
3303 624 3448 671 sunt.

2199 712 2264 766 Et
2303 729 2358 766 os
2383 713 2493 780 ejus
2522 722 2779 781 tamquam
2809 711 3022 764 leonem.
3068 709 3121 762 id
3169 720 3280 774 est,
3307 709 3371 762 ad
3402 709 3719 778 sanguinem

2125 815 2391 861 armatum
2421 820 2483 860 os
2520 805 2669 874 ejus,
2694 803 2866 872 jussio
2904 802 3047 856 illius
3075 811 3188 866 est,
3219 811 3271 855 et
3302 801 3478 870 lingua
3509 816 3629 871 quae
3655 800 3722 854 ad

2125 899 2351 954 nihilum
2386 897 2530 953 aliud
2572 910 2886 968 processura
2918 904 3037 961 est,
3067 894 3169 950 nisi
3196 893 3262 947 ad
3291 893 3609 962 sanguinem
3639 891 3723 946 ef-

2083 993 2098 1008 ‘
2127 990 2478 1046 fundendum.

2197 1089 2328 1151 x’vu,
2367 1083 2420 1136 9.
2454 1081 2661 1153 Septem
2706 1082 2874 1152 capita
2920 1089 3110 1150 septem
3151 1088 3344 1133 montes
3380 1090 3496 1134 sunt
3532 1076 3634 1150 (1),
3670 1077 3724 1132 in

2125 1175 2306 1246 quibus
2335 1175 2518 1230 ntulier
2537 1175 2696 1228 sedet.
2726 1172 2782 1228 ld
2813 1182 2914 1237 est,
2943 1171 3141 1227 civitas
3174 1172 3436 1226 IImnana.

2201 1267 2287 1323 10.
2323 1267 2391 1320 Et
2423 1283 2565 1339 reges
2600 1279 2790 1336 septem
2825 1275 2940 1319 sunt
2963 1281 2982 1320 :
3004 1266 3224 1336 quinque
3256 1264 3567 1328 ceciderunt,
3591 1281 3726 1319 unus

2125 1371 2197 1417 est
2217 1403 2232 1426 ,
2263 1373 2311 1417 et
2339 1363 2472 1417 alius
2509 1362 2738 1416 nondum
2777 1363 2942 1423 venit;
2964 1371 3011 1413 et
3040 1377 3155 1413 cum
3184 1360 3400 1424 venerit,
3431 1360 3565 1413 brevi
3594 1369 3726 1414 tem-

2126 1473 2250 1528 pore
2303 1457 2396 1511 erit
2445 1454 2547 1528 (9.).
2585 1455 2812 1525 lntelligi
2852 1463 3068 1524 oportet
3109 1463 3322 1522 tempus
3367 1468 3474 1523 quo
3524 1453 3724 1521 scripta

2065 1553 2068 1558 ’
2128 1552 2478 1623 Apocalypsis
2508 1550 2651 1606 edita
2675 1559 2759 1604 est
2787 1567 2801 1603 :
2833 1550 3086 1620 quoniam
3114 1558 3241 1602 tunc
3267 1557 3384 1603 erat
3411 1547 3590 1602 Caesar
3615 1547 3724 1601 Do-

2126 1645 2418 1708 mitianus;
2451 1655 2579 1698 ante
2609 1644 2758 1698 illum
2789 1654 2973 1697 autem
2998 1643 3169 1696 fuerat
3193 1641 3344 1696 Titus
3374 1641 3540 1695 frater
3561 1641 3725 1703 illius,

415 1755 617 1810 fuerint
645 1732 893 1817 collecti,
927 1761 1056 1808 eant
1090 1751 1156 1805 ad
1190 1751 1341 1805 illum
1374 1750 1552 1804 locum
1581 1763 1739 1817 quem
1770 1756 2017 1819 paratum
2048 1739 2096 1799 B
2124 1750 2179 1794 et
2214 1738 2605 1808 Vespasianus,
2644 1736 2815 1801 Otho,
2856 1735 3104 1790 Vitellius
3141 1744 3197 1790 et
3233 1733 3422 1789 Galba.
3469 1732 3561 1788 isti
3601 1746 3727 1788 sum

411 1847 642 1912 habent,
669 1857 725 1902 ct
754 1847 1063 1902 nutriantur
1103 1843 1174 1899 ibi
1218 1841 1505 1898 triennium
1531 1851 1585 1897 et
1611 1854 1828 1895 menses
1866 1855 1959 1895 sex
1986 1855 2016 1894 a

413 1943 551 1998 facie
577 1941 798 1996 diaboli.

487 2037 572 2090 14.
602 2035 714 2090 Ala:
739 2035 859 2089 duce
886 2049 1108 2106 magnae.
1145 2033 1262 2088 Duo
1287 2041 1415 2087 sunt
1439 2031 1718 2102 prophetae
1738 2074 1752 2097 ,
1784 2029 1928 2088 Elias
1962 2041 2017 2087 et

420 2132 508 2202 qui
536 2146 658 2187 cum
686 2131 778 2184 illo
806 2131 962 2186 fuerit
990 2128 1273 2202 propheta.
1937 2191 1946 2204 _

484 2225 572 2278 15.
599 2223 664 2278 Et
682 2225 850 2278 emisit
870 2240 1079 2292 serpens
1099 2240 1163 2278 ea:
1182 2239 1271 2277 ore
1290 2240 1382 2277 suo
1412 2231 1524 2293 post
1545 2224 1808 2278 mulierem
1828 2239 2015 2296 aquam

409 2322 544 2376 velut
570 2322 786 2392 ﬂumen,
812 2330 864 2374 ut
893 2336 1007 2374 eam
1032 2335 1090 2374 eo
1116 2319 1330 2389 ﬂumine
1347 2319 1591 2387 auferret.
1618 2320 1824 2389 Aquam
1851 2333 2013 2389 quam

415 2413 598 2470 emisit
621 2413 689 2468 de
716 2428 815 2468 ore
857 2427 959 2468 suo
996 2427 1256 2482 serpens,
1293 2411 1447 2482 jussu
1491 2425 1590 2466 suo
1618 2410 1876 2481 populum
1923 2411 2014 2482 qui

419 2517 774 2580 persequatur
799 2522 943 2573 eam,
975 2506 1257 2574 signiﬁcat.

491 2599 581 2656 16.
613 2599 679 2654 Et
719 2600 918 2669 adjuvit
949 2599 1206 2654 mulierem
1235 2607 1392 2663 terra,
1437 2608 1485 2652 et
1525 2599 1727 2667 aperuit
1757 2615 1812 2653 os
1837 2615 2011 2666 suum,

416 2705 469 2750 et
495 2693 748 2748 absorbuit
769 2694 904 2748 illud
922 2696 1114 2765 ﬂumen
1143 2693 1282 2764 quod
1318 2694 1474 2747 draco
1503 2694 1667 2747 emisit
1694 2710 1755 2747 ea:
1781 2708 1870 2747 ore
1897 2709 2008 2748 suo.

415 2789 711 2857 Aperuisse
739 2802 800 2844 os
825 2804 981 2844 suum
1016 2799 1239 2854 terram,
1271 2799 1326 2843 et
1355 2789 1646 2845 devorasse
1673 2805 1861 2858 aquas,
1889 2790 2012 2843 viu-

409 2880 610 2936 dictam
643 2881 712 2938 de
751 2883 1107 2954 praesentibus
1147 2882 1477 2938 manifestat.
1514 2884 1662 2940 lianc
1694 2885 1856 2956 igitur
1886 2885 2016 2940 licet

412 2976 798 3044 parturientem
821 2974 1104 3045 significet,
1139 2985 1319 3042 postea
1353 2986 1507 3047 partu
1539 2975 1685 3032 edito
1717 2976 2011 3048 fugientem

409 3067 675 3132 ostendit;
706 3068 827 3138 quia
859 3082 966 3124 non
996 3084 1103 3124 uno
1133 3078 1376 3140 tempore
1409 3079 1636 3141 utraque
1662 3083 1788 3124 sunt
1819 3069 1959 3126 facta
1994 3087 2008 3124 :

2123 1834 2359 1904 quinque
2387 1834 2473 1900 qui
2505 1831 2838 1888 ceciderunt.
2868 1829 3013 1886 Unus
3041 1839 3236 1895 exstat,
3259 1829 3362 1884 sub
3385 1843 3496 1898 quo
3523 1829 3721 1898 scripta

2122 1938 2202 1982 est
2234 1926 2620 1997 Apocalypsis,
2655 1924 2988 1978 Domitianus
3029 1923 3254 1977 scilicet.
3302 1923 3450 1976 Alius
3488 1921 3716 1976 nondum

2119 2022 2255 2076 uenit
2271 2065 2284 2085 ,
2307 2019 2536 2076 Nervam
2562 2019 2692 2074 dicit
2717 2037 2730 2072 :
2756 2029 2802 2073 et
2828 2035 2944 2071 cum
2968 2018 3177 2083 venerit,
3201 2016 3337 2070 brevi
3361 2024 3585 2086 tempore
3605 2016 3724 2080 erit,

2119 2115 2398 2171 biennium
2426 2113 2569 2169 enim
2603 2129 2710 2168 non
2743 2112 3011 2183 implevit.

2198 2209 2284 2263 11.
2323 2206 2390 2261 Et
2420 2206 2575 2260 bestia
2605 2223 2757 2277 quam
2787 2205 2958 2259 vidisti
2980 2245 2995 2270 ,
3025 2205 3088 2258 de
3114 2215 3303 2274 septem
3332 2213 3423 2258 est.
3455 2203 3720 2274 Quoniam

2117 2311 2243 2356 ante
2271 2301 2403 2354 istos
2432 2315 2618 2370 reges,
2649 2299 2790 2354 Nero
2820 2300 3082 2368 regnavit.

2194 2393 2263 2448 Et
2299 2408 2476 2448 octava
2507 2403 2597 2446 est.
2631 2393 2719 2447 Ait
2747 2392 2906 2446 modo
2939 2391 3058 2464 (3):
3091 2405 3214 2445 cum
3264 2391 3350 2445 illa
3396 2389 3681 2446 advenerit
3703 2430 3720 2455 ,

2119 2497 2371 2557 computa
2407 2488 2586 2542 locum
2627 2495 2874 2540 octavum
2899 2527 2912 2550 ,
2940 2487 3194 2555 quoniam
3237 2485 3291 2540 in
3334 2483 3429 2539 illo
3467 2495 3552 2539 est
3589 2499 3720 2540 con-

2117 2581 2407 2636 summatio
2424 2622 2438 2644 ,
2477 2579 2696 2648 adjecit.

2190 2673 2259 2727 Et
2284 2674 2336 2727 in
2363 2673 2623 2726 interitum
2649 2673 2816 2726 undet.
2843 2669 2976 2725 Nam
3014 2670 3202 2725 decem
3242 2671 3419 2741 Reges
3442 2668 3720 2739 accepisse

2118 2767 2355 2840 regalem
2403 2775 2758 2836 potestatem,
2800 2780 2921 2818 cum
2973 2764 3066 2819 ille
3107 2765 3335 2818 movet-it
3362 2764 3430 2818 ab
3451 2762 3708 2826 Oriente,

2114 2861 2217 2916 ait:
2246 2861 2482 2914 Mittetur
2509 2859 2575 2913 ab
2607 2858 2738 2912 urbe
2767 2857 2934 2911 Roma
2965 2873 3086 2912 cum
3119 2857 3450 2912 exercitibus
3478 2858 3611 2911 suis.
3646 2855 3719 2911 Et

2116 2969 2315 3009 cornua
2343 2951 2530 3006 decem
2569 2961 2624 3005 et
2661 2950 2848 3005 decem
2887 2949 3187 3004 diadetnata
3236 2949 3421 3003 Daniel
3460 2947 3716 3003 ostendit.

2117 3045 2186 3100 Et
2225 3046 2325 3098 tria
2369 3042 2630 3099 eradicari
2673 3042 2739 3095 de
2782 3017 3079 3112 prioribus,
3114 3039 3215 3094 hoc
3252 3050 3367 3102 est,
3401 3050 3511 3094 tres
3555 3039 3722 3095 duces

406 3129 820 3215 Christusvenim
860 3161 1002 3231 quod
1044 3170 1200 3216 natus
1226 3129 1311 3218 est
1351 3129 1586 3227 scimus;
1631 3163 1726 3218 sed
1757 3172 2001 3234 tempora
2028 3145 2072 3207 (ἶ
2107 3137 2409 3234 ΡῩῘ¹¹¹³ξίμίξδμ
2440 3135 2508 3190 ab
2547 3134 2884 3190 AMiCI'rism
2931 3132 3180 3234 ὴξξξδτθθί·
3231 3129 3472 3187 Οωίθτθδ
3513 3139 3722 3234 semei"

408 3248 812 3318 lutet-cessisse,
843 3263 900 3309 ut
933 3253 1021 3310 illa
1045 3252 1285 3325 aufugiat
1306 3269 1334 3308 a
1364 3253 1502 3311 facie
1523 3257 1817 3326 serpentis,
1842 3256 2021 3312 adhuc

436 3359 618 3403 actum
643 3365 750 3404 non
779 3363 920 3404 esse.
956 3349 1160 3404 Deinde
1183 3349 1261 3405 ait
1289 3368 1302 3404 :

481 3443 533 3495 7-
545 3441 602 3497 9.
620 3439 838 3496 Factum
851 3452 923 3496 est
940 3441 1176 3513 prtelium
1189 3443 1241 3496 in
1255 3443 1380 3497 caelo
1396 3459 1414 3497 :
1429 3443 1652 3499 Michael
1667 3456 1713 3499 et
1729 3445 1899 3516 angeli
1910 3446 2022 3516 ejus

413 3537 712 3606 pugnabant
740 3553 856 3590 cum
885 3537 1119 3604 dracone,
1146 3547 1190 3591 et
1205 3537 1360 3591 draco
1382 3537 1647 3606 proeliatus
1676 3549 1750 3592 est
1767 3548 1814 3594 et
1847 3540 2021 3609 angeli

413 3633 527 3702 ejus
545 3648 564 3685 :
583 3641 630 3686 et
657 3649 757 3687 non
776 3633 1064 3696 valuerunt,
1093 3649 1184 3687 nec
1204 3636 1432 3687 inuentus
1449 3633 1588 3688 locus
1605 3650 1775 3688 eorum
1796 3635 2021 3705 amplius

415 3727 469 3779 in
491 3723 631 3779 (telo.
649 3721 716 3778 Et
739 3727 996 3797 projectus
1017 3725 1257 3779 estdraco
1286 3725 1374 3780 ille
1402 3743 1638 3798 magnus,
1653 3744 1862 3795 serpens
1887 3731 2021 3782 anti-

413 3834 574 3888 quus:
591 3820 841 3889 projectus
852 3829 924 3874 est
941 3821 992 3872 in
1013 3829 1218 3873 terram.
1237 3819 1350 3874 Hoc
1365 3830 1446 3875 est
1459 3820 1664 3876 initium
1686 3820 2018 3897 Antichristi.

415 3923 544 3967 ante
569 3920 743 3966 tamen
766 3919 978 3983 oportet
1004 3911 1296 3982 prurdicare
1321 3912 1513 3976 Eiiam,
1533 3921 1589 3968 et
1609 3915 1754 3983 pacis
1776 3923 2020 3985 tempora

412 4018 567 4087 esse;
591 4019 654 4058 ac
680 4014 864 4075 postea
888 4005 1278 4060 consummatis
1302 4006 1534 4060 triennio
1554 4021 1608 4061 et
1627 4021 1721 4062 sex
1745 4008 2021 4064 mensibus

410 4095 467 4151 ‘n
495 4097 874 4168 prtedicatione
908 4098 1066 4163 Elite,
1098 4097 1256 4152 etiam
1283 4097 1473 4168 jactari
1512 4115 1633 4154 eum
1661 4100 1729 4154 de
1770 4100 1910 4156 coelo
1931 4101 2020 4156 ubi

410 4191 671 4246 habuerat
686 4201 1005 4260 potestatem
1019 4191 1344 4247 ascendendi
1364 4207 1532 4262 usque
1547 4193 1614 4247 ad
1632 4193 1762 4248 illud
1788 4203 2016 4266 tempus:

409 4295 470 4338 et
497 4284 717 4355 angelos
755 4284 968 4355 refugas
1001 4285 1302 4352 universos,
1333 4286 1410 4340 sic
1435 4296 1492 4340 et
1512 4285 1920 4354 Anticltristum,
1951 4287 2022 4345 de

411 4375 630 4433 inferno
643 4379 912 4442 suscitari,
931 4379 1124 4433 Paulus
1136 4379 1414 4449 apostolus
1427 4380 1530 4435 ait:
1549 4379 1670 4435 Nisi
1681 4383 1820 4453 prius
1832 4383 2021 4438 uenerit

412 4471 678 4536 discessio,
697 4482 745 4526 et
763 4475 1059 4542 apparuerit
1075 4474 1226 4528 homo
1251 4475 1462 4546 peccati,
1491 4477 1631 4546 ﬁlius
1652 4477 1953 4549 perditionis
1974 4490 2020 4534 et

2125 3231 2254 3286 dare
2284 3227 2358 3284 illi
2396 3228 2658 3284 honorem
2682 3270 2695 3293 ,
2735 3237 2791 3282 et
2833 3226 3150 3290 consilium,
3183 3237 3237 3279 ct
3270 3234 3620 3296 potestatem,
3653 3224 3723 3279 de

2126 3325 2316 3396 quibus
2344 3323 2419 3378 ait
2447 3343 2460 3378 :

2197 3419 2284 3473 16.
2318 3416 2392 3470 Hi
2420 3416 2590 3470 odient
2624 3415 2966 3483 meretricem,
3001 3415 3175 3468 urbem
3200 3413 3420 3477 scilicet,
3449 3422 3496 3466 et
3536 3426 3716 3465 carnes

2125 3516 2238 3585 ejus
2275 3513 2565 3567 comburenl
2601 3511 2728 3582 igni.
2764 3509 2938 3565 Unum
2977 3518 3155 3563 autem
3185 3507 3251 3560 de
3277 3505 3544 3576 capitibus
3569 3505 3720 3574 quasi

2125 3611 2363 3666 occisum
2396 3608 2448 3662 in
2480 3615 2739 3671 mortem,
2770 3615 2824 3659 et
2848 3604 3056 3675 plagam
3085 3601 3273 3656 mortis
3301 3599 3419 3668 ejus
3450 3607 3716 3663 curatam,

2127 3703 2398 3758 Neronem
2420 3701 2570 3756 dicit.
2597 3697 2818 3753 Constat
2842 3698 3007 3762 enim,
3039 3695 3166 3750 dum
3197 3695 3570 3763 insequeretur
3595 3705 3717 3744 eum

2127 3795 2394 3866 equitatus
2420 3793 2617 3847 missus
2659 3806 2687 3843 a
2725 3800 2946 3855 senatu,
2977 3789 3149 3858 ipsum
3191 3785 3291 3841 sibi
3329 3785 3506 3856 gulam
3546 3784 3718 3836 succi-

2125 3890 2290 3944 disse.
2308 3889 2459 3942 Hunc
2473 3901 2602 3956 ergo
2617 3887 2930 3939 suscitatam
2949 3886 3084 3937 Deus
3096 3882 3270 3937 mittet
3284 3895 3461 3948 regem
3477 3879 3716 3949 dignum,

2125 3982 2218 4038 sed
2241 3981 2456 4051 dignum
2469 3977 2682 4049 qualem
2698 3973 3212 4030 merueruutJudtei.
3231 3971 3554 4042 thuoniatn
3572 3969 3718 4024 aliud

2125 4088 2320 4129 nomen
2343 4071 2623 4126 habiturus
2649 4080 2763 4134 est,
2794 4068 2935 4122 aliud
2967 4068 3128 4121 etiam
3160 4066 3498 4120 inStituturus
3519 4105 3533 4126 ,
3559 4071 3614 4116 ut
3639 4061 3717 4116 sic

2125 4186 2246 4225 eum
2280 4178 2549 4238 tamquam
2575 4165 2847 4220 Christum
2877 4163 3147 4232 excipiant
3178 4161 3371 4226 Judaei,
3412 4159 3487 4213 ait
3528 4157 3717 4212 Daniel

2124 4264 2322 4336 (Dan.,
2357 4279 2441 4330 xi,
2467 4259 2568 4332 57)
2588 4303 2602 4327 ,
2629 4259 2906 4315 Desideria
2937 4257 3220 4312 mulierum
3250 4270 3354 4310 non
3391 4261 3720 4324 cognoscet,

2124 4374 2244 4414 cum
2265 4357 2409 4428 prius
2423 4355 2584 4411 fuerit
2606 4355 3020 4426 itnpurissintus,
3035 4351 3307 4409 etnullutn
3326 4349 3490 4404 Deum
3506 4357 3719 4418 patrum

2123 4446 2343 4508 suorum
2375 4459 2681 4522 cognoscet.
2713 4447 2826 4503 Non
2856 4451 3000 4503 enim
3032 4447 3290 4502 seducere
3317 4444 3512 4514 poterit
3549 4456 3721 4513 popu-

411 4569 762 4634 advermﬁu,’
920 4570 1185 4624 “emam-1
1209 4535 1363 4640 ,ἀρετ
1387 4535 1536 4626 οτίηξε
1560 4535 1697 4645 quo",
1726 4573 2019 4630 nominatur
2041 4559 2095 4624 Β
2123 4545 2230 4600 lum
2272 4542 2728 4608 circumcisionis,
2763 4542 2863 4596 nisi
2892 4540 3026 4611 legis
3053 4540 3123 4593 sit
3153 4537 3443 4608 judicator.
3477 4535 3720 4604 Denique

419 4659 585 4728 Deus,
618 4661 866 4729 autquod
893 4663 1078 4718 colitur
1109 4661 1183 4734 (Il
1213 4663 1418 4729 Thess.,
1448 4680 1483 4718 ll
1503 4706 1516 4731 ,
1550 4666 1604 4730 5,
1636 4666 1687 4720 4.
1711 4664 1755 4735 ).

984 4793 1052 4832 EX
1091 4792 1285 4833 CAPIT!)
1325 4793 1437 4832 XIII.

2118 4648 2175 4693 et
2203 4649 2421 4693 sanctos
2451 4651 2558 4693 non
2587 4635 2653 4690 ad
2679 4635 2821 4690 idola
2851 4633 3073 4689 colenda
3104 4639 3450 4686 revocaturus
3481 4637 3596 4692 est,
3621 4628 3720 4684 sed

2113 4732 2181 4788 ad
2211 4733 2674 4789 circumcisionem
2703 4730 3120 4801 suscipiendam,
3147 4738 3202 4782 et
3229 4727 3273 4780 si
3315 4739 3450 4796 quos
3479 4723 3722 4795 potuerit

2112 4827 2406 4894 seducere;
2446 4829 2517 4882 ita
2563 4827 2706 4881 enim
2753 4825 2912 4880 faciet
2955 4823 3088 4887 sibi,
3133 4832 3188 4876 ttt
3237 4820 3483 4875 Christus
3521 4817 3591 4872 ab
3633 4817 3714 4872 eis

493 4916 539 4971 Ἰ.
591 4913 657 4970 Et
701 4916 803 4971 uidi
852 4917 915 4971 de
961 4918 1090 4972 mari
1132 4917 1484 4972 ascendentem
1531 4917 1740 4973 bestiam
1793 4921 2009 4975 similem
2109 4922 2430 4994 appelletur.
2479 4921 2554 4977 De
2595 4917 2808 4975 inferno
2855 4925 3036 4972 autem
3077 4914 3159 4986 (4)
3202 4915 3351 4968 illum
3397 4924 3713 4981 resurgere,

1781 5053 2340 5115 COMMENTARIUS.

432 5240 438 5248 .
491 5189 573 5262 (1)
601 5191 809 5259 Septem
850 5191 1020 5260 capita
1047 5199 1236 5260 septem
1256 5198 1614 5262 montesisunt.
1651 5189 1764 5244 Hoc
1792 5206 1856 5244 ex
1885 5206 2004 5258 cap.

419 5261 558 5327 xvn,
579 5264 632 5318 9.
652 5270 920 5331 sutnptutn
948 5273 1049 5328 est,
1079 5278 1246 5332 usque
1273 5277 1360 5327 eo,
1389 5261 1478 5316 ubi
1508 5264 1696 5332 iterum
1728 5262 1890 5316 verba
1916 5264 1999 5325 l5,

414 5335 605 5402 capitis
658 5335 840 5406 incipit
887 5331 1248 5402 interpretari.
1276 5349 1394 5387 cum
1442 5334 1550 5406 ait,
1580 5331 1838 5406 Numerus
1874 5337 2008 5388 enim

414 5408 636 5460 hominis
656 5416 730 5460 est
758 5404 776 5457 ξ
803 5421 923 5475 quze
962 5406 1121 5459 verba
1157 5415 1364 5459 tntttare
1391 5405 1656 5458 noluimus
1683 5404 1753 5457 ob
1783 5404 1832 5458 id
1863 5406 2005 5473 qttod

416 5478 682 5547 interpres
720 5478 832 5545 ipse
867 5476 995 5530 dicit
1038 5477 1294 5545 Spiritum
1342 5486 1585 5530 sanctum
1637 5491 1742 5529 non
1789 5492 2008 5532 servare

417 5548 699 5602 verborum
719 5548 982 5614 ordinem,
999 5549 1093 5603 sed
1111 5563 1139 5601 a
1161 5547 1443 5618 postremis
1467 5547 1728 5602 interdum
1747 5549 1813 5602 ad
1837 5550 2005 5619 prima

416 5619 816 5688 interpretanda
845 5620 1092 5674 transire.

450 5754 454 5758 _
488 5691 570 5762 (2)
616 5691 727 5746 Hoc
744 5707 809 5745 ex
836 5707 955 5762 cap.
977 5708 1110 5755 xvu,
1134 5699 1408 5761 sumptum
1435 5698 1536 5746 est.
1562 5689 1733 5748 αλιι..

488 5761 568 5833 (5)
597 5764 683 5818 Ait
710 5764 879 5821 modo.
905 5761 1008 5820 Hic
1042 5764 1189 5819 locus
1216 5779 1302 5819 me
1342 5762 1433 5818 diu
1476 5763 1661 5832 torsit,
1703 5778 1822 5820 cum
1868 5764 2009 5822 ftede

2115 5193 2137 5264 (
2159 5194 2209 5246 ni
2236 5192 2423 5266 fallor)
2449 5202 2734 5266 corruptus
2759 5204 2902 5249 esset
2932 5211 2946 5246 :
2976 5208 3099 5248 eum
3125 5202 3301 5266 tamen
3327 5190 3599 5266 corrigere
3621 5203 3714 5245 co-

2114 5261 2270 5318 natus
2318 5261 2472 5329 sunt,
2511 5261 2652 5332 quod
2695 5282 2762 5319 an
2827 5275 3149 5320 consecutus
3202 5265 3337 5326 sim,
3393 5261 3714 5317 eruditiores

2113 5335 2362 5390 homines
2385 5336 2722 5404 judicahttnt.
2751 5337 2808 5390 In
2865 5338 3228 5404 manuscripto
3277 5333 3347 5387 ita
3397 5333 3710 5402 legebatur:

2113 5408 2197 5460 Ait
2220 5407 2370 5460 modo
2399 5425 2510 5461 cum
2540 5409 2629 5462 ille
2653 5411 2934 5474 advenerit,
2965 5418 3202 5478 amputus
3223 5407 3333 5459 loco
3361 5414 3558 5478 octavo.
3583 5421 3710 5475 quo-

2112 5480 2248 5531 niam
2272 5483 2322 5531 in
2345 5478 2435 5533 illa
2459 5490 2528 5534 est
2549 5481 2936 5534 consummatio.
2965 5477 3165 5534 Octavo
3193 5478 3312 5530 loco
3338 5477 3712 5532 autichristum

2116 5562 2398 5605 venturum
2427 5552 2583 5616 dicit;
2617 5567 2737 5605 nam
2767 5552 3043 5605 octonario
3070 5565 3295 5604 numero
3326 5547 3585 5616 perfectio
3613 5547 3712 5601 de-

2111 5621 2370 5690 signatur,
2400 5638 2521 5676 cum
2550 5623 2736 5678 mundi
2765 5623 2887 5676 linis
2913 5622 3211 5685 advenerit,
3236 5620 3357 5676 ideo
3382 5619 3526 5676 addit
3553 5636 3566 5671 :
3589 5633 3714 5688 quo-

2114 5693 2252 5748 niam
2282 5697 2334 5748 in
2360 5695 2452 5750 illo
2479 5706 2550 5749 est
2571 5694 2958 5750 consummatio.

2189 5766 2269 5840 (Ii)
2296 5765 2446 5824 Nunc
2477 5767 2616 5822 redit
2642 5766 2709 5822 ad
2740 5779 2858 5838 cap.
2891 5780 3004 5821 xm.
3033 5763 3209 5822 GALL.
