4142 6262
539 325 644 380 545

1689 315 1778 370 DE
1817 309 2155 370 MAGNETE
2195 305 2652 365 PRESBYTERO

3728 296 3836 352 3M

549 425 742 494 ligatus
780 415 863 478 est
899 423 1169 478 diabolus.
1223 418 1323 487 Qui
1352 433 1483 474 vero
1512 416 1653 471 vitiis
1700 424 1757 471 et
1796 411 2136 484 dogmatibus
2163 410 2216 470 Α
2244 443 2273 481 a
2303 441 2429 482 vera
2459 425 2564 480 “de
2593 425 2814 480 dissolvi
2843 431 3162 495 pomorum;
3195 430 3477 494 propterea
3505 433 3637 474 auro
3675 433 3832 472 mu“,

553 516 930 572 haereticorum
970 515 1208 570 irretitus
1237 522 1315 568 est
1339 553 1353 574 ,
1393 512 1445 564 in
1479 525 1545 565 eo
1583 508 1792 564 solutus
1828 515 1911 560 est
1955 502 2140 559 diabo-

547 610 652 665 lus.
682 609 788 665 Sed
817 610 936 679 quia
965 606 1246 676 completis
1279 604 1423 659 mille
1453 602 1608 658 annis
1633 601 1756 656 dicit
1798 614 1921 654 eum
1966 598 2137 661 solvi,

551 715 606 759 et
645 701 913 768 completo
945 700 1302 770 perfectornm
1348 707 1653 751 sanctorum
1682 708 1906 748 numero
1936 692 1988 744 in
2020 689 2136 760 qui-

542 797 643 854 bus
689 811 920 866 corpore
946 804 1000 849 et
1024 794 1186 849 corde
1219 792 1537 863 virginitatis
1562 791 1725 845 decus
1751 799 1832 844 est
1857 787 2008 856 regni
2043 785 2137 840 ad-

540 890 794 946 veniendi
825 888 902 959 (l)
924 885 1272 942 abominandi
1302 885 1570 945 adventu,
1600 882 1750 937 multi
1775 880 1842 935 ab
1862 895 1928 934 eo
1950 893 2136 934 amore

543 994 885 1040 terrenorum
933 981 1139 1037 seducti
1184 977 1694 1051 supplantabuntur,
1727 985 1781 1030 et
1816 973 1976 1028 simul
2011 987 2132 1027 cum

540 1093 607 1133 eo
632 1078 848 1149 igneum
885 1075 1261 1149 ingredienlur
1290 1084 1559 1143 stagnum.

613 1144 765 1226 8:10.
805 1169 868 1224 Et
910 1144 1250 1224 ascenderant
1288 1184 1442 1236 super
1493 1175 1642 1220 terra:
1684 1163 2042 1228 latitudinem,
2086 1173 2135 1216 et

539 1267 807 1320 cinxerunt
855 1273 1026 1318 castra
1078 1271 1403 1325 sanctorum,
1453 1269 1500 1312 et
1545 1257 1782 1312 dilectam
1833 1257 2131 1310 civitatem:

539 1368 586 1412 et
623 1357 877 1410 descendit
928 1357 1062 1426 ignis
1115 1356 1179 1407 de
1229 1353 1356 1408 casto
1393 1371 1424 1404 a
1462 1349 1600 1416 Deo,
1659 1361 1706 1404 et
1761 1348 1980 1402 comedit
2007 1364 2133 1415 eos;

540 1461 588 1503 et
643 1450 877 1503 diabolus
926 1452 1012 1518 qui
1062 1447 1332 1502 seducebat
1381 1462 1497 1511 eos,
1554 1444 1737 1498 missus
1795 1453 1868 1498 est
1925 1444 1979 1496 in
2027 1451 2134 1496 sta-

538 1561 694 1615 gnum
719 1545 852 1615 ignis
898 1552 943 1595 et
971 1542 1268 1612 sulphuris,
1298 1539 1384 1593 ubi
1426 1548 1473 1592 et
1516 1538 1672 1592 bestia
1723 1547 1766 1592 et
1810 1537 2131 1608 pseudopro-

537 1638 692 1706 pheta
715 1635 1076 1690 cruciabuntur
1103 1634 1185 1686 die
1211 1648 1272 1685 ac
1308 1641 1453 1685 nocte
1492 1631 1545 1683 in
1573 1629 1761 1683 swcula
1800 1629 2128 1682 saeculorum.

2243 519 2314 573 do
2353 518 2626 573 sociantur
2649 560 2664 583 ,
2705 533 2774 573 ex
2798 516 2991 589 quibus
3036 517 3178 587 regis
3224 515 3400 586 magni
3435 513 3626 568 civitas
3665 510 3832 567 deco-

2243 623 2411 668 ratur.
2443 613 2642 668 Plateaa
2683 627 2813 668 vero
2849 626 3037 667 eorum
3068 608 3357 665 ostendunt
3402 606 3563 662 corda
3605 605 3674 660 ab
3712 620 3834 660 om-

2243 709 2398 762 nibus
2426 706 2680 762 mundata
2712 706 2992 772 sordibus,
3025 705 3305 774 perSpicua
3348 703 3466 757 luce
3492 699 3689 771 fulgida
3711 741 3727 766 ,
3777 710 3837 756 ut

2242 801 2435 856 merito
2476 801 2527 854 in
2583 801 2650 854 iis
2707 799 3011 855 deambulet
3067 796 3345 852 Dominus.
3393 795 3621 849 Flumen
3673 792 3832 858 vitaz,

2241 891 2532 963 spiritualis
2588 893 2852 947 doctrinae
2921 907 3017 962 per
3069 900 3278 945 mentes
3333 887 3566 943 ﬁdelium
3613 900 3836 941 currere

2239 985 2501 1055 gratiam,
2545 993 2600 1040 et
2633 984 2945 1054 multiplicia
2989 983 3216 1039 odorum
3241 981 3575 1052 gertninasse
3609 979 3836 1033 virentia

2240 1077 2488 1132 ostendit.
2540 1077 2764 1147 Lignum
2797 1079 2918 1132 vitre
2962 1092 3028 1132 ex
3069 1085 3294 1145 utraque
3332 1075 3485 1144 ripa,
3525 1069 3724 1127 Christi
3750 1087 3839 1128 se-
3884 1073 3888 1078 “

2238 1168 2474 1223 cundum
2505 1184 2724 1223 carnem
2763 1169 3000 1224 ostendit
3042 1168 3367 1230 adventum;
3411 1165 3502 1235 qui
3530 1167 3599 1220 ab
3621 1178 3728 1219 uno
3768 1164 3836 1219 li-

2239 1276 2344 1330 gno
2389 1260 2564 1314 crucis
2609 1261 2770 1313 vitam
2817 1259 3193 1326 suscipientes,
3239 1255 3465 1327 populos
3513 1255 3652 1310 fame
3707 1269 3838 1309 con-

2238 1362 2480 1423 sumptos
2540 1351 2688 1406 verbi
2740 1351 2829 1405 Dei
2874 1349 3256 1420 praedicatione
3305 1347 3540 1401 satiavit.
3609 1346 3675 1400 Et
3709 1346 3835 1416 quia

2239 1446 2366 1501 dicit
2398 1446 2450 1499 in
2491 1445 2706 1500 civitate
2747 1444 2918 1499 solem
2965 1459 3072 1497 non
3099 1457 3221 1498 esse
3276 1440 3682 1503 necessarium,
3722 1439 3835 1494 evi—

2239 1537 2438 1593 denter
2469 1537 2711 1594 ostendit.
2747 1547 3051 1592 creatorem
3086 1536 3267 1590 lumen
3302 1531 3704 1587 immoenlatum
3733 1529 3833 1585 ful-

2237 1646 2368 1700 gere
2391 1631 2443 1684 in
2469 1629 2651 1684 medio
2677 1629 2795 1699 ejus
2814 1672 2829 1696 ,
2856 1628 3012 1698 cujus
3033 1627 3378 1698 splendorem
3403 1615 3582 1680 nullus
3601 1623 3835 1695 potuerit

536 1730 653 1787 Hoc
710 1732 820 1801 jam
894 1730 961 1783 ad
1014 1729 1276 1799 judicium
1349 1725 1702 1780 novissimum
1766 1724 2034 1794 pertinet,
2087 1734 2142 1780 et
2173 1729 2220 1789 B
2245 1738 2438 1780 sensus
2461 1725 2697 1793 cogitare
2722 1738 2821 1777 nec
2847 1722 3025 1792 lingua
3053 1719 3319 1791 proloqui.
3339 1718 3492 1786 Quod
3514 1733 3579 1772 ex
3606 1725 3837 1788 quatuor

532 1838 661 1900 post
704 1828 974 1883 modicum
1027 1824 1187 1879 tellus
1231 1821 1439 1878 reddita
1479 1831 1562 1876 est
1594 1830 1816 1884 sancta,
1850 1820 2034 1889 utique
2079 1820 2132 1874 in

533 1937 641 1992 qua
687 1919 889 1974 dudum
919 1919 1241 1989 quieveram
1286 1929 1517 1986 corpora
1561 1913 1798 1984 virginea
1837 1927 1997 1967 :cum
2029 1913 2133 1966 im-

532 2016 748 2070 mortali
788 2030 915 2085 rege
955 2025 1217 2069 aeternum
1250 2011 1548 2081 suscipient
1583 2023 1846 2078 regnum,
1894 2007 1984 2077 qui
2025 2021 2130 2060 non

532 2110 708 2164 solum
740 2123 968 2177 corpore
992 2107 1226 2177 virgines
1247 2147 1262 2170 ,
1299 2105 1394 2160 sed
1423 2113 1477 2158 et
1514 2104 1695 2172 lingua
1723 2112 1776 2156 et
1804 2101 2132 2171 cogitatione

530 2204 736 2274 pariter
780 2200 1161 2257 inviolabiliter
1190 2214 1250 2254 se
1295 2214 1322 2250 a
1382 2197 1619 2267 nequitia
1669 2203 1980 2250 tutaverunt
2012 2190 2127 2267 (2),

530 2313 670 2368 quos
737 2297 1102 2354 exsultaturos
1153 2309 1273 2349 cum
1322 2294 1475 2363 Agno
1527 2292 1864 2346 demonstrat
1919 2303 2132 2358 perma-

535 2408 688 2448 nere.

968 2480 1038 2518 ΒΧ
1078 2478 1267 2517 CAPITE
1317 2477 1406 2515 XXI
1456 2476 1524 2514 ΕΤ
1567 2474 1698 2513 XXII.

563 2576 699 2630 '16.
755 2574 820 2630 Et
867 2577 1044 2630 civitas
1096 2576 1150 2628 in
1213 2574 1409 2645 quadra
1459 2574 1625 2643 positu
1676 2582 1768 2627 est.
1845 2569 2131 2625 Civitatem

527 2684 688 2740 quam
729 2668 859 2725 dicit
907 2669 1253 2739 quadratam,
1305 2681 1438 2721 auro
1485 2677 1539 2721 et
1583 2664 1841 2736 pretiosis
1883 2663 2131 2733 reSplen-

528 2763 659 2818 dere
689 2763 956 2832 lapidibus
979 2807 995 2828 ,
1043 2773 1096 2817 et
1124 2762 1358 2832 plateam
1396 2770 1636 2816 sanctam
1657 2802 1672 2825 ,
1701 2769 1756 2814 et
1803 2757 2002 2812 ﬂumen
2034 2771 2132 2826 per

537 2855 775 2910 medium
801 2897 814 2920 ,
845 2866 898 2910 et
941 2856 1140 2925 lignum
1189 2857 1313 2908 vita:
1341 2869 1405 2907 ex
1453 2863 1678 2923 utraque
1722 2860 1874 2921 parte
1927 2849 2131 2913 faciens

533 2952 746 3006 fructus
793 2951 1080 3005 duodecim
1128 2965 1224 3020 per
1269 2948 1555 3018 duodecim
1603 2963 1854 3009 menses,
1905 2955 1960 3000 et
2001 2945 2132 3000 solis

535 3043 717 3100 lumen
764 3043 835 3098 ibi
890 3059 996 3098 non
1045 3057 1204 3107 esse,
1256 3044 1379 3112 quia
1424 3043 1607 3112 Agnus
1639 3050 1720 3094 est
1764 3040 1851 3094 lux
1887 3039 2034 3108 ejus;
2078 3047 2134 3092 et

2240 1815 2487 1886 partibus
2531 1823 2712 1884 portas
2741 1811 2870 1868 dicit
2912 1823 3092 1868 ternas
3118 1826 3238 1867 esse
3281 1811 3482 1882 positas
3509 1825 3576 1865 ex
3608 1808 3839 1878 singulis

2240 1909 2588 1980 margaritis,
2638 1918 2866 1979 quatuor
2903 1908 3136 1962 arbitror
3177 1921 3300 1962 esse
3346 1907 3601 1972 virtutes,
3641 1903 3837 1960 videli-

2236 2012 2321 2058 cet
2351 2002 2710 2071 prudentiam,
2756 2000 3141 2065 fortitudinem,
3180 2001 3464 2069 justitiam,
3519 2010 3834 2070 temperan-

2239 2097 2406 2162 tiam,
2461 2111 2579 2166 quae
2645 2095 2873 2150 invicem
2927 2095 3027 2150 sibi
3085 2094 3310 2150 haerent.
3365 2094 3432 2148 Et
3474 2093 3599 2147 dum
3649 2104 3836 2147 mutuo

2239 2191 2575 2256 miscentur,
2622 2189 3011 2244 duodenarium
3045 2187 3286 2244 efﬁciunt
3314 2203 3618 2243 numerum.
3642 2186 3836 2243 Portas

2238 2299 2369 2340 vero
2398 2283 2683 2338 duodecim
2705 2325 2720 2349 ,
2773 2283 3154 2352 Apostolorum
3195 2297 3315 2338 esse
3356 2283 3626 2337 credimus
3647 2296 3834 2338 nume-

2237 2393 2357 2432 rum
2379 2421 2392 2443 ,
2429 2378 2518 2448 qui
2550 2379 2600 2431 in
2632 2387 2862 2447 quatuor
2905 2377 3191 2431 virtutibus
3220 2386 3277 2431 ut
3321 2377 3571 2447 pretiosa:
3615 2391 3831 2446 marga-

2239 2472 2355 2526 rita:
2392 2470 2748 2542 fulgentibus,
2779 2471 2919 2525 inter
2962 2481 3179 2524 sanctos
3223 2470 3400 2524 lumen
3429 2469 3693 2524 doctrina:
3719 2484 3832 2524 suae

2240 2567 2654 2621 manifestantes
2701 2565 2972 2620 civitatem
3021 2563 3298 2620 eteleSIetu
3344 2563 3549 2632 ingredi
3590 2562 3826 2630 faciunt;

2241 2672 2300 2716 ut
2352 2662 2420 2717 de
2473 2661 2885 2716 conversatione
2943 2675 3171 2725 eorum,
3239 2659 3553 2728 angelorum
3615 2658 3829 2714 laetetur

2240 2758 2460 2812 chorus.
2507 2755 2624 2811 Non
2668 2770 2826 2826 posse
2865 2766 3042 2810 autem
3070 2754 3244 2809 claudi
3287 2765 3470 2824 portas
3496 2797 3511 2819 ,
3549 2755 3828 2812 evidenter

2240 2849 2539 2904 ostenditur
2568 2848 2712 2902 nulla
2754 2847 3233 2903 contradicentium
3274 2856 3590 2917 tempestate
3618 2857 3827 2916 aposto-

2239 2944 2413 2997 lorum
2461 2942 2762 2997 dnctrinam
2814 2944 3048 3012 separari
3113 2957 3142 2995 a
3215 2942 3563 3012 rectitudine,
3615 2942 3824 2998 etiamsi

2242 3037 2434 3094 ﬂuctus
2471 3037 2745 3108 gentium,
2778 3044 2836 3090 et
2874 3035 3249 3091 haereticorum
3293 3050 3443 3090 vana:
3489 3035 3824 3105 superstitio-

529 3147 713 3205 portas
741 3136 858 3206 ejus
888 3135 956 3190 de
978 3134 1202 3203 singulis
1237 3134 1540 3203 margaritis
1560 3173 1577 3198 ,
1611 3141 1792 3187 ternas
1836 3141 2022 3198 portas
2058 3145 2124 3184 ex
2151 3147 2198 3211 ρ
2240 3145 2336 3185 nes
2366 3139 2552 3184 contra
2600 3127 2760 3182 ﬁdem
2788 3142 2976 3182 eorum
3003 3143 3185 3182 veram
3211 3128 3605 3182 insurrexcrint
3628 3146 3642 3181 :
3667 3141 3824 3197 sape-

527 3241 758 3300 quatuor
817 3231 1093 3300 partibus,
1142 3239 1196 3284 et
1243 3228 1415 3283 claudi
1459 3243 1566 3281 non
1607 3241 1787 3296 posse.
1840 3225 2124 3282 Civitatem

526 3325 746 3395 inquam
781 3324 1091 3394 quadratam
1125 3333 1430 3378 sanctorum
1454 3322 1742 3376 adunatam
1783 3320 1994 3374 turbam
2031 3335 2123 3375 os-

525 3417 742 3481 tendit,
776 3418 828 3471 in
857 3418 1048 3486 quibus
1080 3418 1226 3471 nullo
1268 3417 1429 3470 modo
1471 3417 1603 3471 ﬁdes
1627 3415 1889 3470 ﬂuctuare
1927 3417 2118 3480 potuit.

525 3506 669 3563 Sicut
703 3507 816 3563 Noe
849 3509 1156 3578 praecipitur
1197 3508 1365 3578 (Gen.
1411 3525 1494 3571 vt,
1530 3507 1673 3578 M),
1705 3518 1760 3561 ut
1800 3521 1864 3562 ex
1891 3507 2123 3577 quadra-

525 3602 598 3656 tis
625 3602 783 3673 lignis
827 3601 1028 3658 faceret
1059 3619 1235 3656 arcam
1259 3646 1273 3664 ,
1309 3618 1426 3668 quae
1455 3602 1638 3656 diluvii
1670 3611 1850 3670 posset
1889 3603 2121 3671 impetus

522 3695 707 3762 ferre,
757 3698 1024 3769 pretiosos
1070 3698 1276 3766 lapides
1304 3697 1392 3766 qui
1439 3696 1702 3750 ﬂuctuare
1740 3711 1847 3750 non
1891 3704 2122 3766 possunt

525 3791 581 3844 in
615 3791 992 3860 persecutione
1019 3801 1236 3846 sanctos
1267 3792 1409 3845 viros
1439 3791 1674 3845 ostendit
1693 3831 1709 3855 ,
1737 3790 1825 3860 qui
1860 3804 1956 3844 nec
1982 3797 2117 3843 tem-

528 3892 736 3955 pestate
768 3895 1175 3956 persecutorum
1224 3885 1467 3948 moveri,
1512 3900 1612 3940 nec
1655 3885 1859 3955 impetu
1917 3883 2110 3953 pluviae

2231 3226 2368 3289 rati,
2433 3232 2487 3278 ut
2535 3237 2739 3293 spuma:
2785 3222 3168 3284 dissolvuntur,
3210 3224 3333 3291 quia
3380 3232 3528 3290 petra
3574 3219 3823 3276 Christus

2231 3327 2313 3374 est
2338 3359 2352 3380 ,
2385 3330 2413 3368 a
2464 3329 2571 3385 quo
2598 3325 2652 3369 et
2696 3329 2789 3384 per
2817 3329 2974 3383 quem
3012 3313 3254 3369 Ecclesia
3283 3313 3558 3369 fundatur.
3587 3313 3824 3383 Ideoque

2231 3409 2388 3463 nullis
2434 3407 2685 3462 fluctibus
2745 3407 3125 3462 insanientium
3175 3405 3455 3461 hominum
3509 3414 3818 3477 superatur.

2228 3503 2374 3572 Ergo
2403 3500 2654 3557 audiendi
2686 3515 2792 3555 non
2830 3511 2956 3554 sunt
2994 3499 3084 3569 qui
3125 3499 3270 3554 mille
3304 3514 3567 3554 annorum
3595 3514 3819 3570 regnum

2229 3608 2501 3653 terrenum
2541 3610 2662 3651 esse
2707 3593 3020 3650 corﬁrmant
3046 3635 3062 3660 ,
3102 3596 3192 3666 qui
3241 3610 3362 3648 cum
3406 3591 3664 3649 Cerintho
3711 3595 3821 3648 inc-

2225 3691 2397 3744 retico
2432 3688 2688 3743 sentiunt.
2735 3686 2878 3762 Nam
2898 3702 3122 3758 regnum
3169 3686 3368 3742 Christi
3395 3703 3538 3742 nunc
3568 3697 3652 3740 est
3676 3702 3818 3742 seut-

2223 3785 2490 3855 piternum
2533 3782 2584 3836 in
2632 3782 2830 3836 sanctis
2856 3823 2872 3849 ,
2920 3797 3044 3838 cum
3087 3780 3246 3837 fuerit
3291 3781 3458 3852 gloria
3485 3789 3609 3852 post
3635 3795 3815 3837 resur-

2218 3879 2514 3935 rectionem
2544 3873 2888 3930 manifestata
2922 3885 3256 3930 sanctorum.

1884 4013 2442 4075 COMMENTARIUS.

519 4148 549 4206 a
595 4133 870 4204 proposito
925 4134 1116 4206 deduci
1167 4135 1428 4203 religione
1488 4136 1846 4206 prohiberer,
1889 4134 2119 4189 libenter

522 4205 596 4258 ita
623 4206 978 4260 restituisseut
1004 4225 1018 4259 :
1047 4205 1193 4260 Mille
1217 4224 1470 4262 annorum
1485 4205 1697 4278 regnum
1726 4207 1947 4261 arbitror
1969 4217 2116 4261 mter-

521 4292 645 4329 num
680 4292 820 4337 esse,
868 4289 956 4330 aut
997 4279 1040 4331 si
1090 4294 1190 4331 non
1225 4280 1296 4332 ita
1339 4281 1657 4333 sentiendum
1689 4289 1795 4343 est,
1828 4289 1931 4334 etc.

2223 4144 2382 4199 quam
2415 4129 2638 4203 minime
2681 4143 2894 4199 possem
2936 4129 3286 4186 declinarem.
3340 4131 3452 4203 Ego
3493 4134 3544 4188 in
3576 4133 3660 4189 his
3711 4152 3812 4190 an-

2223 4201 2597 4285 notationibus
2639 4217 2760 4270 qum
2812 4211 2925 4255 tuto
2961 4203 3234 4284 castigare
3280 4201 3461 4286 ponii,
3515 4205 3654 4259 bona
3711 4207 3814 4261 ﬁde

2223 4281 2450 4343 praestiti
2484 4289 2496 4324 :
2540 4288 2716 4343 neque
2747 4288 2888 4340 sunt,
2929 4281 2974 4327 si
3001 4281 3120 4340 quis
3148 4281 3456 4343 Opinionem
3491 4292 3664 4330 meam
3711 4281 3813 4331 int-

597 4348 680 4429 (t)
729 4348 1065 4403 Advenieudi.
1126 4349 1374 4415 Venturi,
1422 4367 1518 4406 seu
1563 4351 1886 4416 adveniente,
1919 4351 2114 4422 opinor
2138 4347 2192 4408 Ι)
2220 4344 2575 4429 probaverit,
2605 4344 2862 4428 continuo
2912 4344 3017 4429 illim
3041 4361 3402 4402 succensurus
3423 4391 3438 4415 ,
3471 4358 3676 4402 tantum
3719 4351 3814 4404 illo

517 4417 621 4488 legi
673 4431 948 4480 Oportere.

575 4489 670 4571 .02)
701 4489 1041 4571 Y‘utaverttttt.
1074 4492 1368 4571 Pro__tutati
1409 4505 1535 4571 sunt
1569 4495 1797 4563 positum
1843 4510 1967 4571 esse
1992 4497 2109 4551 exi-

517 4560 704 4616 stimo.
753 4560 864 4616 Nos
915 4579 1034 4617 cum
1089 4565 1364 4620 meliorem
1416 4560 1698 4621 lectionem
1748 4583 1851 4621 non
1881 4567 2110 4624 habere-

517 4647 867 4714 musaquatn
911 4635 980 4714 iu_
1009 4636 1181 4714 veteri
1229 4637 1523 4714 eiu-inpleri
1560 4638 1891 4699 invenimus.
1947 4641 2106 4694 etiam

513 4704 562 4757 si
619 4704 839 4785 titinime
895 4708 1050 4760 nobis
1083 4706 1187 4785 illa
1237 4704 1588 4776 probaretur,
1647 4711 2000 4778 reliquimus,
2049 4721 2108 4767 ut

513 4773 844 4856 eruditiores
865 4787 957 4831 ant
977 4773 1353 4856 conjecturam
1371 4773 1608 4834 nostram
1641 4773 1994 4856 reciperent,
2015 4793 2108 4838 aut

517 4845 697 4923 locum
723 4847 822 4923 ipsi
845 4863 942 4902 suo
963 4845 1185 4904 arbitrio
1210 4851 1542 4923 inquinatum
1563 4845 1909 4923 castiga-rent.
1933 4845 2108 4909 Obso-

507 4916 619 4970 lcta
679 4918 844 4972 verba
897 4931 1104 4977 mutare
1159 4921 1342 4987 nolui,
1401 4935 1456 4976 ιιι
1528 4925 1597 4978 ab
1635 4916 1856 4994 antiquo
1920 4926 2108 4981 codice

2217 4417 2495 4471 meliorem
2523 4417 2915 4486 certioremque
2940 4415 3162 4480 atlerat;
3202 4434 3363 4487 quam
3407 4427 3610 4474 tantum
3657 4422 3816 4477 abest

2217 4497 2273 4541 ut
2299 4487 2573 4554 rejiciat'n,
2608 4497 2664 4540 ut
2687 4487 2928 4555 ejusdem
2959 4504 3044 4541 me
3067 4488 3410 4544 defensorem
3453 4491 3553 4544 εἰιιι
3599 4492 3813 4548 sincere

2215 4558 2563 4629 professurus
2595 4577 2608 4612 :
2644 4559 2861 4613 libellus
2881 4569 3032 4614 certe
3079 4560 3148 4613 ita
3203 4562 3342 4616 male
3370 4577 3398 4615 a
3442 4563 3679 4616 librariis
3715 4580 3807 4619 ac-

2213 4640 2404 4704 ceptus
2449 4639 2570 4690 est.
2629 4639 2688 4684 ut
2732 4631 2821 4704 vix
2869 4633 3032 4704 omni
3063 4631 3339 4702 diligentia
3393 4633 3600 4688 restitui
3647 4651 3808 4704 posse

2213 4703 2492 4756 videretur
2526 4718 2539 4754 :
2572 4717 2678 4770 quo
2725 4700 2815 4764 ﬁt.
2864 4715 2921 4755 ut
2965 4700 3176 4756 minus
3208 4705 3460 4773 culpandi
3513 4700 3719 4769 simus,
3762 4710 3807 4763 si

2210 4773 2575 4848 conjecturam
2611 4773 2804 4848 alicubi
2849 4773 3135 4848 maluimus
3185 4777 3379 4847 sequi,
3423 4792 3585 4848 quam
3615 4787 3808 4834 conta-

2213 4845 2403 4901 minati
2431 4843 2754 4915 exemplaris
2784 4843 3177 4901 auctoritatem.

539 5034 3801 5069 ._________._.________________________

919 5112 1158 5235 DE
1273 5113 1792 5241 MAGN
1807 5119 2021 5240 ET
2027 5121 2133 5242 E
2243 5106 3390 5252 PRESBYTE‘RO

1082 5336 1516 5463 NOTITIA
1597 5339 2125 5471 HlS’l‘ﬂBICA

2273 5341 2464 5473 CUM
2550 5345 3200 5490 FRAGMENTﬂ.

1680 5549 1769 5605 EX
1819 5551 1878 5609 D.
1925 5551 2212 5610 LUMPER
2256 5554 2644 5611 DESUMPTA.

1029 5682 1318 5723 Αιτιουιυε
1360 5679 1566 5723 PRIMUS.

1007 5759 1136 5829 Ejus
1168 5759 1294 5815 Viue
1320 5760 1593 5833 Synopsis.

579 5848 794 5922 Magnes
827 5851 913 5920 qui
950 5861 996 5905 et
1039 5851 1296 5908 Macarius
1329 5853 1539 5924 Magnes
1560 5896 1574 5921 ,
1606 5870 1706 5924 quo
1737 5864 1959 5928 tempore
1987 5855 2096 5912 cla-

2194 5671 2318 5725 ruit.
2363 5669 2637 5742 Presbyter
2677 5671 3180 5743 Hierosolymitanus
3220 5677 3380 5748 fuisse
3418 5680 3656 5735 traditur.
3713 5684 3792 5738 An

2197 5765 2351 5818 etiam
2385 5762 2709 5835 Episcopus?
2733 5797 2801 5806 —-
2825 5765 3070 5837 Magnes,
3102 5768 3215 5824 sive
3243 5767 3514 5840 Magnetes
3534 5815 3548 5837 ,
3581 5776 3664 5829 vel
3698 5791 3794 5846 po-

2201 5860 2307 5914 tius
2347 5858 2607 5914 Macarius
2645 5858 2890 5930 Magnes,
2937 5859 3216 5918 desinentc
3257 5863 3458 5920 sarculo
3499 5867 3663 5923 tertio
3718 5871 3791 5926 llo
