4196 6246
253 249 367 306 315

1573 245 1848 303 NOTITIA
1883 245 2262 305 HISTORICA.

3433 249 3538 306 δια

250 365 430 421 ruisse
457 362 812 419 existiInatur.
844 361 921 416 Ita
951 360 1165 433 quidem
1203 376 1315 435 pra:
1346 362 1555 418 caeteris
1596 362 1846 417 doetissi-
1881 364 1925 423 Α
1951 363 2069 417 nius
2107 363 2211 435 (1).
2257 361 2542 435 Complura
2580 380 2711 422 vero
2750 366 3061 423 eorumdem
3101 364 3537 438 Apocriticorum

248 472 378 513 mus
401 456 791 523 Tilmmontius,
840 456 933 527 qui
983 456 1052 512 de
1095 457 1198 512 isto
1245 456 1494 513 Ecclesiae
1545 458 1839 528 scriptore,

245 550 473 607 obscuri
520 550 747 606 nominis
787 550 941 618 licet,
992 550 1267 623 ipsiusque
1312 552 1612 606 litterarum
1652 566 1843 607 monu-

246 646 454 701 mentis
487 645 617 700 satis
649 645 929 715 diligenter
962 643 1210 699 edisserit
1243 643 1348 719 (1).
1393 643 1711 700 Guilieltnus
1748 660 1845 699 au-

245 747 362 795 tem
418 736 624 794 Caveas
674 754 778 793 non
833 738 1006 794 solum
1060 738 1294 793 auctoris
1345 746 1558 793 aztatem
1616 737 1844 793 antehac

250 834 638 903 incompertam
664 876 681 899 ,
713 831 808 889 sed
834 848 941 903 quo
969 832 1129 887 etiam
1176 833 1488 889 charactere
1527 831 1689 887 fuerit
1716 832 1844 888 insi-

248 926 511 997 siguitus,
556 925 833 996 expiscari
872 926 975 980 sibi
1018 925 1232 980 demum
1280 926 1495 981 licuisse
1540 927 1841 997 profitetur.

252 1019 345 1075 Sic
373 1019 514 1073 enim
546 1019 634 1074 ille
663 1018 774 1091 (9.):
806 1016 1104 1074 Germanus
1132 1017 1434 1088 patriarcha
1471 1020 1840 1075 constantino-

251 1112 520 1183 politanus
550 1112 604 1166 in
638 1112 950 1183 Dogmatico
986 1112 1053 1166 ad
1097 1111 1410 1167 Anthimum
1449 1128 1551 1167 ms.
1593 1118 1731 1183 apud
1770 1113 1841 1169 el.

251 1206 476 1260 Galeam
498 1246 514 1269 ,
546 1203 634 1258 ubi
665 1204 734 1260 de
761 1204 970 1274 synodo
1006 1205 1322 1261 antiochena
1357 1206 1613 1262 adversus
1652 1200 1842 1263 Samo-

249 1310 498 1355 satenum
541 1299 683 1369 agit,
725 1297 840 1355 haec
879 1298 1061 1357 habet.
1106 1298 1427 1367 lntererant,
1468 1300 1670 1371 inquit,
1712 1298 1845 1355 Con-

249 1396 374 1450 cilio
397 1393 733 1451 Antiocheno
751 1402 937 1449 contra
967 1394 1183 1449 Paulum
1212 1395 1615 1451 Samosalenum
1638 1392 1843 1464 Grego-

246 1488 364 1544 rius
394 1487 821 1560 Thaumaturgus
843 1531 859 1552 .
891 1487 993 1543 Leo
1024 1486 1291 1543 Tarsensis
1320 1489 1339 1559 (
1356 1488 1637 1560 legendum
1664 1489 1845 1559 judice

248 1579 435 1637 Caveo
460 1583 629 1644 Bittio,-
656 1597 752 1652 pro
779 1594 951 1648 Λεων,
982 1584 1083 1638 levi
1116 1582 1433 1647 mutatione,
1467 1584 1513 1638 is
1549 1584 1691 1639 enim
1728 1593 1846 1639 erat

248 1676 356 1732 hoc
388 1686 626 1747 tempore
655 1678 913 1732 tarsensis
941 1678 1254 1748 episcopus,
1286 1677 1360 1731 uti
1403 1676 1604 1732 diserte
1647 1676 1847 1732 habent

1948 461 2372 531 ἁποσπασμάτια
2390 468 2575 515 extare
2604 470 2899 516 noscuntur
2925 461 2977 515 in
3000 458 3285 532 Nicephori
3310 458 3537 531 patriar-

1947 550 2063 606 clue
2112 551 2670 621 constantinopolitani
2719 552 2859 608 libris
2902 552 3256 607 Antirrheticis
3295 550 3537 607 adversus

1946 643 2347 709 Iconomachos;
2371 661 2490 714 quae
2521 647 2739 703 ineunte
2767 647 2868 703 hoc
2893 650 3092 703 saeculo
3118 647 3197 702 vir
3221 647 3401 702 clarus
3426 646 3541 703 An-

1946 738 2146 794 selmus
2176 737 2473 794 Bandurius
2500 738 2792 795 monachus
2821 739 3053 813 etabbas
3073 738 3443 795 benedictione
3468 753 3538 795 ex

1947 831 2105 902 regiis
2135 830 2407 887 codicibus
2444 831 2741 901 descripta,
2786 830 2900 887 fere
2938 848 2967 885 a
2998 846 3059 887 se
3097 830 3149 885 in
3182 830 3354 887 lucem
3385 830 3538 886 emit-

1946 922 2106 978 tenda
2135 924 2263 979 viris
2294 923 2518 979 eruditis
2561 934 2841 995 receperat
2881 922 2999 996 (2):
3044 922 3239 979 additis
3276 932 3539 994 praeterea

1948 1017 2216 1073 nonnullis
2263 1016 2577 1088 fragmentis
2624 1019 3000 1076 commentarii
3040 1017 3281 1088 ejusdem
3327 1016 3543 1074 Macarii
3596 1054 3599 1057 ›

1945 1111 2199 1182 Magnetis
2224 1113 2276 1167 in
2303 1112 2551 1168 Gcnesim
2573 1152 2588 1178 ,
2620 1129 2686 1169 ex
2710 1128 2810 1169 ms.
2841 1112 3028 1169 codice
3052 1110 3403 1169 ottoboniano
3431 1110 3532 1168 de-

1947 1206 2195 1275 sumptis.

2017 1299 2240 1369 Jamque
2277 1310 2432 1356 antea
2471 1301 2741 1371 integrum
2800 1300 2995 1356 librum
3047 1310 3425 1372 excerptorum
3471 1313 3541 1356 ex

1947 1390 2220 1461 scriptoris
2263 1392 2429 1447 nostri
2467 1392 2774 1462 apocriticis
2819 1391 3098 1448 detexerat
3144 1392 3542 1448 eruditissimus

1946 1484 2179 1541 Joannes
2214 1486 2467 1542 Bovinius
2513 1487 2567 1541 in
2604 1485 2889 1556 Nicephori
2933 1485 3308 1543 Antirrheticis
3349 1486 3543 1541 inscri—

1948 1589 2139 1650 ptum:
2184 1580 2248 1634 de
2277 1579 2597 1635 Testimoniis
2640 1579 2860 1635 Macarii
2901 1578 3178 1653 Magnetis,
3221 1580 3298 1636 uti
3324 1581 3552 1652 ipsemet

1948 1681 2176 1729 testatur
2202 1674 2307 1745 (5).

245 1769 537 1831 Eusebius,
560 1768 844 1840 Syncellus
864 1780 917 1825 et
942 1767 1299 1843 Nicephorus)
1322 1768 1581 1825 Maximus
1607 1768 1845 1824 Bostren-
1874 1770 1922 1831 B
2019 1765 2154 1820 Dum
2198 1781 2326 1821 vero
2369 1766 2437 1821 ab
2481 1766 2563 1821 bis
2609 1765 2904 1821 duumviris
2942 1765 3241 1838 evulganda
3283 1764 3550 1836 ejusmodi

243 1863 339 1929 sis,
365 1868 451 1918 καὶ
474 1861 838 1939 Ἱεροσολύμων
863 1864 1060 1937 Μάγνης
1083 1884 1161 1923 τις
1185 1864 1347 1939 ἱερεὺς
1373 1865 1459 1918 καὶ
1483 1872 1574 1924 τῆς
1598 1864 1850 1938 ἡμετέρας

244 1952 615 2015 Καππαδοκίας
641 1955 957 2031 Φιρμιλιανός
984 1956 1313 2028 ὀθαμάσιος,
1336 1953 1674 2021 Tlteotecnus,
1701 1954 1849 2008 Pho-

244 2050 427 2113 tinus,
467 2044 776 2111 Marcellus,
813 2058 917 2101 etc.
950 2046 1155 2102 Claruit
1206 2048 1365 2119 igitur
1393 2063 1534 2103 anno
1562 2047 1705 2114 265,
1742 2064 1851 2121 quo

247 2139 443 2196 habita
468 2148 549 2196 est
575 2138 834 2195 adversus
863 2139 1085 2195 Paulum
1116 2140 1415 2197 Antiochiae
1443 2141 1713 2213 synodus;
1745 2141 1850 2198 sal—

248 2244 366 2290 tem
389 2248 532 2287 anno
557 2247 665 2288 uno
691 2233 930 2289 alterove
958 2234 1223 2305 sequenti.
1252 2234 1547 2306 Episcopos
1573 2234 1716 2290 enim
1749 2234 1851 2291 hac

262 2326 549 2383 occasione
579 2330 713 2382 κατὰ
742 2329 917 2403 καιρὸν
945 2325 1196 2404 διαφόρως
1226 2331 1312 2383 καὶ
1338 2328 1573 2389 πολλάκις
1602 2327 1653 2382 in
1685 2339 1849 2382 unum

242 2420 442 2475 coiisse
479 2416 644 2474 refert
671 2417 938 2474 Eusnbius
967 2419 1059 2474 lib.
1094 2435 1198 2487 vn,
1230 2435 1351 2489 cap.
1394 2418 1503 2487 28,
1546 2418 1723 2490 quod,
1767 2417 1850 2475 vel

241 2511 318 2569 de
348 2511 576 2567 diversis
594 2511 811 2583 synodis
829 2512 910 2567 vel
932 2512 999 2567 de
1011 2512 1237 2567 diversis
1254 2512 1492 2583 ejusdem
1515 2511 1705 2584 synodi
1725 2526 1844 2568 ses-

243 2604 496 2660 sionibus
522 2603 914 2674 intelligendum
945 2614 1046 2660 est.
1069 2605 1336 2677 Quidquid
1359 2607 1448 2673 sit,
1497 2606 1582 2662 vix
1630 2606 1699 2663 de
1740 2606 1844 2662 alia

244 2698 485 2770 synodo.
528 2714 684 2768 quam
727 2714 847 2770 qua:
888 2713 1030 2755 anno
1067 2699 1195 2766 265,
1250 2698 1426 2754 habita
1472 2711 1585 2765 est,
1630 2700 1850 2768 intelligi

245 2799 429 2858 potest
467 2788 786 2856 Germanus,
813 2806 934 2846 cum
984 2791 1086 2847 hoc
1128 2791 1341 2848 circiter
1381 2807 1522 2847 anno
1562 2790 1850 2863 Gregorius

242 2882 360 2938 Tha
368 2893 682 2955 nmaturgus
700 2883 897 2939 obiisse
912 2882 1122 2939 dicitur.
1142 2884 1275 2940 Cum
1295 2885 1452 2956 igitur
1467 2886 1718 2942 sacerdos
1736 2886 1850 2943 fue-

240 2977 311 3032 rit
332 2975 841 3049 bierosolymitanus
861 2975 1078 3047 Magnes
1098 2987 1299 3041 noster,
1348 2976 1695 3050 Hymenaeum
1736 2979 1849 3051 epi-

241 3087 472 3145 scopum
487 3086 641 3128 Suum
664 3087 730 3128 eo
746 3072 1027 3128 comitatus
1054 3080 1153 3127 est.
1178 3071 1368 3128 Plures
1386 3073 1527 3128 enim
1550 3073 1848 3145 presbyteri

1954 1860 2185 1930 pretiosa
2226 1859 2503 1930 scriptoris
2546 1859 2892 1915 vetustissimi
2942 1869 3289 1915 monumenta
3332 1858 3550 1915 solliciti

1954 1950 2400 2021 exspectabamus
2418 1993 2433 2017 ,
2463 1966 2613 2022 spem
2644 1952 2771 2007 fecit
2797 1951 3053 2021 deinceps
3080 1950 3303 2022 Magnus
3330 1948 3554 2006 Crusius

1954 2042 2034 2116 (4)
2082 2059 2179 2098 nos
2223 2044 2293 2100 ab
2330 2060 2389 2100 se
2439 2043 2654 2100 tandem
2698 2042 2886 2099 eadem
2935 2054 3189 2115 excerpta
3240 2043 3552 2116 propediem

1953 2138 2121 2196 fuisse
2159 2148 2512 2210 accepturos,
2545 2155 2665 2209 qua:
2697 2138 2951 2194 nimirum
2992 2154 3114 2194 cum
3151 2153 3218 2195 eo
3254 2139 3555 2196 communi-

1956 2237 2094 2290 carit
2132 2235 2360 2305 ispetnet
2400 2234 2678 2289 Bovinius.
2720 2233 2892 2288 Petita
2933 2241 3060 2289 sunt
3097 2248 3194 2299 ea,
3238 2234 3443 2305 inquit,
3483 2248 3555 2289 ex

1954 2326 2082 2382 libro
2120 2343 2171 2381 tv
2196 2327 2630 2399 Apocriticorum,
2662 2326 2749 2380 ubi
2778 2337 2967 2381 auctor
2990 2325 3059 2381 ad
3084 2326 3367 2383 veritatem
3420 2326 3555 2384 reli-

1951 2417 2128 2488 gionis
2157 2418 2469 2474 christiana:
2507 2417 2885 2474 stabiliendam
2928 2418 3194 2489 imprimis
3223 2420 3332 2491 agit
3360 2429 3549 2476 contra

1952 2526 2185 2583 graecum
2232 2511 2522 2583 quemdam
2579 2510 2999 2583 philosophum;
3051 2512 3440 2585 speciatimque
3484 2513 3554 2571 de

1955 2603 2266 2660 monarchia
2295 2604 2475 2659 divina
2492 2645 2509 2672 ,
2531 2605 2888 2676 ejusdemque
2909 2603 3196 2673 majestate
3216 2614 3407 2661 contra
3437 2605 3555 2662 ido-

1952 2698 2220 2754 lolatriam
2266 2698 2542 2769 gentilium
2587 2696 2847 2769 disputat.
2903 2696 3236 2769 Subditque:
3277 2698 3554 2757 Accedent

1953 2788 2079 2846 huic
2126 2790 2279 2861 operi
2329 2790 2491 2846 etiam
2537 2782 2840 2860 fragmenta
2884 2791 3258 2847 commentarii
3306 2793 3550 2863 ejusdem

1952 2880 2172 2937 Macarii
2209 2881 2474 2954 Magnetis
2513 2883 2568 2937 in
2607 2881 2899 2947 Genesim;
2944 2883 2998 2937 in
3039 2883 3232 2954 quibus
3260 2883 3329 2940 de
3359 2884 3550 2942 Adami

1954 2977 2230 3032 creatione
2251 3016 2268 3043 ,
2299 2974 2375 3030 de
2397 2975 2778 3032 benedictione
2801 2974 2907 3031 diei
2937 2975 3180 3047 septimae
3199 3017 3216 3044 ,
3246 2975 3315 3033 de
3344 2977 3549 3048 planta.

1955 3070 2102 3125 tione
2132 3069 2277 3125 horti
2305 3068 2454 3125 Eden
2478 3111 2493 3138 ,
2523 3067 2590 3124 de
2621 3068 2970 3141 impositione
3008 3068 3285 3125 nominum
3326 3070 3548 3142 singulis

242 3167 528 3227 etdiaconi
552 3166 906 3223 huicconcilio
927 3165 1296 3223 interfuerunt.
1322 3167 1603 3239 [lucusque
1620 3169 1847 3224 Caveas.
1876 3170 1922 3233 C
1956 3163 2247 3219 bestiarum
2278 3163 2566 3235 generibus
2595 3162 2663 3217 ab
2703 3162 2911 3219 Adamo
2953 3163 3125 3228 facta,
3167 3163 3236 3220 de
3276 3165 3547 3236 adjutorio

316 3259 399 3314 De
422 3261 584 3330 ipsius
604 3259 863 3332 Magnetis
880 3260 1161 3315 litterarum
1182 3263 1538 3317 monumentis.
1556 3291 1626 3302 —
1639 3261 1837 3318 Verum

243 3354 309 3409 ad
344 3354 768 3427 presbyteralem
798 3353 1058 3425 Magnetis
1086 3354 1396 3427 dignitatem
1428 3355 1568 3426 quod
1610 3356 1835 3425 attinet,

245 3448 647 3502 observandum
677 3462 797 3502 cum
829 3446 1191 3515 ’l'illemontio,
1223 3447 1341 3519 ejus
1371 3463 1566 3504 nomen
1595 3447 1839 3520 Episcopi

247 3542 406 3596 titulo
431 3541 601 3597 fuisse
629 3550 981 3610 praenotatnm
1019 3541 1339 3620 (ἱεράρχης)
1372 3542 1423 3597 in
1454 3543 1632 3611 operis
1658 3557 1840 3599 exem-

242 3634 386 3706 plari
417 3634 484 3690 ab
511 3651 576 3689 eo
602 3635 797 3691 litteris
824 3636 1119 3707 consignati
1140 3678 1157 3701 ,
1188 3635 1330 3707 quod
1358 3636 1459 3693 sub
1485 3638 1694 3693 initium
1732 3653 1838 3694 sae-

244 3728 360 3784 culi
385 3729 508 3783 noni
533 3727 629 3784 fuit
649 3727 918 3784 detectum
943 3729 1012 3784 ab
1031 3728 1366 3793 orthodoxis,
1392 3730 1484 3799 qui
1509 3745 1628 3785 eum
1654 3730 1839 3787 lcono-

243 3821 460 3878 machis
487 3821 849 3878 decertabant.
881 3821 1075 3877 Narrat
1104 3821 1326 3878 Photius
1356 3821 1467 3897 (5),
1498 3824 1570 3878 ιιιί
1611 3824 1841 3880 advertit

242 3915 575 3989 Lequienius
599 3916 677 3989 (ι)
723 3918 862 3972 inter
904 3916 1201 3985 Praesules,
1247 3917 1336 3988 qui
1373 3918 1631 3974 adversus
1670 3916 1839 3991 Chry-

244 4020 547 4067 sostomum
588 4010 641 4064 in
683 4008 902 4082 Synodo
941 4010 1006 4064 ad
1039 4009 1306 4079 Quercum
1344 4008 1700 4065 Chalcedonis
1745 4024 1837 4065 su-

243 4103 496 4159 burbium
545 4117 883 4165 convenere,
939 4102 1208 4157 adstitisse
1280 4117 1492 4173 quoque
1545 4102 1838 4158 Macarium

239 4197 523 4269 Magnesia:
548 4239 564 4263 ,
606 4198 721 4252 sive
766 4195 1066 4267 Magnetum
1116 4195 1435 4266 Episcopum
1465 4239 1480 4263 ,
1532 4195 1836 4251 delatorem

238 4292 583 4355 Heraclidae,
639 4306 797 4361 quem
863 4293 1089 4361 ipsemet
1154 4288 1571 4363 Chrysostomus
1637 4290 1837 4361 Ephesi

243 4386 573 4455 EpiscOpum
600 4394 897 4438 creaverat.
934 4383 1066 4438 ilinc
1095 4383 1320 4439 fortasse
1347 4384 1458 4439 sive
1489 4383 1695 4450 fraude,
1724 4389 1839 4440 sive

244 4482 545 4552 ignorantia
568 4522 583 4544 ,
609 4479 854 4551 Episcopi
881 4478 1091 4534 titulum
1118 4477 1384 4535 addiderit
1410 4478 1661 4534 librarius
1678 4522 1695 4547 ,
1722 4478 1835 4534 Ma-

246 4577 422 4648 gnetis
451 4576 760 4631 vetustioris
786 4589 920 4645 opus
936 4574 1263 4632 exscribeus.
1448 4638 1451 4639 ν

312 4669 459 4725 Libri
502 4684 538 4722 v
584 4667 990 4738 Responsionum
1033 4666 1274 4722 adversus
1314 4665 1683 4723 Theosthenem
1714 4667 1832 4722 Da-

1944 3256 2163 3312 feminze
2192 3256 2259 3312 ab
2290 3258 2406 3326 ipso
2436 3256 2548 3312 Deo
2578 3257 2822 3336 instituto
2842 3299 2857 3323 ,
2888 3256 2957 3312 de
2983 3256 3297 3314 sednctione
3325 3275 3547 3331 serpen-

1943 3350 2047 3416 tis,
2095 3360 2150 3405 et
2196 3351 2347 3420 lapsu
2396 3351 2690 3421 primorum
2740 3360 3058 3421 parentum,
3100 3362 3157 3407 et
3194 3353 3431 3424 denique
3471 3354 3542 3412 de

1944 3442 2138 3498 tunicis
2172 3441 2412 3512 pelliceis
2436 3457 2465 3495 a
2497 3442 2610 3497 Deo
2639 3439 2947 3497 fabrefactis
2975 3442 3282 3500 disseritur.
3327 3444 3543 3502 Hucus-

1941 3550 2046 3606 quc
2072 3535 2144 3590 cl.
2170 3534 2422 3593 Crusius.
2483 3534 2701 3591 Utinam
2732 3550 2862 3591 vero
2902 3537 2989 3594 vel
3030 3537 3300 3609 integrum
3328 3538 3541 3596 Macarii

1942 3627 2204 3700 Magnetis
2233 3629 2667 3699 Apocriticorum
2695 3645 2869 3701 opus,
2901 3631 2988 3686 vel
3029 3632 3223 3688 saltem
3263 3633 3408 3691 illius
3445 3649 3566 3691 οισ-

1942 3734 2127 3795 cerpta
2144 3765 2159 3790 ,
2185 3724 2388 3781 Crzecis
2409 3724 2698 3796 latiuisque
2721 3724 2918 3781 litteris
2938 3726 3229 3799 aliquando
3255 3728 3540 3799 prodeant.

2014 3816 2381 3889 Fragmentum
2430 3816 2685 3889 Magnetis
2719 3819 2783 3873 de
2815 3817 3141 3875 Eucharistia
3178 3821 3300 3876 olim
3333 3840 3366 3877 a
3409 3822 3542 3878 Tur-

1940 3913 2087 3968 riano
2117 3912 2311 3966 editum
2338 3929 2370 3966 a
2402 3910 2680 3967 Gallandio
2710 3914 2893 3968 iterum
2921 3915 3230 3986 evulgatum.
3259 3944 3332 3955 -—-
3358 3916 3535 3988 Atque

1941 4009 2212 4077 integrum
2244 4020 2375 4061 Sane
2405 4006 2534 4061 illud
2567 4019 2703 4076 opus
2728 4019 2839 4075 pra:
2865 4006 3112 4062 manibus
3143 4006 3396 4064 habuisse
3421 4023 3542 4078 per-

1942 4101 2156 4157 hibetur
2183 4100 2503 4157 Frauciscus
2530 4098 2864 4156 Turrianus:
2894 4114 2962 4155 ex
2988 4114 3055 4155 eo
3079 4100 3344 4172 siquidem
3373 4102 3540 4159 multa

1943 4196 2140 4265 passim
2174 4195 2462 4262 delibavit,
2494 4193 2690 4265 quibus
2717 4193 2978 4249 adversus
3008 4205 3299 4251 novatorcs
3329 4212 3539 4253 summa

1941 4288 2069 4346 ﬁdei
2109 4291 2284 4362 capita
2330 4276 2708 4361 proppgnaret.
2752 4288 3030 4359 Imprimis
3086 4298 3264 4345 autem
3309 4306 3374 4347 eo
3413 4306 3543 4349 usus

1940 4394 2022 4440 est
2052 4385 2133 4440 vir
2161 4385 2354 4439 doctus
2385 4384 2437 4438 in
2473 4390 2702 4438 tractatu
2732 4382 2794 4436 de
2822 4383 3144 4438 sanctissima
3174 4381 3539 4453 Eucharistia;

1940 4494 2100 4551 quem
2130 4477 2369 4549 vulgavit
2389 4474 2648 4531 adversus
2671 4474 2942 4531 Andream
2966 4474 3230 4532 Volanum
3254 4477 3538 4547 Polonum,

1862 4571 2147 4631 DCalvini
2199 4570 2555 4642 discipulum;
2607 4569 2697 4624 ubi
2740 4569 3225 4627 luculentissimum
3277 4571 3539 4645 Magnetis
3586 4608 3589 4611 ν

1941 4667 2305 4726 testimonium
2350 4664 2555 4735 profert
2596 4664 2664 4720 de
2701 4665 2834 4719 reali
2876 4668 3165 4735 prtesentia
3212 4668 3456 4736 corporis
3484 4678 3541 4725 et

242 4761 469 4817 πιαιθωὶ
493 4776 600 4816 tero
627 4760 897 4814 notissimi.
915 4788 985 4798 —
1002 4757 1132 4814 Utut
1167 4770 1283 4825 est,
1322 4759 1535 4830 scripsit
1573 4759 1836 4818 Macarius
1938 4762 2214 4835 sanguinis
2237 4760 2437 4817 Christi
2464 4761 2517 4816 in
2553 4768 2891 4816 sacramento
2912 4758 3270 4815 eucharistico
3290 4760 3494 4819 Altaris
3516 4803 3533 4831 ,

239 4853 463 4924 Magnes
490 4851 654 4907 libros
684 4868 715 4905 v
739 4852 1095 4928 Ἀποκριτικῶν
1116 4892 1129 4915 ,
1162 4867 1255 4906 seu
1295 4851 1702 4922 responsionum
1736 4853 1831 4908 ad-

243 4959 436 5000 versus
465 4943 866 4999 Theosthenem
906 4943 1174 4999 ctlmicum
1196 4985 1212 5006 ,
1254 4944 1597 5015 Evangelinm
1633 4945 1836 5001 calum-

240 5038 505 5093 niantem.
556 5037 729 5107 Atque
769 5034 867 5089 bos
910 5035 1125 5106 quidem
1167 5036 1332 5091 libros
1365 5037 1677 5094 llatnasceni
1718 5053 1836 5094 :evo

240 5132 411 5188 fuisse
440 5131 748 5188 notissimos
769 5172 783 5197 ,
825 5131 1102 5185 annotavit
1139 5128 1299 5185 modo
1330 5128 1573 5186 laudatus
1602 5129 1835 5202 Lequie-

313 5320 395 5393 (1)
419 5318 751 5393 Tiljemont.,
781 5315 1302 5393 Memoiriseugﬂist.
1331 5317 1419 5371 des
1440 5314 1676 5393 Emper_..
1702 5324 1831 5393 tom.

237 5386 334 5459 iv;
346 5406 467 5462 pag.
491 5390 686 5446 508-51
704 5390 753 5454 1,
775 5390 909 5462 dans
932 5387 1102 5444 laiVie
1121 5390 1188 5444 de
1206 5388 1520 5462 Constantin
1548 5388 1597 5443 le
1616 5386 1794 5443 Grand
1814 5431 1831 5455 ,

237 5461 397 5519 artic.
427 5461 595 5525 scut,
626 5462 758 5515 edit.
794 5461 1049 5524 Bruxell.,
1079 5476 1199 5532 pag.
1230 5461 1329 5516 127
1357 5470 1409 5515 et
1434 5474 1586 5530 seqq.

313 5535 396 5603 (2)
427 5533 589 5599 Cave,
617 5532 751 5589 Hist.
778 5534 1020 5593 litterar..
1043 5534 1109 5587 ad
1130 5530 1219 5587 an.
1241 5532 1366 5598 965,
1399 5543 1527 5587 tom.
1553 5547 1599 5596 ι,
1624 5546 1677 5602 p.
1704 5530 1827 5587 156.

313 5606 396 5677 (3)
430 5604 582 5677 Phot.
615 5604 749 5677 Bibl.
781 5603 913 5677 Cod.
944 5619 1049 5659 ιιι.

313 5673 397 5748 (4)
427 5676 681 5745 Lequien.
709 5673 802 5731 0r.
832 5676 1029 5748 Christ.
1059 5685 1188 5730 tom.
1214 5691 1280 5741 ιι,
1314 5690 1431 5745 pag.
1461 5675 1586 5748 698.
1613 5673 1691 5748 Ne
1715 5689 1834 5748 ver-

242 5746 430 5806 Ιιιιῐιιιιι
461 5749 563 5804 hoc
590 5749 642 5803 in
676 5751 794 5803 loco
823 5748 892 5804 de
920 5747 1160 5818 Magnete
1188 5748 1455 5818 orcurrit.
1488 5747 1618 5803 falsa
1648 5746 1833 5803 citatio

238 5821 532 5878 Callandii.
561 5820 667 5877 Sed
695 5818 813 5878 haec
840 5817 1100 5877 trahentur
1129 5819 1181 5875 in
1211 5818 1345 5875 Nata
1373 5817 1477 5893 (εἰ).

1936 4873 2004 4915 ex
2035 4856 2152 4928 ejus
2182 4856 2321 4912 libro
2346 4871 2404 4910 ιιι
2435 4854 2864 4939 Apocriticornm
2893 4852 3257 4923 desumptnm.

2008 4951 2178 5021 Quem
2208 4948 2422 5021 quidem
2455 4948 2633 5002 locum
2661 4961 2726 5002 ex
2760 4946 2930 5015 prima
2961 4944 3103 5000 illius
3130 4953 3393 5002 tractatus
3423 4948 3536 5003 edi-

1940 5047 2086 5102 tione
2123 5043 2406 5100 tlorentina
2447 5056 2590 5097 anno
2620 5040 2761 5097 1575
2792 5039 3123 5110 descriptum
3155 5040 3531 5097 excudendum

1938 5140 2145 5196 curavit
2170 5138 2468 5193 indefessus
2493 5134 2735 5191 Andreas
2761 5132 3075 5190 Gallandius
3104 5135 3155 5189 in
3186 5134 3533 5195 Bibliotheca:

1938 5232 2194 5289 Veterum
2222 5231 2442 5286 Patrum
2487 5238 2634 5283 tomo
2662 5242 2719 5281 ιιι
2739 5268 2755 5292 ,
2788 5242 2818 5281 a
2870 5241 2989 5297 pag.
3021 5226 3339 5294 διι-είη,
3365 5236 3419 5283 et
3445 5244 3532 5284 re-

1934 5337 2021 5385 cte
2047 5327 2297 5400 quidem;
2330 5338 2451 5378 nam
2481 5321 2647 5379 editio
2678 5321 2989 5393 parisiensis
3032 5322 3157 5379 anni
3190 5323 3351 5389 1577,
3382 5324 3530 5379 unde

2010 5528 2089 5603 (1)
2117 5528 2271 5603 Tom.
2304 5543 2353 5591 ι,
2387 5539 2506 5603 pag.
2538 5523 2665 5603 27},
2707 5537 2931 5603 operum
2960 5522 3019 5578 S.
3053 5522 3529 5603 Damasceni:_l_ie-

1933 5594 2092 5675 quieti
2118 5601 2173 5675 i_n
2197 5597 2320 5675 Not.
2347 5596 2572 5675 atii-ipp;
2597 5594 2910 5675 Damasceni
2930 5635 2946 5657 ,
2972 5604 3103 5648 tom.
3133 5594 3488 5675 t‘,_pag_.37t.

2007 5674 2086 5743 (‘2)
2118 5670 2361 5743 Fabric,
2384 5665 2495 5721 Bibl
2531 5665 2723 5743 (ἔπιες...
2747 5674 2879 5743 tom.
2910 5680 2964 5731 v,
2987 5679 3115 5743 pag.
3148 5666 3421 5743 (isi-685:

2115 5742 2404 5819 i_30vin.,_in
2433 5748 2545 5795 not.
2662 5734 2952 5819 _Nicepbnor.
2979 5734 3295 5819 Gregoram‘.
3321 5754 3373 5809 p.
3400 5738 3542 5798 794.

2004 5806 2296 5897 _Crns.,
2315 5806 2541 5869 ’Dissert.
2573 5806 2815 5879 Epistol.,
2849 5806 2877 5879 §
2907 5824 2977 5879 ιι,
3008 5806 3131 5880 pag.
3160 5810 3316 5865 8-11.
