4142 6262
172 369 257 426 549
1034 361 1124 418 DE
1163 358 1462 417 ABNOBIO
1501 357 1688 416 AFRO
1728 356 2000 416 NOTITIA
2036 355 2423 416 HISTORICA.

3294 358 3397 414 550

172 477 344 549 stupida
368 483 536 534 mente
556 473 740 546 negati
767 481 912 537 sunt,
937 473 1034 530 sed
1075 474 1252 544 potius
1273 488 1402 528 vere
1425 488 1621 544 corpus
1643 483 1698 529 et
1723 476 1775 534 Α
1800 475 1887 543 qui
1919 473 2046 528 illud
2074 473 2276 537 vinum,
2307 472 2783 529 immortalitatem
2805 475 3207 530 tntemererstae
3253 473 3396 530 divi-

172 571 347 640 sanguis
373 566 582 635 Christi.
611 586 630 620 ι
666 565 846 636 Pergit
865 565 1039 620 adhuc
1062 563 1453 636 philosophari:
1486 566 1700 634 «Quan-

171 661 410 734 doquidem
440 674 584 725 vero,
624 677 644 711 ι
679 657 873 728 inquit,
897 672 1092 728 corpus
1119 674 1182 713 ex
1227 668 1366 712 terra
1405 658 1606 723 existit,
1635 673 1697 712 ex

171 743 279 813 terra
293 762 452 808 autem
477 751 629 823 panis
668 759 722 805 et
742 751 965 814 viuum;
994 749 1267 820 quomodo
1299 767 1404 803 non
1435 761 1517 804 est
1559 749 1698 804 alius

172 862 296 903 ausus
320 830 480 901 dicere
507 861 522 897 :
552 843 683 898 Caro
712 860 824 897 mea
868 857 980 897 uere
1007 854 1079 914 est
1119 843 1278 907 cibus,
1311 843 1518 912 sanguis
1561 858 1700 896 meus

170 958 254 997 cm
273 949 334 994 est
351 948 486 1009 potus
508 936 713 1009 (Joan.,
742 951 817 1002 vr,
851 933 983 1007 56)?
1006 933 1228 1005 Nempe,
1258 935 1381 1005 quia
1409 935 1586 989 nullus
1613 943 1696 989 est

177 1042 343 1089 creator
369 1040 535 1094 teme,
565 1029 668 1082 nisi
693 1028 780 1082 hic
811 1046 822 1081 :
848 1028 1045 1082 nullius
1071 1037 1154 1081 est
1174 1034 1438 1088 creatura,
1461 1027 1560 1080 nisi
1582 1025 1700 1080 Filii

172 1127 256 1184 Dei.
280 1123 464 1181 Idcirco
491 1122 660 1178 dixit:
699 1121 812 1177 Hoc
840 1131 912 1176 est
941 1138 1126 1193 corpus
1148 1138 1315 1174 meum
1341 1138 1359 1176 :
1388 1136 1504 1176 mea
1534 1121 1697 1186 enim,

171 1229 210 1275 et
234 1234 318 1273 non
337 1217 563 1282 alterius,
586 1225 669 1270 est
693 1226 937 1272 creatura
967 1207 1143 1271 terrae.
1179 1217 1378 1270 Omnes
1407 1215 1549 1270 enim
1578 1223 1696 1284 post

176 1322 328 1368 terram
349 1309 501 1380 geniti
521 1316 665 1373 sunt,
692 1323 930 1378 corpusa
960 1323 1046 1362 me
1076 1295 1401 1376 accipientes
1422 1324 1436 1372 ;
1458 1322 1557 1376 ego
1576 1320 1702 1361 vero

170 1417 262 1459 ante
296 1414 497 1470 terram,
527 1416 555 1455 a
581 1401 729 1456 nullo
760 1400 896 1456 hanc
925 1401 1234 1470 accipiens:
1268 1415 1333 1454 ex
1361 1399 1459 1453 hac
1478 1413 1694 1468 corpus,

172 1496 316 1563 idest,
346 1511 409 1550 ex
456 1491 565 1549 mea
592 1504 837 1549 creatura
867 1493 1070 1564 accepi,
1101 1507 1320 1546 sumens
1345 1506 1583 1547 carnem.
1618 1489 1698 1544 Ex

175 1605 264 1646 meo
305 1590 454 1661 igitur
493 1603 732 1659 pr0pouo
758 1587 910 1642 vobis
950 1585 1238 1642 charisma.
1267 1585 1347 1640 Ex
1379 1595 1519 1641 terra
1549 1584 1700 1640 vobis

172 1684 284 1755 panis
316 1682 376 1738 ad
398 1681 639 1738 alendum
666 1681 909 1738 exstitit:
943 1691 1085 1737 terra
1116 1695 1247 1735 vero
1287 1689 1531 1735 creatura
1581 1693 1698 1750 mea

169 1788 227 1832 est
257 1794 268 1831 :
293 1793 352 1832 ex
375 1787 504 1832 terra
532 1776 783 1831 similiter
831 1775 1034 1830 exstitit
1079 1788 1297 1843 corpus,
1349 1783 1403 1827 et
1433 1773 1547 1826 haec
1578 1786 1697 1826 mea

168 1883 318 1925 massa.
366 1867 441 1924 Ex
469 1870 668 1924 unione
717 1867 902 1938 igitur,
950 1881 1054 1936 qua
1087 1866 1268 1920 unitus
1312 1879 1453 1926 sum,
1483 1871 1698 1917 sanctus

167 1976 254 2016 cum
281 1971 496 2030 terreno,
519 1961 592 2017 do
617 1975 806 2032 panem
836 1969 890 2015 et
917 1959 1126 2026 vinum,
1143 1956 1338 2028 iubens
1357 1970 1479 2010 esse
1504 1967 1699 2022 corpus

175 2069 311 2110 meum
338 2062 386 2132 et
420 2053 754 2124 sanguinem.
793 2071 812 2106 ι

214 2147 284 2204 Ill.
310 2128 534 2203 «Etenim
549 2149 596 2200 si
617 2147 906 2213 Abraham,
923 2128 1015 2200 aui
1034 2142 1170 2198 alius
1183 2142 1446 2213 quispiam
1463 2139 1698 2210 exjustis

165 2254 210 2294 ac
242 2240 410 2295 sanctis
446 2239 672 2295 dixisset
702 2257 714 2292 :
749 2237 879 2293 Caro
909 2225 1022 2290 inea
1086 2245 1158 2290 est
1210 2233 1368 2299 cibus,
1414 2245 1461 2287 et
1489 2227 1697 2303 sanguis

164 2349 269 2387 stetis
292 2343 442 2403 potus,
467 2332 626 2387 valde
655 2332 870 2387 mentiri
909 2341 1075 2386 ausus
1103 2337 1272 2394 esset,
1302 2339 1393 2382 aut
1437 2327 1482 2382 si
1525 2326 1695 2381 dixis-

163 2436 241 2494 set,
263 2428 341 2482 hoc
363 2438 426 2482 cst
448 2442 638 2496 corpus
685 2442 873 2491 meum,
917 2427 997 2480 hic
1028 2434 1101 2478 est
1127 2423 1334 2495 sanguis
1365 2437 1508 2477 meus
1539 2436 1556 2474 :
1589 2433 1696 2474 non

161 2524 270 2574 enim
298 2520 386 2574 hoc
406 2522 592 2592 ipsius,
620 2519 714 2574 sed
746 2518 967 2573 alterius
991 2529 1134 2573 esset
1164 2515 1488 2580 substantia,
1523 2528 1696 2584 neque

160 2611 425 2667 manducata
449 2613 610 2681 vitam
641 2609 1087 2666 manducantibus
1111 2609 1397 2681 praaberet.
1417 2605 1693 2677 Siquidem

159 2705 274 2775 quod
299 2720 392 2760 non
419 2680 564 2760 habet
592 2704 819 2760 verbum
846 2705 1038 2760 vivens
1057 2705 1262 2758 unitum
1292 2718 1414 2758 cum
1447 2715 1695 2772 corpore,

159 2797 270 2870 quod
297 2797 384 2852 fuit
412 2808 705 2864 terrenum,
743 2797 809 2851 ad
838 2807 1095 2852 :eternam
1128 2799 1290 2850 vitam
1341 2795 1562 2850 edentes
1591 2808 1698 2847 non

157 2892 416 2948 adduceret.
444 2891 688 2948 Christus
717 2905 847 2960 ergo
874 2890 1147 2960 proprium
1177 2903 1374 2957 corpus
1403 2896 1458 2941 et
1484 2883 1702 2954 sangui-

163 3000 255 3040 nem
286 2983 414 3041 dedit
453 2983 824 3051 credentibus,
855 2984 1100 3040 immisso
1125 2983 1206 3037 eis
1230 2981 1376 3036 vitali
1411 2982 1700 3051 pharmaco

158 3079 410 3136 divinitatis.
445 3077 650 3136 Deinde
704 3079 1014 3149 snbjungit:
1045 3075 1228 3154 ’Ἀρτον
1255 3082 1376 3150 γοῦν
1420 3076 1574 3149 λέγων
1611 3079 1702 3132 τήν

161 3176 287 3248 σάρκα
313 3173 533 3232 καὶοῖνον
584 3177 646 3230 τὸ
696 3170 841 3246 «Eua,
896 3170 1192 3227 ἐπαίδευσεν
1239 3172 1373 3241 ἡμᾶς
1413 3166 1622 3239 εὐλόγως
1652 3165 1704 3218 ἐκ

158 3274 222 3333 τῆς
243 3262 347 3323 sim
372 3269 424 3323 τὸ
449 3276 626 3338 σῶμα.
663 3255 718 3320 ld
750 3274 833 3320 est
866 3284 879 3318 :
912 3280 1034 3318 cum
1079 3263 1236 3331 igitur
1262 3277 1402 3325 eam,
1431 3256 1548 3330 qua:
1574 3275 1702 3314 caro

160 3366 234 3422 est,
255 3369 389 3414 vocat
407 3375 628 3430 panem,
649 3368 704 3412 et
725 3373 868 3420 eum,
893 3357 983 3427 qui
1014 3344 1255 3425 sanguis,
1285 3362 1441 3408 vocat
1465 3354 1648 3406 viuum
1682 3369 1696 3418 ;

159 3447 296 3504 docuit
318 3466 407 3506 nos
435 3450 830 3506 convenienter
857 3447 1074 3511 rationi,
1094 3462 1157 3502 ex
1183 3456 1326 3501 terra
1352 3460 1474 3500 esse
1501 3459 1696 3514 corpus

159 3541 348 3598 similiter
369 3554 418 3598 et
445 3559 666 3612 panem,
705 3552 758 3598 et
789 3541 944 3596 unius
989 3537 1204 3611 generis
1255 3535 1607 3593 substantiam
1637 3535 1693 3592 in

161 3647 334 3702 corpore
360 3643 410 3690 et
435 3651 595 3706 pane.

207 3723 274 3779 IV.
296 3746 313 3779 ‹
340 3711 596 3785 Caeterum
645 3727 797 3800 panis
822 3721 1124 3783 communis
1160 3741 1226 3781 ex
1259 3734 1420 3782 terra:
1468 3726 1683 3782 cultura

158 3815 424 3887 clabOratus,
440 3815 539 3878 etsi
567 3837 700 3877 caro
731 3821 972 3892 quasdam
1006 3831 1162 3874 terra:
1189 3829 1289 3885 est,
1322 3829 1498 3873 tamen
1526 3819 1687 3873 vitam

159 3921 365 3968 sternam
393 3909 629 3985 praabere
667 3932 772 3970 non
798 3913 1076 3985 promittit,
1104 3909 1197 3967 sed
1239 3909 1403 3967 breve
1441 3912 1686 3966 solatium

160 4003 466 4071 pmbentibns
490 4009 700 4070 tribuit,
724 4008 832 4062 cito
857 4023 922 4061 c0
952 4003 1189 4060 extincto
1217 4005 1335 4058 sine
1363 4003 1544 4058 divino
1575 4004 1686 4072 spi-

161 4093 254 4150 ritu.
289 4095 435 4153 Pauis
461 4115 602 4156 vero
636 4101 688 4154 in
725 4097 876 4154 beata
906 4093 1108 4152 Christi
1159 4106 1300 4151 terra
1328 4082 1522 4152 virtute
1551 4095 1688 4150 divi-

161 4188 296 4246 nitatis
337 4193 490 4269 unittn
531 4194 834 4258 confectus,
866 4191 981 4247 solo
1025 4201 1185 4262 gustu
1233 4190 1687 4245 immortalitatem

162 4279 313 4338 homini
339 4283 503 4341 aliert.
533 4283 792 4358 Mysticus
818 4281 964 4340 enim
1014 4281 1167 4354 panis
1197 4297 1319 4338 cum
1353 4279 1684 4337 benedictio-

161 4387 246 4430 nem
265 4377 412 4447 patris
433 4379 633 4444 habeat
676 4375 1110 4450 inseparabilem,
1144 4375 1288 4432 illam
1316 4375 1455 4443 dico,
1483 4379 1602 4447 'qiue
1635 4378 1686 4431 in

161 4477 330 4536 corpore
363 4481 414 4526 et
431 4472 701 4543 sanguine
731 4467 848 4542 ejus
880 4469 1014 4525 facta
1039 4479 1141 4534 est,
1171 4470 1285 4523 uuit
1313 4468 1687 4524 comedentem

163 4571 306 4629 corpus
328 4561 540 4632 Christi,
585 4580 820 4633 eumque
860 4562 1100 4618 membra
1138 4559 1334 4616 Christi
1387 4559 1569 4616 ellicit.
1624 4559 1692 4618 Ut

162 4654 260 4707 enim
280 4659 451 4714 charta
479 4660 618 4726 vim,
645 4674 805 4729 quam
837 4673 932 4728 per
958 4647 1164 4712 litteras
1192 4655 1430 4728 magistri
1461 4656 1691 4725 accepit,

165 4743 362 4818 discipulo
383 4749 570 4818 tradit,
595 4757 648 4805 et
671 4766 766 4820 per
785 4766 904 4805 eam
923 4765 1045 4804 cum
1075 4751 1330 4820 magistro
1359 4749 1505 4804 illum
1531 4749 1646 4805 unit
1676 4768 1689 4803 :

163 4835 213 4891 sic
231 4855 393 4913 corpus
435 4843 588 4916 quod
620 4843 710 4900 ille
752 4841 904 4916 panis
939 4843 1195 4915 mysticus
1236 4854 1337 4912 est,
1369 4852 1424 4900 et
1453 4843 1690 4916 sanguis,

199 5007 270 5015 ha
323 5013 328 5015 _
407 5011 416 5015 -
1249 5013 1252 5015 .
1501 5007 1504 5010 ~

862 5024 1319 5033 m

898 5166 1141 5290 DE
1211 5156 2031 5295 ΑΒΝΟΒΙΟ
2090 5166 2206 5291 Α

1558 5022 2085 5033 Μ

1802 566 1986 620 uitatis
2040 566 2374 634 participattti
2435 566 2674 620 tribuunt
2719 568 2938 622 «urbem.
2968 565 3021 620 id
3059 574 3163 632 est,
3195 581 3226 621 e
3256 566 3391 634 suo,

1803 657 1914 711 sive
1937 672 2004 712 ex
2032 673 2091 711 se
2115 658 2277 727 ipsis;
2307 670 2360 712 et
2386 673 2479 727 per
2505 673 2622 711 eam
2650 657 2716 711 ad
2746 658 3078 712 mansionem
3108 658 3394 728 incorrup-

1802 752 2000 806 tibilem
2051 751 2314 807 creatoris
2365 752 2645 807 reducunt.
2700 751 2840 806 Caro
2893 753 3037 805 enim
3095 751 3394 807 Salvatoris

1803 842 2118 897 manducata
2143 858 2247 896 non
2269 845 2630 913 corrumpitur
2655 845 2729 915 (l)
2755 857 2852 897 nec
2878 842 3097 913 sanguis
3129 842 3212 896 ltic
3242 852 3394 911 pota-

1807 946 1893 991 tus
1921 938 2256 992 consumitur
2286 956 2298 991 :
2326 939 2450 1008 quin
2496 938 2668 1006 potius
2695 937 2784 1006 qui
2828 936 2973 1004 edit,
3003 935 3070 991 ad
3099 937 3397 991 incremen-

1808 1039 1916 1083 tum
1970 1030 2158 1083 virium
2215 1031 2397 1093 venit;
2439 1030 2527 1099 qui
2582 1044 2710 1083 vero
2755 1028 2949 1091 editur,
3005 1028 3246 1082 consumi
3287 1042 3394 1082 non

1807 1132 1981 1193 potest
2006 1142 2018 1177 :
2050 1125 2174 1193 quia
2211 1124 2388 1179 omnis
2429 1123 2771 1194 consumptio
2801 1120 3010 1178 ratione
3035 1121 3267 1194 quadam
3293 1136 3390 1176 na-

1802 1226 1933 1270 turae
1960 1228 2180 1287 cognata
2203 1229 2304 1273 est.
2343 1237 2360 1269 ι

1878 1310 1992 1366 lloc
2033 1312 2209 1380 ipsum
2242 1311 2596 1381 fragmentum
2649 1312 2950 1368 indefessus
2974 1321 3029 1366 et
3051 1310 3395 1366 doctissimus

1801 1404 1863 1458 D.
1897 1404 2052 1459 Pater
2085 1405 2393 1471 Dominicus
2429 1405 2794 1459 Schrannnius
2827 1407 2877 1458 in
2909 1415 3053 1460 tumo
3096 1421 3147 1458 vt
3191 1405 3393 1473 Analyf

1803 1498 1876 1554 sis
1910 1513 2134 1568 operum
2181 1500 2278 1553 SS.
2338 1511 2548 1562 patrum
2593 1509 2647 1555 et
2697 1502 3018 1570 scriptorum
3063 1497 3395 1556 ecclesiasti-

1802 1608 1987 1646 corum
2014 1594 2150 1664 typis
2181 1596 2507 1664 AugttStanis
2542 1594 2702 1656 1784.
2727 1612 2756 1649 a
2784 1612 2904 1665 pag.
2929 1595 3200 1660 “8-420,
3229 1595 3392 1648 reim-

1804 1685 1961 1755 primi
1995 1686 2237 1752 curavit,
2281 1687 2498 1741 omissis
2540 1696 2715 1741 tamen
2747 1687 3116 1742 Callandianis
3162 1687 3303 1739 notis
3327 1700 3394 1740 ex

1728 1795 1776 1855 Β
1807 1779 2026 1846 Allatio,
2057 1779 2313 1834 Zacltaria
2361 1779 2603 1836 Cretensi
2635 1789 2688 1835 et
2727 1780 3017 1850 Lequieuio
3041 1780 3392 1849 depromptis.

1803 1869 2072 1926 Ceterum
2103 1873 2396 1939 optandum
2443 1883 2607 1935 esset,
2642 1885 2697 1926 ut
2727 1873 2990 1945 integrum
3037 1874 3253 1928 Macarii
3288 1873 3396 1927 Ma-

1803 1965 1978 2035 gnetis
2007 1965 2412 2034 Apocriticorum
2433 1981 2568 2036 opus
2598 1966 2792 2036 publici
2819 1966 3107 2036 aliquando
3129 1966 3267 2036 juris
3295 1967 3392 2020 lie-

1804 2067 1918 2126 ret;
1953 2057 2278 2127 sperandum
2305 2059 2502 2128 quippe
2530 2069 2694 2124 esset,
2725 2075 2789 2114 ex
2833 2059 3115 2128 scriptoris
3140 2057 3394 2113 vetustis-

1802 2149 1922 2204 simi
1967 2147 2304 2205 documentis
2353 2151 2475 2206 lidei
2516 2150 2832 2206 orthodoxae
2880 2162 3039 2222 atque
3087 2150 3392 2220 disciplina

1803 2242 2180 2297 ecclesiastica:
2255 2243 2430 2298 lucem
2484 2260 2730 2314 magnam
2806 2245 2920 2300 lore
2968 2242 3388 2299 adiundendam.

1803 2335 1997 2406 Elapso
2030 2336 2282 2406 equidem
2307 2339 2508 2392 saeculo
2555 2340 2622 2393 cl.
2651 2339 2965 2392 Albertiuus
3019 2348 3075 2393 et
3127 2337 3230 2392 hoc
3257 2353 3392 2408 Opus

1799 2429 2092 2498 vellicavit,
2127 2430 2402 2500 ipsiusque
2449 2432 2684 2486 auctoris
2734 2441 2950 2486 aetatem
3006 2440 3060 2487 et
3108 2431 3392 2485 veritatem

1800 2525 2065 2580 inlicialus
2097 2535 2178 2579 est
2205 2525 2284 2598 ('2)
2317 2526 2400 2580 his
2426 2527 2606 2580 verbis
2633 2545 2645 2580 :
2689 2544 2706 2576 ι
2748 2524 2956 2588 Verum,
2983 2524 3174 2592 inquit,
3203 2523 3268 2578 ad
3297 2537 3394 2592 po-

1799 2619 1985 2690 pulum
2004 2617 2272 2690 phaleras.
2293 2620 2423 2686 Quis
2451 2621 2594 2674 enim
2623 2629 2884 2686 veterum,
2916 2619 3079 2672 immo
3098 2619 3258 2673 etiam
3289 2631 3378 2672 re-
3406 2679 3415 2685 _

1805 2712 2102 2769 centiorum
2129 2729 2220 2782 per
2247 2729 2441 2768 novem
2472 2722 2564 2768 aut
2589 2699 2778 2768 decem
2801 2715 2995 2769 smcula
3019 2713 3274 2784 Magnetis
3298 2711 3395 2764 hu-

1798 2805 1907 2875 jus,
1940 2807 2019 2862 vel
2067 2808 2242 2878 quoad
2285 2825 2481 2864 nomen
2529 2819 2732 2864 tautum
2777 2809 3118 2864 meminerit?
3149 2807 3394 2863 Fictitius

1805 2915 2028 2968 prorsus
2056 2912 2245 2956 auctor
2272 2914 2372 2969 est,
2409 2914 2500 2958 aut
2545 2904 2737 2957 saltem
2778 2917 2952 2956 novus
2991 2901 3184 2971 aliquis
3209 2915 3272 2954 ac
3296 2915 3395 2952 nu-

1805 3008 1969 3064 perus
1995 2993 2293 3062 Graeculus,
2325 2995 2476 3064 cujus
2517 2997 2841 3064 scriptorum
2882 2993 3149 3047 certitudo
3182 3001 3288 3046 tota
3313 3000 3395 3045 est

1729 3107 1776 3173 ρ
1809 3101 1978 3157 penes
1999 3085 2319 3141 Turrianunt
2344 3087 2519 3159 exigui
2540 3087 2726 3156 judicii
2757 3087 2952 3151 virum,
2983 3084 3213 3153 ﬁdeique
3243 3084 3396 3137 valde

1809 3191 2094 3250 suspectae.
2123 3181 2190 3235 Et
2234 3182 2432 3236 audent
2479 3181 2770 3235 adversarii
2814 3180 3016 3248 absque
3073 3175 3394 3232 verecundia

1806 3263 2068 3343 ejusmodi
2095 3274 2409 3344 quisquilias
2434 3290 2529 3346 pro
2556 3285 2795 3327 veterum
2823 3272 3185 3326 monumentis
3212 3272 3262 3323 iu
3283 3286 3397 3323 tne-

1801 3365 1947 3420 dium
1997 3364 2284 3421 adducere.
2318 3347 2458 3420 Proh
2512 3366 2602 3420 Dei
2652 3379 2812 3435 atque
2843 3367 3114 3418 hominum
3149 3366 3328 3418 tidem.
3371 3383 3390 3416 ι

1802 3457 2000 3513 Verum
2031 3476 2190 3530 quant
2231 3447 2578 3514 temerarium
2619 3459 2780 3513 fuerit
2807 3457 3074 3512 Albertiui
3109 3458 3207 3510 liae
3236 3456 3302 3509 de
3333 3472 3395 3510 re

1793 3550 2080 3621 judicium,
2113 3563 2166 3608 et
2203 3555 2492 3626 perdoctus
2534 3553 2741 3608 Caveus
2765 3552 3039 3618 observat,
3071 3560 3126 3607 et
3166 3566 3231 3606 ex
3261 3549 3393 3605 huc-

1793 3659 1961 3717 usque
1989 3645 2144 3701 dictis
2168 3647 2378 3703 abunde
2397 3656 2605 3703 constat
2636 3644 2737 3717 (5).

1866 3845 1944 3919 (Ι)
1964 3847 2095 3904 Caro
2114 3850 2245 3902 enim
2263 3849 2521 3904 Saluatori
2536 3851 2890 3904 smanducata.
2909 3848 3093 3903 Graeca
3112 3849 3268 3919 hujus
3291 3850 3392 3906 luci

1794 3917 2020 3990 exhibet
2046 3922 2266 3973 Allatitts
2324 3924 2372 3973 itt
2420 3920 2642 3975 Exercit.
2675 3932 2850 3974 contra
2905 3917 3304 3990 Crt’ygtltonunt.
3337 3941 3386 3988 ν.

1794 3989 1917 4069 ξϋῦ.
1953 3988 2080 4045 Οὔτε
2109 3991 2238 4066 σάρξ
2263 3999 2351 4069 τ’οῇ
2381 4001 2606 4064 Σωτῆρος
2633 3995 2922 4069 τρωγομένη
2963 3988 3211 4066 φθείρεται
3232 4033 3245 4054 ,
3277 3991 3394 4048 οὔτε

1795 4062 2158 4138 ἐξεῖναὶλσκεται
2180 4062 2245 4138 ’ῖὸ
2289 4062 2414 4135 αἷμα
2442 4062 2869 4138 πιιιὲὀμενὸνξάλγ
2901 4063 2926 4116 ὁ
2953 4062 3158 4138 ’ἑρὼσξων
3189 4068 3278 4134 μέν
3325 4068 3397 4125 εἰς

1794 4131 2005 4208 ᾳῇξησιν
2033 4138 2175 4208 θείων
2199 4131 2458 4208 diiudicem
2489 4131 2710 4208 αἷρεταυ
2742 4137 2801 4190 τὸ
2827 4134 2881 4189 δὲ
2913 4131 3231 4208 τρὲυιγὸμεγόν
3258 4137 3396 4189 ἐστιν

1793 4203 2127 4264 ἀδαπὰνητον.
2161 4203 2337 4265 ἐπειδὴ
2372 4215 2477 4266 τοῖς
2523 4203 2845 4279 ἄδαπανήτᾳυ
2886 4203 3092 4276 puti-sete
3129 4207 3260 4279 λόγῳ
3285 4212 3396 4279 -τινὶ

1795 4279 2286 4360 συγγενέςύπαρχεῐ
2301 4281 2710 4355 καίαχὼριστον.
2744 4298 2760 4327 ε
2779 4278 2955 4352 Neque
2976 4294 3100 4332 vero
3133 4277 3258 4329 ca't'n
3278 4277 3399 4332 Sal-

1799 4351 1999 4402 vatoris
2049 4349 2364 4402 tt'tatitlitcata
2412 4349 2792 4417 euri-untpitur,
2822 4349 2996 4417 neque
3026 4351 3244 4417 sanguis
3301 4364 3392 4416 po-

1712 4425 1765 4485 D
1793 4426 1931 4471 tatus
1959 4421 2291 4473 consumitur
2321 4436 2333 4472 :
2365 4420 2458 4474 sed
2482 4421 2571 4490 qui
2599 4421 2727 4484 edit,
2753 4420 2948 4473 divinis
2977 4421 3266 4474 virtutibus
3295 4436 3391 4472 au-

1793 4490 1994 4570 gescit;
2024 4490 2165 4572 quod
2199 4506 2326 4544 vero
2357 4493 2554 4572 editur,
2585 4494 2831 4547 consumi
2863 4509 2967 4544 non
2999 4503 3176 4562 poteSt
3204 4510 3215 4544 :
3250 4507 3390 4572 quo-

1795 4559 1940 4634 niam
1987 4559 2061 4615 rei
2093 4563 2492 4634 eottsttmptibili
2545 4578 2754 4632 uaturse
2799 4559 3092 4634 cognatum
3121 4559 3388 4634 quodam-

1794 4629 1954 4707 modo
1983 4637 2087 4699 est,
2109 4629 2340 4707 rllljlliltlei
2368 4636 2435 4688 ab
2458 4652 2519 4691 ea
2548 4629 2929 4707 separabilcft
2962 4629 3162 4690 Eadem
3193 4649 3259 4689 ex
3287 4633 3386 4689 Al-

1797 4704 1933 4775 latio
1949 4706 2144 4771 repetit
2167 4703 2511 4773 Lequieuius,
2548 4703 2648 4762 loc.
2677 4711 2792 4773 cit,
2823 4715 2873 4775 ρ.
2904 4707 3032 4761 2Ἱ5.

1867 4774 2240 4846 (2)Αμ)θιίἰῃε,
2271 4779 2333 4830 de
2351 4778 2588 4832 Sacram.
2612 4774 2934 4844 Eucharist.,
2963 4779 3053 4833 lib.
3087 4791 3144 4842 tt,
3179 4792 3231 4846 p.
3253 4777 3385 4833 400.

1868 4847 1948 4916 (5)
1977 4845 2138 4915 Cave,
2167 4843 2306 4902 Hist.
2338 4849 2517 4918 titter.,
2548 4859 2584 4902 t.
2619 4865 2657 4916 t,
2690 4849 2812 4904 155.

1791 5005 1800 5012 ο

2607 5007 2610 5012 ’
2842 5007 2888 5028 ὁ·
2957 5007 3294 5028 Μάλα-...α

2588 5015 3348 5068 W

1501 5007 1504 5010 .
1791 5007 1800 5012 .

2218 5163 2588 5295 FPrO

773 5381 1570 5506 NOTITIA
1661 5373 2718 5509 HISTOBICA.

1579 5575 1926 5646 SYNOPSIS.

206 5718 236 5775 l.
268 5725 500 5783 Arnobius
531 5726 700 5784 Sicca:
725 5728 779 5782 in
815 5726 994 5798 Africa
1019 5727 1190 5782 rhetor
1215 5727 1388 5781 clarus
1433 5726 1525 5780 sub
1555 5724 1695 5780 Dio-

163 5814 338 5873 tletisno.
381 5818 624 5875 Ethnicre
666 5821 1007 5890 superstitioni
1052 5819 1292 5876 addictus
1317 5860 1333 5887 ,
1364 5819 1607 5876 divinitus
1635 5821 1704 5876 ad

161 5903 433 5968 christianum
462 5912 763 5985 religionem
787 5923 1014 5971 vocatur.

1878 5725 1942 5779 ll.
1985 5723 2147 5784 Locus
2176 5727 2589 5799 bieronymianus
2618 5725 2681 5780 de
2706 5725 2932 5780 Arnobio
2958 5726 3281 5796 sxpcuditur.

1889 5906 1983 5965 lll.
2029 5907 2142 5975 Quo
2166 5918 2388 5978 tempore
2417 5905 2570 5962 libros
2609 5920 2684 5962 vn
2709 5905 2950 5963 adversus
2973 5915 3140 5977 gentes
3177 5909 3398 5964 conscrid
