4142 6262
704 365 801 421 331

2002 363 2092 418 DE
2131 360 2435 420 ARNOBIO
2473 364 2661 421 AFRO

3889 362 4000 419 352

701 481 884 554 pserit,
931 481 1226 553 inquiritur.
1261 480 1329 534 Id
1369 495 1485 534 vero
1533 481 1804 550 contigisse
1845 496 1979 535 anno
2007 495 2158 535 cccw
2207 491 2294 535 aut
2323 485 2371 541 Α
2398 481 2733 540 ('cnstantini
2765 483 3080 550 vicennalia,
3113 484 3225 554 ipse
3256 482 3614 555 Hieronymus
3655 482 3840 538 statim
3865 483 3996 538 sub-

703 575 1012 646 insequente,
1045 591 1108 629 ea:
1129 577 1241 646 ipso
1264 585 1471 629 auctore
1497 574 1796 628 ostenditur.

774 669 863 724 ιν.
909 671 1093 740 Operis
1121 669 1389 725 arnobiani
1431 672 1647 742 pretium
1687 673 1974 743 exponitur.
2017 671 2189 726 Multo
2215 672 2296 726 lu—

702 764 952 819 culentius
994 763 1250 818 ethnicam
1289 765 1695 833 superstitionem
1737 766 2096 834 impugnasse,
2142 781 2297 836 quant

703 858 1037 912 christianum
1061 857 1319 910 veritatem
1348 856 1580 910 docuisse
1607 866 1784 910 auctor
1809 857 2151 911 existimatur.

776 949 839 1005 γ.
905 947 983 1004 De
1027 950 1295 1020 praecipuis
1343 949 1508 1020 operis
1567 949 1890 1004 editionibus.
1961 947 2296 1003 Prtestantior

701 1043 1204 1117 Lugdune-Batava,
1250 1060 1363 1115 qua:
1409 1053 1576 1098 tamen
1617 1044 1772 1098 ncevis
1819 1043 2111 1114 mendisque
2157 1041 2294 1096 haud

701 1149 858 1195 caret.
890 1123 1026 1206 Quid
1046 1153 1214 1208 operte
1240 1138 1294 1192 in
1318 1147 1544 1192 nostram
1575 1136 1930 1190 adornandum
1955 1136 2218 1191 collatum.

774 1324 814 1380 Ι.
846 1324 1107 1381 Discimus
1133 1325 1200 1379 ab
1226 1323 1554 1396 Hieronymo
1574 1321 1838 1394 (Hierom,
1863 1325 1926 1377 de
1955 1319 2064 1376 Vir.
2081 1319 2294 1386 illustr.,

703 1435 821 1488 cap.
852 1419 1064 1490 LXXIX),
1102 1419 1395 1473 Arnobium
1443 1417 1628 1480 Siccae,
1665 1433 1784 1488 qua:
1809 1415 2004 1470 Africa:
2043 1413 2297 1470 mediter-

699 1528 880 1568 ranete
909 1512 1036 1566 urbs
1062 1519 1212 1574 erat,
1241 1510 1342 1564 sub
1370 1509 1702 1564 Diocletiano
1744 1508 1984 1579 principe
2024 1505 2296 1562 ﬂorentis-

702 1607 838 1660 sime
865 1604 1185 1660 rhetoricam
1213 1603 1461 1659 docuisse
1491 1623 1505 1658 :
1531 1618 1636 1674 quo
1667 1603 1880 1674 quidem
1911 1611 2153 1674 tempore
2182 1603 2299 1657 ido-

705 1699 877 1755 lorum
907 1697 1072 1753 cultui
1105 1712 1163 1752 se
1194 1697 1357 1753 luisse
1385 1695 1658 1752 addictum
1687 1697 1916 1767 ipsemet
1940 1696 2187 1765 deplorat
2215 1696 2299 1753 his

705 1792 921 1847 verbis:
957 1811 974 1843 ι
1016 1790 1344 1855 Venerabar,
1377 1804 1410 1845 ο
1438 1791 1672 1851 etecitas.
1706 1804 1878 1860 nuper
1915 1789 2295 1846 simulacra....

706 1882 859 1938 Nunc
885 1882 1108 1938 doctore
1147 1890 1294 1936 tanto
1322 1881 1610 1954 (Christo)
1641 1883 1694 1936 in
1727 1882 1840 1936 vias
1869 1881 2109 1937 veritatis
2141 1880 2301 1936 indu-

707 1988 846 2040 ctos,
878 1976 1058 2031 omnia
1083 1975 1184 2031 ista
1219 1991 1337 2045 qua:
1367 1976 1495 2038 sint,
1525 1975 1637 2031 scio
1662 1993 1675 2030 :
1698 1975 1855 2046 digna
1882 1975 1948 2031 de
1975 1974 2149 2046 dignis
2178 1991 2302 2032 sen-

708 2071 785 2127 tio
817 2070 1054 2143 (Arnob.,
1083 2072 1200 2124 adv.
1231 2069 1405 2138 Gent.,
1440 2069 1529 2125 lib.
1557 2087 1606 2137 ι,
1635 2087 1751 2142 cap.
1786 2071 1899 2142 15).
1944 2091 1962 2124 ›
2022 2070 2303 2141 Quomodo

672 2222 675 2224 .
711 2175 891 2220 autem
921 2164 1178 2221 acciderit
1207 2175 1263 2219 ut
1285 2163 1647 2220 Christianam
1676 2163 1988 2234 religionem
2020 2167 2305 2236 amplecte-

710 2268 880 2325 retur,
912 2258 1050 2314 idem
1092 2258 1448 2329 Hieronymus
1485 2258 1608 2313 alibi
1639 2259 1718 2313 sic
1748 2257 1907 2313 tradit
1933 2275 1946 2312 :
1977 2275 1998 2309 ι
2035 2260 2304 2314 Arnobius

713 2352 900 2409 rhetor
927 2353 1105 2408 clarus
1131 2353 1187 2408 in
1228 2352 1476 2409 Africa...
1501 2396 1515 2420 ,
1557 2369 1677 2409 cum
1718 2355 1770 2409 in
1799 2355 2014 2410 civitate
2044 2355 2212 2411 Siccae
2237 2357 2304 2412 ad

714 2444 1126 2501 declamandum
1155 2447 1380 2517 juvenes
1409 2447 1667 2515 erudiret,
1692 2457 1746 2504 et
1765 2447 1941 2503 adhuc
1969 2449 2213 2505 ethnicus
2239 2452 2306 2506 ad

715 2540 1086 2596 credulitatem
1134 2541 1359 2598 somniis
1399 2543 1839 2610 compelleretur,
1873 2559 2046 2613 neque
2092 2544 2160 2599 ab
2187 2547 2306 2617 epi-

717 2648 881 2704 scopo
915 2634 1231 2705 impetraret
1261 2634 1420 2690 ﬁdem
1448 2651 1607 2706 quam
1638 2650 1853 2706 semper
1879 2636 2304 2709 impngnaverat,

719 2730 1054 2786 elucubravit
1095 2729 1355 2786 adversus
1398 2731 1675 2802 pristinam
1716 2731 2033 2803 religionem
2066 2732 2307 2788 luculen-

719 2823 956 2880 tissimos
986 2823 1184 2891 libros;
1210 2833 1264 2879 et
1287 2824 1500 2880 tandem
1523 2825 1668 2881 velut
1692 2826 2009 2896 quibusdam
2036 2827 2312 2883 obsidibus

720 2916 938 2987 pietatis
967 2915 1142 2972 foedus
1169 2917 1471 2984 impetravit
1501 2916 1769 2989 (Hierom,
1801 2918 1852 2971 in
1884 2918 2072 2973 Chron.
2096 2922 2164 2974 ad
2188 2937 2313 2976 ann.

724 3023 1045 3071 nucccxcu,
1079 3026 1196 3080 pag.
1234 3009 1384 3080 181).
1417 3008 1591 3065 Tanto
1638 3011 1796 3082 igitur
1835 3011 2038 3068 lumine
2086 3012 2316 3069 donatus

725 3100 820 3156 fuit
847 3101 1134 3165 Arnobius,
1164 3103 1289 3172 quin
1310 3111 1363 3158 et
1384 3103 1606 3158 somniis
1625 3103 1880 3158 divinitus
1902 3105 2156 3162 immissis
2181 3107 2318 3162 adeo

2400 576 2514 630 dit:
2545 594 2563 628 ε
2606 576 2718 632 Hoc
2748 591 2913 648 usque
2961 577 3236 632 historiam
3281 577 3467 632 scribit
3500 574 3766 632 Eusebius
3787 618 3803 643 ,
3836 576 3997 632 Pam-

2401 670 2528 739 phili
2571 672 2821 742 martyris
2879 671 3310 737 contubernalis,
3343 671 3428 726 cui
3479 684 3577 725 nos
3620 669 3722 724 ista
3758 671 3996 741 subjeci-

2401 778 2540 817 mns.
2572 783 2590 816 ι
2613 764 2747 818 Tum
2771 767 3142 821 continenter:
3163 765 3436 832 Arnobius,
3462 764 3655 834 inquit,
3678 764 3868 829 rhetor,
3890 775 3995 821 etc.

2399 856 2478 912 Ne
2497 858 2657 928 igitur
2682 857 2894 914 Eusebii
2923 860 3156 914 narratio
3179 861 3608 929 abrumperetur,
3635 858 3990 931 Hieronymus

2399 951 2561 1006 verba
2590 951 2660 1006 de
2685 951 2944 1016 Arnobio,
2977 953 3128 1022 cujus
3156 951 3298 1006 nulla
3320 951 3521 1006 mentio
3545 951 3686 1022 apud
3717 951 3862 1006 illum
3885 951 3997 1022 epi-

2399 1060 2619 1115 scopum
2645 1045 3043 1108 caesariensem,
3073 1045 3443 1116 superioribus
3471 1045 3792 1100 Eusebianis
3820 1045 3996 1101 ευσε-

2397 1138 2531 1192 cerit
2572 1157 2584 1192 :
2627 1152 2746 1192 cum
2791 1137 2901 1207 jam
2952 1146 3131 1208 postea
3180 1153 3332 1193 suam
3372 1137 3440 1191 de
3491 1137 3683 1191 eodem
3724 1137 3996 1207 scriptore

2401 1232 2718 1287 sententiam
2752 1233 2802 1286 in
2831 1233 3048 1303 proprio
3074 1233 3136 1286 de
3170 1230 3302 1286 Viris
3329 1230 3613 1286 illustribus
3633 1245 3799 1301 opere
3821 1231 3988 1286 mani-

2404 1324 2596 1381 festam
2628 1324 2874 1381 ediderit.

2472 1418 2560 1473 IIl.
2601 1417 2716 1473 Jam
2750 1433 2876 1474 vero
2926 1419 3143 1488 propius
3178 1416 3595 1488 inspiciendum,
3637 1431 3741 1488 quo
3781 1415 4003 1473 demum

2405 1519 2650 1580 tempore
2681 1511 2946 1566 Arnobius
2976 1511 3140 1567 libros
3165 1527 3237 1566 vn
3266 1509 3524 1565 adversus
3551 1519 3735 1580 gentes
3763 1509 4008 1565 conscri-

2404 1605 2588 1675 pserit.
2623 1605 2674 1658 In
2707 1606 2825 1674 ejus
2858 1605 3035 1675 itaque
3076 1619 3241 1675 opere
3270 1613 3377 1658 tres
3427 1603 3732 1657 notationes
3772 1616 3999 1670 compa-

2402 1705 2541 1760 rent,
2563 1712 2786 1767 quarum
2809 1695 2927 1750 dua:
2947 1695 3357 1767 ebrunologicw,
3382 1693 3533 1749 tertia
3553 1709 3681 1748 vero
3705 1693 3955 1748 historica
3986 1709 4003 1755 ;

2404 1807 2469 1846 ex
2499 1791 2693 1862 quibus
2713 1789 2854 1861 quod
2875 1790 3184 1861 quaerimus,
3213 1787 3423 1844 deliniri
3443 1830 3460 1855 ,
3489 1796 3775 1857 utcumque
3797 1785 3995 1841 valeat.

2408 1883 2474 1938 Et
2523 1885 2753 1954 primum
2779 1883 2995 1953 quidem
3036 1881 3113 1938 sic
3157 1881 3397 1952 loquitur
3437 1888 3664 1936 auctor:
3699 1899 3719 1932 ε
3751 1879 4002 1934 Trecenti

2408 1990 2532 2036 sunt
2557 1980 2680 2034 anni
2707 1978 2896 2045 lenne,
2930 1976 3105 2031 minus
3133 1975 3214 2032 vel
3247 1976 3363 2046 plus
3392 1974 3616 2045 aliquid,
3647 1990 3716 2030 ex
3744 1989 3852 2045 quo
3892 1988 4005 2029 cm-

2409 2073 2583 2143 pimus
2624 2085 2745 2126 esse
2773 2067 3083 2136 christiani,
3114 2076 3170 2124 et
3199 2078 3460 2123 terrarum
3491 2068 3543 2122 in
3574 2067 3712 2122 orbe
3735 2065 3943 2123 censeri
3975 2085 3997 2117 ι

2409 2165 2646 2239 (Aruob.,
2675 2165 2767 2221 lib.
2796 2165 2947 2218 lado.
2981 2161 3155 2232 Gent.,
3178 2180 3296 2233 cap.
3326 2161 3405 2234 6).
3451 2161 3550 2218 Ubi
3602 2161 3828 2218 trecenti
3854 2162 4003 2227 anni,

2409 2269 2466 2315 ut
2495 2275 2616 2314 cum
2641 2258 2912 2313 Dodwello
2937 2257 3219 2326 loquamur
3241 2255 3474 2330 (Dodw.,
3501 2255 3718 2312 Dissert.
3744 2272 3782 2312 ιι
3831 2254 4002 2320 lren.,

2413 2351 2441 2424 ᾗ
2475 2353 2565 2420 56,
2614 2369 2734 2424 pug.
2768 2351 2932 2421 197),
2965 2350 3066 2406 sia
3099 2366 3209 2406 xw
3235 2351 3455 2422 Augusti
3493 2364 3593 2422 pro
3624 2350 3834 2406 illorum
3868 2361 4007 2405 tem-

2411 2466 2602 2521 porum
2643 2447 2987 2517 chronologia
3028 2456 3402 2517 supputentur,
3430 2445 3680 2501 desinent
3713 2445 3768 2500 in
3804 2444 4008 2499 anndm

2413 2557 2535 2596 arra:
2588 2540 2822 2610 vulgaris
2845 2554 3094 2594 ccxcvut.
3127 2537 3391 2608 Deinceps
3422 2552 3550 2592 vero
3581 2537 3884 2593 Arnobiana
3911 2537 4012 2591 ist-

2414 2635 2529 2690 haec
2557 2633 2711 2688 nobis
2731 2641 3017 2688 occurrunt
3041 2648 3055 2686 :
3087 2649 3105 2682 ε
3137 2629 3331 2685 ιΕίοιὶε
3351 2630 3486 2685 urbs
3513 2629 3682 2684 Roma
3707 2629 3860 2698 cujus
3884 2643 4011 2685 esse

2417 2730 2468 2784 in
2497 2727 2778 2783 annalibus
2815 2725 3101 2781 indicitur?
3129 2725 3316 2780 Annos
3356 2722 3500 2778 ducit
3544 2723 3926 2794 quinquaginta
3954 2732 4014 2776 et

2416 2824 2579 2887 mille,
2601 2831 2693 2877 aut
2719 2836 2825 2875 non
2847 2819 3069 2873 multum
3096 2817 3164 2872 ab
3195 2817 3464 2872 hismious
3489 2833 3508 2867 ι
3534 2816 3772 2887 (Arnob.,
3805 2814 3898 2869 tib.
3929 2832 3963 2869 ιι
3992 2859 4009 2884 ,

2419 2933 2534 2986 cup.
2564 2915 2678 2986 54).
2713 2915 2867 2968 Anno
2892 2921 3068 2967 autem
3117 2911 3280 2967 Urbis
3329 2908 3560 2966 conditae
3610 2908 3877 2978 unjuxta
3909 2925 4016 2980 pu-

2428 3010 2684 3064 tationem
2713 3007 3088 3062 varrOnianam
3130 3003 3421 3076 reSpondet
3450 3019 3573 3057 tera:
3604 3002 3836 3072 vulgaris
3865 3017 4016 3055 anno

2421 3118 2633 3158 ccxcvu
2657 3103 2808 3170 juxta
2835 3099 3176 3170 capitolinam
3199 3112 3328 3151 vero
3349 3095 3534 3151 incidit
3557 3095 3608 3150 in
3632 3109 3827 3149 annum
3852 3092 4018 3148 Chri-

725 3194 1026 3267 perculsus,
1051 3204 1108 3249 ut
1131 3196 1408 3264 pristinam
1432 3195 1759 3266 impietatem
1783 3197 2006 3269 ejnrarit
2026 3215 2318 3271 verumque
2343 3188 2388 3252 C
2421 3199 2488 3254 sti
2516 3211 2759 3259 cexcvtn,
2795 3203 2852 3249 nt
2891 3192 3112 3264 proinde
3152 3191 3256 3246 huc
3293 3189 3460 3262 usque
3497 3189 3611 3244 fere
3639 3190 3740 3244 sibi
3786 3203 4020 3244 concors

727 3289 821 3345 Dei
850 3289 1052 3345 cultum
1098 3289 1257 3346 fuerit
1296 3292 1594 3363 amplexus.
1632 3293 1794 3348 Docet
1837 3296 1979 3349 enim
2011 3297 2136 3363 ille,
2165 3295 2321 3352 Chri-

729 3394 870 3441 stum
903 3403 923 3437 ‹
953 3400 1057 3440 non
1081 3401 1178 3458 per
1203 3401 1336 3442 vana
1363 3387 1650 3456 insomnia,
1675 3387 1769 3443 sed
1788 3403 1885 3459 per
1911 3405 2056 3460 parte
2083 3393 2319 3462 speciem

729 3481 1085 3552 simplicitatis
1114 3498 1376 3553 apparere
1405 3483 1648 3556 (Arnob.,
1677 3484 1796 3538 adv.
1827 3483 1997 3548 Gent.,
2020 3486 2108 3540 lib.
2139 3504 2176 3556 ι,
2202 3504 2320 3558 cap.

729 3567 882 3640 XVI),
927 3569 1101 3624 adhuc
1142 3585 1240 3624 suo
1284 3580 1526 3640 tempore
1563 3573 1906 3626 consuevisse
1931 3590 1944 3626 :
1973 3583 2226 3642 expertus
2269 3574 2321 3628 id

730 3661 1006 3728 nimirum,
1037 3660 1210 3733 inquit
1236 3662 1564 3729 Dodwellus,
1598 3664 1824 3733 ipsemet
1852 3663 2069 3734 scripsit
2095 3675 2319 3720 auctor:

732 3765 789 3808 ut
815 3764 1096 3825 propterea
1122 3771 1247 3810 vere
1269 3755 1465 3811 dixerit
1489 3771 1550 3812 se
1571 3756 1639 3812 ab
1668 3757 1783 3826 ipso
1804 3756 2020 3812 Christo
2051 3779 2068 3810 ι
2100 3759 2323 3815 doctore

734 3857 882 3902 tanto
909 3848 960 3901 in
994 3847 1106 3902 vias
1134 3848 1378 3903 veritatis
1418 3847 1582 3905 fuisse
1629 3849 1904 3905 inductum
1939 3849 2170 3919 (Dodw.,
2201 3849 2325 3906 Dis-

733 3951 853 3995 sert.
906 3939 1052 3995 Iren.
1082 3957 1141 4004 n.
1171 3941 1200 4013 §
1240 3941 1330 4007 57,
1383 3960 1507 4014 pag.
1543 3942 1689 4015 199).
1729 3963 1748 3995 ι
1780 3943 1914 4011 Quid
1947 3953 2125 4001 autem
2179 3955 2327 4017 post-

736 4037 836 4091 hac
865 4036 1034 4106 egerit
1061 4035 1364 4100 Arnobius,
1394 4051 1567 4107 quove
1592 4051 1734 4092 anno
1761 4052 1791 4092 e
1833 4037 1970 4093 vivis
1999 4040 2324 4106 excesserit,

736 4130 894 4200 plane
925 4130 1315 4199 incompertum
1344 4129 1623 4184 habemus.

810 4224 873 4278 ll.
913 4224 1098 4296 Neque
1124 4240 1254 4280 vero
1274 4239 1343 4279 ex
1373 4222 1684 4296 Hieronymi
1713 4223 1890 4279 verbis
1912 4224 2071 4278 modo
2093 4225 2330 4282 recitatis

737 4320 1020 4391 quisquam
1052 4327 1262 4388 arguat,
1295 4318 1362 4372 ad
1394 4333 1592 4373 annum
1638 4317 1826 4373 saltem
1867 4333 2099 4374 cccxxvr
2122 4361 2138 4384 ,
2167 4319 2329 4374 vitam

738 4413 1065 4484 produxisse
1081 4421 1354 4467 auctorem
1379 4421 1642 4476 nostrum,
1660 4422 1941 4482 propterea
1963 4411 2169 4468 scilicet
2187 4412 2330 4481 quod

742 4507 831 4560 illa
878 4505 1120 4574 proxime
1164 4506 1440 4576 scripserit
1486 4515 1703 4560 sanctus
1749 4505 1945 4560 Doctor
1989 4515 2109 4576 post
2151 4515 2331 4562 notata

743 4597 1078 4652 Constantini
1106 4597 1437 4665 vicenoalia,
1468 4597 1658 4652 eodem
1686 4596 1882 4652 Christi
1922 4613 2064 4652 anno
2101 4613 2332 4654 cccxxvr
2357 4593 2411 4653 D

745 4690 1012 4746 celebrata
1038 4709 1052 4744 :
1079 4690 1340 4762 siquidem
1370 4706 1439 4746 ex
1470 4691 1660 4746 iisdem
1691 4691 1869 4746 verbis
1901 4691 2334 4764 Hieronymianis

744 4784 1105 4856 colligendum
1131 4793 1296 4848 esset.
1331 4800 1397 4841 eo
1427 4785 1544 4853 ipso
1569 4801 1710 4840 anno
1730 4800 2051 4842 conversum
2079 4787 2242 4842 fuisse
2268 4787 2335 4842 ad

745 4879 944 4934 Christi
977 4879 1135 4935 (idem
1179 4879 1478 4936 Arnobium
1505 4921 1520 4944 ,
1559 4879 1799 4952 adeoque
1845 4880 2002 4951 paulo
2045 4889 2170 4936 ante
2209 4896 2335 4936 suos

745 4973 1132 5044 conscripsisse
1161 4973 1328 5029 libros
1343 4973 1602 5030 adversus
1623 4984 1829 5044 gentes,
1857 4974 2050 5042 quibus
2075 4975 2204 5029 velut
2225 4977 2338 5047 qui-

746 5063 960 5119 busdam
990 5065 1244 5119 obsidibus
1287 5065 1490 5136 pietatis
1520 5065 1685 5138 fwdus
1711 5066 2026 5138 impetrarit:
2051 5080 2171 5121 cum
2208 5081 2339 5122 con-

750 5169 831 5213 tra
863 5158 1204 5214 manifestum
1235 5158 1306 5214 sit
1336 5176 1404 5214 ex
1433 5160 1620 5215 eodem
1648 5159 1917 5227 Arnobio,
1949 5169 2006 5214 ut
2034 5174 2155 5214 mox
2187 5160 2332 5216 vide-

750 5251 946 5316 bimus,
977 5265 1151 5320 neque
1188 5250 1419 5306 obscure
1457 5262 1716 5321 praeterea
1747 5268 1813 5306 ex
1857 5252 1975 5321 ipso
2013 5251 2340 5324 Hieronymo

748 5353 1003 5414 appareat
1041 5342 1309 5415 (Hieron,
1339 5345 1402 5398 de
1438 5343 1547 5399 Vir.
1580 5347 1683 5409 itt.,
1714 5346 1814 5400 loc.
1858 5345 1975 5416 cit.)
1998 5386 2012 5408 ,
2043 5359 2136 5400 eos
2175 5345 2340 5402 libros

750 5440 1046 5508 imperante
1079 5437 1405 5494 Diocletiano
1432 5437 1596 5496 fuisse
1639 5440 1708 5494 ab
1746 5449 1966 5496 auctore
1991 5440 2337 5510 perscriptus.

749 5530 867 5597 Quo
895 5531 1054 5599 igitur
1082 5529 1438 5602 Hieronymus
1458 5531 1558 5586 sibi
1581 5540 1811 5595 constet.
1836 5531 2228 5588 observandum
2257 5531 2339 5587 in-

752 5632 915 5678 terest
943 5640 1062 5679 etnu
1095 5625 1210 5678 viro
1237 5624 1550 5679 doctissimo
1584 5624 1832 5695 (Nourr.,
1860 5625 2056 5695 Appar.
2099 5624 2169 5679 ad
2195 5623 2337 5678 Bibl.

752 5726 975 5788 patrum,
1007 5727 1128 5772 tom.
1172 5734 1231 5785 ll,
1279 5737 1395 5790 pag.
1430 5719 1606 5789 285),
1638 5733 1705 5774 eo
1749 5717 2000 5774 Chronici
2051 5719 2342 5774 Eusebiani

754 5814 873 5868 loco
900 5823 1006 5864 nOn
1036 5810 1301 5869 indicasse
1329 5828 1507 5869 veram
1545 5811 1768 5868 Arnobii
1807 5820 2019 5867 :etatem
2064 5812 2338 5868 doctorem

731 5911 1070 5976 maximum.
1100 5903 1233 5962 Nam
1264 5905 1319 5961 in
1345 5904 1614 5963 Chronico
1640 5915 1759 5978 post
1788 5912 1971 5962 notata
1999 5904 2068 5960 ab
2106 5904 2341 5962 Eusebio

2426 3292 2667 3346 videatur
2695 3299 2900 3344 auctor.
2931 3287 3000 3342 At
3026 3301 3147 3340 eum
3174 3286 3352 3357 priore
3379 3284 3432 3338 itt
3474 3282 3590 3338 loco
3623 3281 3816 3349 addat,
3846 3283 4022 3336 minus

2425 3387 2502 3439 vel
2529 3385 2643 3455 plus
2673 3381 2896 3452 aliquid;
2928 3380 2978 3434 in
3011 3378 3307 3449 posteriore
3335 3386 3641 3438 autem,aut
3669 3392 3770 3430 non
3800 3376 4023 3430 multum

2426 3480 2489 3532 ab
2517 3480 2596 3535 Itis
2613 3479 2779 3532 minus
2804 3494 2822 3531 :
2841 3477 2962 3531 hinc
2983 3474 3244 3531 dubitatio
3267 3473 3558 3538 suboritur,
3581 3485 3706 3526 num
3731 3469 4026 3542 utrobique

2425 3573 2657 3628 ealculos
2685 3579 2929 3626 accurate
2961 3568 3215 3639 posuerit.

2499 3667 2809 3723 Posthabito
2830 3665 3007 3736 itaque
3029 3674 3253 3734 utroque
3269 3663 3580 3718 charactere
3609 3657 4025 3730 chronologico,

2428 3763 2493 3818 ad
2508 3763 2668 3817 alium
2687 3757 3000 3816 historicum
3023 3760 3109 3829 qui
3124 3758 3320 3814 certior
3338 3771 3460 3812 esse
3481 3754 3710 3821 videtur,
3735 3763 4028 3824 propterea

2431 3853 2833 3914 recurrendum.
2863 3853 2952 3909 Sic
2979 3852 3138 3923 igitur
3170 3851 3504 3921 prosequitur
3522 3857 3745 3903 auctor:
3777 3865 3797 3899 ί
3826 3845 4032 3901 Nostra

2429 3927 2642 4022 quidem
2673 3948 2870 4018 scripta
2897 3961 2993 4000 cur
3019 3945 3230 4015 ignibus
3257 3950 3569 3998 meruerunt
3592 3940 3744 3994 dari?
3783 3954 3882 3993 cur
3917 3939 4033 3992 im-

2433 4043 2662 4097 maniter
2703 4038 3073 4096 conventicula
3122 4037 3258 4091 dirui
3290 4034 3425 4109 (ld.,
3485 4034 3573 4088 lib.
3604 4049 3676 4100 tv,
3719 4049 3836 4103 cap.
3889 4030 4035 4101 £8)?

2433 4136 2562 4204 Quae
2613 4150 2742 4189 sane
2799 4133 2960 4187 verba
3005 4130 3280 4199 scripserit
3330 4129 3600 4183 Arnobius
3652 4135 3771 4196 post
3821 4139 4039 4179 annum

2431 4246 2609 4296 eccm,
2629 4245 2736 4298 quo
2753 4225 3060 4282 Diocletiani
3087 4223 3391 4294 persecutio
3409 4223 3599 4277 saevire
3621 4221 3806 4290 οωμὶι.
3831 4238 3849 4271 ι
3872 4218 4042 4274 Tunc

2433 4325 2616 4389 enim,
2669 4319 2836 4391 inquit
2867 4317 3165 4381 Eusebius,
3227 4313 3396 4369 xEdes
3443 4331 3617 4369 sacras
3651 4312 3768 4368 Solo
3820 4313 4043 4380 aequari

2434 4431 2498 4471 ac
2528 4415 2764 4470 funditus
2805 4411 3062 4477 subverti,
3093 4427 3267 4466 sacros
3303 4410 3591 4463 divinarum
3635 4407 4046 4479 Scripturarum

2438 4511 2592 4566 libros
2624 4510 2677 4564 in
2710 4508 2888 4564 medio
2917 4507 3032 4563 foro
3061 4504 3393 4561 concremari
3418 4547 3434 4569 ,
3461 4503 3634 4558 oculis
3662 4502 3859 4557 nostris
3891 4500 4048 4554 vidi-

2437 4620 2556 4660 mus
2582 4603 2818 4678 (Euseb.,
2851 4601 2989 4656 Hist.
3027 4602 3230 4664 ecclcs.,
3261 4599 3445 4654 lib.vttt
3469 4639 3483 4662 ,
3511 4614 3627 4670 cap.
3673 4595 3753 4668 8).
3797 4615 3816 4647 ι
3855 4596 4050 4665 Atque

2437 4697 2576 4752 hanc
2603 4697 2867 4751 veriorem
2910 4693 3232 4750 sententiam
3261 4691 3329 4746 de
3360 4700 3603 4762 tempore
3627 4704 3734 4760 quo
3759 4687 4053 4742 scribebat

2438 4791 2742 4856 Arnobius,
2793 4792 2996 4860 primus
3039 4788 3275 4842 omnium
3322 4786 3602 4855 amplexus
3646 4793 3728 4837 est
3767 4781 4055 4835 Baronius

2439 4883 2682 4954 (Baron.,
2711 4881 2780 4935 ad
2804 4898 2926 4935 ann.
2957 4880 3083 4944 502,
3115 4879 3143 4950 §
3178 4877 3267 4949 l7)
3291 4920 3305 4944 ,
3337 4892 3495 4948 quem
3537 4874 3731 4929 deinde
3780 4882 3913 4926 sunt
3953 4887 4056 4926 as-

2439 4975 2626 5032 sectati
2674 4973 2976 5029 Dodwellus
3006 4971 3250 5042 (Dodw.,
3285 4970 3383 5024 loc.
3427 4967 3549 5041 cit.)
3571 5009 3586 5034 ,
3617 4965 3812 5037 Pagius
3841 4962 4054 5034 (Pag.,

2441 5071 2508 5122 ad
2537 5085 2658 5122 ann.
2687 5066 2824 5131 502,
2855 5065 2883 5136 §
2916 5065 3017 5136 15)
3049 5065 3264 5134 aliique,
3313 5063 3436 5116 licet
3475 5075 3592 5115 eam
3635 5057 4059 5130 quodammodo

2443 5162 2713 5218 inﬁrmare
2736 5173 3019 5230 aggressus
3048 5158 3117 5212 sit
3153 5155 3528 5211 Tillemontius
3554 5151 3808 5226 (Tiltem.,
3840 5149 4054 5218 Mem,

2444 5267 2566 5310 tom.
2595 5271 2668 5320 tv,
2701 5271 2822 5325 pag.
2854 5250 2980 5318 767,
3009 5247 3163 5325 not.).
3193 5249 3446 5319 Quamvis
3476 5260 3658 5303 autem
3699 5247 3752 5302 in
3787 5245 3893 5300 hoc
3941 5262 4058 5316 po-

2444 5357 2648 5402 stremo
2675 5345 2794 5400 loco
2821 5344 3020 5400 certius
3050 5343 3191 5412 loqui
3224 5341 3470 5397 videatur
3493 5340 3782 5407 Arnobius,
3814 5354 3927 5393 non
3960 5350 4064 5395 est

2445 5449 2624 5495 tamen
2652 5453 2748 5493 cur
2778 5437 2927 5492 illum
2953 5450 3271 5492 censeamus
3299 5449 3425 5490 cum
3454 5431 3726 5488 nonnullis
3755 5431 3887 5486 viris
3911 5446 4064 5487 eru-

2444 5530 2590 5596 ditis,
2625 5530 2676 5584 io
2709 5530 2820 5584 suis
2850 5527 3073 5598 reliquis
3117 5527 3480 5598 putationibus
3505 5525 3645 5580 haud
3682 5524 3785 5580 sibi
3813 5533 4066 5580 consta-

2445 5638 2522 5678 re.
2550 5621 2734 5691 Neque
2774 5621 2915 5675 enim
2959 5619 3175 5674 demum
3209 5636 3316 5675 uno
3358 5619 3548 5674 calami
3587 5617 3751 5672 ductu
3795 5617 4071 5687 integros
4111 5631 4113 5638 ‘

2444 5723 2655 5785 septem
2682 5727 2808 5768 suos
2839 5711 3007 5767 libros
3036 5713 3339 5769 exaraverit
3367 5722 3573 5767 auctor.
3603 5710 3868 5780 Adeoque
3907 5709 4073 5765 duos

2446 5811 2652 5881 priores
2692 5808 3064 5880 perscribens,
3093 5824 3263 5866 annos
3303 5792 3460 5865 Urbis
3498 5806 3730 5862 condita:
3758 5805 4018 5877 primum
4051 5825 4069 5873 ;

2445 5902 2637 5958 deinde
2665 5917 2795 5957 vero
2823 5915 2993 5957 annos
3021 5915 3146 5957 aera:
3173 5900 3498 5967 christiana,
3531 5897 3649 5968 plus
3677 5898 3881 5967 aliquid
3907 5939 3922 5962 ,
3957 5909 4072 5953 aut
