4196 6246
178 213 290 269 555

1450 213 1728 276 NOTITIA
1766 212 2149 279 HISTORICA.

3364 227 3467 285 ’554

171 339 274 377 non
316 323 482 376 multo
522 321 690 377 minus
728 322 890 394 probe
931 325 1127 393 putarit
1151 340 1164 378 :
1188 327 1454 384 accedens
1495 341 1674 386 autem
1708 333 1774 388 ad
1805 337 1858 394 Α
1884 345 2060 390 autem
2091 336 2257 391 editio
2280 336 2768 418 Lngduno—Batava
2797 339 3017 412 reliquis
3037 343 3315 400 enimvero
3335 358 3473 415 pra:-

172 416 368 471 lihrum
396 432 475 479 tv.
503 434 613 488 quo
639 425 876 474 tervenat
898 416 1216 474 diocletiana
1269 433 1591 492 persecutio,
1623 442 1690 478 nu
1713 427 1778 480 tis

173 509 498 566 certioribus
524 511 827 581 scriptionis
855 527 967 565 sua:
1015 520 1224 582 tempus
1268 515 1418 570 nobis
1451 515 1767 585 prodiderit.

174 601 383 668 Quibus
415 604 641 673 positis,
672 620 815 659 anno
856 602 1072 660 demum
1103 621 1280 673 cccrv,
1324 617 1414 662 aut
1448 609 1584 664 forte
1627 609 1775 665 insc-

173 702 393 765 quente,
422 694 694 767 integrum
721 711 876 752 suum
906 712 1042 768 opus
1071 699 1341 754 Arnobius
1374 701 1666 770 perfecisse
1693 705 1771 756 vi-

172 786 349 843 detur.

247 878 337 935 ιγ.
383 878 534 936 Nunc
577 896 708 937 vero
756 881 826 938 dc
865 883 1043 954 operis
1082 884 1378 941 Arnobiani
1412 887 1584 958 pretio
1631 887 1774 958 loqui

174 973 355 1043 placet
395 990 514 1029 cum
548 974 666 1030 viro
696 975 909 1031 erudito
933 1020 947 1042 ,
981 977 1033 1030 in
1071 975 1209 1033 hanc
1238 978 1408 1034 ferme
1447 981 1770 1036 sententiam

171 1066 545 1123 cdisserente:
577 1086 596 1119 ι
635 1067 952 1124 Reconditae
997 1068 1102 1124 hoc
1145 1071 1423 1140 sapientia:
1463 1082 1774 1143 promptua-

171 1158 312 1213 rium
358 1175 466 1230 quo
515 1159 702 1215 insana
747 1162 986 1232 gentium
1038 1162 1226 1233 religio
1273 1164 1599 1234 exploditur,
1645 1181 1770 1221 vera

169 1252 547 1320 conﬁrmatur,
581 1253 726 1309 omni
759 1253 914 1310 laude
957 1253 1132 1324 majus
1161 1267 1264 1313 est.
1296 1258 1428 1324 Quis
1468 1260 1610 1314 enim
1653 1259 1768 1314 elo-

169 1345 408 1413 quentia:
429 1360 649 1411 nervos,
672 1346 934 1401 rationum
959 1347 1217 1417 pondera,
1244 1349 1534 1419 exquisitas
1557 1361 1772 1406 senten—

171 1437 271 1490 tias
296 1451 427 1492 cum
455 1437 740 1508 pervolvit,
775 1453 881 1493 non
903 1439 1166 1509 abripitur
1194 1441 1244 1495 in
1271 1457 1513 1497 amorem
1550 1453 1604 1498 et
1635 1443 1772 1498 desi-

171 1529 388 1584 derium
410 1531 543 1585 tanti
563 1530 833 1585 auctoris?
854 1530 1064 1603 Ubique
1087 1533 1379 1606 triumphat
1399 1535 1774 1591 florentissima

1883 429 2108 482 stantior
2146 429 2267 498 jure
2317 429 2611 499 habeatur,
2664 433 2803 488 haud
2849 436 3030 504 paucis
3079 447 3254 492 tamen
3307 438 3474 493 nmvis

1884 520 2276 592 typothctarum
2307 522 2436 577 vitio
2463 524 2690 590 laborat,
2718 529 2844 596 quin
2874 535 2930 582 et
2975 528 3170 584 alicubi
3202 530 3363 585 verba
3392 530 3474 586 in-

1883 624 2028 686 tegra
2057 617 2266 686 penitus
2296 618 2491 672 omissa
2517 621 2569 672 in
2593 634 2653 674 ea
2681 619 3088 691 deprehendas;
3120 623 3315 696 quibus
3349 639 3476 696 pro-

1883 707 2007 764 inde
2038 709 2246 765 tneudis
2276 710 2503 780 aliisque
2545 711 2722 767 adhuc
2758 713 3091 782 gravioribus
3117 725 3322 782 scatet,
3355 731 3476 787 qua:

1882 802 2026 857 illam
2054 819 2115 857 ex
2130 803 2325 871 pressit
2357 805 2694 874 parisiensis.

1951 894 2185 950 Ducmre
2208 896 2384 967 itaque
2404 898 2742 968 potiSsimum
2766 899 3011 974 Nourryo
3033 917 3086 956 v.
3109 902 3184 958 cl.
3207 904 3296 972 qui
3323 902 3476 960 libris

1877 987 2186 1042 arnobianis
2211 989 2578 1046 etnaculandis
2621 991 3056 1066 illustrandisque
3101 1011 3280 1065 operte
3307 997 3478 1066 pluri-

1878 1095 2023 1134 mttm
2055 1081 2284 1136 contulit
2313 1082 2568 1151 (Nourr.,
2595 1085 2801 1155 ‘Appar.
2833 1088 2902 1142 ad
2925 1087 3063 1144 Bibl.
3091 1101 3314 1161 patrum,
3349 1102 3494 1147 tant.-

1877 1186 1950 1238 ιι,
1983 1188 2104 1243 pag.
2139 1173 2408 1244 257-570)
2438 1215 2453 1239 ,
2495 1175 2716 1230 editioni
2759 1191 2956 1235 noslrze
2997 1183 3358 1252 perpohendaa
3398 1184 3481 1238 in-

1884 1265 2187 1332 cubuimus,
2219 1267 2595 1324 selectioribus
2619 1271 2956 1328 eruditorum
2991 1275 3132 1329 notis
3161 1276 3228 1332 ad
3252 1277 3478 1333 Arnohii

1879 1367 2078 1413 textum
2130 1362 2389 1430 imprimis
2415 1363 2807 1419 emendandum
2859 1371 3222 1438 comparatis,
3273 1380 3484 1428 nostras

1877 1453 2293 1525 qualescumque
2326 1455 2650 1514 intexentes.
2705 1459 2909 1516 Deinde
2934 1478 3040 1533 quo
3064 1465 3302 1519 auctoris
3324 1465 3484 1522 IeCtio

1884 1545 2066 1599 utilior
2090 1546 2142 1600 itt
2174 1555 2446 1616 posterum
2476 1549 2837 1621 contingeret,
2865 1554 3133 1624 simulque
3159 1556 3376 1612 taedium
3399 1558 3480 1614 Ie-

170 1620 288 1690 cjus
313 1621 507 1685 dictio,
554 1631 715 1693 atque
761 1623 860 1695 ipsi
890 1624 1029 1680 adeo
1065 1627 1297 1697 gentiles
1340 1644 1438 1683 suo
1463 1629 1777 1700 jugulantur
1811 1661 1858 1720 Β
1886 1644 2092 1691 ctorum
2143 1652 2206 1692 ac
2251 1638 2488 1694 laborem
2537 1620 2893 1699 allevaremus
2917 1687 2932 1712 ,
2965 1647 3292 1703 arnobianos
3321 1649 3485 1706 libros

171 1713 382 1784 gladio.
410 1713 664 1770 Calamus
687 1715 779 1771 ille
803 1716 963 1772 simul
996 1735 1187 1775 omnes
1217 1729 1460 1778 tacentes
1487 1723 1770 1792 gentilium

170 1808 304 1863 deos
335 1808 597 1879 perfodit,
625 1809 878 1865 confecit.
911 1809 1109 1878 Verbo,
1139 1812 1411 1869 Arnobius
1439 1813 1567 1869 Afer
1588 1814 1772 1870 adver-

175 1919 270 1957 sus
285 1911 502 1973 gentes,
518 1903 784 1959 abstrusa:
805 1904 1124 1961 eruditionis
1139 1917 1347 1972 auctor,
1367 1908 1782 1974 subtilis,diser-

172 2005 282 2062 tus,
319 1997 538 2066 ingenio
564 2007 619 2052 et
659 1998 907 2054 facundia
939 2009 1234 2069 przcstans,
1265 2001 1572 2058 ethnicismi
1599 2004 1783 2060 debel-

171 2087 321 2142 lator
355 2089 679 2145 l’ortissimus
714 2109 734 2142 ι
779 2088 1022 2162 (Praefat.
1069 2092 1136 2146 ad
1186 2092 1404 2162 Arnob.,
1449 2095 1567 2150 edit.
1609 2095 1783 2168 Lugd.

169 2179 324 2246 Bat.,
358 2180 546 2248 1651).
579 2181 702 2238 Haec
732 2181 844 2238 ille.

247 2273 708 2344 Quandoquidem
738 2292 868 2332 vero
888 2277 1157 2335 Arnobius
1183 2280 1236 2335 in
1259 2281 1372 2337 suis
1400 2292 1610 2354 septem
1632 2284 1786 2342 libris

174 2367 592 2424 conscribendis
621 2369 819 2440 duplex
842 2371 944 2427 sibi
977 2387 1204 2442 pensum
1233 2373 1622 2432 absolvendum
1656 2394 1783 2449 pro-

175 2463 449 2532 posuerit,
483 2460 738 2516 nimirum
789 2471 847 2518 ut
885 2474 940 2519 et
989 2463 1177 2520 falsam
1204 2467 1488 2537 gentilium
1518 2477 1576 2524 et
1601 2485 1782 2525 veram

175 2555 612 2611 christianorum
641 2571 761 2612 esse
801 2556 1119 2628 religionem
1156 2560 1470 2618 evinceret:
1503 2562 1674 2619 multo
1701 2563 1787 2618 lu-

176 2648 467 2707 culentins
505 2651 730 2704 ethnicaa
782 2651 1180 2720 superstitionis
1224 2653 1554 2724 impietatem
1613 2660 1787 2727 impn-

183 2756 415 2812 gnasse,
457 2756 617 2813 quam
647 2741 956 2799 christiana:
998 2743 1120 2800 fidei
1163 2745 1443 2802 veritatem
1488 2748 1792 2804 ostendisse

180 2840 337 2894 visus
364 2846 471 2894 est.
496 2835 634 2892 Hinc
679 2845 896 2893 sanctus
924 2838 1283 2910 Hieronymus
1309 2857 1323 2894 :
1354 2859 1372 2891 ι
1400 2840 1538 2913 Ego,
1569 2860 1588 2894 ι
1622 2841 1796 2913 inquit

185 2932 464 3006 (Πίθωνι,
496 2933 649 3004 epist.
682 2949 812 3002 ιω,
838 2935 909 2988 al.
941 2950 1122 3002 Lxxw,
1161 2935 1231 2989 ad
1278 2934 1592 3008 Tranquill,
1632 2937 1660 3009 §
1688 2937 1723 2990 ἑ
1743 2938 1789 3010 ),

194 3050 216 3083 t
253 3029 539 3100 Origenem
569 3039 790 3100 propter
815 3029 1174 3086 eruditionem
1200 3031 1282 3086 sic
1309 3031 1580 3087 interdum
1608 3031 1790 3103 legen-

188 3125 326 3182 dum
374 3133 626 3188 arbitror.
677 3118 948 3194 quomodo
1006 3123 1433 3193 Tertullianutn,
1483 3125 1786 3195 Novatum,

191 3217 524 3283 Arnobium,
553 3215 946 3286 Apollinarium
975 3225 1032 3272 et
1059 3216 1348 3272 nonnullos
1393 3217 1794 3274 ecclesiasticos

191 3312 514 3383 scriptores.
543 3325 748 3383 graecos
776 3312 976 3381 pariter
1001 3319 1058 3366 et
1086 3311 1314 3378 latinos;
1345 3321 1401 3367 ut
1427 3311 1564 3368 bona
1603 3327 1791 3368 eorum

143 3388 148 3390 ﬁ
195 3405 486 3475 eligamus,
509 3404 850 3474 vitemusque
870 3402 1164 3470 contraria,
1189 3403 1340 3474 juxta
1367 3405 1686 3475 Apostolnm
1714 3405 1795 3460 di-

195 3507 452 3554 centem:
507 3495 692 3551 Omnia
723 3496 970 3567 probate;
1010 3495 1146 3566 quod
1189 3496 1376 3551 bonum
1424 3508 1516 3562 est,
1567 3506 1725 3552 tenete
1754 3494 1799 3570 (l

205 3591 422 3659 These,
448 3609 502 3659 γ,
531 3591 644 3664 21).
684 3609 704 3644 ι
737 3591 998 3647 Caeterum
1032 3606 1138 3645 non
1158 3590 1293 3646 adeo
1321 3591 1653 3663 incomperta
1682 3591 1800 3646 fue-

200 3695 336 3742 runt
385 3683 621 3740 Arnobio
662 3683 971 3739 christiana:
1017 3683 1293 3753 religionis
1331 3685 1586 3756 mysteria
1613 3725 1627 3749 ,
1673 3683 1799 3755 quin

201 3789 361 3834 reCte
386 3775 456 3831 de
481 3776 700 3830 summis
731 3775 852 3832 fidei
883 3774 1151 3846 capitibus
1176 3775 1498 3845 dispulerit;
1527 3786 1586 3830 ut
1614 3778 1802 3832 adver-

204 3886 299 3926 sus
331 3868 619 3925 nonnullos
640 3868 966 3924 morosiores
988 3867 1234 3924 homines
1258 3868 1554 3924 luculenter
1575 3867 1801 3923 demon-

201 3971 452 4020 strarunt
489 3962 587 4017 viri
623 3961 948 4028 doctissimi,
992 3960 1270 4032 Nourryns
1309 3959 1556 4030 (Nourr..
1592 3961 1790 4030 Appar.

206 4056 274 4110 ad
300 4055 444 4110 Bibl.
475 4065 695 4126 patrum,
730 4063 852 4110 tam.
884 4070 942 4119 ll,
978 4071 1096 4124 pag.
1119 4053 1247 4120 290,
1277 4051 1386 4107 296
1415 4063 1462 4137 et
1486 4052 1620 4122 seq.)
1644 4093 1657 4116 ,
1692 4051 1800 4106 Ma-

206 4164 376 4204 ranus
398 4148 420 4222 (
446 4147 679 4213 Marum,
707 4145 880 4201 Dicin.
913 4145 985 4200 Β.
1016 4144 1092 4202 Ν.
1123 4145 1181 4202 ,1.
1218 4143 1303 4214 (3.,
1336 4144 1425 4199 lib.
1456 4160 1549 4208 nt,
1581 4161 1696 4215 cap.
1745 4144 1801 4208 4.

207 4241 322 4312 g5,
370 4250 416 4295 et
465 4240 554 4295 lib.
601 4256 674 4308 ιν,
707 4257 820 4311 cap.
867 4237 959 4306 ea,
992 4237 1114 4310 §t,
1169 4254 1289 4311 pag.
1322 4236 1456 4303 526,
1487 4235 1668 4308 554),
1698 4235 1804 4309 .alii

210 4351 348 4408 quos
380 4334 609 4406 proinde
636 4333 920 4390 consulere
949 4348 1128 4403 operte
1151 4332 1378 4403 pretium
1409 4332 1585 4387 fuerit.

1884 1729 1972 1799 qui
2005 1731 2263 1787 hactenus
2287 1733 2575 1802 conjuncto
2601 1737 3021 1809 continuatoque
3068 1757 3321 1799 sermone
3350 1759 3478 1814 pro-
3516 1804 3519 1806 ,

1885 1823 2122 1890 dierunt,
2154 1840 2298 1881 nunc
2327 1827 2556 1896 primum
2587 1831 2640 1884 itt
2667 1833 2842 1900 capita
2871 1849 2967 1888 seu
2996 1835 3270 1891 sectiones
3297 1836 3482 1894 distri-

1887 1914 2136 1982 buimus;
2183 1933 2408 1986 quarum
2445 1920 2707 1992 analysim
2741 1935 2999 1992 praeterea
3040 1925 3091 1980 in
3121 1925 3298 1982 indice
3327 1926 3487 1998 operi

1888 2008 2099 2078 adjecto
2123 2010 2470 2080 subjecimus.
2493 2045 2563 2054 —
2587 2015 2856 2072 Hactenus
2881 2018 3214 2077 Gallandius.
3243 2021 3348 2076 Sed
3369 2027 3482 2091 jam

1889 2101 1957 2159 de
1977 2104 2198 2176 singulis
2217 2105 2540 2163 editionibus
2559 2123 2679 2164 cum
2703 2112 3136 2169 Schmnnemann
3186 2111 3485 2171 videamus.

2359 2285 2576 2327 SECULO
2605 2287 2801 2328 DECIMO
2829 2288 3022 2329 SEXTO.

2687 2408 2844 2464 1545.

1966 2556 2151 2613 Roma:
2177 2559 2315 2629 apud
2343 2559 2533 2618 Franc.
2563 2562 2891 2620 Priscianen.
2911 2564 3307 2635 Florentinum,
3327 2569 3482 2626 in-l".

1891 2649 2105 2706 Αγηοὸἰὶ
2136 2649 2560 2721 Disputationum
2583 2657 2823 2711 adversus
2853 2669 3023 2729 gentes
3047 2659 3162 2714 libri
3191 2671 3326 2727 octo,
3357 2679 3490 2717 nunc

1893 2744 2117 2813 primunt
2144 2746 2198 2799 in
2224 2746 2387 2801 lucem
2436 2749 2577 2802 editi.
2609 2780 2676 2794 ν-
2702 2749 2759 2804 In
2790 2752 2901 2807 fine
2926 2770 2938 2806 :
2964 2752 3152 2810 Romae
3197 2755 3251 2810 in
3285 2756 3493 2814 aedibus

1894 2837 2170 2894 Fraucisci
2199 2839 2614 2907 Priscianensis,
2644 2859 2848 2900 unxut.

1967 2930 2225 3002 Princeps
2245 2933 2359 2989 htec
2389 2935 2614 2990 Arnobii
2635 2935 2802 2992 editio
2826 2937 3056 2994 debetur
3079 2939 3277 2996 Fausto
3301 2941 3491 2998 Sabaeo

1967 2981 1991 2986 _
2013 2981 2026 2985 _
2043 2981 2223 3002 -----,.-
2246 2981 2358 2989 η..-
2389 2981 2452 2989 --.
2470 2981 2614 2990 ..-νη
2638 2981 2800 2992 -..ων
2827 2981 3045 2994 ηψπ...
3081 2981 3103 2995 .
3124 2981 3277 2996 ...μην
3301 2981 3491 2998 sua...

1819 2981 1864 3044 Ο
1898 3021 2174 3090 Brixiano,
2193 3023 2532 3081 bibliothecae
2555 3027 2809 3084 vaticante
2830 3038 2958 3085 tunc
2980 3033 3238 3102 temporis
3250 3021 3491 3099 custode,

1899 3113 2119 3172 homine
2149 3117 2362 3172 erudito
2393 3127 2448 3173 et
2477 3118 2670 3190 insigni
2698 3120 2962 3193 imprimis
2990 3125 3377 3192 versilicntore,
3403 3126 3492 3197 qui

1905 3205 2190 3265 Francisco
2233 3211 2274 3275 Ι,
2307 3211 2584 3268 Gallorum
2635 3213 2782 3285 regi,
2823 3231 2940 3272 eam
2972 3217 3246 3290 inscripsit
3269 3221 3493 3291 epistola

1907 3300 2023 3356 data
2065 3303 2254 3360 Romae
2297 3313 2352 3359 et
2408 3304 2536 3360 bibl.
2565 3306 2816 3377 palatina
2842 3351 2857 3376 ,
2909 3307 3124 3366 kalend.
3173 3315 3495 3384 septembris

1907 3411 2122 3452 Inxun.
2156 3395 2232 3451 Ex
2265 3396 2366 3452 hac
2393 3399 2648 3454 nonnulla
2677 3401 2917 3458 delibare
2952 3405 3005 3459 in
3055 3404 3316 3462 lectorum
3347 3423 3496 3463 com-

1906 3489 2126 3544 modum
2170 3490 2338 3558 juvat.
2387 3492 2754 3548 Intelleximus
2809 3496 2949 3550 enim
2995 3511 3024 3550 a
3069 3498 3250 3553 multis
3278 3499 3493 3568 quidem

1906 3581 1972 3638 de
1987 3582 2084 3638 hac
2104 3582 2340 3640 editione
2356 3585 2516 3640 verba
2542 3601 2662 3643 esse
2683 3585 2842 3653 facta,
2857 3588 3026 3656 ipsam
3045 3598 3224 3646 autem
3243 3593 3497 3661 paucissi-

1906 3676 2008 3730 mis
2048 3686 2252 3731 tantum
2285 3676 2476 3744 visam,
2500 3679 2641 3748 qttod
2671 3681 2836 3734 variis
2879 3680 3075 3751 passim
3107 3685 3381 3740 erroribus
3401 3701 3498 3741 an-

1907 3786 2022 3827 sam
2049 3770 2218 3828 dedit.
2252 3771 2610 3842 Przecipuum,
2647 3774 2790 3844 quod
2817 3776 3067 3846 cuiquam
3091 3777 3496 3835 animadversa-

1909 3865 2056 3922 tione
2084 3865 2302 3935 dignum
2361 3864 2530 3921 videri
2579 3867 2766 3936 possit,
2797 3869 3036 3938 profecto
3076 3869 3178 3927 hoc
3220 3881 3324 3939 est,
3355 3873 3498 3944 quod

1900 3961 2022 4030 jure
2047 3959 2164 4014 belli
2211 3976 2356 4014 suum
2406 3976 2512 4015 esse
2554 3960 2836 4014 Arnobium
2887 3962 3038 4028 dicit,
3067 3981 3214 4035 quem
3243 3966 3448 4022 scilicet
3472 3984 3500 4022 ε

1909 4054 2075 4106 media
2128 4051 2357 4108 barbarie
2397 4069 2500 4108 non
2545 4053 2656 4108 sine
2679 4053 2946 4121 dispendio
2974 4064 3028 4112 et
3051 4055 3363 4113 discrimine
3393 4059 3499 4112 eri-

1917 4146 2101 4216 puerit.
2129 4146 2260 4213 Quae
2307 4146 2353 4202 si
2383 4148 2642 4204 attentius
2670 4147 2962 4218 aliquando
3005 4151 3304 4222 perpendas
3344 4162 3399 4208 et
3435 4168 3498 4210 ea

1913 4238 2074 4293 simul
2122 4241 2376 4295 memoria
2405 4250 2776 4313 reputes,qn:n
2804 4241 2872 4296 de
2902 4242 3010 4297 vita
3037 4244 3304 4316 rebusque
3329 4249 3500 4304 nostri
3529 4291 3531 4298 ,

1915 4328 2107 4384 tradita
2151 4331 2395 4400 legimus,
2425 4331 2478 4385 id
2505 4332 2732 4389 inuuere
2760 4333 2896 4390 velle
2922 4333 3151 4404 videtur,
3187 4351 3246 4392 se
3277 4337 3502 4394 Arnobii

282 4429 354 4484 ν.
397 4429 506 4486 Sed
547 4439 602 4484 ut
625 4427 692 4483 de
720 4437 940 4483 auctore
979 4426 1194 4482 demum
1238 4425 1461 4496 ejusque
1485 4440 1648 4496 opere
1678 4440 1798 4480 ser-
1830 4421 1884 4482 D
1912 4423 2378 4494 aliquemcumqne
2426 4424 2664 4492 unicum,
2708 4437 2766 4481 ut
2811 4437 2997 4499 postea
3050 4431 3316 4500 apparuit,
3349 4432 3498 4488 codi-

213 4539 432 4581 monem
459 4524 849 4579 concludamus
868 4566 883 4593 ,
913 4537 977 4578 ex
1009 4538 1115 4576 uno
1143 4521 1431 4591 superstite
1478 4536 1580 4575 ms.
1621 4521 1806 4576 codice

215 4619 562 4674 bibliotheca:
591 4618 870 4682 vaticanaz,
900 4617 1225 4688 octingentis
1250 4623 1303 4671 et
1331 4615 1564 4686 amplius
1611 4613 1808 4669 abhinc

218 4713 378 4768 annis
404 4693 638 4784 eleganti
669 4714 988 4767 charactere
1017 4720 1238 4766 exarato
1263 4727 1277 4773 ;
1309 4711 1399 4780 qui
1429 4717 1612 4779 postea
1639 4706 1691 4761 in
1723 4722 1809 4761 re-

219 4809 366 4876 giam
392 4804 772 4861 bibliothecam
802 4803 1158 4874 parisiensem
1187 4803 1428 4869 transiit,
1455 4801 1602 4856 curis
1630 4800 1812 4854 Fausti

220 4898 397 4956 Sabaei
426 4897 624 4968 prodiit
649 4898 827 4969 operis
848 4896 1144 4952 Arnobiani
1171 4897 1420 4966 princeps
1449 4910 1671 4950 romana
1699 4894 1815 4950 edi-

225 4991 299 5046 tio
329 5005 475 5045 anno
506 4989 665 5046 1542.
695 4989 844 5046 Hanc
872 5005 1002 5046 vero
1030 4988 1288 5044 insecutae
1315 4996 1450 5049 sunt,
1469 4987 1774 5058 complures
1797 5027 1812 5052 ,

224 5085 468 5140 virorum
497 5084 857 5152 eruditorum,
889 5082 1124 5151 Canteri,
1151 5081 1370 5149 Ursini,
1396 5082 1777 5139 Elmenhorstii
1798 5121 1813 5148 ,

222 5177 555 5244 Stcwechii,
617 5175 839 5232 Heraldi
906 5175 1249 5247 aliorumque
1306 5174 1486 5230 studio
1549 5175 1817 5245 expolitae.

225 5272 485 5327 Omnium
521 5270 962 5327 emendatissima
1008 5269 1366 5335 existimatur,
1416 5284 1536 5340 quae
1581 5266 1822 5339 Lugduni

233 5367 555 5423 Balarorum
575 5409 589 5435 ,
620 5381 766 5421 anno
795 5365 963 5432 16541,
997 5380 1065 5420 ex
1093 5364 1409 5420 recensione
1445 5363 1543 5418 viri
1583 5362 1824 5418 celeber-

232 5462 355 5518 rimi
381 5463 629 5534 evulgata
657 5468 761 5525 est,
792 5459 1016 5529 adjectis
1040 5467 1296 5528 prmterea
1330 5456 1554 5526 integris
1581 5455 1819 5509 omnium

235 5555 642 5614 commentariis
667 5571 680 5607 :
704 5553 771 5607 ad
799 5568 956 5623 quam
986 5549 1329 5621 postmodum
1353 5556 1541 5604 exacta
1566 5546 1663 5602 fuit
1688 5546 1826 5618 pari-

234 5649 430 5706 siensis
459 5647 582 5702 anni
628 5644 789 5701 1666.
834 5642 1026 5700 Priorii
1057 5650 1112 5698 et
1156 5641 1373 5698 selectis
1413 5640 1638 5696 aliorum
1686 5639 1829 5695 notis

236 5745 513 5809 adornata,
565 5740 923 5814 operibusque
966 5737 1219 5810 Cypriani
1262 5736 1524 5808 subjecta.
1568 5734 1830 5804 Quamvis

1915 4531 2031 4572 cem
2060 4517 2114 4571 in
2146 4517 2308 4574 terris
2336 4519 2576 4587 remotis,
2608 4518 2745 4576 forte
2790 4521 2840 4576 in
2872 4523 3194 4592 germanicis
3220 4525 3300 4580 vel
3330 4525 3500 4597 belgi-

1913 4610 1992 4664 cis
2017 4610 2128 4664 oris
2151 4609 2571 4680 deprehendisse
2597 4627 2659 4667 ac
2686 4612 2736 4666 in
2756 4615 3053 4670 vaticanam
3080 4616 3208 4672 bibl.
3235 4618 3499 4675 intulisse.

1917 4700 2050 4756 Nam
2081 4701 2222 4772 quod
2257 4703 2324 4758 ad
2352 4705 2575 4773 primam
2608 4704 2767 4775 hujus
2785 4707 3110 4778 conjectura:
3138 4719 3342 4779 partem
3381 4713 3503 4768 atti-

1916 4805 2028 4860 net,
2059 4795 2256 4865 saapius
2286 4795 2338 4849 in
2372 4797 2654 4852 versiculis
2679 4798 2790 4852 suis
2817 4799 3031 4868 populos
3059 4811 3223 4856 truces
3248 4813 3295 4856 et
3343 4805 3502 4873 feros,

1917 4890 2233 4962 mediamque
2256 4889 2540 4945 barbariem
2555 4901 2758 4962 crepat,
2780 4893 2921 4947 unde
2937 4909 3146 4950 summo
3171 4910 3292 4952 cum
3318 4897 3507 4953 discri-

1921 4983 2067 5038 mine
2093 4991 2146 5037 et
2160 4981 2342 5038 labore
2363 4993 2417 5037 et
2433 4981 2546 5038 suis
2560 4981 2695 5038 adeo
2710 4983 3008 5053 sumptibus
3022 4987 3234 5044 codices
3255 4989 3508 5061 antiquos

1923 5076 2244 5146 protulerit,
2293 5091 2519 5146 quorum
2570 5075 3019 5147 exquirendorum
3062 5094 3222 5136 causa
3268 5099 3299 5139 a
3326 5083 3506 5141 Leone

1923 5185 2058 5242 papa
2084 5180 2139 5227 et
2178 5171 2293 5242 ers
2343 5171 2598 5243 deinceps
2647 5175 3047 5232 successoribus
3098 5179 3292 5236 missus
3342 5191 3505 5238 esset.

1927 5265 2185 5322 Eumdem
2207 5266 2456 5321 autemin
2486 5267 2783 5323 vaticanam
2807 5271 2874 5325 ab
2905 5287 2970 5327 eo
3001 5272 3166 5331 fuisse
3192 5277 3506 5348 repositum,

1930 5367 2040 5412 tum
2069 5357 2250 5422 officii,
2278 5357 2422 5428 quod
2455 5359 2551 5428 ipsi
2599 5361 2967 5429 incumbebat,
3003 5366 3240 5422 rationes
3258 5369 3507 5439 suadent,

1929 5458 2040 5503 tum
2068 5466 2195 5505 vero
2223 5451 2493 5522 expressis
2521 5450 2688 5506 Fulvii
2722 5453 2920 5522 Ursini,
2947 5456 3114 5526 ipsius
3143 5474 3357 5530 quoque
3403 5464 3510 5518 Ar-

1931 5540 2076 5597 nobii
2127 5540 2384 5608 editoris,
2428 5544 2626 5607 verbis.
2656 5546 2881 5616 epistola
2912 5559 3036 5605 ante
3078 5565 3358 5609 romanam
3384 5556 3512 5614 alte-

1932 5652 2046 5691 ram
2076 5634 2144 5690 ad
2189 5634 2503 5709 Gregorium
2536 5635 2656 5692 XIII
2708 5637 3048 5697 dedicatione
3077 5642 3358 5715 inspersis,
3387 5662 3522 5703 cono

1935 5733 2193 5798 firmatur,
2213 5732 2408 5804 quibus
2440 5731 2734 5788 Arnobium
2764 5730 2994 5800 primum
3040 5751 3072 5794 e
3097 5739 3358 5796 vaticana
3384 5739 3526 5802 bibl.
