4142 6262
623 337 729 394 559

1881 323 1970 382 DE
2010 317 2310 380 ARNOBIO
2349 318 2535 380 AFRO

3804 311 3910 366 5131)

623 452 916 516 discimus,
939 447 1128 506 eodem
1144 458 1281 519 pene
1294 452 1565 516 tempore,
1592 417 1700 514 quo
1726 441 1778 497 in
1806 439 2088 498 Germania
2117 454 2212 495 oc-
2239 442 2288 500 Λ
2317 433 2678 490 Ecclesiastica
2719 426 3053 496 coloniensis,
3099 427 3196 485 sed
3243 424 3402 485 ﬁdem
3462 424 3606 482 haud
3653 433 3917 496 praestare

627 555 782 600 tarus
813 543 1034 599 Arnobii
1067 541 1206 598 liber
1227 555 1326 597 suo
1352 537 1560 596 auctori
1591 538 1866 593 restitutus
1895 547 2040 598 erat,
2066 549 2213 588 eam-

624 637 748 692 dem
799 635 1040 690 l‘raudem
1091 632 1329 689 sensisse
1382 631 1634 688 Sirletum
1692 627 1939 692 cardin.;
1993 627 2216 696 ejusque

625 730 760 787 adeo
783 729 1126 800 persuasione
1152 726 1349 783 factum
1376 734 1487 791 est,
1519 734 1577 779 ιιι
1601 724 1830 794 primum
1857 723 1907 777 in
1930 719 2080 776 Italia
2104 719 2200 774 hac

627 824 861 881 editione
889 821 1100 878 Minucii
1147 820 1396 878 Octavius
1421 818 1691 876 ederetur.

1342 1004 1501 1062 1586.

702 1147 1010 1218 Antuerpiac
1037 1145 1123 1218 [ex
1161 1143 1252 1200 oll‘.
1298 1142 1501 1200 Christ.
1542 1139 1743 1210 Plant.|
1787 1141 1836 1194 in
1873 1141 1963 1205 8°;
2015 1136 2222 1192 Arnobii

627 1242 742 1296 libri
761 1252 948 1312 septem
972 1256 1086 1293 cum
1109 1236 1404 1294 Godescalci
1430 1234 1698 1291 Stewechii
1719 1233 1903 1287 electis.
1942 1231 2090 1287 Hanc
2117 1232 2224 1300 pri-

627 1350 768 1390 mam
799 1331 1084 1388 Stewechii
1113 1331 1404 1386 editionem
1436 1328 1549 1397 ipse
1579 1343 1684 1382 non
1710 1324 1852 1391 vidi,
1889 1339 2062 1394 neque
2107 1339 2221 1378 me-

629 1433 889 1481 moratam
921 1425 972 1479 in
1002 1424 1244 1494 catalogo
1260 1422 1438 1492 aliquo
1468 1420 1678 1485 inveni,
1709 1418 1801 1472 sed
1829 1431 2088 1487 sponsore
2121 1414 2224 1468 Fa-

628 1520 896 1590 bricio(1)
925 1519 1060 1584 cito,
1105 1517 1189 1572 cui
1237 1515 1577 1586 przel'ationes
1625 1511 1951 1577 Stewechii,
2001 1506 2226 1564 editioni

628 1616 751 1671 anni
791 1614 923 1671 1601
954 1614 1169 1668 inserta:
1216 1607 1613 1680 quodammodo
1646 1605 1802 1659 Iidem
1831 1603 2011 1658 facere
2041 1600 2227 1655 viden-

631 1718 736 1764 tur.
767 1707 899 1762 Nam
929 1704 1211 1776 duplexibi
1238 1712 1516 1768 comparet
1544 1699 1772 1769 cpistola
1802 1693 2191 1764 nuncupatoria
2210 1735 2226 1761 ,

2317 530 2507 585 ausim.

3033 637 3190 697 1598.

2391 802 2726 873 Lugd-Bal.
2761 815 2828 855 ex
2847 797 2940 855 oll'.
2971 797 3047 853 Io.
3079 795 3347 852 Balduini.
3373 793 3539 849 —-lo.
3568 790 3780 848 Menrsii
3802 790 3923 846 Cri-

2321 899 2459 954 ticus
2488 895 2818 950 arnobianus
2860 892 3092 948 tributus
3119 893 3170 945 in
3197 889 3364 944 libros
3400 896 3628 959 septem.
3653 884 3784 941 [tem
3811 884 3921 956 Hy-

2324 990 2608 1060 pocriticus
2622 987 2944 1042 Minutianus
2963 995 3014 1039 et
3029 983 3291 1051 Excerpta
3306 997 3407 1037 ms.
3435 980 3566 1050 regii
3585 977 3917 1049 parisiensis,

2324 1083 2376 1136 in
2407 1083 2560 1154 queis
2590 1079 2853 1135 Arnobius
2873 1078 3137 1133 adversus
3165 1076 3365 1131 Gentes
3415 1080 3471 1128 et
3525 1070 3787 1127 Minucius
3800 1085 3925 1126 sex-

2325 1185 2478 1232 centa
2520 1174 2746 1245 amplius
2771 1172 2922 1240 locis,
2955 1171 3043 1226 alii
3072 1169 3366 1238 scriptores
3389 1165 3537 1222 varie
3563 1166 3914 1235 castigantur.

2395 1272 2729 1340 Quamquam
2767 1265 2948 1336 negari
2988 1264 3106 1320 sine
3138 1262 3336 1318 invidia
3365 1260 3575 1331 nequit,
3605 1257 3923 1329 praeclarum

2326 1363 2522 1435 ingenii
2544 1377 2790 1427 acumen,
2816 1368 2870 1416 et
2889 1357 3034 1430 quod
3062 1373 3131 1413 ex
3153 1354 3465 1412 omnimoda
3489 1352 3748 1409 doctrina:
3769 1350 3926 1420 copia

2324 1455 2564 1511 efﬂoruit
2587 1464 2643 1510 et
2666 1452 2819 1524 quasi
2848 1450 3188 1517 redundavit,
3217 1449 3319 1504 hoc
3339 1446 3726 1502 schediasmate
3750 1443 3928 1499 Meur-

2330 1549 2467 1603 sium
2514 1547 2848 1607 ostendisse,
2890 1541 2956 1597 ad
2996 1541 3291 1597 Arnobium
3339 1550 3516 1594 tamen
3554 1547 3608 1593 et
3637 1535 3926 1592 Minucium

2333 1655 2438 1695 non
2485 1639 2652 1709 magis
2693 1636 2822 1692 illud
2867 1650 3024 1706 quam
3069 1634 3138 1689 ad
3181 1648 3394 1688 omnem
3449 1630 3818 1701 antiquitatem
3870 1636 3930 1682 et

2333 1734 2626 1804 scriptores
2665 1730 2820 1786 valde
2858 1730 3054 1784 multos
3097 1728 3365 1798 pertinere
3408 1737 3556 1781 recte
3597 1723 3929 1781 censebitur.

631 1810 686 1903 cf
707 1801 772 1856 ad
805 1800 1060 1903 leaf’rem
1089 1797 1404 1903 admo'mlo'
1436 1795 1513 1850 Ac
1538 1791 1876 1903 ἸιξδθῗἮέ-’Ῐῖ
1897 1805 2063 1903 ﬂium.
2262 1844 2309 1903 Β
2333 1787 2787 1897 Quoiiescumque
2832 1823 2975 1880 enim
3023 1787 3143 1877 illos
3184 1821 3359 1892 attigit
3404 1819 3630 1875 miriﬁce
3675 1816 3929 1873 callidum

631 1894 699 1949 tis
755 1893 1045 1964 praemissa:
1097 1899 1254 1956 sunt,
1306 1902 1479 1942 annus
1531 1884 1865 1952 subscriptus
1910 1891 1993 1936 est
2043 1879 2224 1943 1586;

632 1986 859 2056 cpistola
886 1994 1067 2038 autem
1096 1980 1426 2037 dedicatoria
1449 2021 1463 2045 ,
1504 1975 1670 2032 textui
1713 1974 1926 2044 prmﬁxa
1949 2014 1965 2041 ,
1987 1972 2110 2027 data
2149 1982 2232 2029 est

635 2078 775 2134 1587
798 2120 814 2144 ,
846 2076 1090 2147 praelatio
1120 2074 1186 2129 ad
1209 2074 1465 2129 lectorem
1491 2069 1616 2124 anni
1658 2077 1780 2122 nota
1804 2075 1985 2132 caret,
2020 2065 2115 2120 sed
2145 2066 2231 2120 di-

633 2171 707 2227 cit
735 2171 839 2238 ibi,
879 2188 897 2222 ι
939 2183 1125 2239 parum
1174 2165 1408 2220 abl'uisse
1431 2205 1445 2230 ,
1478 2163 1606 2233 quin
1639 2161 1811 2216 electa
1835 2175 1904 2214 ex
1960 2158 2232 2229 ingeniolo

637 2280 734 2319 suo
767 2259 1136 2318 tantummodo
1169 2268 1288 2314 nata
1309 2300 1322 2324 ,
1350 2255 1586 2327 juvando
1619 2252 1888 2318 Arnobio,
1919 2261 2038 2304 ante
2088 2251 2230 2304 bien-

637 2357 779 2410 nium
805 2368 1048 2408 seorsum
1081 2351 1439 2423 publicasset,
1490 2361 1676 2400 verum
1720 2344 2067 2399 Franciscum
2117 2341 2232 2396 Μοο

637 2450 785 2507 dium
812 2447 1166 2513 dissuasisse,
1193 2445 1418 2516 ejusque
1444 2441 1581 2497 adeo
1603 2454 1766 2511 opera
1797 2439 2046 2494 effectum
2077 2453 2197 2494 esse
2215 2481 2229 2504 ,

638 2557 696 2602 ut
723 2553 923 2602 textum
953 2557 1167 2614 quoque
1219 2539 1492 2610 corrigere
1513 2545 1568 2592 et
1604 2536 1893 2591 restituere
1917 2533 2017 2589 sibi
2071 2533 2236 2588 licue-

644 2641 734 2697 rit.
773 2659 793 2691 ›
824 2638 953 2706 Qua:
979 2650 1233 2707 quorsum
1261 2631 1546 2689 referenda
1573 2629 1715 2695 sint,
1742 2644 1848 2683 non
1894 2629 2026 2682 satis
2059 2627 2230 2696 capio.

639 2733 838 2788 Contra
870 2729 1108 2800 plerique
1128 2769 1143 2793 ,
1167 2723 1445 2798 quibusde
1465 2721 1792 2778 editionibus
1819 2719 2040 2775 Arnohii
2060 2734 2239 2773 sermo

642 2825 667 2881 l‘
666 2827 760 2890 uit,
787 2824 924 2879 inter
941 2836 1074 2892 quos
1095 2805 1537 2888 diligentissimus
1551 2813 1774 2868 Nurrius
1790 2809 1869 2884 (εὶ)
1887 2858 1902 2883 ,
1917 2812 1986 2866 de
2007 2826 2068 2866 ea
2085 2826 2238 2881 pror-

639 2937 736 2977 sus
757 2919 937 2982 silent,
983 2924 1038 2971 ct
1058 2925 1356 2984 repugnare
1379 2909 1610 2975 videtur,
1633 2922 1752 2977 qua:
1773 2904 1993 2961 editioni
2017 2913 2238 2958 antuer-

645 3012 815 3086 piensi
853 3026 996 3065 anno
1023 3007 1159 3063 160.1
1193 3005 1409 3076 praeﬁxa
1458 3012 1540 3057 est
1593 2998 1947 3070 approbatio,
1977 3013 2082 3068 qua
2133 3011 2240 3050 non

646 3105 824 3161 denuo
853 3100 994 3174 typis
1025 3097 1192 3159 tradi;
1218 3094 1314 3150 sed
1330 3094 1440 3164 jam
1467 3091 1682 3147 demum
1707 3087 1948 3143 mandari
1973 3087 2242 3143 Arnobius

648 3192 966 3265 dicitur(3).
997 3188 1260 3260 Quocirca
1309 3199 1633 3256 quamquam
1675 3179 1905 3236 delinire
1955 3179 2086 3234 nihil
2128 3179 2240 3250 jam

649 3289 856 3352 ausim,
914 3287 1084 3339 fateor
1108 3292 1284 3337 tamen
1311 3294 1396 3332 me
1441 3277 1494 3332 in
1544 3291 1663 3331 eam
1702 3273 2021 3329 sententiam
2074 3275 2243 3344 magis

651 3380 969 3455 proclivem,
1004 3387 1060 3432 ut
1087 3382 1211 3429 ante
1235 3369 1598 3427 annum160—1
1631 3365 1918 3424 Stewechii
1946 3365 2241 3421 Arnobium

651 3491 758 3532 non
805 3472 1126 3541 impressum
1155 3480 1274 3522 esse
1316 3463 1513 3518 dicam.
1545 3461 1643 3516 Cui
1675 3462 1835 3515 etiam
1869 3459 2086 3513 Auberti
2141 3456 2242 3512 Mi~

652 3567 743 3622 ra:i
771 3562 1061 3619 auctoritas
1087 3555 1322 3622 accedit,
1355 3552 1445 3626 q'ui
1490 3570 1586 3623 pro
1615 3553 1893 3622 explorato
1923 3550 2107 3606 scribit
2129 3551 2239 3623 (1),

653 3657 874 3716 Arnobii
905 3655 1068 3711 libros
1098 3651 1193 3708 V11
1217 3667 1341 3706 cum
1371 3649 1513 3704 notis
1539 3645 1808 3703 Theodori
1837 3644 2052 3700 Canteri
2086 3645 2242 3699 Plan-

655 3753 825 3808 tinum
850 3758 903 3806 et
929 3763 1048 3803 cum
1089 3746 1230 3800 notis
1273 3743 1505 3800 Godesc.
1539 3737 1830 3796 Stewechii
1876 3738 2242 3810 Trognzesium

658 3846 796 3904 1601
814 3887 830 3914 ,
863 3841 1172 3914 Antuerpiae
1193 3838 1498 3896 excudisse.

1370 3995 1391 4050 1
1404 3994 1527 4050 597.

656 4201 664 4212 ,
730 4140 960 4198 Genevte
1011 4131 1303 4192 editionem
1368 4128 1582 4185 Heraldi
1635 4126 1816 4184 laudat
1860 4124 2054 4198 Magna
2108 4124 2245 4180 Bibl.

733 4363 815 4438 (1)
841 4363 892 4417 in
925 4361 1138 4438 Delect‘u
1168 4373 1314 4438 αξξ-99.
1346 4364 1394 4408 et
1417 4352 1612 4438 sgllgbo
1780 4349 2108 4438 pi'grtzerilqte
2132 4348 2248 4438 βεί.

662 4419 837 4489 elutis}.
866 4449 984 4504 pag,
1015 4431 1141 4504 226.
1179 4419 1314 4504 ῌῖιῖε
1338 4419 1468 4504 vero
1520 4423 1810 4504 Lipeﬁnjysa
1837 4419 1972 4504 Bibl.
1998 4421 2170 4504 _tlteol.
2205 4420 2247 4486 1,

664 4505 798 4569 751,
829 4492 883 4561 εἰ
907 4492 983 4558 11.
1010 4500 1146 4557 Bibl.
1175 4499 1301 4555 eccl.
1335 4495 1517 4559 Colon,
1547 4492 1600 4565 ι).
1632 4493 1766 4560 625,
1799 4492 2034 4569 laudant.

739 4564 795 4648 (Ξ
846 4581 1042 4645 Appar.
1071 4573 1138 4627 ad
1171 4569 1418 4625 Biblioth.
1449 4564 1591 4621 max.
1622 4575 1858 4619 veterum
1891 4564 2127 4617 Patrum.

739 4576 818 4720 (δὲ
843 4648 958 4720 Quo
989 4644 1156 4720 magis
1183 4639 1540 4720 viros-doctos
1560 4637 1818 4720 elicite-tn,
1837 4644 1908 4717 ut
1936 4635 2003 4720 de
2030 4634 2127 4720 prii

736 4652 815 4721 (5)
843 4652 958 4716 Quo
989 4652 1156 4710 magis
1183 4657 1324 4694 Viros
1351 4652 1540 4694 doctos
1560 4652 1818 4701 excuem,
1853 4652 1908 4688 ιιι
1936 4652 2003 4689 ae
2030 4652 2200 4703 prima
2224 4675 2238 4700 ,

663 4737 782 4792 quae
827 4719 1021 4792 dicitur
1067 4711 1394 4792 Stewechii,
1425 4710 1689 4792 curiosius
1713 4705 2026 4792 dispiciunt,
2066 4705 2245 4792 addita

666 4775 753 4848 llic
781 4802 899 4846 esto
925 4808 938 4841 :
975 4788 1096 4843 Ηωο
1122 4781 1330 4840 Arnobii
1351 4782 1598 4837 restitutio
1619 4821 1632 4842 .
1661 4775 1867 4832 auctore
1887 4775 2098 4848 Godesc.
2131 4777 2247 4830 Ste-

665 4847 874 4929 wechio,
897 4859 1114 4915 multum
1142 4855 1374 4910 utilitatis
1390 4854 1625 4929 studioso
1648 4849 1817 4929 lectori
1851 4847 2044 4929 afferre
2064 4858 2242 4917 potest.

663 4921 892 5008 Dignam
917 4925 1443 5008 igiturtguqemtgpis‘
1456 4923 1722 4977 mandetur
1741 4961 1755 4983 ,
1789 4921 1988 4990 judico.
2020 4923 2249 4975 Antuer-

665 4996 766 5079 piae
785 5053 800 5068 .
829 5005 900 5060 24
927 4996 1184 5079 i'anuarii.
1212 4996 1372 5053 1601».
1394 4996 1686 5079 Faesulis
1721 5005 2066 5057 srrraowus,
2091 5008 2248 5046 cano-

665 5069 806 5134 nicus
832 5086 880 5132 et
903 5069 1144 5146 plebenus
1168 5069 1558 5146 cntuerpiensis.
1675 5136 1690 5146 _
1773 5135 1814 5146 ﬁ
1886 5135 1899 5146 _
2021 5123 2026 5127 ,

741 5147 821 5222 (1)
864 5133 922 5203 ni
966 5133 1612 5222 notisadllier'onxmuin
1658 5135 1988 5222 deﬂEccles.‘
2026 5133 2244 5222 SS._ed.

741 5156 820 5222 (1)
864 5156 922 5203 In
966 5156 1184 5200 notisau
1233 5156 1612 5265 merongmum
1658 5156 1725 5192 ue
1775 5156 1983 5190 nccies.
2026 5156 2123 5190 οδ.
2156 5156 2244 5190 eu.

669 5221 880 5278 Fabric.
903 5262 918 5285 ,
950 5232 1091 5272 anno
1121 5213 1288 5289 1718,
1323 5212 1430 5289 p._1_
1469 5211 1502 5266 5
1523 5251 1537 5272 ,
1567 5206 2108 5289 iiec_aliter_etidi:m_
2128 5206 2247 5289 loco

663 5276 780 5363 ipse
803 5276 1098 5371 Fabricius,
1127 5276 1370 5339 similitér
1390 5282 1661 5365 Francisc.
1677 5278 1980 5364 Stvvechius
2006 5278 2056 5330 in
2080 5276 2246 5332 Athe-

663 5366 749 5420 nis
796 5362 1020 5427 Belgicis
1048 5359 1345 5427 (Antuerp.
1366 5406 1386 5427 ,_
1413 5352 1585 5419 1628,
1611 5350 1858 5427 Ill-1.01m)
1899 5364 2016 5427 pag.
2068 5347 2241 5420 29.1),

663 5369 749 5420 nis
796 5369 1020 5420 Belgicis
1048 5369 1377 5420 (Antuerp.,
1413 5369 1858 5419 1026,1n-101m,
1900 5369 2016 5420 pag.
2069 5369 2241 5420 2:14),

663 5366 749 5420 nis
796 5364 1020 5432 Belgicis
1048 5364 1377 5427 (Antuerp.,
1413 5364 1585 5419 1628,
1611 5364 1858 5416 in-iotio,
1899 5364 2016 5420 pag.
2068 5364 2241 5420 234),

663 5437 751 5492 ubi
778 5435 906 5490 dum
936 5431 1131 5501 scripta
1158 5425 1447 5501 Stewechii
1481 5420 2118 5501 recensethimpliciter
2145 5435 2242 5501 po-

661 5491 808 5562 suit:
864 5491 1060 5558 Electa'
1080 5502 1135 5554 in
1181 5496 1496 5560 Arnobium,
1556 5497 1691 5565 typis
1739 5492 2039 5565 Trogntcsii.
2092 5491 2243 5565 Adde

661 5576 806 5649 quod
836 5577 994 5649 Casp.
1016 5570 1334 5649 _Sci0ppius_
1350 5569 1401 5649 in
1427 5569 1546 5649 Arte
1575 5562 1799 5649 criticaa
1822 5562 1908 5619 ubi
1960 5562 2246 5618 Stewecbii

660 5637 861 5716 scripta
912 5637 1091 5702 laudat
1109 5684 1137 5716 ,4
1170 5637 1464 5716 Krnobium
1489 5648 1544 5694 et
1570 5637 1741 5716 electa
1787 5637 1839 5690 in
1863 5651 1990 5716 eum
2029 5650 2249 5716 prorsus

661 5704 893 5802 ignoret.
926 5717 1004 5772 Ex
1051 5704 1246 5802 quibus
1273 5711 1522 5802 omnibus
1549 5725 1655 5792 non
1672 5709 1809 5802 ,ἓξὲξ
1827 5704 2250 5802 θιίαιιέεοηίὶμυςίιι

659 5775 926 5849 dixerim.
954 5775 1291 5856 praefationes
1333 5783 1453 5838 illas
1477 5781 1629 5836 annis
1670 5779 1810 5836 1586
1834 5787 1888 5836 et
1923 5775 2057 5833 1587
2090 5777 2251 5849 insig-

661 5862 801 5922 nitas
819 5858 1062 5918 Fabricio
1087 5856 1324 5913 fraudem
1348 5853 1550 5913 iecisse.

2336 1919 2646 1991 detegendis
2699 1927 2754 1974 et
2803 1905 3154 1988 persanandis
3197 1913 3510 1969 vulneribus
3558 1927 3619 1968 se
3666 1909 3928 1980 praebuit,

2335 2015 2500 2070 multa
2532 2022 2687 2070 acute
2712 2012 2865 2078 vidit,
2890 2010 2956 2066 ad
2978 2026 3096 2079 qua:
3124 2009 3430 2079 superiores
3455 2005 3692 2062 editores
3711 2003 3932 2058 omnino

2336 2107 2709 2170 czecutiebant,
2731 2105 2895 2158 multa
2925 2101 3118 2158 menda
3147 2100 3417 2156 levissima
3442 2097 3650 2154 medela
3680 2095 3931 2152 sustulit:

2337 2203 2432 2259 sed
2471 2203 2641 2256 multo
2686 2200 2886 2269 largius
2927 2200 3040 2252 haec
3069 2197 3492 2268 quibuscumque
3515 2193 3635 2249 aliis
3661 2191 3935 2261 scriptori-

2338 2297 2438 2352 bus
2465 2311 2623 2366 quam
2653 2292 2893 2350 Arnobio
2913 2300 2968 2347 et
2983 2291 3214 2346 Minucio
3238 2290 3306 2345 ab
3327 2304 3393 2345 eo
3413 2299 3538 2343 sunt
3567 2287 3825 2359 praestita.
3854 2286 3934 2340 Ac

2339 2390 2504 2455 initio,
2535 2388 2726 2458 inquit,
2757 2385 2887 2440 nihil
2912 2394 3158 2439 annotare
3179 2392 3286 2437 erat
3312 2382 3568 2436 decretum
3594 2380 3689 2434 soli
3711 2378 3936 2431 auctoris

2339 2481 2616 2538 valetudini
2642 2480 2884 2535 curanda!
2906 2479 3118 2542 intento,
3152 2493 3254 2532 non
3277 2477 3418 2546 potui
3453 2486 3621 2530 tamen
3660 2473 3782 2526 mihi
3809 2481 3938 2525 tem-

2343 2557 2700 2648 perare,‘q.uin
2727 2574 3023 2642 aliquoties,
3048 2573 3145 2627 loci
3175 2572 3490 2642 potissimum
3515 2568 3724 2624 alterius
3762 2582 3934 2620 emen-

2343 2671 2500 2724 dandi
2530 2669 2794 2724 occasione
2820 2668 3084 2731 invitatus,
3116 2680 3475 2730 excurrerem;
3501 2663 3551 2719 in
3592 2661 3784 2733 quibus
3810 2676 3933 2716 om-

2343 2765 2499 2819 nibus
2550 2773 2609 2818 ut
2657 2761 2791 2817 nihil
2845 2762 3006 2816 alieni
3060 2761 3160 2816 sibi
3210 2759 3503 2815 vindicaret
3553 2773 3652 2814 nec
3704 2757 3936 2812 aliorum

2342 2854 2816 2911 emendationibus
2867 2852 3198 2908 adducendis
3246 2852 3326 2906 vel
3383 2850 3574 2906 erratis
3631 2849 3938 2905 reiellendis

2345 2955 2556 3017 tempus
2579 2955 2803 3011 tereret,
2835 2945 2930 3000 sed
2964 2959 3058 2999 sua
3073 2945 3384 3014 simpliciter
3404 2953 3754 3014 pr0poneret;
3777 2951 3939 2996 caute

2345 3059 2407 3098 ac
2428 3042 2666 3114 graviter
2691 3039 2915 3096 studuit.
2939 3038 3129 3106 Porro,
3157 3037 3408 3110 quidquid
3432 3038 3483 3092 in
3506 3037 3742 3092 Arnobio
3769 3049 3938 3105 praes-

2347 3135 2468 3198 titit,
2500 3134 2552 3189 id
2582 3149 2740 3188 omne
2763 3125 3058 3203 abingenio
3081 3145 3253 3201 neque
3275 3146 3304 3184 a
3332 3130 3484 3184 libris
3510 3129 3779 3185 veteribus
3807 3143 3936 3197 pro-

2267 3245 2312 3308 C
2346 3229 2542 3286 fectum
2570 3245 2693 3286 esse
2722 3229 2804 3285 vel
2844 3245 2949 3282 non
2994 3225 3284 3281 al‘lirmanti
3327 3235 3461 3296 puto
3501 3224 3807 3288 tribuisses,
3836 3222 3937 3278 sed

2344 3324 2626 3380 miraberis
2643 3323 2894 3387 fortasse,
2915 3331 3022 3376 tam
3066 3334 3240 3374 raram
3266 3320 3319 3374 in
3342 3319 3407 3373 iis
3443 3317 3748 3386 regionibus
3769 3316 3938 3373 fuisse

2344 3417 2633 3473 editionem
2661 3418 2887 3488 primam
2907 3456 2922 3482 ,
2951 3423 3012 3469 ut
3039 3428 3098 3468 se
3127 3421 3316 3483 optare
3357 3409 3621 3467 Meursius
3663 3410 3835 3475 dicat,
3878 3418 3940 3466 ut

2347 3511 2526 3581 plures
2553 3509 2819 3564 Canterus
2845 3505 3054 3562 romani
3082 3503 3287 3560 codicis
3313 3504 3581 3558 variantes
3634 3517 3936 3572 repraesen-

2347 3610 2532 3670 tasset,
2562 3600 2702 3672 quod
2734 3600 2883 3671 plura
2915 3597 3270 3668 investigandi
3307 3596 3648 3653 occasionem
3679 3595 3936 3666 przebitu-

2345 3711 2463 3750 rum
2508 3693 2714 3749 inisset.
2744 3691 2898 3761 Quod
2932 3699 3214 3761 superest,
3242 3697 3585 3745 accesserunt
3621 3687 3769 3757 operi
3812 3685 3941 3742 huic

2348 3785 2658 3859 appendicis
2689 3787 2808 3840 loco
2835 3794 3070 3854 excerpta
3098 3784 3400 3855 exemplaris
3436 3782 3562 3853 regii
3606 3782 3943 3851 manuscripti

2349 3899 2416 3938 ex
2458 3882 2594 3938 libro
2632 3879 2849 3950 Josephi
2895 3877 3172 3950 Scnligeri,
3200 3893 3362 3949 quem
3392 3876 3518 3932 olim
3563 3874 3787 3931 Lutetia:
3811 3891 3940 3931 cum

2351 3975 2498 4045 regio
2532 3972 2824 4043 exemplari
2854 3970 3220 4041 manuscriplo
3247 3969 3568 4025 contulerat.
3599 3968 3827 4039 Singulis
3851 3967 3941 4038 ju-

2351 4067 2546 4125 dicium
2573 4082 2750 4132 suum,
2802 4065 3026 4121 subinde
3053 4065 3213 4120 etiam
3235 4063 3780 4119 animadversationes
3807 4078 3944 4132 pro-

2352 4160 2574 4215 lixiores
2599 4158 2861 4230 apposuit.
2889 4157 3165 4224 Universe,
3192 4156 3317 4224 vidi,
3338 4155 3528 4227 inquit,
3553 4156 3648 4209 hac
3671 4155 3946 4211 collatione

2353 4253 2504 4323 plura
2550 4253 2662 4307 loca
2705 4251 2892 4304 utiliter
2937 4249 3151 4321 augeri,
3192 4265 3329 4302 meas
3375 4253 3694 4312 coniecturas
3748 4249 3946 4318 aliquot

2352 4345 2576 4415 probari,
2602 4361 2704 4398 non
2725 4359 2916 4414 paucas
2939 4344 3060 4397 item
3088 4357 3240 4397 novas
3270 4342 3556 4396 inveniendi
3578 4358 3754 4396 ansam
3783 4341 3898 4395 dari
3925 4361 3942 4398 :

2350 4438 2575 4508 quamvis
2602 4454 2657 4491 re
2680 4453 2798 4492 vera
2835 4452 3181 4506 swpenumero
3211 4452 3304 4506 pro
3331 4436 3600 4502 thesauro,
3630 4452 3776 4506 quem
3822 4453 3947 4507 spe-

2350 4548 2545 4598 raram,
2577 4530 2818 4586 carbones
2855 4528 3156 4597 olfenderim
3174 4571 3188 4594 ,
3215 4539 3264 4584 et
3292 4546 3486 4583 merum
3513 4514 3901 4598 sterquilinium'
3919 4545 3942 4585 :

843 4623 1156 4716 aiio—inagis
1174 4623 1540 4716 ‘viroshdoctos
1560 4637 1786 4716 escite‘m
1803 4677 1818 4701 ,
1837 4644 1908 4716 ut
1936 4635 2003 4689 de
2030 4634 2200 4716 prima
2224 4675 2238 4700 ,
2266 4632 2320 4694 ὀ
2345 4643 2373 4681 e
2402 4644 2502 4698 quo
2529 4634 2724 4690 tamen,
2751 4624 2850 4679 nisi
2876 4641 2955 4679 me
2980 4624 3178 4696 egregie
3211 4624 3469 4694 judicium
3509 4624 3645 4694 fallit
3668 4663 3681 4688 ,
3704 4623 3904 4693 aliquas
3923 4666 3940 4692 ,

2349 4733 2401 4776 ut
2421 4723 2491 4775 ita
2518 4721 2703 4786 dicam,
2735 4720 3011 4791 gemmalas
3037 4719 3207 4773 elicui.
3236 4717 3504 4774 Caeterum
3545 4717 3660 4773 lucc
3685 4726 3944 4788 excerpta

2349 4814 2601 4883 inscripta
2623 4821 2746 4868 sunt
2766 4814 2928 4870 Petro
2952 4811 3220 4868 Scriverio
3240 4814 3431 4881 amico,
3461 4823 3516 4866 ut
3543 4813 3656 4882 ipse
3673 4811 3943 4880 declarat,

2352 4907 2734 4970 dilectissimo,
2776 4905 2844 4962 de
2885 4906 3041 4977 cujus
3071 4905 3422 4974 Anticritico,
3469 4922 3588 4976 qua:
3636 4905 3942 4961 Hadrianus

2353 4999 2607 5055 Bailletus
2638 4998 2749 5071 (De
2775 4999 3290 5070 Antiscriptoribus,
3334 5009 3464 5053 tom.
3502 5015 3575 5065 ιι,
3610 5015 3729 5070 pag.
3767 4997 3939 5069 299),

2355 5094 2628 5151 memoriae
2697 5091 2967 5164 prodidit,
3022 5092 3216 5149 fabulis
3276 5109 3558 5150 acoensere
3621 5108 3778 5149 nemo
3833 5091 3941 5147 du-

2353 5187 2501 5244 bitet.

2775 5316 2988 5358 δεουιο
3026 5315 3221 5356 DECIIO
3259 5314 3502 5356 SEI‘TIIO.

3069 5437 3228 5493 1605.

2353 5576 2383 5605 ’λ’
2425 5574 2704 5642 Hanovite,
2730 5575 2875 5631 ιιι-80
2897 5593 2908 5629 :
2929 5575 3294 5630 Arnobius.....
3329 5593 3443 5629 cum
3473 5578 3603 5630 notis
3626 5573 3940 5630 Gener/tardi

2357 5665 2747 5735 Elmenhorstii,
2775 5668 2842 5724 ad
2875 5667 3134 5724 illustrem
3166 5669 3338 5723 virum
3371 5669 3660 5740 Josepbum
3699 5668 3941 5740 Scalige-

2352 5776 2490 5826 rum,
2525 5762 2854 5818 eruditorum
2884 5779 2995 5818 suae
3019 5764 3192 5818 inlatis
3219 5763 3373 5819 facile
3405 5763 3716 5832 principem.

2424 5850 2501 5908 Ita
2514 5853 2793 5912 Fabricius
2822 5854 2912 5926 (in
2942 5854 3169 5922 Delectu,
3204 5870 3323 5926 pag.
3349 5853 3480 5926 226)
3512 5864 3566 5910 et
3595 5869 3663 5912 cx
3685 5871 3754 5912 eo
3783 5853 3941 5929 Mag-
