4142 6262
284 316 383 373 561

1427 315 1701 381 ARNOBII
1738 319 2012 382 NOTITIA
2056 322 2450 383 ΕῡΠῚΟΝυΜ.
2484 324 2509 391 ῖς

3468 328 3574 388 562

280 448 381 500 gna
416 428 553 484 Bibl.
610 429 805 486 Ecclcs.
856 431 1140 502 proferunt
1181 436 1410 506 primam
1464 437 1866 494 Elmenhorstii.
1896 442 1949 501 Α
1975 448 2096 493 lem.
2125 470 2200 480 —
2219 438 2295 493 Μ.
2327 438 2543 493 Minucii
2571 436 2766 495 Felicis
2795 439 3057 495 Octauius.
3088 440 3268 498 Editio
3295 456 3431 499 nova
3455 487 3471 512 ,
3501 446 3567 501 ad

278 523 498 579 Nurrius
518 538 640 580 eam
672 521 919 579 manibus
952 526 1202 582 versavit.

346 616 527 681 Paris,
580 616 719 672 iit-8'
764 634 778 669 :
828 617 1226 675 Arnobius......
1279 638 1397 675 cum
1444 621 1874 678 observationibus

273 709 393 781 Dei.
425 709 666 766 liaaldi.
703 710 847 767 Citat
885 711 1167 769 Fabricius
1196 714 1235 769 l.
1266 712 1309 767 l.
1342 730 1409 769 an
1451 724 1630 784 recte,
1663 715 1867 772 dubito.

981 807 1146 863 1604.
1604 838 1613 845 ε

356 900 703 969 Antverpize,
766 898 907 971 apud
955 899 1146 957 Joacb.
1216 900 1624 973 Trognmsium,
1683 903 1868 959 in-8°:

267 991 615 1047 Arnobius....
646 1009 762 1047 cum
822 992 1124 1049 Godcscalci
1176 995 1444 1051 Stewecliii
1473 996 1687 1051 Electis.
1724 996 1869 1053 Cou-

264 1083 345 1139 ler
380 1100 505 1156 quae
533 1100 695 1157 supra
727 1085 793 1142 ad
821 1101 1022 1142 annum
1056 1087 1200 1144 1586
1237 1088 1381 1144 dicta
1413 1099 1560 1147 sunt.
1616 1089 1868 1146 lter-ataui

265 1178 606 1235 Stewecltius
650 1195 871 1250 operam
921 1180 1163 1236 Arnobio
1204 1197 1303 1237 suo
1341 1183 1633 1253 impendit,
1668 1184 1871 1239 Electis

262 1273 495 1342 primum
542 1274 950 1330 conscribendis
972 1317 988 1338 ,
1017 1276 1070 1330 in
1113 1290 1222 1346 quo
1258 1278 1476 1348 negotio
1505 1277 1624 1332 solo
1653 1277 1870 1348 ingenio

265 1379 320 1420 se
357 1365 627 1422 conlisum
673 1381 799 1423 esse
842 1368 1078 1433 fatetur;
1110 1369 1306 1425 deinde
1350 1385 1473 1426 cum
1518 1370 1719 1426 codicis
1762 1386 1865 1426 ms.

267 1456 544 1513 variantes
585 1457 846 1514 lectiones
893 1472 924 1515 a
970 1460 1261 1516 Francisco
1312 1461 1491 1517 Medio
1538 1463 1639 1533 ipsi
1685 1472 1870 1519 essent

259 1549 648 1620 suppeditata,
678 1552 874 1623 quibus
903 1552 1084 1608 denuo
1116 1553 1354 1609 laborem
1390 1554 1503 1623 jam
1555 1553 1865 1610 absolutum

257 1659 577 1716 aggressus,
604 1661 712 1702 non
743 1647 919 1703 solum
948 1647 1119 1702 electa
1144 1648 1371 1703 meliora
1404 1648 1548 1714 fecit,
1572 1648 1666 1703 sed
1691 1648 1864 1719 ipsum

259 1753 476 1809 quoque
507 1738 734 1795 Arnobii
762 1748 964 1795 textum
992 1740 1216 1795 inﬁnitis
1239 1740 1370 1796 locis
1400 1758 1459 1796 se
1483 1741 1859 1811 interpolassc,

1973 529 2263 587 editionem
2306 545 2580 585 romanam
2610 545 2889 600 expressa,
2929 531 3249 601 quibusdam
3276 542 3456 591 tamen
3517 539 3570 591 iu

1974 625 2106 680 locis
2131 642 2162 680 e
2188 639 2292 680 ms.
2322 640 2438 695 reg.
2465 635 2620 680 aucta
2647 633 2704 679 et
2722 624 3029 682 emendata.
3062 627 3325 685 Desiderii
3351 628 3569 686 lleraldi

1973 716 2040 773 ad
2063 717 2284 773 Arnobii
2303 718 2470 773 libros
2493 733 2560 773 vn
2582 718 3081 776 animadversiones
3094 723 3567 793 etcastigationes.

2049 810 2339 866 Romanam
2369 811 2610 881 intellige
2639 811 3008 878 novissimam,
3039 830 3188 885 qum,
3225 826 3426 885 quanto
3454 818 3570 887 plu-

1974 917 2062 959 res
2092 912 2303 958 veteres
2330 902 2587 959 lectiones
2616 903 2879 969 restituit,
2912 914 3060 960 tanto
3086 909 3428 976 prurslattlior
3466 909 3569 977 ipsi

1972 997 2086 1051 visa
2126 1006 2210 1052 est
2236 1011 2298 1051 ac
2345 997 2541 1067 saepius
2585 997 2814 1052 laudata.
2845 1001 2961 1065 Quo
2990 999 3185 1055 factum
3214 1012 3318 1065 est,
3355 1013 3412 1057 ut
3443 1020 3573 1058 nou-

1971 1088 2136 1143 nullis
2161 1089 2324 1143 etiam
2355 1091 2404 1142 in
2435 1089 2589 1151 locis,
2617 1091 2704 1144 ubi
2737 1090 2826 1144 illa
2857 1089 3137 1146 Gelenium
3168 1104 3350 1149 secuta
3386 1106 3564 1163 esset,

1970 1196 2090 1237 eam
2120 1182 2399 1238 desereret
2423 1191 2479 1238 et
2510 1184 2591 1238 vel
2619 1182 2833 1240 Canteri
2862 1187 3183 1241 sententiam
3211 1188 3566 1258 amplectere-

1971 1285 2059 1329 tur
2099 1276 2183 1331 vel
2223 1276 2291 1332 de
2334 1292 2434 1332 suo
2461 1276 2708 1347 quaedam
2742 1277 2981 1333 inferret.
3014 1279 3087 1333 De
3115 1281 3338 1351 singulis
3369 1284 3420 1337 in
3447 1288 3566 1339 aui-

1971 1367 2473 1433 madversionibus,
2520 1370 2613 1425 sed
2664 1371 3002 1441 paucissimis
3047 1373 3262 1439 verbis,
3305 1375 3565 1445 judicium

1968 1461 2109 1526 tulit,
2143 1462 2368 1533 reliquae
2401 1464 2481 1517 vel
2508 1477 2671 1519 sensu
2701 1464 3031 1520 declarando
3065 1466 3151 1522 vel
3192 1469 3354 1523 rebus
3392 1474 3569 1526 omni-

1968 1552 2123 1623 genis
2150 1554 2483 1609 illustrandis
2510 1555 2774 1610 serviunt.
2804 1557 2858 1611 In
2882 1558 3078 1627 quibus
3099 1569 3157 1614 ut
3181 1561 3327 1616 varia
3351 1577 3567 1621 suntex

1967 1644 2115 1699 omni
2166 1646 2502 1717 antiquitatis
2558 1648 2801 1703 doctrina
2855 1650 3169 1722 deprompta
3225 1670 3563 1727 nequaquam

1966 1752 2095 1793 vero
2125 1738 2267 1807 quod
2292 1740 2535 1805 deceret,
2568 1742 2781 1811 quodve
2807 1743 3041 1797 alienant
3072 1755 3214 1800 esset
3240 1748 3327 1804 vel
3355 1750 3562 1818 tritum,

258 1830 566 1887 correxisse
585 1873 601 1899 ,
632 1841 686 1887 et
712 1847 863 1903 stupe
893 1848 1119 1888 numero
1147 1832 1354 1888 lacunis
1385 1833 1565 1904 magni
1602 1833 1859 1888 momenti
1890 1809 1939 1871 Β
1964 1829 2162 1885 oblitus
2192 1840 2296 1886 est.
2330 1831 2563 1903 Egregie
2586 1849 2802 1904 quoque
2845 1836 3093 1891 instituto
3140 1836 3336 1895 factum
3357 1851 3471 1906 est,
3509 1853 3567 1898 ut

256 1924 533 1995 suppletes
556 1925 780 1981 auxisse
812 1922 905 1979 afﬁ
916 1936 1075 1980 rmat.
1100 1926 1177 1981 De
1199 1924 1389 1982 codice
1408 1926 1511 1981 hoc
1537 1926 1858 1981 sententiam

256 2029 495 2074 nostram
537 2035 639 2075 suo
680 2020 801 2076 loco
844 2019 1201 2090 proferemus.
1233 2020 1387 2088 Quod
1419 2019 1597 2076 Electa
1625 2024 1855 2088 attinet,

257 2111 406 2183 (nam
452 2112 522 2169 de
569 2112 654 2171 his
693 2115 976 2171 audiamus
1017 2126 1266 2185 oportet,
1294 2126 1582 2186 antequam
1627 2116 1696 2171 de
1740 2118 1855 2187 ipsa

161 2210 181 2225 ‘
257 2213 434 2262 textus
477 2207 797 2263 recensione
836 2208 1050 2264 dicendi
1096 2208 1246 2264 locus
1275 2209 1436 2277 erit),
1468 2209 1590 2265 ideo
1622 2210 1723 2265 hoc
1751 2227 1852 2265 no-

258 2297 396 2354 mine
441 2300 720 2370 appellare
765 2301 941 2356 visum
968 2317 1091 2357 esse
1121 2301 1332 2371 inquit,
1361 2305 1498 2365 quod
1524 2320 1554 2356 e
1581 2303 1817 2372 plurimis
1842 2345 1856 2368 ,

257 2408 365 2459 quc
387 2395 706 2465 deprauata,
740 2410 854 2466 qua
883 2396 1097 2451 obscura
1124 2397 1205 2451 hic
1234 2398 1474 2467 reperiret
1492 2439 1508 2463 ,
1538 2399 1743 2468 elegerit
1768 2399 1865 2453 sibi

257 2504 318 2543 ea:
357 2489 567 2562 ingenio
597 2500 644 2543 ct
685 2492 1022 2546 membraneis
1048 2490 1311 2546 codicibus
1335 2492 1415 2545 uel
1438 2492 1760 2546 emendanda
1784 2491 1864 2545 uel

258 2582 605 2650 illustranda;
635 2584 685 2639 id
715 2586 858 2654 quod
887 2586 1206 2656 plerumque
1227 2593 1285 2639 et
1309 2595 1512 2640 tantum
1537 2601 1644 2640 non
1665 2586 1861 2656 ubique

255 2686 327 2729 ex
368 2676 570 2745 antiqui
615 2691 960 2732 romanorum
989 2678 1256 2733 sermonis
1287 2692 1385 2732 usu
1414 2692 1478 2734 ac
1506 2678 1856 2748 proprietate,

258 2785 363 2827 nec
399 2785 508 2826 non
536 2770 728 2825 ritibus
753 2771 895 2842 apud
929 2771 1138 2841 priscos
1172 2770 1507 2826 solemnibus
1544 2769 1685 2825 baud
1724 2769 1859 2827 sini-

254 2873 364 2920 stre
408 2862 652 2935 profecto
674 2863 774 2933 ipsi
823 2863 1007 2927 cessit,
1056 2874 1161 2918 etc.
1210 2862 1660 2933 quemadmodum
1688 2862 1859 2932 pluri-

255 2970 397 3010 mum
445 2955 505 3010 in
549 2954 791 3011 Varrone
846 2956 914 3010 ad
972 2954 1274 3010 Aruobium
1338 2955 1712 3011 illustrandum
1774 2966 1858 3011 est

258 3050 529 3118 praesidii,
560 3050 631 3105 ita
664 3049 784 3105 haec
820 3049 1115 3105 Stevrecltii
1165 3049 1347 3104 Electa
1392 3050 1696 3120 egregium,
1735 3064 1858 3105 meo

1962 1931 2139 1979 textus
2167 1924 2394 1981 Arnobii
2423 1927 2652 1982 seorsim
2684 1943 2805 1981 cum
2846 1928 3026 1984 iudice
3064 1946 3243 1986 rerum
3282 1937 3563 2004 peculiari,

1960 2013 2160 2071 deinde
2194 2016 2696 2073 animadversiones
2737 2019 2955 2075 Heraldi
2985 2032 3039 2077 et
3068 2023 3198 2093 ipsa:
3227 2040 3347 2080 cum
3374 2027 3565 2084 iudici—

1963 2106 2060 2161 bus
2087 2118 2141 2163 et
2170 2118 2474 2172 auctorum,
2508 2110 2597 2180 qui
2627 2111 2775 2166 varie
2806 2112 3143 2169 illustrantur
3172 2117 3251 2170 vel
3270 2120 3562 2175 emendau—

1959 2208 2066 2264 tur,
2098 2208 2152 2255 et
2182 2217 2359 2256 rerum
2398 2202 2804 2258 exhiberentur.
2838 2204 3077 2276 Denique
3117 2209 3289 2264 notari
3326 2222 3565 2267 meretur

1962 2302 2017 2347 et
2048 2292 2170 2358 hoc,
2204 2294 2346 2364 quod
2374 2296 2538 2349 animi
2565 2311 2725 2351 causa
2757 2311 2919 2366 Opera
2960 2299 3078 2354 lucc
3122 2300 3361 2356 instituta
3402 2304 3468 2359 sit
3509 2315 3566 2361 et

1961 2387 2101 2439 intra
2127 2385 2356 2441 duorum
2384 2388 2648 2442 mensium
2680 2390 2913 2459 spatium
2951 2392 3016 2445 ad
3061 2393 3219 2449 linem
3264 2397 3518 2464 perducta
3546 2394 3567 2463 ;“

1961 2477 2090 2533 item
2121 2481 2264 2550 quod
2295 2481 2522 2551 epistola
2551 2482 2878 2538 dedicatoria
2901 2526 2917 2548 ,
2948 2502 3070 2555 quae
3111 2488 3331 2543 omnino
3373 2489 3563 2559 praefa-

1963 2572 2125 2627 tionis
2166 2574 2343 2628 locum
2389 2575 2655 2639 sustinet,
2686 2575 2808 2630 data
2850 2577 2916 2630 sit
2962 2577 3188 2633 Lutetiae
3234 2580 3420 2646 Paris,
3451 2581 3561 2637 kal.

1962 2674 2120 2719 mart.
2182 2680 2361 2730 nocv,
2396 2677 2451 2720 ut
2492 2666 2630 2722 adeo
2669 2669 2755 2723 vix
2807 2670 3086 2739 probabile
3132 2672 3394 2743 videatur,
3437 2688 3562 2732 ante

1963 2753 2104 2811 hunc
2128 2771 2327 2812 annum
2362 2757 2577 2814 Heraldi
2606 2773 2826 2828 operam
2855 2778 2978 2817 esse
2996 2764 3319 2834 evulgatam.

2674 2855 2833 2911 1610.

2030 2944 2351 3019 llamburgi,
2394 2948 2617 3004 in-folio
2653 2969 2667 3004 :
2703 2951 3030 3007 Arnobii.....
3081 2955 3120 3008 Ι.
3168 2969 3263 3009 vu.
3314 2954 3558 3012 Gebhart.

1956 3036 2367 3095 Elmenltorstius
2411 3043 2616 3097 collatis
2660 3044 2871 3100 diversis
2916 3046 3181 3100 codicibus
3222 3052 3474 3106 recensuit
3513 3063 3561 3106 cl

252 3141 474 3211 judicio,
502 3141 732 3198 Varroni
755 3151 919 3213 atque
938 3143 1083 3197 omni
1105 3141 1372 3197 sermonis
1397 3140 1567 3211 priori
1591 3141 1853 3197 doctrina:

1960 3129 2388 3188 observationibus
2417 3132 2536 3208 (sic)
2564 3135 2863 3191 illustrauit.

255 3236 625 3308 adjumentum
652 3236 902 3294 aﬂ‘erunt.
931 3239 1100 3307 Quam
1125 3237 1177 3291 in
1202 3251 1315 3291 rem
1345 3253 1450 3290 non
1479 3251 1665 3306 parum
1691 3235 1853 3291 etiam

255 3332 494 3405 syllabus
520 3341 901 3388 contentorum
928 3331 1239 3403 prtemissus
1258 3329 1526 3386 conducit.
1549 3330 1653 3385 Sed
1680 3344 1857 3400 neque

254 3443 315 3485 ex
343 3427 452 3492 his,
482 3443 665 3499 neque
689 3443 753 3482 ex
785 3429 923 3496 ipsa,
950 3440 1110 3495 quam
1142 3426 1389 3482 manibus
1415 3434 1593 3493 teneo,
1622 3425 1859 3480 editione

253 3524 384 3579 satis
410 3522 548 3578 mihi
585 3522 793 3594 liquere
831 3520 1039 3584 fateor,
1078 3536 1187 3590 quo
1219 3529 1377 3589 pacto
1404 3528 1609 3574 textum
1638 3517 1706 3572 ad
1735 3532 1862 3574 suas

254 3615 562 3671 aliorumve
586 3614 929 3683 conjecturas
957 3611 1257 3667 rellnxerit.
1289 3611 1340 3665 Is
1374 3618 1554 3676 certe,
1583 3624 1740 3679 quem
1770 3610 1858 3665 ed.

255 3706 635 3779 Trogttasiana
662 3704 853 3779 (1604)
882 3704 1044 3769 sistit,
1076 3704 1144 3758 ab
1166 3701 1453 3759 Ursiniano
1483 3701 1621 3769 baud
1644 3716 1862 3773 magno-

255 3812 386 3869 pere
406 3797 625 3864 differt;
654 3813 722 3854 eo
746 3796 943 3867 saepius
966 3804 1146 3851 autem
1173 3794 1465 3852 Stewecbii
1502 3794 1765 3850 lectiones
1796 3796 1849 3849 in

255 3892 503 3963 margine
548 3890 759 3957 laudat,
814 3892 886 3945 ita
927 3903 1386 3960 nonnumquam,
1420 3898 1478 3944 ut
1515 3887 1753 3954 nescias,
1786 3905 1854 3943 an

256 3984 473 4040 diversa
505 3984 678 4052 aliqua
710 4000 741 4039 a
769 3983 1061 4042 Stewecbii
1099 3986 1418 4039 recensione
1447 3997 1543 4052 per
1572 3981 1673 4036 bos
1702 3990 1856 4053 typo-

253 4076 492 4148 graphos
515 4076 638 4131 data
660 4074 747 4131 sit.
762 4074 919 4143 Quod
942 4076 988 4131 si
1021 4074 1442 4146 prmcipitantius
1470 4072 1629 4143 paulo
1648 4089 1678 4127 a
1702 4074 1858 4129 nobis

254 4170 551 4227 divinatum
588 4170 747 4226 fuerit
792 4184 1029 4239 vereque
1071 4168 1238 4224 editio
1281 4168 1664 4239 Antwerpiana
1712 4182 1857 4223 anno

257 4263 393 4320 1604
424 4264 497 4319 ad
531 4264 701 4335 ipsius
720 4261 1011 4320 Stewcchii
1038 4261 1457 4333 descriptionem
1476 4274 1732 4331 expressa
1754 4261 1855 4347 sit;

254 4354 503 4411 laudabis
529 4355 758 4413 fortasse
786 4355 1022 4411 hominis
1043 4354 1445 4422 verecundiam,
1469 4352 1562 4425 qui
1585 4354 1856 4423 margines

255 4447 377 4504 libri
407 4449 882 4506 emendationibus
902 4460 957 4504 et
975 4448 1304 4517 conjecturis
1331 4448 1554 4518 opplere
1581 4446 1853 4513 maluerit,

2032 3224 2467 3283 Elmenltorstius
2506 3228 2741 3285 lectori:
2780 3248 2800 3281 ι
2837 3230 2905 3286 Ut
2938 3232 3167 3289 instituti
3208 3241 3375 3290 nostri
3422 3238 3560 3292 ratio

1959 3316 2052 3372 tibi
2101 3328 2354 3375 constare
2401 3322 2607 3391 possit,
2640 3323 2777 3377 scito
2823 3340 2910 3380 me
2952 3327 3003 3379 in
3039 3329 3139 3383 bac
3168 3345 3305 3383 nova
3336 3332 3562 3387 Aruobii

1959 3408 2197 3466 editione
2237 3413 2567 3467 recensenda
2609 3416 2884 3484 priecipue
2929 3433 3085 3473 usum
3133 3420 3318 3476 codice
3349 3433 3561 3478 vetusto

1961 3504 2235 3560 Francisci
2257 3505 2433 3561 Sabaei
2452 3506 2716 3576 Brixiani,
2741 3508 2926 3564 lloma:
2949 3526 3092 3566 anno
3114 3513 3251 3568 1542
3268 3514 3557 3585 impresso.

1961 3595 2063 3653 Ubi
2092 3598 2137 3653 is
2165 3610 2453 3670 corruptus
2480 3610 2574 3656 aut
2604 3603 2917 3669 mendosus,
2958 3605 3026 3659 ad
3070 3616 3323 3676 excerpta
3371 3625 3560 3666 mauu-

1958 3691 2156 3761 scripta
2189 3702 2243 3748 et
2267 3693 2549 3749 doctorum
2582 3698 2820 3751 virorum
2863 3698 3271 3756 emendationes
3315 3702 3556 3772 confugi,

1957 3787 2297 3858 optimusque
2334 3804 2398 3844 ex
2443 3790 2550 3844 illis
2591 3791 2897 3862 desumpsi,
2928 3801 2983 3847 et
3013 3796 3181 3850 textui
3212 3796 3554 3863 Aruobiano,

1955 3896 2265 3951 quamquam
2286 3898 2436 3946 raro,
2463 3884 2693 3949 inserui;
2724 3890 2933 3940 ratione
2961 3901 3154 3957 nempe
3180 3889 3292 3957 ipsa
3310 3889 3555 3961 jnbente,

1956 3970 2131 4041 adjeci
2161 3988 2377 4043 quoque
2417 3974 2685 4029 variarum
2741 3976 3030 4031 lectionum
3086 3979 3455 4047 collectanea,
3500 3983 3553 4037 in

1957 4066 2150 4137 quibus
2178 4080 2293 4132 eos,
2324 4082 2556 4137 quorum
2592 4068 2999 4124 cmendationes
3030 4072 3199 4140 probo
3228 4081 3282 4125 et
3334 4087 3553 4143 sequor,

1959 4160 2201 4214 nomino.
2244 4158 2302 4213 lu
2331 4160 2799 4216 observationibus
2830 4162 2966 4217 meis
2995 4161 3046 4217 id
3077 4161 3415 4232 potissimum
3444 4167 3551 4237 egi,

1958 4262 2019 4308 ut
2046 4268 2264 4309 sensum
2291 4253 2551 4318 auctoris,
2575 4270 2735 4324 quem
2766 4254 3035 4311 edendum
3085 4257 3321 4327 suscepi,
3353 4257 3561 4314 edisse-

1958 4360 2155 4413 rerem,
2186 4344 2533 4416 breviterque
2558 4356 2613 4401 et
2639 4356 2846 4417 aperte,
2877 4347 2964 4402 ubi
2993 4347 3039 4403 is
3057 4347 3340 4413 obscurus,
3369 4349 3560 4406 diluci-

1957 4440 2163 4495 darem.
2216 4439 2379 4495 Certe
2422 4439 2843 4495 eruditissimum
2893 4440 3209 4512 scriptorem
3261 4443 3559 4499 innumeris

254 4559 408 4615 quam
442 4544 531 4600 ,ει
562 4545 923 4601 certissimam
954 4544 1007 4598 ίη
1039 4542 1233 4599 seriem
1261 4541 1524 4611 recipere,
1556 4540 1710 4596 Νιιιιο
1726 4555 1857 4596 vero
1882 4528 1935 4587 D
1960 4531 2377 4588 fiedissimorum
2409 4531 2728 4588 mendorum
2769 4534 2936 4588 uaevis
2965 4531 3220 4599 liberavi,
3252 4544 3308 4591 et
3334 4535 3559 4592 infinitis

254 4638 296 4695 is
332 4641 519 4711 ipsum
547 4648 759 4695 textum
793 4637 1238 4709 interpolavisse,
1279 4636 1584 4692 correxisse
1620 4647 1676 4691 et
1720 4635 1856 4691 inte-

252 4733 491 4803 griorem
521 4732 738 4787 dedisse
766 4730 871 4787 dici
904 4729 1104 4801 possit,
1132 4728 1350 4785 videant
1377 4728 1490 4782 alii.
1517 4728 1853 4799 Quamquam

252 4825 391 4880 enim
422 4827 481 4880 in
510 4823 730 4889 eadem,
764 4812 910 4880 unde
941 4821 1296 4901 praecedentia
1325 4820 1682 4884 adduximus,
1719 4836 1856 4891 pra:-

252 4916 453 4975 l‘atione
478 4918 551 4974 de
580 4918 751 4973 suain
781 4926 925 4973 textu
948 4915 1262 4973 adornando
1283 4930 1446 4986 opera
1475 4930 1587 4985 prae
1611 4929 1672 4970 se
1692 4913 1853 4981 ferat,

250 5026 310 5067 se
354 5027 578 5068 sunnno
621 5010 892 5074 candore,
922 5009 1034 5066 suis
1070 5009 1268 5078 ubique
1306 5008 1467 5075 locis,
1502 5016 1654 5077 alque
1680 5007 1810 5062 adeo
1833 5046 1848 5073 ,

250 5107 348 5177 ipsi
374 5123 583 5179 quoque
607 5106 828 5177 margini
865 5104 1079 5160 nomina
1126 5118 1315 5159 eorum
1351 5101 1734 5172 adscripsisse,
1763 5100 1853 5172 qui

252 5212 374 5258 ante
399 5203 581 5273 ipsum
606 5215 796 5255 manus
816 5197 1180 5254 auxiliatrices
1201 5197 1441 5252 Arnobio
1461 5196 1850 5266 porrexisseut,

252 5292 504 5366 idemque
544 5309 607 5349 se
646 5292 912 5349 facturum
942 5291 1107 5347 fuisse
1136 5290 1188 5345 in
1219 5291 1310 5359 iis,
1336 5306 1454 5361 qua-
1481 5288 1704 5345 Ursiaua
1732 5302 1856 5358 pro-

252 5385 374 5455 fert,
390 5388 497 5442 nisi
525 5386 615 5443 hic
632 5387 837 5451 omnia,
854 5401 950 5441 sua
976 5385 1152 5440 aliena
1179 5381 1649 5439 miscuissctzbaec
1674 5392 1853 5437 tamen

250 5477 391 5534 circa
420 5478 673 5535 lectionis
699 5479 1012 5535 varietatem
1036 5476 1323 5532 sedulitate
1349 5490 1456 5530 non
1483 5473 1652 5546 ipsius
1672 5482 1849 5530 textus

246 5571 546 5642 sospitator
573 5569 673 5627 sibi
701 5571 873 5628 videri
912 5578 1142 5642 poterat.

974 5662 1132 5719 1605.

316 5756 566 5826 Parisiis,
598 5757 740 5830 apud
779 5758 1013 5814 Marcum
1056 5755 1216 5828 Orry,
1250 5755 1334 5809 via
1370 5752 1637 5819 Jacobea,
1670 5753 1736 5809 ad
1764 5754 1848 5809 in-

246 5850 398 5924 signe
430 5850 628 5909 Leonis
657 5852 934 5919 salientis,
961 5849 1107 5906 ἰπὶ-8⁸
1135 5867 1151 5905 :
1182 5847 1515 5905 Arnobii.....
1557 5846 1699 5901 Libri
1723 5845 1853 5920 ζωρ-

775 5946 1049 6008 ΡΑτιιοι.
1097 5943 1187 6005 V.‘
1494 5934 1505 5947 ’

1957 4625 2074 4697 ejus
2104 4627 2238 4681 locis
2266 4627 2407 4682 male
2433 4624 2668 4691 alfectis,
2700 4626 3009 4692 salubriter,
3037 4636 3094 4682 ut
3120 4629 3353 4696 confido,
3381 4629 3555 4685 medi-

1953 4722 2131 4774 cinam
2167 4718 2407 4774 adhibui.
2434 4718 2546 4775 Nec
2587 4730 2764 4775 tamen
2798 4720 3103 4787 dissimulo,
3135 4723 3363 4791 plurima
3391 4723 3552 4779 etiam

1954 4825 2098 4866 nunc
2116 4811 2359 4868 residere
2383 4811 2514 4866 falsa
2535 4822 2591 4867 et
2610 4822 2882 4881 corrupta,
2902 4828 3021 4883 quae
3043 4814 3190 4870 nullo
3211 4815 3373 4871 modo
3398 4817 3557 4872 intel—

1956 4903 2084 4977 ligi,
2102 4913 2195 4959 aut
2220 4903 2427 4974 absque
2453 4918 2558 4974 cpe
2586 4903 2826 4959 melioris
2865 4903 3071 4959 codicis
3115 4907 3294 4961 sanari
3333 4917 3554 4975 queant.

1958 4998 2032 5055 Ea
2062 5014 2164 5070 ego
2190 4998 2258 5054 de
2301 4997 2561 5053 industria
2606 4997 2804 5051 intacta
2852 4996 3087 5066 praeterii
3128 5008 3182 5052 et
3225 4998 3556 5055 felicioribus

1958 5091 2184 5164 ingeniis
2206 5090 2528 5158 corrigenda
2556 5089 2767 5159 reliqui.
2798 5089 2917 5144 Rei.
2953 5108 2974 5142 ι
3000 5089 3151 5145 Nosti
3175 5090 3286 5160 jam
3314 5092 3551 5160 codices,

1957 5201 2186 5257 quorum
2212 5184 2458 5255 speciosa
2483 5184 2848 5240 ostentatione
2879 5184 3069 5239 titulus
3098 5186 3360 5256 superbit.
3395 5185 3453 5242 Si
3483 5187 3553 5242 de

1959 5280 2363 5337 Elmenhorstio
2388 5280 2713 5350 interroges,
2743 5280 2788 5334 si
2816 5294 2923 5334 non
2951 5279 3245 5349 ingenium,
3268 5290 3418 5336 certe
3439 5296 3553 5334 ma—

1960 5377 2148 5432 turitas
2174 5385 2229 5431 et
2254 5374 2494 5431 studium
2522 5374 2602 5429 illi
2629 5372 2822 5428 defuit.
2846 5372 3047 5429 Textus
3066 5373 3135 5429 ad
3157 5372 3374 5427 verbum
3414 5388 3554 5444 pene

1951 5470 2018 5526 ad
2045 5484 2323 5526 romanam
2352 5468 2579 5525 alteram
2611 5468 2916 5539 descriptus
2940 5478 3043 5522 est.
3076 5465 3210 5520 Hinc
3232 5464 3395 5520 etiam
3423 5482 3555 5522 con-

1946 5563 2187 5634 jecturas
2215 5573 2270 5618 et
2293 5551 2728 5629 emendationes,
2759 5573 2895 5631 quas
2930 5558 3049 5614 sine
3074 5568 3353 5613 auctorum
3383 5558 3550 5613 nomi-

1952 5654 2112 5709 nibus
2152 5655 2205 5709 in
2246 5654 2488 5726 margine
2534 5660 2790 5725 posuerat
2836 5648 3095 5716 Ursinus,
3143 5663 3334 5705 omnes
3372 5647 3551 5704 Fulvii

1953 5749 2171 5807 nomine
2214 5749 2458 5806 laudatas
2500 5744 2818 5816 desumpsit,
2857 5752 2915 5798 et
2957 5743 3279 5799 intermixtis
3321 5741 3444 5797 aliis
3478 5740 3548 5797 ad

1953 5844 2156 5901 calcem
2185 5843 2620 5900 observationum
2656 5836 2909 5909 subjecit,
2954 5852 3053 5894 suo
3076 5837 3280 5907 judicio
3310 5850 3436 5892 raro
3464 5836 3545 5892 iit-

3072 5928 3147 5991 12
