4196 6246
391 218 496 289 565

383 338 420 392 2
453 349 588 395 tom.
626 344 789 433 in-8°,
817 347 1012 429 quibus
1043 351 1296 425 Titulus:
1327 356 1537 427 Aruobii
1576 362 1682 431 afri
1726 362 1982 433 Disputa-

388 434 590 509 lionum
618 432 855 515 adversus
882 453 1054 517 gentes
1080 446 1197 503 libri
1219 459 1429 535 septem.
1456 484 1527 493 ——
1556 453 1868 531 Recogiiouit
1898 476 1990 514 no-

1109 670 1400 681 ’ῌῂἠ-
1334 680 1339 681 γ
1374 679 1400 681 ἡ

1401 675 1739 688 i____._'
1523 675 1808 688 _———__
1767 685 1808 688 is

1444 204 1895 323 DlSSEBTATiO
1934 244 1999 303 IN
2042 246 2415 325 ABNQBIUM,
2454 254 2607 312 car.
2650 252 2693 312 ι.

1813 682 2768 702 δῆσαι-
1981 685 2266 694 ——-

666 688 2317 1007 mssemmo
2376 712 3406 1019 PR/EVIA

3587 258 3694 327 36.6

2093 371 2155 439 (is
2202 372 2430 445 priorum
2477 375 2817 444 interpretum
2867 370 3068 441 selectis
3115 377 3436 453 aliarumque
3488 394 3536 441 et
3586 388 3698 443 suis

2096 464 2392 535 illustravit,
2423 465 2512 523 Jo.
2543 467 2810 533 Conradus
2843 469 3086 531 Qrellius.

844 1156 1037 1304 In
1065 1182 1542 1355 Septem
1597 1167 2134 1341 amomi
2196 1174 3213 1373 insputatiottum

1201 1470 1766 1559 ADVERSUS
1822 1478 2237 1559 GENTES
2292 1486 2709 1566 LIBROS.

1511 1657 1862 1733 (AUCTOBE
1901 1663 2045 1722 non
2081 1667 2171 1739 LE
2210 1649 2548 1747 NO'URRY.)

1000 1854 2006 1901 ἢ

889 1964 1117 2023 CAPUT
1144 1963 1436 2029 PRIMUM.

796 2081 1037 2155 Analysia
1066 2082 1249 2137 horum
1280 2082 1548 2139 librorum.

910 2212 1203 2277 inruentes
1229 2213 1443 2281 relatus.

899 2309 1120 2388 Analysis
1142 2313 1256 2379 libri
1280 2316 1437 2395 primi.

442 2416 526 2472 Ab
548 2417 666 2493 ipso
691 2415 870 2493 operis
894 2418 980 2488 sui
1008 2417 1233 2491 egordio
1264 2417 1537 2489 Arnobius
1565 2417 1808 2491 declarat
1838 2418 1970 2476 illud

364 2522 399 2560 a
430 2521 490 2563 se
509 2518 833 2587 susceptum,
864 2517 925 2563 ut
944 2517 1182 2585 veterem
1209 2524 1272 2585 ac
1309 2510 1507 2581 Saepius
1538 2513 1820 2587 repetitam
1849 2529 1973 2587 pro-

372 2599 621 2670 pulsaret
645 2602 962 2677 calumniarn
995 2643 1010 2664 .
1045 2617 1147 2674 qua
1178 2602 1387 2679 ethnini
1417 2612 1637 2677 prepler
1668 2605 1973 2672 abdicatum

366 2679 816 2775 repudiatumqne
841 2709 869 2757 ξι
896 2678 1205 2769 phristianis
1228 2693 1486 2767 falsorum
1502 2694 1726 2771 deorum
1745 2698 1970 2775 cultum,

361 2798 465 2839 eos
523 2785 854 2856 publicarum
907 2787 1145 2867 omnium
1196 2787 1562 2863 calamitatum
1605 2805 1669 2863 ac
1709 2791 1970 2865 malorum

359 2892 587 2953 causam
608 2890 663 2937 et
694 2890 945 2951 auctores
975 2895 1095 2955 esse
1124 2889 1230 2961 tam
1264 2880 1421 2959 falso,
1451 2898 1609 2967 quam
1645 2895 1848 2949 temere
1877 2901 1980 2942 ae-.

359 2971 643 3029 cusabant.
667 2972 785 3051 Quo
812 2981 990 3051 autem
1016 2975 1230 3059 gravior
1258 2984 1340 3031 est
1369 2975 1484 3051 haec
1530 2977 1873 3053 criminatio,
1904 2994 1970 3057 e9

359 3064 457 3121 ille
480 3065 647 3136 magis
675 3065 903 3141 adeam,
930 3067 1183 3147 sepositis
1206 3077 1381 3143 tamen
1401 3070 1634 3141 partium
1648 3070 1860 3149 sipdiis,
1886 3087 1970 3143 rc-

358 3154 654 3217 fellendam
698 3140 989 3229 impulsum
1026 3174 1087 3235 se
1117 3140 1282 3237 fuisse
1314 3140 1630 3234 proﬁtetur;
1663 3140 1732 3218 ne
1761 3140 1969 3243 cunctis

355 3247 649 3303 silentibus
694 3248 1044 3327 christianis,
1077 3262 1170 3329 aui
1197 3266 1320 3319 vera
1353 3252 1628 3331 videretur
1654 3255 1923 3326 aliquibus

353 3352 455 3421 aut
485 3342 684 3427 etbqicj
712 3358 934 3417 causam
960 3358 1020 3409 se
1046 3345 1348 3424 obtinuisse
1375 3347 1755 3425 gloriarentur.

433 3431 771 3503 Manifestum
797 3434 976 3507 itaque
1004 3434 1130 3507 facit
1157 3452 1185 3488 a
1203 3437 1515 3515 christiana:
1543 3444 1821 3519 religionis
1844 3455 1965 3523 ortu

354 3526 429 3582 ad
460 3543 556 3599 sua
579 3544 748 3605 usque
774 3539 1040 3611 tempora,
1075 3529 1207 3609 nihil
1238 3532 1290 3603 in
1317 3533 1708 3611 elementorum
1740 3540 1969 3614 qualita-

354 3622 528 3687 tibus,
566 3623 746 3676 intota
774 3622 962 3679 mundi
992 3622 1263 3697 machina.
1293 3629 1348 3683 in
1375 3637 1647 3707 astrprum
1676 3646 1866 3707 cursu,
1908 3634 1962 3688 in

354 3721 743 3785 tempestatum
772 3757 788 3787 ,
829 3714 1038 3785 dierum
1063 3757 1078 3782 ,
1116 3732 1181 3773 ac
1212 3718 1447 3795 noctium
1492 3721 1880 3801 vicissitudine,
1909 3726 1963 3780 in

358 3806 573 3889 tellqris
599 3816 652 3861 et
679 3807 991 3881 animalium
1022 3807 1405 3891 {mcqnditatm
1451 3811 1505 3887 in
1539 3814 1764 3891 privatis
1793 3817 1966 3895 publi-

352 3902 557 3973 cisque
592 3900 867 3981 hominum
924 3903 1172 3985 negotiis,
1215 3918 1279 3973 ac
1321 3904 1484 3985 solito
1510 3905 1729 3985 vivendi
1764 3924 1963 3987 genere

349 4003 455 4063 aut
470 4002 755 4077 mutatum,
778 4002 874 4050 aut
898 3995 1218 4072 relaxatum,
1250 4003 1305 4079 et
1330 3996 1669 4073 dissoluinm.

430 4068 617 4159 Neque
641 4087 771 4163 sinit
800 4087 899 4167 sibi
922 4086 991 4161 ab
1008 4068 1241 4157 ethnicis
1260 4070 1419 4159 obiici
1444 4068 1667 4165 propter
1695 4092 1829 4153 deos
1858 4095 1960 4155 im-

345 4183 577 4256 pietate,
610 4182 909 4265 sceleribus
935 4224 949 4248 ,
978 4197 1043 4255 ac
1088 4190 1402 4259 contemptu
1422 4182 1841 4267 christianorum
1873 4191 1957 4243 or-

347 4277 561 4344 l'ensos,
592 4260 848 4349 mundum
880 4260 1208 4351 pestilentia,
1236 4276 1615 4349 grandinibus,
1648 4260 1954 4349 sterilitate,

349 4350 539 4437 bellis,
562 4369 789 4445 aliisque
806 4350 1204 4435 calamitatibus
1232 4370 1406 4431 obrui.
1436 4371 1516 4451 Ei;
1540 4373 1671 4445 ipsis
1690 4375 1956 4449 siquidem

348 4436 635 4541 gentilium
668 4462 906 4533 historiis
930 4473 1088 4533 atque
1118 4462 1401 4542 apnalibus
1428 4479 1766 4541 compertum
1794 4467 1959 4547 babe-

350 4571 479 4635 mqs
526 4555 772 4621 homines
812 4565 937 4613 ante
980 4555 1223 4631 auditum
1256 4572 1509 4633 umquam
1535 4561 1955 4637 christianorum

1880 1846 2139 1933 sese,

2078 1858 3087 1913 Md

1990 1975 2043 2035 Α
2069 1973 2304 2035 bendum
2338 1980 2460 2039 ideo
2488 1992 2694 2044 tantum
2726 1992 2963 2053 animum
3002 2004 3184 2073 appuli
3212 2047 3227 2072 ,
3276 2016 3335 2064 ut
3361 2012 3679 2087 religionem

2081 2071 2428 2133 christianam
2482 2082 2550 2138 ab
2590 2083 2943 2156 iniquissimis
2992 2071 3278 2157 calumniis
3324 2071 3679 2165 vindicarem.

2078 2164 2215 2232 Quid
2246 2183 2394 2238 vero,
2420 2177 2591 2245 pergit
2615 2177 2727 2247 ille,
2753 2180 2797 2235 si
2833 2182 2947 2241 haec
2975 2186 3041 2241 ad
3069 2204 3262 2249 causas
3287 2200 3562 2256 naturales
3580 2218 3671 2258 re-

2079 2254 2301 2316 ferenda
2346 2276 2488 2334 sunt,
2532 2270 2599 2325 ad
2638 2287 2817 2330 acrem
2868 2278 3351 2361 vehementemque
3377 2293 3678 2353 elemento-

2077 2368 2196 2409 rum
2226 2357 2508 2428 impulsum
2534 2409 2548 2431 ,
2581 2368 2647 2423 ad
2676 2373 2850 2429 varios
2877 2375 3114 2436 siderum
3146 2396 3345 2453 motus,
3383 2364 3450 2443 ad
3498 2402 3677 2449 certas

2075 2462 2255 2505 rerum
2286 2454 2702 2531 vicissitudines,
2745 2481 2809 2522 ex
2835 2470 3030 2540 quibus
3060 2475 3202 2533 bona
3233 2489 3286 2535 et
3312 2464 3453 2537 mala
3476 2484 3673 2553 ﬂuunt,

2074 2543 2328 2611 reﬂuunt,
2370 2566 2432 2606 ac
2470 2556 2907 2627 reciprocantur?
2935 2565 3242 2639 Praeterea,
3275 2590 3396 2645 quae
3434 2576 3668 2647 homini-

2073 2635 2195 2705 bus,
2225 2645 2403 2699 omnia
2445 2653 2827 2710 commoditate
2854 2673 2949 2714 sua
2984 2664 3335 2723 metientibus
3357 2709 3373 2733 ,
3427 2672 3567 2743 mala
3595 2675 3678 2729 vi-

2077 2732 2290 2802 dentur,
2337 2753 2397 2794 ea
2442 2756 2588 2800 certe
2641 2748 2737 2802 toti
2775 2762 2983 2809 natura:
3019 2767 3073 2812 ct
3110 2761 3312 2817 mundo
3342 2736 3492 2829 utilia
3528 2779 3676 2826 sunt.

2076 2823 2226 2892 Quod
2258 2831 2471 2900 quidem
2503 2848 2690 2894 auctor
2718 2852 2904 2899 noster
2935 2846 3173 2907 Platonis
3198 2855 3546 2931 auctoritate,
3580 2876 3676 2915 va-

2076 2917 2277 2989 riisque
2325 2937 2635 2999 nautarum,
2675 2935 2843 3003 solis,
2875 2944 3157 3012 torrentis,
3190 2946 3404 3016 pluviae,
3439 2950 3670 3023 hyemis,

2073 3014 2297 3079 aestatis,
2348 3022 2564 3089 veratri,
2620 3021 2891 3096 luporum,
2940 3043 2995 3087 et
3030 3040 3364 3106 serpentium
3410 3047 3674 3116 exemplis

2072 3104 2375 3164 conﬁrmat.
2413 3109 2538 3170 inde
2559 3127 2739 3174 autem
2763 3120 2855 3177 ille
2880 3104 3323 3199 colligitsuperbi
3355 3146 3477 3189 esse
3498 3104 3675 3197 homi-

2069 3198 2154 3253 nis
2179 3199 2275 3257 has
2302 3204 2509 3262 abditas
2535 3227 2726 3268 causas
2748 3214 2969 3285 rimari;
3004 3222 3103 3275 nisi
3122 3224 3270 3293 prius
3298 3230 3508 3284 noverit
3528 3232 3674 3307 quis,

1946 3302 1963 3337 ν
1997 3310 2045 3370 Β
2070 3299 2123 3345 et
2152 3294 2290 3351 unde
2313 3297 2426 3369 ipse
2446 3343 2458 3363 ,
2491 3317 2552 3358 ac
2573 3320 2669 3360 cur
2688 3309 2920 3366 mundus
2946 3324 3159 3370 creatus
3184 3314 3273 3387 sit.

2144 3408 2311 3474 Quam
2340 3425 2673 3485 praepostere
2701 3429 2881 3481 autem
2903 3423 3172 3505 ethniciin
3186 3428 3536 3505 christianos,
3564 3442 3677 3492 tre-

2073 3503 2243 3557 centis
2273 3506 2488 3569 circiter
2510 3512 2706 3568 abhinc
2733 3515 2891 3593 annis
2919 3503 3138 3587 exortOS
3163 3562 3178 3589 ,
3208 3522 3347 3589 mala
3375 3503 3557 3581 Omnia
3579 3516 3668 3601 re-

2070 3593 2335 3654 l‘undcnda
2362 3616 2482 3659 esse
2509 3604 2875 3679 clamitarent,
2923 3627 2989 3685 eo
3021 3612 3197 3669 adhuc
3224 3614 3316 3670 ille
3337 3616 3474 3673 scite
3515 3634 3672 3675 coar-

2068 3690 2202 3759 guit,
2233 3693 2373 3763 quod
2405 3698 2595 3755 mediis
2624 3711 2746 3772 post
2770 3719 2959 3759 eorum
2992 3714 3168 3775 ortum
3192 3709 3347 3768 annis
3372 3720 3427 3773 et
3452 3717 3664 3789 tempo-

2068 3784 2253 3855 ribus,
2313 3789 2732 3853 innumerahiles
2784 3799 3023 3856 victoriae
3090 3813 3408 3872 reportatae,
3464 3806 3665 3879 prolati

2066 3881 2430 3939 Romanorum
2480 3885 2645 3955 ﬁnes,
2689 3893 3029 3971 niaximaque
3082 3909 3312 3973 annona:
3337 3897 3439 3954 fuit
3486 3899 3664 3971 abun-

2063 3972 2267 4051 dantia.

2136 4086 2333 4163 Contra
2366 4100 2542 4148 tamen
2569 4095 2832 4166 urgebant
2853 4100 3084 4170 gentiles
3117 4116 3212 4171 per
3249 4101 3340 4161 illa
3368 4103 3487 4174 ipsa
3519 4114 3657 4175 tem-

2066 4194 2217 4249 pora,
2264 4198 2418 4254 aequo
2463 4184 2687 4245 deorum
2734 4190 2788 4244 in
2831 4191 3157 4255 christianos
3218 4194 3363 4263 odio,
3419 4208 3663 4258 vastatos

2064 4271 2353 4353 aliquando
2388 4278 2674 4337 sterilitate
2731 4298 2889 4352 agros
2914 4326 2928 4349 ,
2991 4293 3048 4344 et
3082 4285 3225 4345 bella
3256 4303 3663 4363 nomiumquam

2064 4366 2351 4427 infeliciter
2389 4373 2655 4433 confecta.
2708 4377 2846 4444 Quid
2869 4393 3001 4450 ergo
3028 4421 3044 4447 ,
3096 4381 3173 4439 ait
3209 4392 3399 4447 auctor
3435 4389 3664 4445 noster?

2062 4459 2331 4535 Numquid
2353 4466 2424 4522 dii
2449 4470 2583 4523 mira
2615 4470 2772 4540 plane
2793 4473 3152 4535 inconstantia
3179 4478 3284 4537 diti
3317 4490 3543 4551 possunt
3572 4483 3659 4539 in-

2058 4557 2323 4629 juriarum
2345 4561 2446 4633 sibi
2494 4580 2522 4616 a
2567 4562 2876 4633 christianis
2898 4568 3169 4627 illatarum
3198 4572 3422 4633 alternis
3456 4575 3663 4632 vicibus

351 4628 557 4717 nomen
583 4656 807 4713 vexatos
828 4646 992 4723 fuisse
1008 4628 1340 4723 ant'iistte'm,
1360 4657 1452 4727 aut
1479 4628 1952 4732 freqttentioribus,
1983 4628 2028 4691 (ἶ
2061 4667 2332 4710 memores
2359 4668 2413 4725 et
2440 4657 2823 4723 immemores?
2854 4662 3124 4725 Prailerea
3144 4665 3424 4724 christiani
3458 4669 3659 4740 ubique

355 4750 523 4811 atque
543 4740 838 4819 majoribus
865 4740 1029 4794 etiam
1057 4740 1315 4817 claribus,
1347 4741 1583 4823 lapidum
1614 4746 1813 4813 imbre,
1843 4757 1953 4804 ter-

348 4848 433 4890 ra:
458 4820 696 4911 motibus
726 4843 779 4905 et
809 4832 1066 4909 hiatibus,
1100 4832 1302 4887 diluvio
1326 4876 1342 4900 ,
1384 4820 1648 4915 Vipce'nldin
1670 4878 1685 4904 ,
1719 4838 1951 4915 ferarum

349 4925 693 4999 crudelitate,
725 4941 934 4993 veneno
967 4936 1280 5007 serpentum
1309 4967 1325 4995 ,
1378 4934 1539 5009 atque
1569 4929 1783 4997 urbium.
1813 4934 1952 4989 inte-

346 5034 571 5101 grarum
602 5019 885 5074 eversione
933 5033 998 5075 ac
1046 5019 1220 5097 ruina.
1259 5018 1474 5073 Certum
1502 5037 1714 5095 quoque
1733 5034 1816 5078 est
1847 5035 1951 5101 tam

346 5111 591 5168 crudelia
648 5112 785 5183 bella
833 5112 903 5167 ab
958 5112 1267 5177 Atlanticis,
1305 5113 1564 5195 Assyriis,
1605 5115 1903 5193 Bactrianis
1936 5160 1950 5185 ,

346 5186 554 5271 Persis,
586 5205 812 5283 Graecis,
860 5206 1124 5279 Troianis,
1161 5218 1210 5275 et
1252 5206 1532 5289 Romanis,
1578 5227 1607 5263 a
1648 5210 1818 5287 Nino,
1850 5213 1953 5268 Zo-

344 5314 584 5377 roastre,
616 5302 817 5375 Xerxe,
851 5302 1157 5375 Alexandro
1175 5302 1389 5381 Magno,
1418 5313 1473 5361 et
1500 5304 1621 5373 aliis
1647 5305 1774 5381 olim
1800 5319 1949 5391 gesta

340 5392 536 5467 fuisse,
559 5411 719 5471 quam
751 5405 874 5471 post
897 5394 1098 5451 Christi
1125 5403 1302 5461 ortum
1328 5396 1610 5471 imminuta
1632 5397 1873 5456 fuerunt.

422 5486 581 5565 Unde
608 5504 759 5561 ergo,
789 5490 1103 5565 inquiehant
1126 5487 1349 5553 ethnici,
1395 5496 1473 5563 tot
1496 5491 1765 5563 tantisque
1794 5494 1950 5551 malis

341 5580 585 5659 mundus
623 5583 908 5663 premitur,
941 5597 1006 5638 ac
1052 5591 1260 5661 tantum
1289 5596 1396 5635 non
1427 5582 1788 5663 opprimitur?
1809 5587 1946 5663 Quid

339 5674 415 5729 ad
445 5656 878 5757 ing-respondet
926 5656 1241 5755 Arnobius?
1275 5672 1395 5749 Non
1431 5656 1539 5735 mei
1563 5681 1805 5755 muneris
1830 5691 1945 5749 est,

339 5768 540 5843 inquit,
570 5770 810 5845 occultas
852 5770 970 5845 illas
1000 5768 1236 5851 rationes
1270 5766 1511 5847 pandere
1540 5813 1556 5840 ,
1597 5774 1688 5849 qui
1719 5775 1787 5851 ad
1813 5776 1946 5834 scri-

2062 4749 2327 4817 terrarum
2356 4763 2478 4817 cum
2506 4750 2759 4807 omnibus
2787 4754 3096 4810 nationibus
3118 4758 3361 4825 permisti
3381 4757 3652 4816 vivebant.

2057 4838 2176 4907 Quo
2203 4856 2333 4914 ergo
2350 4842 2472 4913 jure
2491 4844 2668 4899 adscri
2702 4856 2876 4917 potest
2904 4849 2955 4903 in
2984 4863 3172 4907 eorum
3199 4851 3457 4909 ultionem
3483 4867 3514 4907 a
3542 4852 3653 4910 Ro-

2056 4934 2230 5005 manis
2274 4937 2443 5009 victos
2463 4938 2630 4994 luisse
2657 4939 2988 5001 Alamannos
3015 4982 3031 5006 ,
3084 4942 3278 5003 Persas
3300 4954 3358 5001 et
3386 4947 3655 5018 Scythas;

2057 5028 2299 5103 "uiribus
2323 5039 2377 5085 et
2407 5030 2626 5086 locustis
2654 5046 2928 5087 corrosam
2954 5046 3439 5110 consumptamqne
3467 5041 3651 5097 Asiam

2058 5134 2122 5173 ac
2150 5122 2358 5192 Syriam
2380 5163 2395 5187 ,
2420 5125 2643 5180 minime
2679 5140 2809 5189 vero
2844 5126 3154 5198 Hispaniam
3173 5143 3229 5187 et
3258 5130 3483 5190 Galliam
3504 5151 3525 5199 ;
3546 5135 3653 5192 Ge-

2058 5214 2200 5281 tulos
2230 5226 2284 5269 et
2312 5215 2663 5285 Tinguitanos
2712 5220 2922 5291 frugum
2958 5222 3235 5283 laborasse
3269 5228 3470 5298 in0pia,
3501 5228 3653 5284 Mau-

2055 5321 2146 5361 ros
2168 5323 2295 5363 vero
2307 5317 2467 5379 atque
2490 5309 2760 5377 Nomadas
2788 5314 3119 5384 amplissima
3146 5333 3327 5376 messe
3351 5320 3651 5392 locupleta-

2054 5408 2166 5467 tos,
2199 5402 2297 5456 hos
2326 5402 2559 5474 denique
2587 5404 2729 5465 fame
2756 5418 3010 5475 enectos,
3042 5413 3193 5469 alios
3220 5415 3273 5469 in
3304 5415 3492 5472 cadent
3522 5418 3658 5474 civi-

2053 5503 2162 5549 tate
2204 5512 2387 5563 rerum
2426 5501 2667 5557 omnium
2707 5504 2859 5571 copia
2896 5504 3240 5562 abundasse?
3279 5507 3413 5564 Nam
3455 5513 3500 5567 si
3531 5529 3656 5584 qua:

2051 5584 2275 5642 deorum
2303 5589 2496 5659 fuisset
2523 5594 2749 5664 aequitas
2774 5605 2829 5650 et
2848 5594 3086 5664 iustitia,
3116 5599 3352 5656 omnium
3373 5617 3505 5659 sane
3532 5604 3656 5659 illo-

2050 5694 2170 5747 rum
2200 5684 2540 5753 populorum,
2569 5702 2692 5745 cum
2713 5686 2908 5758 quibus
2934 5688 3225 5746 christiani
3256 5693 3535 5763 inqualiter
3556 5696 3658 5752 de-

2050 5776 2269 5850 gebant,
2298 5796 2402 5843 una
2427 5783 2728 5855 eademque
2756 5798 2881 5853 esse
2901 5785 3158 5848 debebat
3181 5799 3302 5843 sors
3327 5798 3384 5844 et
3430 5789 3670 5855 fortuna.
