4142 6262
523 329 629 390 367

1790 327 2028 386 DISSER
2042 325 2117 383 ΓΑ
2128 326 2239 383 ΤΙΟ
2274 326 2434 383 ΡΒᾸΞ
2448 325 2553 384 ΗΑ

3712 330 3819 389 568

600 453 731 507 Post
773 448 888 503 hare
938 446 1207 503 Arnobius
1246 446 1409 502 variis
1451 447 1744 503 rationibus
1790 447 2126 504 demonstrat
2151 447 2204 506 A
2230 448 2299 502 At
2326 448 2446 517 quis
2476 446 2645 502 nescit
2674 446 2862 503 Jovem
2883 461 2992 503 non
3018 447 3192 504 solum
3211 447 3404 504 fratres
3426 446 3697 514 habuisse,
3720 447 3818 504 sed

530 547 667 596 iram
707 543 758 595 in
799 539 931 594 deos
972 537 1301 593 immortales
1329 539 1522 595 cadere
1563 540 1782 595 omnino
1810 557 1916 594 non
1940 555 2120 609 posse.

529 634 666 705 Quid
693 649 821 704 ergo
847 631 991 687 dictu
1024 631 1191 702 magis
1218 632 1531 701 absurdum,
1563 649 1717 703 quam
1765 633 1886 687 illos
1915 633 1984 688 ob
2007 633 2123 688 illa-

530 740 612 783 tas
637 727 737 782 sibi
763 741 792 777 a
815 724 1122 780 cltristianis
1150 724 1374 794 injurias
1411 725 1486 780 ira
1518 726 1596 779 sic
1621 724 1906 788 incitatos;
1939 735 1997 778 ιιι
2027 740 2120 779 ea-

528 836 647 875 rum
696 832 903 888 poenas,
946 826 1052 870 tam
1086 815 1154 870 ab
1186 816 1338 887 ipsis,
1381 833 1540 887 quatn
1572 818 1639 872 ab
1670 817 1993 883 insontibus,
2048 817 2122 871 uti

524 906 743 967 aiebant
762 953 776 976 ,
801 909 1033 965 ethnicis
1060 911 1169 963 ullo
1201 910 1404 980 absque
1431 910 1742 966 discrimine
1773 908 2116 980 repetierint?

527 1001 663 1058 Nam
711 1003 864 1058 facile
913 1010 1160 1073 poterant
1210 1003 1498 1073 separatim
1536 1018 1657 1059 rens
1698 1003 2013 1074 suppliciis,
2059 1017 2123 1057 ac

528 1097 669 1153 bene
693 1099 912 1152 meritos
940 1095 1217 1151 beneﬁciis
1243 1096 1495 1152 adﬁcere.
1529 1098 1608 1152 Dii
1635 1099 1779 1153 enim
1811 1097 2064 1153 cmlestcs
2078 1097 2122 1152 si

530 1193 620 1263 qui
648 1193 776 1259 sint,
806 1206 912 1245 non
938 1201 1163 1259 possunt
1204 1200 1297 1245 aut
1336 1191 1617 1262 gentilium
1648 1191 1957 1247 adulatione
1984 1189 2123 1245 deli-

530 1286 655 1350 niri,
688 1295 779 1338 aut
802 1294 1019 1354 propter
1047 1283 1464 1339 christianorunt
1491 1294 1860 1354 contemptmn
1900 1282 2084 1338 dolere
2108 1322 2124 1349 ,

529 1389 689 1450 atque
744 1378 923 1432 irasci.
972 1377 1337 1446 Quamobrem
1383 1390 1571 1433 auctor
1617 1388 1802 1433 noster
1850 1376 2128 1433 concludit

528 1473 627 1527 itas
659 1471 910 1527 ridiculas
939 1472 1347 1527 criminationes
1378 1473 1491 1527 sola
1533 1472 1900 1543 haruspicum,
1929 1469 2127 1526 ariolo—

527 1579 669 1627 rum,
700 1572 755 1619 et
784 1573 960 1618 vatum
984 1561 1205 1617 avaritia
1232 1578 1354 1617 esse
1384 1563 1668 1618 conﬁctas.

601 1655 785 1726 Neque
808 1656 1002 1710 minori
1036 1655 1367 1724 impudentia
1395 1656 1600 1711 ethnici
1628 1656 1972 1727 objectabant
1996 1656 2130 1711 deos

527 1749 650 1804 ideo
674 1751 723 1804 in
753 1748 1000 1803 homines
1027 1749 1389 1817 saevirc;quia
1422 1749 1981 1820 christianiqnosdam
2003 1751 2130 1806 hac-

2229 555 2361 593 avos
2390 541 2551 594 etiam
2581 549 2636 594 et
2674 540 2854 606 avias,
2888 550 3092 610 patrem
3122 551 3176 596 et
3213 553 3438 597 matrem
3464 583 3479 605 ,
3520 557 3586 597 ex
3626 540 3820 610 quibus

2225 631 2385 686 solito
2432 630 2707 685 hominum
2756 648 2908 686 more
2938 642 3095 686 natus
3140 633 3257 687 est?
3297 633 3510 688 Ethnici
3553 634 3729 702 itaque
3772 630 3817 687 si

2226 722 2369 777 hunc
2384 723 2592 790 Jovem,
2610 740 2716 779 non
2735 725 2994 791 colerent,
3019 723 3112 780 sed
3130 742 3234 780 una
3253 738 3395 782 esset
3420 725 3635 781 illorum
3658 734 3818 794 atque

2223 818 2638 874 Christianorum
2668 820 2880 890 religio,
2914 820 3057 874 nulla
3095 822 3328 892 amplius
3357 822 3494 877 foret
3521 820 3668 877 Jovis
3694 820 3771 875 ira
3802 862 3816 885 ,

2220 922 2312 968 aut
2358 913 2401 967 si
2457 929 2575 984 qua:
2617 923 2791 980 esset,
2824 913 3013 969 falsam
3058 913 3389 986 patefaceret
3436 914 3578 970 illius
3625 913 3821 968 divini-

2228 1014 2414 1061 tatem.

2300 1098 2575 1155 lnstabant
2599 1100 2950 1156 nihilominus
2976 1100 3177 1157 ethnici
3204 1099 3333 1156 deos
3359 1114 3487 1155 suos
3511 1098 3819 1156 cltristianis

2231 1206 2352 1247 esse
2402 1194 2641 1249 infensos
2665 1237 2680 1261 ,
2744 1211 2849 1249 non
2890 1205 3174 1265 pr0pterea
3208 1194 3424 1263 quidem
3462 1193 3601 1265 quod
3652 1193 3819 1249 Deum

2230 1286 2653 1357 omnipotentem
2684 1300 3109 1356 venerarentur;
3137 1290 3231 1344 sed
3262 1289 3382 1360 quia
3421 1289 3690 1344 hominem
3724 1306 3821 1342 nan

2230 1390 2363 1443 tum,
2384 1379 2567 1435 infami
2590 1382 2764 1437 crucis
2793 1382 3059 1452 supplicio
3086 1382 3490 1452 interemptum,
3516 1382 3681 1436 Deum
3701 1397 3822 1438 esse

2228 1472 2632 1539 contendentes,
2657 1474 2985 1545 quotidianis
3015 1490 3136 1530 eum
3170 1475 3655 1546 supplicationibus
3693 1474 3822 1529 ado-

2231 1576 2434 1622 rarent.
2484 1564 2685 1621 Verum
2729 1567 2797 1622 ab
2841 1567 3030 1623 iisdem
3061 1566 3292 1622 ethnicis
3336 1568 3527 1638 quzerit
3557 1567 3822 1621 Arnobius

2234 1659 2451 1728 quinam
2495 1659 2570 1713 illi
2619 1660 2727 1714 sint
2750 1660 2846 1725 dii,
2875 1660 2963 1731 qui
2988 1658 3264 1715 Christum
3295 1675 3322 1713 a
3357 1659 3512 1713 nobis
3550 1660 3652 1712 coli
3683 1658 3822 1712 imii-

2233 1768 2339 1822 gne
2394 1752 2657 1809 ferebant.
2704 1752 2821 1807 Non
2877 1753 3066 1820 Janus,
3107 1753 3324 1824 inquit,
3368 1769 3474 1807 non
3524 1752 3829 1820 Saturnus,

527 1852 684 1896 tcnns
708 1841 975 1896 inauditos
1002 1841 1175 1896 cultus
1206 1842 1257 1895 in
1287 1851 1457 1896 totum
1492 1843 1679 1898 orbem
1697 1854 1957 1898 terrarum
1978 1843 2126 1897 inve—
2159 1836 2205 1895 B
2234 1845 2435 1911 Fauna,
2459 1846 2600 1900 Bona
2630 1846 2752 1913 dea,
2775 1844 3059 1916 Indigetes,
3087 1844 3450 1916 Esculapius,
3471 1845 3632 1900 Liber
3655 1855 3826 1915 pater,

529 1945 740 1991 xerant.
760 1934 938 1992 Unum
972 1936 1170 2007 quippe
1194 1951 1257 1990 ac
1281 1951 1466 1991 verum
1496 1936 1686 2004 Deum,
1710 1953 1993 2008 rerumque
2015 1952 2131 1991 om-

529 2027 677 2082 nium
716 2026 1028 2092 dominum,
1062 2028 1278 2083 intimas
1322 2028 1501 2084 cordis
1557 2030 1726 2084 nostri
1774 2029 2129 2099 cogitationes

528 2129 967 2192 cognoscentem,
999 2134 1349 2185 venerantur,
1388 2122 1596 2190 colunt,
1629 2122 1876 2192 diligunt,
1910 2133 1964 2178 et
1996 2137 2131 2194 quo-

531 2215 661 2272 tidie
689 2216 963 2273 invocant.
989 2217 1089 2284 Qui
1116 2231 1245 2271 vero
1269 2216 1429 2286 hujus
1467 2218 1581 2273 veri
1607 2218 1702 2272 Dei
1734 2217 1940 2273 cultum
1972 2218 2128 2272 dam-

528 2320 643 2374 nat,
678 2310 721 2364 is
765 2310 881 2365 sive
917 2308 1146 2380 Jupiter,
1174 2308 1288 2364 sive
1325 2310 1537 2379 Apollo,
1588 2318 1679 2364 aut
1719 2309 1855 2364 alius
1876 2309 2086 2366 dicatur
2111 2353 2126 2379 ,

530 2399 625 2457 Dei
669 2416 867 2457 nomen
916 2417 1020 2455 non
1067 2409 1321 2455 meretur.
1355 2401 1460 2457 Sed
1489 2402 1613 2472 quia
1648 2412 1858 2471 tempus
1886 2401 2128 2458 nondum

529 2500 645 2548 erat
668 2494 968 2563 patefacere
998 2493 1215 2562 quinam
1251 2493 1301 2547 hi
1333 2494 1534 2563 aliique
1566 2495 1847 2565 gentilium
1870 2494 1942 2550 dii
1980 2495 2089 2549 sint
2113 2536 2130 2560 ,

531 2586 604 2641 ibi
651 2600 840 2643 auctor
883 2598 1068 2643 noster
1098 2588 1273 2659 palam
1318 2589 1602 2660 profitetur
1633 2590 1772 2647 hanc
1809 2606 1932 2647 esse
1967 2591 2132 2645 totius

529 2681 838 2736 christiana:
865 2680 1141 2753 religionis
1179 2696 1466 2736 summam.
1510 2683 1675 2739 Deum
1703 2683 1851 2738 illum
1866 2700 2050 2738 verum
2077 2694 2135 2738 et

533 2775 773 2839 unicum,
832 2776 969 2829 sicut
1024 2774 1273 2828 Christus
1313 2773 1515 2841 docuit,
1564 2775 1748 2830 animo
1785 2776 1999 2830 sincero
2023 2816 2041 2837 ,
2072 2789 2134 2829 ac

528 2878 802 2937 prostrato
816 2883 1042 2939 corpore
1056 2869 1254 2934 colere,
1274 2868 1844 2941 adorare,collatisque
1861 2870 2129 2941 precibus,

529 2964 598 3019 ab
623 2964 715 3019 illo
738 2963 1033 3033 deposcere
1067 2980 1192 3018 vera
1226 2963 1386 3028 bona,
1414 2972 1469 3017 et
1493 2962 1755 3029 honesta,
1792 2980 1856 3019 ac
1884 2965 2135 3017 vitatum-

528 3073 759 3128 rumque
791 3058 1172 3112 innocentiam.
1200 3056 1331 3125 Quis
1374 3066 1550 3112 autem
1584 3058 1792 3113 inficias
1835 3058 1989 3111 iverit
2024 3072 2136 3112 me-

2233 1939 2551 2006 Mercurius,
2581 1941 2767 2007 Diana,
2798 1941 3015 2010 Apollo,
3054 1939 3255 2005 Venus,
3273 1939 3460 2005 Ceres,
3482 1938 3825 2006 Proserpina,

2180 2057 2188 2066 ν
2234 2034 2511 2101 Hercules,
2543 2034 2761 2090 Titanes
2788 2076 2803 2099 ,
2838 2033 3097 2099 Bocores,
3128 2033 3259 2103 Apis
3300 2046 3397 2086 seu
3424 2031 3664 2102 Serapis,
3687 2030 3787 2086 Isis
3810 2073 3826 2097 ,

2234 2136 2289 2181 et
2317 2125 2446 2196 Opis
2486 2124 2598 2191 lilii,
2627 2141 2762 2196 quos
2803 2124 3046 2180 humano
3072 2139 3225 2179 more
3254 2124 3485 2195 genitos,
3522 2139 3628 2177 non
3664 2122 3822 2177 secus

2233 2228 2391 2291 atque
2425 2220 2557 2275 alios
2605 2221 2847 2277 homines
2890 2221 3122 2286 vixisse,
3163 2228 3219 2273 et
3259 2229 3500 2274 mortuos
3528 2233 3650 2273 esse
3675 2218 3817 2272 auti-

2233 2315 2504 2384 quissintzc
2538 2314 2820 2385 gentilium
2879 2314 3122 2369 historia:
3160 2311 3537 2382 prodiderunt.
3567 2310 3839 2383 Numquid

2234 2407 2378 2462 enim
2408 2406 2692 2462 voluerunt
2724 2422 2784 2462 se
2827 2405 2896 2461 ab
2921 2405 3159 2461 ethnicis
3187 2405 3316 2470 coli,
3343 2421 3405 2459 ac
3436 2405 3673 2475 pristina:
3704 2419 3839 2459 con-

2235 2501 2456 2557 ditionis
2484 2517 2599 2557 sua:
2621 2501 2990 2568 immemores,
3018 2500 3347 2556 christianos-
3368 2497 3639 2554 Christum
3660 2499 3840 2554 colen-

2239 2602 2321 2649 tes
2352 2595 2469 2650 sine
2497 2571 2870 2649 maximis‘irae
2903 2593 3138 2648 motibus
3170 2591 3314 2648 ferre
3347 2608 3454 2647 non
3484 2591 3808 2648 valuerunt?

2311 2687 2415 2743 Fas
2441 2705 2571 2745 vero
2595 2689 2639 2744 si
2672 2688 2901 2744 ethnicis
2933 2688 3032 2743 fuit
3053 2687 3316 2758 quosdam
3344 2686 3397 2742 in
3428 2685 3654 2743 deorum
3680 2701 3842 2757 prop-

2242 2791 2326 2838 ter
2365 2783 2556 2847 collata
2583 2783 2706 2848 sibi,
2743 2793 2803 2838 ut
2839 2787 2980 2853 putat
3002 2791 3131 2848 ant,
3162 2781 3420 2837 beneficia
3456 2796 3736 2837 numerum
3770 2796 3847 2835 re-

2248 2878 2411 2945 ferre,
2441 2879 2693 2933 Liberum
2726 2878 2936 2933 scilicet
2972 2887 3192 2948 propter
3213 2877 3345 2939 vini,
3372 2875 3626 2931 Cererem
3650 2874 3802 2946 panis
3827 2916 3845 2941 ,

2241 2972 2615 3043 Esculapium
2659 2971 2984 3037 herbarum,
3024 2971 3318 3027 Minervam
3368 2969 3527 3038 oleae,
3567 2968 3844 3040 Triptole-

2240 3079 2387 3118 mum
2422 3064 2587 3119 aratri
2637 3064 3025 3129 inventionem,
3060 3074 3223 3134 atquc
3265 3061 3553 3118 Herculem
3579 3104 3593 3126 ,
3629 3071 3853 3131 propter

530 3148 720 3205 liorem
747 3165 868 3205 esse
914 3148 1105 3204 horum
1143 3164 1378 3215 causam,
1416 3166 1574 3220 quam
1605 3165 1814 3213 eorum,
1839 3150 1928 3219 qui
1952 3147 2129 3203 Gran-
2158 3153 2204 3216 C
2238 3154 2447 3210 devicta
2480 3165 2758 3220 monstra;
2786 3164 2987 3225 quanto
3036 3154 3207 3224 magis
3236 3151 3484 3209 Christus
3520 3153 3705 3207 divino
3749 3152 3852 3208 bo-

531 3241 706 3305 dulcs,
742 3242 870 3297 Aios
910 3242 1186 3308 Locutius,
1225 3243 1559 3298 Limcntinos
1584 3286 1598 3311 ,
1629 3243 1866 3309 Faunos,
1890 3243 2089 3298 Fatuas
2118 3285 2134 3309 ,

531 3333 719 3405 genios
745 3333 1015 3388 civitatum
1040 3376 1053 3396 ,
1097 3335 1318 3400 Pausos,
1347 3334 1595 3390 Bellonas
1629 3336 1856 3391 adorant
1887 3351 1950 3391 ac
1979 3349 2136 3390 reve-

530 3425 757 3481 rentur?
788 3424 1169 3480 Verumtamen
1204 3425 1277 3480 dii
1315 3426 1412 3480 hos
1441 3426 1658 3495 impune
1689 3425 1891 3492 ferunt,
1921 3428 2136 3481 sinunt-

530 3535 637 3591 que
667 3518 875 3588 publica
897 3520 1090 3574 scortis
1116 3529 1170 3575 et
1197 3522 1572 3576 meretricibus
1589 3535 1741 3578 sacra
1772 3522 1907 3586 fieri,
1939 3522 2140 3592 magni-

533 3613 633 3668 fica
661 3612 873 3681 felibus,
902 3613 1216 3679 scarabteis,
1237 3624 1292 3669 ct
1324 3614 1532 3670 buculis
1560 3613 1887 3670 extetlificari
1912 3620 2134 3688 templa,

533 3721 655 3762 cum
679 3705 760 3761 ira
800 3705 855 3760 in
896 3705 1221 3761 christianos
1261 3706 1483 3775 perciti,
1522 3706 1773 3762 inlnbent
1817 3724 1884 3763 ne
1925 3711 1993 3764 ab
2032 3711 2138 3767 illis

538 3813 784 3854 summus
814 3798 1069 3854 adoretur
1098 3798 1287 3865 Pater,
1329 3815 1356 3852 a
1392 3814 1498 3869 quo
1528 3799 1603 3853 illi
1626 3800 1838 3871 ipsimct
1857 3803 2138 3873 gentilium

533 3888 606 3945 dii
635 3890 879 3961 accipere
909 3888 1210 3946 debuerant
1241 3890 1368 3960 quid
1392 3892 1499 3959 ptid
1532 3892 1787 3957 numinis,
1818 3898 2097 3965 potestatis
2123 3940 2139 3964 ,

536 3981 956 4037 immortalitatis
977 3980 1174 4037 habere
1198 3982 1510 4038 creduntur.

609 4075 717 4132 Sed
756 4084 814 4129 ut
853 4075 903 4129 id
936 4074 1273 4131 manifestius
1306 4085 1516 4146 pateat,
1546 4092 1610 4132 ex
1637 4076 1918 4135 effectibus
1952 4081 2132 4137 Arno-

536 4170 659 4227 bius
683 4171 894 4241 probat,
923 4170 1070 4225 illum
1112 4185 1298 4226 verum
1332 4171 1497 4226 Deum
1541 4186 1718 4226 rerum
1751 4174 1990 4229 omnium
2013 4190 2137 4231 esse

539 4262 816 4334 opiﬁcem,
847 4262 1117 4331 Apolline,
1147 4261 1433 4329 Mercurio,
1459 4272 1512 4317 et
1543 4262 1663 4318 aliis
1683 4306 1698 4331 ,
1730 4265 1978 4320 omnibus
2001 4265 2137 4321 ﬁcti-

536 4355 629 4408 tiis
669 4353 981 4408 numinibus
1018 4352 1414 4421 antiquiorem,
1457 4353 1748 4417 infinitum.
1792 4357 2085 4428 ingenitum
2118 4402 2133 4425 ,

536 4451 899 4508 immortalem
923 4491 939 4517 ,
981 4462 1267 4518 :eternum,
1319 4452 1573 4522 nulloque
1600 4452 1740 4519 loco,
1770 4462 1823 4507 et
1854 4454 1996 4508 nulla
2018 4467 2138 4508 cor-

537 4560 705 4616 porea
721 4544 1385 4614 formacircumscriptnm.
1407 4546 1516 4613 Qua
1526 4557 1745 4614 propter
1758 4546 1912 4601 sicuti
1940 4546 2135 4601 mirum

540 4653 650 4693 non
679 4647 781 4699 est,
819 4638 864 4693 si
890 4637 1031 4709 quis,
1058 4639 1252 4709 qualis,
1285 4648 1625 4710 quantusque
1654 4639 1725 4694 sit
1750 4641 2046 4710 ignoretur,
2066 4642 2136 4693 ita

541 4745 773 4785 summae
811 4731 1098 4785 dementia:
1123 4739 1208 4785 est
1247 4731 1299 4786 in
1345 4731 1563 4786 dubium
1601 4747 1797 4787 vocare
1828 4743 2004 4788 utrum
2047 4733 2140 4789 ille

542 4837 733 4879 revera
755 4820 971 4877 existat.
997 4820 1113 4877 Non
1141 4821 1429 4878 defuerunt
1457 4832 1634 4879 tamen
1663 4824 1965 4896 philosophi
1996 4868 2011 4894 ,
2044 4826 2137 4896 qui

543 4928 637 4973 aut
662 4916 791 4972 illud
824 4928 1190 4987 negaverunt,
1248 4929 1340 4972 aut
1373 4934 1588 4989 semper
1614 4920 2015 4991 exquisierunt,
2047 4921 2132 4976 vel

542 5013 634 5085 qui
700 5012 935 5067 fortuitis
981 5012 1194 5068 casibus
1245 5022 1655 5084 atomorutnque
1688 5015 2137 5070 concursionibus

542 5106 721 5161 omnia
751 5105 1002 5160 fabricata
1045 5104 1211 5160 fuisse
1260 5107 1640 5175 opinabantur.
1672 5107 1777 5162 Sed
1807 5123 1927 5163 cum
1960 5109 2136 5163 stultis

542 5196 944 5254 adsertionibns
988 5197 1362 5253 contradicere
1406 5199 1623 5269 majoris
1660 5199 1901 5254 stultitia:
1948 5200 2037 5267 sit,
2070 5214 2134 5254 ea

538 5299 759 5360 propter
787 5289 1079 5353 Arnobius,
1110 5289 1192 5345 bis
1225 5291 1624 5359 pra-terruissis,
1644 5291 1862 5346 cuilibet
1886 5306 1915 5344 a
1947 5301 2133 5345 natura

539 5383 762 5438 insitum
791 5397 913 5440 esse
940 5381 1183 5449 adserit;
1219 5392 1275 5437 ut
1307 5382 1450 5438 hunc
1479 5394 1737 5454 agnoscat
1776 5400 1959 5455 regem
1991 5400 2139 5438 sum-

548 5489 696 5529 mum
724 5516 738 5539 ,
778 5484 832 5529 et
872 5476 1111 5531 omnium
1152 5475 1569 5530 moderatorem.
1601 5475 1741 5542 Quin
1786 5477 1953 5532 immo
1995 5477 2138 5532 haud

537 5567 854 5622 dubitanter
877 5566 1162 5622 adseverat
1195 5566 1341 5629 fore,
1368 5576 1426 5620 ut
1453 5567 1701 5621 animalia
1729 5577 1783 5623 et
1821 5584 1953 5623 saxa
1983 5570 2096 5639 ipsa
2114 5605 2141 5639 ο

548 5658 593 5711 si
638 5658 778 5714 forte
804 5658 1172 5727 loquerentur,
1207 5659 1259 5713 id
1289 5670 1474 5729 aperte
1505 5659 1787 5730 palamque
1814 5662 2136 5723 clamarenta

548 5750 771 5806 Frustra
815 5751 976 5821 igitur
1001 5752 1204 5808 ethnici
1233 5752 1424 5809 Jovem
1454 5768 1723 5810 summum
1752 5754 1911 5811 deum
1938 5756 2133 5826 przedi-

539 5852 680 5908 cant.
710 5844 1195 5915 Summusetenim
1228 5845 1366 5903 Deus
1398 5847 1666 5919 ingenitus
1691 5857 1998 5906 ctaaernus
2023 5861 2129 5908 est.

2244 3263 2377 3304 nore
2422 3247 2490 3303 ab
2545 3246 2854 3302 hominibus
2906 3245 3185 3301 habendus
3234 3254 3349 3311 est,
3398 3244 3487 3314 qui
3534 3243 3637 3298 illis
3692 3243 3852 3312 longe

2252 3340 2456 3412 majora
2488 3353 2537 3396 et
2574 3342 2783 3396 inﬁnita
2828 3340 3290 3395 abundantissime
3311 3338 3539 3399 centulit
3567 3380 3581 3404 ,
3610 3339 3699 3409 qui
3724 3353 3854 3393 vera

2246 3436 2339 3489 Dei
2368 3434 2675 3504 cognitione
2714 3447 2813 3487 nos
2864 3432 3189 3498 imbuenda,
3241 3414 3567 3502 superbiam
3597 3424 3840 3486 nostram

2244 3525 2564 3594 frangendo,
2594 3543 2622 3579 a
2652 3525 2804 3581 falsis
2833 3525 3204 3594 opinionibus,
3238 3535 3401 3595 atque
3430 3525 3594 3595 impio
3624 3524 3851 3580 deorum

2250 3620 2395 3675 cultu
2426 3620 2491 3675 ad
2510 3634 2692 3675 veram
2714 3661 2730 3685 ,
2757 3618 2831 3672 uti
2862 3617 2983 3688 ipse
3008 3615 3283 3673 Arnobius
3309 3616 3534 3672 salutari
3561 3616 3853 3687 experien-

2242 3714 2315 3768 tia
2347 3725 2591 3777 noverat,
2629 3712 2947 3782 religionem
2988 3710 3270 3767 traduxit?
3746 3712 3753 3723 ‘

2317 3809 2387 3861 At
2412 3807 2535 3873 ille,
2570 3806 2885 3877 inquiehant
2911 3803 3135 3869 ethnici,
3164 3805 3345 3860 crucis
3379 3804 3619 3876 patibulo
3644 3802 3844 3860 affixus

2242 3900 2468 3956 interiit.
2505 3899 2645 3969 Quid
2688 3898 2847 3954 inde?
2891 3898 3009 3953 Non
3054 3898 3197 3954 enim
3237 3914 3383 3953 mors
3414 3897 3651 3965 Christi,
3692 3896 3854 3953 sicuti

2245 4008 2345 4047 nec
2378 3991 2720 4063 Pythagoras,
2753 4006 2853 4045 nec
2881 3990 3154 4056 Socratis,
3179 3990 3391 4046 illorum
3412 3990 3673 4046 doctrinm
3694 4005 3850 4061 egre-

2241 4087 2447 4157 giisque
2478 4086 2630 4141 factis
2659 4085 2829 4140 ullum
2859 4085 3040 4140 attulit
3083 4084 3491 4141 detrimentum.
3517 4084 3653 4153 Quid
3696 4098 3851 4152 vero,

2248 4181 2390 4251 quod
2421 4179 2564 4235 nulla
2595 4180 2785 4234 mortis
2813 4178 3029 4233 infantia
3066 4178 3329 4233 innocens
3362 4177 3561 4240 homo,
3585 4176 3853 4248 quemad-

2248 4272 2465 4327 modum
2510 4270 2780 4340 Aquilins,
2818 4269 3142 4337 Trebonius,
3191 4280 3246 4325 et
3277 4269 3516 4341 Regulus
3562 4269 3701 4324 inuri
3738 4282 3853 4323 um-

2246 4379 2404 4434 quam
2456 4361 2831 4431 potest?Quid
2869 4362 3089 4432 insuper
3112 4361 3365 4417 irrisione
3414 4362 3584 4433 magis
3626 4362 3849 4433 dignum

2250 4458 2350 4512 hac
2384 4456 2851 4525 argumentatione
2879 4454 3182 4525 gentilium,
3224 4457 3313 4524 qui
3351 4454 3608 4509 Liberum
3642 4465 3849 4524 patrem

2247 4566 2277 4604 a
2300 4548 2578 4603 Titanibus
2595 4547 2938 4603 membratim
2962 4546 3319 4617 discerptum.
3351 4546 3722 4618 IEsculapium
3751 4546 3853 4602 ful-

2244 4644 2388 4699 mine
2415 4641 2739 4713 perculsum,
2768 4640 3051 4696 Herculem
3081 4641 3260 4696 vivum
3288 4643 3649 4704 combustum,
3681 4643 3845 4712 Atan

2245 4737 2567 4802 abscissum,
2592 4736 2880 4791 Romulum
2912 4749 2943 4790 a
2973 4736 3320 4792 senatoribus
3336 4737 3598 4801 occisum,
3626 4751 3849 4807 supers-

2247 4831 2428 4886 titioso
2452 4829 2598 4886 cultu
2628 4827 3017 4898 aedilicatisque
3050 4828 3264 4898 templis
3290 4828 3670 4884 honorabant?

2314 4923 2560 4978 Christus
2589 4936 2750 4992 porro
2776 4936 2807 4976 a
2835 4936 3049 4976 summo
3091 4921 3237 4992 Rege
3262 4921 3328 4976 ad
3368 4938 3467 4978 nos
3499 4922 3697 4978 missus
3718 4962 3733 4989 ,
3765 4922 3851 4977 in-

2245 5016 2484 5072 numeris
2509 5057 2524 5083 ,
2583 5030 2703 5086 qua:
2733 5014 2999 5085 patravit,
3031 5013 3306 5069 miraculis
3338 5025 3449 5070 tam
3478 5025 3650 5078 certo,
3683 5031 3846 5085 quam

2240 5110 2522 5165 evidenter
2547 5122 2709 5163 verus
2740 5122 2863 5162 esse
2896 5107 3036 5161 Deus
3058 5107 3465 5176 comprobatur.
3498 5106 3683 5178 Neque
3700 5108 3846 5163 enim

2245 5204 2447 5274 magica
2476 5202 2671 5257 virtute
2696 5241 2712 5266 ,
2748 5200 2823 5255 uti
2853 5199 3075 5269 quidam
3121 5198 3588 5269 impudentissime
3626 5201 3850 5256 mentie-

2243 5294 2460 5360 bantur,
2498 5309 2563 5349 ea
2591 5292 2848 5363 perfecit;
2881 5292 2973 5362 qui
3022 5292 3140 5346 solo
3184 5307 3285 5345 suo
3325 5291 3492 5347 verbo
3529 5301 3577 5348 et
3630 5293 3847 5347 nomine

2244 5386 2826 5459 quzelibetmorbornm
2852 5399 3049 5456 genera
3074 5384 3305 5443 sanavit.
3324 5382 3525 5455 fugavit
3542 5384 3842 5447 datmouas,

2249 5492 2535 5535 ventorum
2580 5477 3049 5549 procellarumque
3102 5476 3312 5532 sedavit
3364 5477 3649 5542 turbines,
3701 5478 3846 5531 sicco

2247 5575 2387 5646 pede
2417 5589 2566 5629 mare
2596 5574 2860 5637 calcavit,
2922 5573 3057 5626 alios
3085 5587 3252 5643 seque
3295 5574 3467 5643 ipsum
3510 5572 3788 5628 suscitavit
3812 5587 3844 5627 a

2247 5666 2498 5730 mortuis,
2522 5680 2587 5721 ac
2613 5675 2797 5736 postea
2830 5663 3078 5735 plurimis
3106 5679 3227 5721 sese
3257 5666 3487 5736 praebuit
3512 5663 3801 5720 videndum
3828 5680 3842 5728 ;

2240 5759 2337 5831 qui
2359 5758 2509 5815 dedit
2526 5758 2806 5829 discipulis
2843 5756 3088 5813 omnium
3119 5758 3340 5830 linguis,
3371 5758 3533 5815 etiam
3561 5757 3662 5812 sibi
3696 5757 3848 5812 ineo.

2236 5853 2426 5926 gnitis,
2459 5850 2714 5922 loquendi
2741 5849 3091 5917 facultatem;
3121 5852 3213 5922 qui
3240 5860 3409 5908 totum
3432 5848 3691 5908 mundum
3712 5850 3843 5907 doc-
