4142 6262
299 309 400 367 569

1519 304 1585 360 IN
1628 303 2016 374 ARNOBIUM,
2056 307 2208 364 CAP.
2254 309 2293 363 Ι.

3474 310 3583 368 570

289 424 428 480 trina
454 436 551 492 sua
579 428 803 492 repente
844 419 1173 491 complevit;
1204 422 1294 493 qui
1324 421 1535 477 vatibus
1561 429 1615 477 et
1638 419 1884 492 haruspi-
1915 424 1964 483 A
1990 423 2279 494 antiquitas
2323 433 2402 480 tot
2447 433 2824 499 tantorumque
2853 402 3098 483 errorum
3145 438 3200 484 et
3238 427 3582 499 fabularum,

287 518 437 574 cibus
460 515 736 571 silentium
777 513 1056 585 imposuit,
1087 531 1150 570 ac
1178 530 1455 587 magorum
1490 516 1704 586 penitus
1731 529 1882 570 com-

284 614 479 671 minuit
501 610 890 682 arrogantiam.

354 710 542 781 Neque
579 709 665 764 his
705 710 907 781 opponi
938 718 1187 779 poterant
1209 720 1412 765 curatte
1441 711 1509 765 ab
1539 709 1879 767 ethnicorum

283 804 390 860 diis
409 805 640 859 inlirmte
664 804 1044 859 nonnullorum
1071 804 1348 859 hominum
1374 804 1727 860 valetudines.
1745 803 1881 859 Nam

283 896 387 952 hoc
436 896 655 953 interim
711 896 879 967 gratis
912 896 1061 959 dato,
1090 906 1299 952 certum
1328 906 1447 951 erat
1496 911 1525 950 a
1569 898 1718 952 nullo
1760 912 1879 951 um-

281 1010 439 1067 quam
463 994 743 1067 gentilium
775 993 897 1060 deo,
930 994 1086 1048 sicuti
1128 1009 1155 1046 a
1189 993 1426 1058 Christo,
1456 993 1616 1064 :rgris
1648 993 1880 1047 homini-

280 1087 400 1155 bus,
436 1089 550 1143 sola
588 1086 827 1142 adhibita
881 1102 1043 1141 manu
1076 1095 1169 1139 aut
1195 1101 1349 1153 voce,
1383 1086 1647 1141 redditam
1678 1086 1880 1139 sanita-

279 1190 410 1237 tem.
443 1180 625 1236 Gratis
648 1180 809 1235 etiam
836 1179 1105 1234 Arnobius
1131 1179 1377 1234 concedit
1397 1178 1513 1234 ﬁeri
1543 1179 1804 1249 patuisse,
1824 1186 1881 1233 ut

278 1273 413 1329 deus
438 1274 639 1344 aliquis
667 1288 831 1327 unum
862 1282 948 1327 aut
977 1272 1206 1327 alterum
1241 1287 1441 1342 aegrum
1472 1265 1744 1326 hominem
1763 1270 1879 1342 qui-

276 1365 504 1422 busdam
536 1364 942 1420 medicamentis
972 1364 1261 1419 sanaverit.
1298 1366 1368 1419 At
1416 1364 1581 1418 multa
1608 1406 1624 1429 ,
1660 1364 1874 1433 inquit,

277 1467 407 1513 sunt
456 1457 619 1513 millia
659 1456 961 1521 hominum,
994 1458 1082 1526 qui
1110 1458 1211 1512 etsi
1241 1461 1297 1512 in
1340 1457 1553 1526 templis
1578 1456 1876 1525 saépissitne

275 1552 539 1621 prostrati
569 1548 938 1619 Esculapium
968 1549 1211 1620 aliosque
1240 1549 1373 1605 deos
1404 1550 1601 1619 smpius
1629 1548 1876 1619 repetitis

275 1642 534 1713 precibus
560 1652 614 1696 et
641 1642 779 1696 votis
821 1642 1193 1711 fatigaverint;
1239 1641 1442 1695 nullum
1473 1651 1651 1696 tamen
1684 1657 1751 1695 ne
1778 1641 1878 1694 mi-

1986 519 2178 588 quibus
2203 519 2514 576 eorumde
2546 522 2829 592 gentilium
2865 522 2989 577 libri
3014 532 3243 589 scatent,
3279 534 3449 579 mater
3474 538 3586 579 non

1986 610 2185 666 fuerit?
2212 612 2347 681 Quid
2380 629 2533 674 vero.
2562 613 2706 685 quod
2740 613 2942 670 falsitas
2986 614 3143 686 longe
3186 615 3392 671 facilius
3420 616 3472 671 in
3502 631 3587 672 re-

1986 704 2319 759 centioribus
2346 707 2562 777 scriptis
2591 723 2751 779 quam
2784 708 2837 762 in
2869 708 3280 779 antiquissimis,
3307 721 3483 782 potest
3515 714 3585 768 ab

1984 799 2235 854 omnibus
2264 799 2638 872 deprehendi?

2055 894 2324 949 instabant
2356 896 2556 951 ethnici
2592 896 2757 951 libros
2796 897 3215 952 christianorum
3244 896 3313 953 ab
3352 897 3585 953 indoctis

1983 985 2293 1040 hominibus
2323 986 2441 1041 rudi
2468 987 2820 1060 impolitoque
2848 1003 3102 1044 sermone
3121 1001 3392 1054 exaratos,
3421 990 3588 1047 solua-

1984 1079 2165 1135 cismis
2190 1089 2244 1134 et
2272 1079 2621 1136 barbaristnis
2650 1082 2847 1152 ubique
2874 1080 3010 1137 l‘aade
3037 1082 3393 1152 coinquinari.
3426 1082 3583 1151 Esto,

1984 1172 2275 1242 respondet
2305 1174 2593 1228 Arnobius.
2626 1174 2795 1245 Major
2826 1174 3067 1245 profecto
3097 1177 3176 1230 eis
3208 1176 3342 1231 lidcs
3378 1176 3585 1234 idcirco

1984 1267 2231 1322 habenda
2273 1278 2389 1331 est;
2437 1268 2561 1339 quia
2611 1285 2638 1321 a
2688 1280 2870 1325 mente
2917 1269 3184 1337 simplici,
3234 1280 3288 1325 ct
3331 1270 3586 1327 lenocinii

1980 1360 2163 1431 ignara
2183 1404 2197 1427 ,
2234 1361 2566 1431 prodierunt.
2597 1360 2875 1417 Sermonis
2904 1363 3046 1417 cnim
3078 1363 3339 1434 elegantis
3368 1372 3421 1416 et
3453 1364 3586 1433 poli-

1982 1452 2131 1507 tioris
2162 1453 2353 1507 famam
2373 1495 2387 1517 ,
2422 1469 2706 1523 pompam,
2740 1464 2900 1524 atque
2928 1466 3243 1509 ornamenta
3274 1454 3391 1509 foro
3415 1454 3586 1509 relin-

1979 1547 2207 1618 quenda,
2235 1549 2430 1602 veritas
2458 1562 2563 1602 non
2591 1558 2849 1603 sectatur.
2876 1548 3078 1604 Deinde
3107 1547 3222 1603 hrec
3246 1548 3358 1617 ipsa
3384 1547 3584 1602 veritas

1981 1640 2121 1694 inter
2150 1640 2418 1693 sermonis
2442 1640 2587 1704 vitia,
2619 1640 2759 1694 sicut
2793 1640 2965 1695 bonus
2991 1639 3132 1694 inter
3160 1654 3358 1710 vepres
3385 1648 3436 1693 et
3468 1640 3583 1708 Spi-

275 1736 481 1789 nitnom
525 1734 741 1803 quidem
779 1734 1081 1789 invenerint
1118 1734 1476 1789 levamentum
1502 1778 1515 1799 ,
1553 1736 1679 1805 quin
1711 1735 1877 1791 immo
1907 1750 1955 1810 Β
1985 1745 2078 1785 nas
2108 1728 2313 1785 fructus
2336 1770 2351 1795 .
2394 1730 2612 1800 prodest
2644 1744 2859 1797 semper
2899 1729 3121 1784 homini.
3166 1729 3246 1784 Ad
3276 1729 3391 1784 lucc
3418 1744 3581 1795 vero.

274 1828 431 1899 pejus
461 1826 626 1880 etiam
658 1836 843 1897 postea
876 1814 1268 1882 sehabuerint.

342 1919 531 1989 Neque
548 1919 747 1989 patitur
777 1917 879 1973 sibi
908 1918 976 1972 ab
1005 1918 1112 1973 alio
1137 1919 1321 1987 gentili
1351 1918 1514 1988 ohjici
1550 1918 1676 1975 ferri
1718 1935 1748 1974 a
1774 1920 1877 1975 diis

274 2028 431 2081 opem
466 2025 575 2065 non
610 2009 764 2065 malis
794 2008 1033 2080 quidem,
1077 2010 1170 2065 sed
1212 2010 1369 2065 bouis
1401 2011 1608 2080 piisque
1648 2012 1876 2067 homini-

276 2103 395 2157 bus.
432 2100 683 2156 Christus
724 2103 992 2171 siquidem
1040 2101 1197 2156 malis
1223 2103 1471 2157 omnibus
1507 2103 1788 2173 :equaliter
1813 2119 1878 2160 ac

274 2194 432 2249 bonis
483 2195 771 2250 suecurrit.
820 2193 1023 2250 Deinde
1082 2209 1213 2249 vero
1257 2195 1302 2249 si
1339 2196 1412 2249 dii
1464 2196 1619 2251 bonis
1668 2206 1873 2252 tantum

277 2292 471 2346 auxilia
499 2289 736 2355 fuerunt,
769 2290 820 2345 id
850 2305 956 2344 non
982 2289 1179 2345 divinae
1207 2291 1415 2357 virtuti,
1448 2291 1542 2345 sed
1584 2292 1739 2347 alicui
1769 2292 1876 2348 for-

279 2387 409 2439 tuito
438 2384 590 2438 casui
618 2387 722 2437 erit
753 2382 937 2453 procul
955 2382 1119 2437 dubio
1139 2381 1505 2438 tribuendum.

349 2476 486 2530 Vera
533 2488 713 2530 autem
749 2490 872 2531 esse
910 2474 1106 2530 Christi
1151 2476 1411 2530 miracula
1455 2484 1644 2531 auctor
1688 2485 1871 2532 noster

278 2570 454 2625 adhuc
496 2570 734 2625 ostendit
785 2586 852 2625 ex
893 2569 983 2624 illa
1030 2585 1250 2640 prorsus
1298 2569 1527 2624 mirabili
1576 2580 1870 2639 potestate,

280 2679 448 2733 quam
473 2662 617 2718 dedit
645 2663 807 2719 etiam
839 2661 1039 2717 infima:
1071 2661 1244 2732 plebis
1285 2660 1608 2725 hominibus,
1643 2663 1871 2732 piscato-

279 2758 453 2823 ribus,
482 2756 779 2827 opilirtbus,
804 2757 1087 2811 rusticanis
1121 2755 1375 2826 qutelihet
1410 2756 1528 2812 solo
1568 2756 1736 2826 ipsius
1774 2772 1874 2812 no-

276 2855 425 2908 mine
448 2854 681 2922 prodigia
706 2851 918 2907 edendi.
950 2850 1065 2906 Non
1097 2852 1239 2905 enim
1267 2850 1496 2919 Jupiter,
1525 2865 1622 2907 nec
1645 2850 1875 2906 Zoroas-

276 2955 408 3001 tres.
438 2946 750 3011 Artneuius,
778 2944 1113 3015 Pamphilus,
1152 2944 1491 3014 Apollonius,
1536 2942 1870 3014 Damigerus,

276 3039 578 3103 Dardanus,
605 3038 788 3099 Veios,
811 3037 1078 3102 Julianus,
1107 3036 1359 3103 Behulus,
1382 3047 1471 3090 aut
1496 3036 1718 3107 quilibet
1736 3037 1874 3091 alius

1976 1842 2097 1883 cum
2126 1826 2193 1881 de
2222 1825 2384 1881 rebus
2428 1826 2496 1880 ab
2525 1825 2888 1880 ostentatione
2914 1823 3180 1879 submotis
3209 1822 3419 1892 agitur,
3452 1822 3584 1893 quid

1979 1920 2152 1989 rcipsa
2174 1961 2188 1982 ,
2223 1933 2328 1973 non
2359 1917 2630 1989 quomodo
2665 1918 2904 1982 dicatur,
2936 1917 3171 1987 spectari
3213 1915 3392 1971 debet.
3426 1916 3578 1985 Qua-

1980 2012 2219 2068 mobrem
2267 2009 2510 2065 nonnulli
2548 2009 2824 2080 sapientia:
2854 2008 3058 2072 dediti,
3104 2008 3313 2063 tametsi
3358 2023 3490 2079 pure
3517 2018 3577 2063 et

1981 2116 2172 2161 ornate
2201 2105 2345 2176 loqui
2373 2105 2676 2175 potuerint;
2707 2120 2921 2159 omnem
2955 2112 3132 2159 tamen
3166 2103 3431 2158 sermonis
3459 2102 3580 2158 cul-

1984 2211 2094 2254 tum
2143 2199 2467 2268 rejecerunl.
2501 2198 2740 2269 Denique
2782 2197 2962 2252 nullus
2990 2212 3171 2252 sermo
3214 2207 3406 2251 natura
3447 2212 3578 2262 sua,

1981 2293 2056 2348 ttti
2088 2293 2277 2360 prohat
2311 2292 2613 2358 Arnobius,
2650 2291 2745 2346 sed
2787 2290 3065 2345 hominum
3106 2288 3387 2344 dumtaxat
3415 2288 3581 2345 bene-

1979 2387 2176 2458 placito
2207 2396 2290 2440 est
2321 2386 2562 2442 vitiOsus.
3174 2366 3184 2375 ’

2046 2479 2171 2534 Hec
2199 2495 2359 2549 porro
2379 2477 2578 2533 etlmici
2600 2492 2721 2532 cum
2748 2491 2943 2547 negare
2965 2491 3070 2530 non
3096 2486 3336 2546 possent,
3362 2489 3391 2529 a
3413 2473 3578 2529 chris-

1976 2575 2136 2630 tianis
2164 2573 2506 2643 postulabant
2545 2588 2642 2626 cur
2669 2570 2943 2634 Christus,
2989 2571 3032 2624 si
3068 2569 3207 2624 Deus
3239 2570 3308 2623 sil.
3381 2568 3572 2623 huma-

1977 2684 2099 2723 natn
2134 2667 2358 2722 formam
2392 2665 2583 2728 induit,
2615 2673 2666 2718 et
2707 2678 2857 2718 more
2886 2663 3244 2731 interemptus
3272 2670 3355 2717 est
3384 2659 3575 2715 huma-

1981 2759 2090 2815 no?
2125 2760 2215 2813 llis
2246 2758 2518 2814 Arnobius
2560 2757 2712 2811 facile
2752 2756 3033 2819 satisfacit,
3066 2755 3245 2825 aitque
3267 2753 3566 2818 Christum,

1979 2854 2101 2924 quia
2132 2853 2184 2906 in
2214 2849 2529 2923 primigenia
2562 2860 2617 2904 et
2651 2848 2969 2918 incorporea
3014 2862 3107 2901 sua
3154 2852 3342 2900 natura
3370 2861 3399 2898 a
3428 2842 3576 2898 nullo

1980 2961 2233 3016 umquam
2260 2944 2474 2999 homine
2523 2941 2723 3004 videri,
2757 2956 2856 2995 nec
2887 2941 3021 2995 mori
3053 2938 3251 3009 potuit,
3279 2937 3569 2991 humanam

1979 3042 2178 3099 idcirco
2205 3042 2568 3110 adsumpsisse
2598 3038 2825 3094 formam
2847 3083 2860 3102 ,
2895 3054 2997 3108 qua
3031 3055 3090 3092 se
3117 3038 3196 3093 eis
3222 3038 3555 3107 conspicien-

277 3132 477 3201 aliquid
511 3131 595 3185 his
626 3129 887 3201 prodigiis
926 3129 1103 3184 simile
1144 3128 1346 3195 edidit,
1376 3127 1469 3182 Sed
1503 3144 1571 3182 ne
1603 3129 1870 3198 pustulam
1897 3173 1943 3235 Ο
1975 3135 2103 3190 dum
2133 3135 2279 3189 δέη-(ει
2305 3176 2320 3200 ,
2351 3150 2473 3190 cum
2523 3134 2602 3189 eis
2649 3142 2985 3198 versat-eum,
3033 3148 3096 3185 ac
3140 3128 3354 3185 tandem
3388 3139 3573 3200 posset,

277 3225 492 3297 quidem
526 3224 660 3294 pari,
686 3241 749 3278 ac
779 3223 1025 3279 Christus
1054 3220 1276 3292 ejusqu'e
1303 3223 1568 3293 discipuli,
1596 3222 1759 3278 modo
1786 3239 1872 3279 sa-

276 3317 440 3372 navit.
482 3316 552 3371 Et
591 3331 722 3370 sane
750 3326 966 3385 quanta:
995 3313 1376 3385 magnitudinis
1412 3325 1467 3369 et
1494 3324 1672 3385 potest
1692 3316 1776 3369 .tis
1803 3315 1874 3369 sit

277 3412 389 3482 ipse
418 3412 687 3475 Christus,
721 3409 969 3465 sublimis
1000 3419 1053 3464 et
1082 3409 1150 3463 ab
1181 3408 1363 3463 intima
1393 3409 1574 3464 radice
1601 3407 1764 3473 Deus,
1790 3419 1869 3487 ta-

275 3506 433 3561 metsi
467 3504 776 3558 hominibus
802 3503 930 3557 olim
960 3502 1281 3574 incognitus,
1316 3504 1401 3558 vel
1426 3504 1575 3564 solis,
1604 3520 1724 3572 quan
1750 3504 1868 3574 ipso

277 3599 540 3653 moriente
567 3596 705 3651 facta
726 3606 871 3662 sunt,
897 3595 1168 3651 miraculis
1191 3595 1595 3651 evidentissime
1615 3596 1868 3652 demons-

278 3703 473 3747 tratum
496 3699 601 3747 est.

348 3784 804 3855 Neque-audiendi
837 3794 991 3841 erant
1027 3786 1253 3856 gentiles
1273 3828 1286 3851 ,
1331 3786 1418 3856 qui
1450 3786 1566 3842 lucc
1591 3787 1717 3841 falsa
1746 3802 1866 3844 esse

278 3882 599 3936 intolerabili
669 3896 893 3952 prorsus
953 3881 1173 3935 audacia
1242 3882 1607 3938 clamitabant.
1679 3882 1869 3939 Testes

273 3975 551 4030 enimvero
582 3975 1022 4045 locupletissimi,
1056 3991 1156 4031 nec
1192 3975 1349 4031 facile
1374 3976 1615 4043 creduli,
1650 3992 1711 4031 ea
1738 3992 1865 4047 pos-

274 4070 407 4124 teris
441 4070 790 4134 tradiderunt,
816 4086 932 4134 qua:
959 4069 1057 4123 nisi
1082 4069 1192 4139 ipsa
1219 4067 1337 4124 luce
1360 4068 1589 4125 fuissent
1612 4070 1865 4138 clariora,

271 4164 340 4219 illi
366 4175 518 4220 certe
542 4181 603 4219 ea
628 4162 966 4235 prwtlicattd.»
996 4164 1046 4218 in
1074 4179 1362 4219 commune
1385 4164 1661 4219 hominum
1684 4164 1865 4219 odium

270 4259 566 4313 voluis-ent
594 4259 760 4327 gratis
786 4260 1083 4313 incurrere.
1116 4259 1180 4313 Et
1205 4273 1337 4313 sane
1372 4258 1417 4314 si
1444 4258 1574 4312 falsa
1612 4258 1717 4313 sint
1753 4258 1866 4314 haac

273 4350 553 4413 miracula,
582 4366 683 4418 qua
703 4394 718 4415 ,
752 4366 966 4421 quzrso,
999 4351 1142 4406 fatali
1170 4350 1578 4421 desperatione,
1611 4361 1866 4421 certoque

272 4444 465 4514 rapitis
496 4444 766 4512 periculo,
804 4460 834 4498 a
855 4442 1053 4499 Christi
1096 4444 1378 4515 discipulis
1408 4444 1675 4514 publicata
1704 4455 1864 4513 sunt,

269 4552 327 4592 ac
349 4537 645 4592 christiana
687 4537 873 4607 religio
908 4536 971 4591 iis
1002 4537 1236 4592 stabilita
1272 4553 1336 4592 ac
1373 4536 1711 4603 conﬁrmata,
1740 4539 1864 4593 bre-

269 4632 492 4687 vissimo
521 4640 761 4700 tempore
791 4633 842 4685 in
875 4642 985 4685 toto
1013 4639 1276 4686 terrarum
1309 4630 1442 4686 orbe
1467 4640 1715 4701 suscepta
1742 4631 1864 4685 est?

336 4725 532 4780 Nullus
572 4739 703 4778 vero
745 4723 847 4778 nisi
887 4723 1272 4777 absurdissima
1302 4723 1483 4778 dicere
1508 4738 1738 4794 unquam
1770 4738 1866 4793 po-

272 4822 368 4872 tuit
409 4817 531 4871 hate
560 4816 751 4870 eadem
792 4814 1047 4869 miracula
1088 4830 1116 4868 a
1165 4814 1522 4884 scriptoribus
1551 4814 1750 4868 nostris
1775 4822 1867 4869 aut

272 4914 466 4981 scripta
529 4908 889 4973 mendaciter,
942 4916 1035 4961 aut
1089 4907 1309 4961 nimium
1378 4916 1682 4976 exagerala.
1746 4905 1862 4961 Non

271 5005 409 5058 enim
452 5002 633 5056 omnia
666 5001 861 5056 litteris
889 5009 944 5056 et
983 5001 1258 5054 memoria:
1298 4999 1708 5063 mandaverant,
1741 5014 1862 5069 quae

270 5098 516 5153 ethnicos
556 5098 608 5150 in
640 5095 897 5164 majorem
929 5093 1368 5156 admirationem,
1399 5092 1482 5148 vel
1520 5091 1863 5147 incredulita-

273 5196 375 5242 tem
401 5187 673 5243 adducere
699 5194 963 5256 poterant.
988 5184 1185 5256 Siqua:
1213 5198 1343 5240 vero
1366 5185 1563 5253 scripta
1584 5193 1859 5253 corrupta,

275 5292 364 5334 aut
391 5280 693 5335 adulterata
717 5244 1022 5344 occurra‘nt,
1050 5276 1155 5332 hoc
1179 5276 1446 5331 Arnobius
1474 5275 1862 5331 malevolentiae

272 5374 525 5429 adscribit
563 5373 899 5435 dtemonutn,
951 5372 1042 5443 qui
1091 5370 1174 5426 his
1212 5369 1685 5440 depravationibus
1734 5383 1861 5425 vere

274 5482 539 5540 gestorum
573 5469 829 5524 volebant
860 5469 1132 5523 infirmare
1159 5470 1460 5523 veritatem.
1491 5468 1560 5521 At
1584 5481 1713 5522 sane
1742 5483 1861 5538 quae

274 5566 465 5620 nostris
491 5566 543 5620 itt
585 5564 735 5619 libris
762 5562 831 5619 de
864 5560 1079 5618 Christo
1115 5561 1314 5630 scripta
1358 5560 1538 5626 fuere,
1588 5571 1692 5614 tam
1736 5578 1861 5616 vera

272 5668 413 5718 sunt,
444 5673 604 5728 quam
640 5656 770 5712 falsa
803 5671 923 5726 qua:
949 5655 1179 5726 gentiles
1205 5655 1274 5708 de
1298 5652 1400 5709 diis
1430 5653 1541 5710 suis
1572 5653 1857 5710 tradidere.

339 5748 445 5803 Sed
477 5756 681 5811 nostra,
712 5748 977 5817 urgebant
1006 5745 1103 5813 illi,
1126 5745 1327 5816 scripta
1355 5745 1678 5817 antiquiora,
1701 5755 1860 5818 atque

269 5843 465 5899 ideirco
493 5846 705 5902 veriora
752 5854 897 5901 sunt.
942 5842 1107 5917 Quasi
1156 5856 1308 5910 vero,
1342 5841 1416 5897 ait
1462 5840 1751 5910 Arnobius,
1796 5857 1859 5899 ca

1889 4597 1944 4657 D

1975 3237 2204 3284 mortem
2229 3227 2399 3283 obire.
2423 3227 2533 3282 Cur
2562 3241 2690 3282 vero
2713 3226 2998 3281 humanam
3026 3226 3201 3293 potius
3220 3238 3381 3294 quam
3403 3222 3563 3276 aliam

1975 3334 2221 3379 naturam
2270 3322 2574 3391 acceperit,
2619 3321 2849 3377 latentes
2892 3318 3163 3374 Arnobius
3210 3316 3406 3372 fatetur
3448 3330 3570 3370 esse

1975 3429 2187 3479 causas,
2218 3429 2351 3486 quas
2378 3414 2646 3468 obstinata
2674 3413 2954 3484 gentilium
2982 3409 3330 3466 incredulitas
3358 3423 3421 3463 ac
3451 3423 3572 3479 pcr-

1974 3510 2171 3566 vicacia
2204 3508 2458 3579 explicari
2490 3523 2597 3563 non
2630 3508 2861 3562 sinebat.

2047 3604 2113 3657 At
2148 3602 2199 3655 hi
2231 3617 2442 3656 rursum
2493 3599 2818 3671 objiciebant
2864 3596 3177 3654 incredibile
3225 3611 3474 3665 prorsus,
3505 3610 3569 3650 ac

1972 3695 2264 3750 Cimmeriis
2296 3694 2535 3750 tenebris
2563 3693 2847 3749 obscurius
2885 3707 3043 3759 esse,
3085 3691 3359 3747 Christum
3400 3691 3569 3746 Deum

1972 3800 2026 3845 et
2054 3789 2328 3845 hominem
2361 3788 2595 3844 humana
2628 3796 2834 3843 tantum
2864 3797 3053 3842 natura
3080 3787 3272 3850 visum,
3302 3784 3571 3857 patibulo-

1972 3900 2077 3955 que
2106 3884 2339 3937 adlixum
2379 3882 2542 3935 vitam
2572 3880 2830 3936 finivisse.
2861 3880 2966 3935 Sed
3012 3878 3181 3934 futilis
3217 3889 3328 3942 est,
3363 3879 3437 3932 ait
3463 3882 3569 3933 Ar-

1972 3975 2185 4039 nobius,
2220 3975 2335 4029 lucc
2363 3973 2690 4044 redargutio.
2716 3972 2848 4027 Nam
2875 3972 2921 4027 si
2946 3972 3170 4043 Sibylla,
3204 3971 3381 4036 Bacis,
3407 3970 3569 4025 Hele-

1974 4083 2109 4127 nus.
2157 4067 2411 4133 Martins,
2472 4065 2672 4136 aliique
2732 4061 3047 4119 earumdem
3094 4063 3371 4132 gentilium
3423 4072 3572 4118 vates

1974 4160 2135 4229 impie
2155 4158 2320 4213 occisi
2345 4157 2592 4220 fuissent,
2619 4156 2875 4227 numquid
2900 4155 2976 4217 lti,
2998 4156 3052 4208 in
3074 4154 3268 4224 quibus
3288 4155 3419 4209 deos
3440 4170 3568 4209 suos

1971 4255 2180 4310 locutos
2207 4268 2330 4309 esse
2356 4250 2782 4318 arbitrabantur,
2813 4264 2908 4304 sua
2940 4259 3157 4320 propter
3183 4249 3389 4305 scelera
3417 4249 3566 4324 occi-

1969 4363 2060 4403 sos
2080 4347 2355 4404 dicereut?
2380 4343 2647 4400 Czeterum
2670 4357 2815 4398 mors
2833 4339 3056 4407 Christi,
3078 4341 3250 4411 pergit
3275 4340 3564 4407 Arnobius,

1970 4440 2039 4494 ad
2065 4440 2255 4510 suntpti
2295 4438 2516 4493 hominis
2559 4437 2690 4506 fuit,
2722 4453 2823 4490 non
2854 4436 3056 4507 ipsius;
3086 4435 3383 4506 gestaminis
3402 4476 3417 4499 ,
3465 4451 3567 4488 non

1971 4534 2235 4606 gestantis.
2261 4530 2423 4587 Addit
2450 4546 2580 4586 vero
2614 4545 2736 4585 cum
2775 4529 3033 4583 altissima
3063 4537 3280 4599 pr0pter
3311 4527 3570 4599 mysteria

1970 4636 2164 4697 Sponte
2203 4630 2298 4679 sua
2342 4635 2652 4690 mortuum;
2685 4622 3118 4694 quandoquidem
3163 4621 3269 4687 illi,
3296 4637 3326 4675 a
3354 4637 3461 4692 quo
3489 4630 3568 4677 tot

1968 4719 2104 4773 facta
2148 4718 2362 4774 fuerant
2406 4715 2694 4781 miracula,
2746 4715 2925 4770 nullus
2971 4715 3054 4771 vel
3098 4714 3372 4770 minimam
3418 4712 3561 4779 vim,

1970 4811 2139 4866 multo
2164 4814 2341 4866 minus
2366 4811 2629 4865 violentas
2657 4824 2848 4863 manus
2873 4808 3086 4862 adferre
3106 4822 3338 4877 unquam
3368 4806 3561 4876 potuit.

1968 4906 2216 4960 Christus
2247 4907 2423 4974 itaque
2453 4902 2519 4956 ad
2550 4900 2823 4956 sanandos
2853 4899 3288 4969 erudiendosque
3318 4900 3565 4954 homines

1970 5006 2116 5052 tanta
2144 4997 2382 5062 lenitate,
2415 5005 2613 5066 quanta
2655 4994 2901 5049 libertate
2929 5007 3118 5063 passus
3148 5002 3231 5047 est
3260 5007 3319 5047 se
3360 4993 3427 5047 ab
3459 4992 3561 5046 im-

1970 5091 2072 5161 piis
2097 5089 2288 5145 occidi.

2038 5184 2374 5255 Quapropter
2399 5180 2668 5237 Arnobius
2694 5179 2890 5235 acriter
2917 5178 3139 5250 corripit
3164 5178 3439 5244 ethnicos,
3470 5178 3563 5248 qui

1967 5278 2181 5333 tametsi
2210 5275 2451 5348 tyrannis
2493 5274 2638 5328 omni
2682 5272 2976 5343 impietatis
3010 5286 3073 5328 ac
3114 5272 3337 5327 sceleris
3362 5285 3564 5340 genere

1966 5372 2345 5431 contaminatis
2373 5371 2586 5426 divinos
2614 5369 2893 5427 deferrent
2922 5368 3157 5424 honores
3175 5410 3189 5435 ,
3219 5376 3276 5422 et
3303 5366 3563 5420 librorum

1964 5470 2304 5527 satiricorum
2356 5476 2605 5521 auctores
2648 5465 2877 5520 summis
2919 5463 3163 5518 laudibus
3206 5459 3559 5527 extollerent,

1966 5564 2337 5632 donarentque
2384 5561 2611 5623 statuis;
2644 5559 2818 5614 solum
2862 5556 3208 5612 nihilominus
3250 5553 3560 5620 Christum,

1965 5671 2145 5712 rerum
2186 5657 2538 5709 maximarum
2581 5667 2643 5707 ac
2684 5652 2914 5705 maxime
2956 5646 3268 5702 salutarium
3317 5644 3564 5700 nuntium

1966 5747 2302 5817 iniquissimo
2346 5752 2506 5814 atque
2546 5740 2865 5812 implacabili
2909 5738 3035 5795 odio
3078 5737 3558 5810 persequebantur.

1964 5839 2101 5910 Quid
2132 5841 2273 5897 enim
2306 5838 2541 5908 iniquius
2570 5846 2622 5891 ct
2650 5832 2941 5900 crudelius,
2970 5847 3130 5907 quam
3162 5831 3414 5889 virtutu'n
3443 5844 3561 5888 ont-
