4142 6262
481 321 582 379 571

1735 281 2190 381 mssitttrar'td
2230 285 2509 382 cuivis

3675 331 3781 386 ⁸579.

476 434 628 498 nium
655 423 970 507 domitium,
1000 426 1296 514 iii'orlis'que
1333 434 1690 540 extinctorem
1735 438 1878 533 bello
1919 461 2072 502 acer-
2103 475 2156 536 Α
2179 445 2258 500 vis
2299 429 2460 503 homo
2498 451 2607 506 veri
2649 453 2850 525 aliquid
2889 468 3274 529 nonnunquam
3303 456 3773 528 pronuntiaverit,

475 533 704 593 bissimo
731 535 948 607 semper
977 530 1255 592 iaeessere
1275 580 1290 604 ,
1321 521 1429 608 qui‘
1445 531 1702 608 permissa
1743 521 1917 596 inorie
1943 557 2038 597 sua
2058 585 2074 612 ,

477 637 684 684 certam
716 616 784 682 de
815 619 989 683 futura
1029 623 1330 683 animarum
1360 630 1663 686 nostrarum
1692 627 1887 702 salute,
1919 633 1962 688 si
1991 633 2078 704 pie

467 712 790 789 vixerimus,
812 716 966 792 spem
987 717 1238 778 Omnibus
1261 721 1392 779 fecit
1411 721 1435 776 ἲ

1088 863 1384 906 ABTICULUS
1422 864 1480 904 Il.

975 959 1199 1024 Analysis
1219 962 1335 1012 libri
1357 964 1581 1016 secundi.

551 1076 723 1141 Petita
747 1086 780 1141 'a
808 1081 1086 1158 proposito
1115 1088 1403 1158 parumper
1431 1072 1742 1152 discedendi
1774 1085 1946 1163 venia,
1982 1086 2079 1154 Ᾰιτ-

480 1179 678 1236 nobius
701 1181 771 1237 ab
798 1181 1031 1239 ethnicis
1072 1183 1295 1256 inquirit
1333 1201 1435 1258 qua
1475 1187 1542 1244 de
1583 1205 1743 1246 causa
1773 1176 2080 1261 Chrisrum,

480 1273 681 1328 nullius
722 1268 774 1329 iit
805 1289 900 1330 eos
944 1278 1146 1346 peccati
1189 1266 1374 1346 reum,
1413 1281 1484 1336 ita
1509 1263 1756 1352 oderint,
1804 1294 1862 1339 ut
1902 1269 2084 1341 audito

480 1367 691 1423 tantum
724 1367 868 1424 illius
894 1371 1142 1439 nomine,
1173 1373 1250 1428 ira
1285 1375 1528 1444 protinus
1570 1379 1984 1436 excandescant.
2016 1375 2086 1438 At

481 1465 578 1522 ille
603 1479 736 1522 sane
775 1465 989 1523 etiamsi
1015 1467 1101 1524 cui
1143 1459 1417 1535 credatur,
1445 1471 1638 1543 dignus
1667 1469 1772 1528 non
1805 1486 1986 1544 esset;
2019 1493 2084 1531 eo

485 1569 666 1614 tamen
691 1558 808 1629 ipso
831 1577 934 1616 non
959 1558 1370 1632 adspernandus
1390 1573 1527 1646 erat,
1547 1565 1691 1640 quod
1712 1569 1920 1623 cunctis
1943 1569 2084 1624 viam

485 1649 556 1705 ad
597 1649 794 1706 émlum
835 1662 890 1707 et
929 1653 1143 1708 beatam
1183 1652 1640 1712 immortalitatem
1684 1649 2082 1716 titoustraveril.

484 1731 908 1816 Respondebant
950 1736 1178 1818 gentiles
1225 1745 1372 1804 illum
1409 1767 1619 1807 summo
1662 1753 1764 1809 sibi
1805 1764 2088 1827 propterea

486 1852 610 1894 esse
637 1837 762 1922 odio
783 1881 797 1904 ,
826 1841 950 1910 quia
978 1855 1193 1896 omnem
1235 1843 1458 1899 deorum
1491 1847 1693 1902 cultum
1713 1890 1728 1914 ,
1763 1863 2090 1922 omnemque

489 1917 756 2000 majorum
803 1931 1023 1986 suorum
1072 1928 1386 2014 religionem
1436 1946 1548 1991 toto
1597 1937 1803 2008 expulit
1849 1941 1917 1995 ab
1960 1943 2091 1996 orbe

493 2018 778 2076 terra'ruin.
809 2018 1040 2094 Ergone,
1065 2009 1140 2080 ait
1163 2009 1458 2094 Arnobius,
1486 2019 1682 2100 impius
1711 2043 1796 2088 est
1821 2031 2087 2100 Christus,

493 2105 586 2185 qui
625 2111 788 2186 impia
821 2104 1080 2204 religione
1119 2123 1344 2208 eversa,
1385 2138 1572 2180 veram
1609 2111 1842 2195 induxit,
1887 2144 2091 2216 nosque

491 2201 676 2266 docuit
703 2197 880 2294 solum
908 2198 1094 2294 verum
1121 2197 1290 2272 Deuin'
1321 2218 1442 2274 esse
1469 2202 1778 2290 ccicndum,
1807 2239 1967 2294 quem
1997 2197 2093 2280 bo-

492 2296 688 2359 nor'uin
713 2289 954 2360 omnium
974 2297 1199 2376 fontem,
1225 2325 1290 2365 ac
1313 2323 1504 2367 cuncta
1525 2329 1762 2384 creasse,
1789 2327 1949 2388 atque
1971 2319 2092 2374 ideo

489 2413 682 2478 revera
707 2401 970 2478 exsistere
1001 2403 1318 2460 naturaliter
1345 2407 1548 2462 scimus
1585 2418 1642 2464 et
1670 2409 2056 2467 testiﬁcamur?

565 2473 702 2546 Tum
731 2485 892 2546 dilata
915 2475 968 2548 in
999 2493 1146 2550 aliud
1175 2485 1388 2568 tempus
1417 2491 1486 2554 de
1511 2497 1674 2556 variis
1700 2503 1982 2574 gentilium
2003 2520 2096 2560 su-

495 2573 908 2657 perstitionibus
933 2573 1320 2662 disputatione,
1344 2577 1583 2651 ostendit
1605 2573 1852 2654 ethnicos
1875 2615 2096 2669 prorsus

499 2675 773 2734 immerito
801 2678 1002 2736 Christi
1031 2682 1188 2738 dictis
1216 2702 1320 2739 non
1362 2685 1622 2755 credere,
1655 2689 2092 2762 quandoquidem

500 2787 594 2840 ea,
635 2789 756 2846 quae
784 2773 1098 2846 pollicetur,
1131 2794 1192 2833 se
1229 2795 1465 2850 unquam
1505 2783 1681 2852 reipsa
1714 2783 1964 2840 daturum
1997 2801 2096 2842 nos

499 2879 610 2920 non
649 2863 940 2922 Convincit.
975 2867 1044 2923 At
1079 2867 1125 2948 si
1155 2869 1298 2925 nulla
1319 2911 1335 2938 ,
1380 2866 1552 2942 inquit
1574 2867 1898 2945 'Arnobius,
1929 2877 2098 2948 possit

501 2946 700 3014 adferri
743 2957 1044 3014 futurorum
1085 2943 1234 3016 certa
1274 2963 1672 3034 comprobatio,
1710 2983 1887 3022 nonne
1927 2970 2098 3026 satius

505 3050 590 3108 est
610 3043 698 3136 his
729 3038 818 3124 qui
843 3069 993 3124 spent
1026 3052 1156 3110 dant
1180 3056 1436 3136 aliquam,
1471 3049 1647 3127 potius
1673 3053 1830 3130 quam
1863 3061 1981 3116 aliis
2007 3061 2100 3136 qui

2181 551 2236 596 et
2263 543 2368 596 hoc
2397 543 2571 612 ipsum
2604 561 2701 614 pro
2725 557 2876 602 certo
2902 548 3079 604 adhuc
3104 565 3211 606 non
3241 551 3424 607 habet.

2256 631 2410 687 Nulla
2432 634 2591 705 igitur
2611 637 2816 694 ratione
2851 639 3088 696 aliisnon
3117 641 3388 698 doctiores
3407 642 3608 698 ethnici
3637 643 3782 698 chri-

2183 715 2391 805 stianos
2419 725 2601 783 divino
2629 730 2884 801 magistro
2924 747 3023 787 suo
3068 733 3351 790 credentes
3384 734 3780 808 vituperabant.

2183 816 2311 874 Sine
2343 821 2535 889 pris-via
2565 822 2826 894 siquidem
2858 823 2963 881 lide
2994 826 3199 881 nullum
3232 825 3477 898 profecto
3505 827 3780 897 negotium

2182 927 2213 966 a
2245 915 2726 1001 peregrinantibus,
2754 920 3150 1001 navigantibus,
3175 922 3446 994 agricolis,
3467 921 3779 1001 suscipitur.

2185 1003 2311 1060 Sine
2339 1006 2440 1084 {ide
2471 995 2634 1062 etiam
2657 995 2836 1066 nulius
2865 998 3118 1092 conjugio
3141 1015 3408 1092 jungitur,
3436 995 3616 1070 nulius
3637 1029 3781 1086 (eger

2183 1101 2412 1155 accersit
2440 1093 2728 1180 medicum,
2760 1105 2843 1160 vel
2867 1108 3022 1162 miles
3058 1090 3254 1162 bellum
3292 1108 3449 1178 gerit,
3474 1108 3559 1164 vel
3588 1109 3782 1180 magis-

2185 1179 2324 1270 trum
2357 1182 2504 1248 audii
2531 1178 2847 1266 discipulus,
2881 1179 3054 1268 neque
3085 1199 3226 1254 ullus
3251 1185 3468 1270 gentilis
3494 1199 3626 1256 deos
3653 1215 3782 1255 suos

2185 1269 2418 1340 invocat.
2457 1287 2594 1354 Quin
2637 1275 2798 1342 etiam
2837 1290 3068 1362 gentiles
3103 1269 3450 1360 epiniombus
3489 1291 3780 1347 credebant

2187 1375 2657 1448 philosophorum,
2691 1365 2780 1452 qui
2809 1370 2876 1438 de
2914 1385 3104 1453 primis
3149 1395 3325 1440 tamen
3369 1367 3547 1440 rerum
3580 1385 3784 1462 priuci-.

2190 1469 2311 1541 piis,
2338 1473 2561 1543 aliisque
2589 1473 2655 1528 de
2681 1476 2846 1530 rebus
2874 1477 3007 1530 nihil
3033 1479 3168 1534 certi
3197 1478 3568 1557 exploratique
3597 1475 3778 1548 profe-

2190 1572 2350 1630 runt,
2386 1579 2448 1618 ae
2480 1581 2694 1635 semper
2737 1567 2878 1622 inter
2917 1583 2974 1624 se
3005 1565 3384 1639 digladiantur.
3427 1569 3616 1625 Nonne
3657 1585 3782 1638 ergo

2189 1649 2426 1728 Christo,
2459 1659 2548 1729 qui
2577 1661 2739 1715 tantis
2767 1646 3038 1718 miraculis
3069 1663 3371 1718 doctrinam
3399 1678 3551 1717 suam
3581 1662 3788 1718 stabili—

2194 1747 2292 1816 vit,
2323 1749 2528 1821 aequius
2558 1762 2643 1807 est
2666 1754 2924 1822 credere,
2963 1771 3123 1826 quam
3156 1755 3386 1822 Platoni,
3413 1753 3648 1820 Cronio,
3679 1754 3794 1810 Nu-

2194 1844 2402 1910 menio,
2444 1853 2536 1899 aut
2570 1845 2691 1900 aliis
2719 1849 3134 1916 quamtumlibet
3161 1852 3232 1903 ob
3264 1862 3475 1902 morum
3514 1849 3794 1918 integrita-

2195 1944 2324 2002 tem,
2351 1945 2513 2005 atque
2536 1936 2882 2009 eloquentiae,
2911 1939 3122 2010 logicat,
3141 1940 3516 2006 arithmeticae,
3548 1941 3788 2006 musicae,

2193 2017 2534 2096 geometriae,
2581 2029 2858 2084 scienliam
2890 2031 3192 2097 laudandis,
3222 2033 3311 2103 qui
3353 2033 3485 2086 nihil
3513 2033 3598 2088 vel
3633 2033 3795 2087 mini-

2198 2115 2342 2174 mum
2386 2119 2512 2192 quid
2556 2103 2640 2176 his
2683 2123 2860 2179 simile
2891 2122 3069 2180 facere
3101 2125 3698 2202 unquamfpotuerunt?
3729 2127 3798 2182 Et

2197 2222 2341 2268 certe
2371 2213 2415 2268 si
2455 2209 2700 2290 Christus
2743 2215 2991 2272 humanis
3033 2227 3238 2271 tantum
3267 2217 3508 2286 argutiis.
3537 2227 3592 2273 et
3631 2233 3792 2290 argu-

2198 2292 2390 2360 mentis
2425 2321 2554 2361 usus
2573 2287 2783 2374 inisset,
2815 2323 3006 2384 omnes
3027 2310 3076 2364 ei
3101 2321 3389 2382 negassent
3413 2311 3596 2376 (idem,
3629 2326 3790 2383 quam

2198 2396 2524 2480 dare-coacti
2565 2409 2690 2452 sunt
2730 2400 2798 2454 ob
2825 2385 2968 2480 edita
2999 2401 3066 2457 ab
3107 2402 3225 2476 ipso
3254 2403 3477 2480 ejusque
3516 2402 3796 2474 discipulis

2197 2471 2454 2574 miraenla
2481 2491 2620 2560 apud
2648 2489 2833 2559 Indos,
2867 2477 3048 2561 Seras,
3079 2493 3294 2562 Persas,
3325 2475 3534 2574 medos,
3562 2495 3794 2564 Arabas,

2201 2565 2506 2655 Egvptios,
2536 2583 2774 2668 Galatas,
2803 2585 3050 2668 Parthos,
3078 2585 3342 2668 Phrygas,
3373 2565 3537 2658 atque
3563 2588 3615 2668 in
3643 2589 3792 2652 Asia,

2197 2673 2610 2757 Syria,Achaia,
2642 2663 2972 2757 Macedonia,
2996 2665 3178 2750 Epiro,
3210 2691 3265 2736 et
3292 2663 3494 2750 ubique
3521 2681 3573 2735 in
3597 2663 3791 2736 Orien-

2203 2757 2254 2825 te
2297 2780 2349 2825 et
2393 2749 2718 2836 Occidente,
2754 2788 2817 2828 ac
2849 2749 3186 2844 poiissiinum
3215 2759 3436 2842 Boium,
3475 2775 3567 2830 ubi
3609 2775 3791 2831 Simon

2202 2851 2388 2934 magus
2418 2860 2445 2916 ἐι
2475 2861 2636 2937 Petro
2663 2879 2727 2919 ex
2759 2865 2976 2920 sublimi
3007 2882 3134 2923 aere
3173 2867 3414 2940 dejectus
3434 2909 3449 2936 ,
3492 2868 3544 2923 in
3595 2879 3793 2925 terram

2201 2952 2384 3012 fractis
2411 2958 2658 3012 cruribus
2688 2959 3050 3028 prmcipitatus
3081 2971 3184 3044 est.
3355 3019 3360 3028 ,
3617 3037 3622 3044 ί

2276 3039 2416 3122 Quid
2439 3051 2630 3122 plura?
2658 3040 2774 3106 Non
2808 3055 3047 3108 vexanda
3071 3036 3236 3124 certe,
3267 3055 3360 3111 sed
3393 3056 3513 3111 ideo
3534 3037 3798 3112 laudanda

507 3131 710 3203 “ultam
734 3149 995 3218 pmbem,
1022 3147 1290 3204 credere?
1331 3135 1464 3205 Tum
1495 3135 1688 3208 dehinc
1711 3153 1947 3210 θειριηίίι
1977 3130 2096 3228 pf“-
2126 3131 2172 3193 C
2205 3139 2322 3228 erat
2351 3139 2418 3198 ah
2447 3130 2678 3230 ethnicis
2707 3143 3123 3230 christianorum
3155 3147 3324 3214 tides;
3353 3148 3476 3230 quia
3505 3148 3612 3203 illis
3651 3164 3798 3204 com-

501 3239 641 3295 rima
664 3238 822 3296 nobis
844 3251 1133 3311 suppetere
1158 3259 1366 3310 eorum,
1399 3247 1519 3314 qua)
1545 3243 1794 3302 Christus
1827 3238 2096 3320 promisit,

508 3321 653 3388 haud
685 3349 908 3406 prorsus
934 3332 1133 3390 incerta
1152 3335 1540 3407 promissorum
1567 3354 1900 3412 argumenta.
1919 3323 2105 3402 Ρῐὶιιιό

503 3428 652 3482 enim
689 3422 834 3483 illius
872 3427 1120 3483 doctrina
1167 3434 1222 3484 et
1257 3431 1446 3500 religio
1484 3448 1580 3501 per
1636 3427 1914 3490 universas
1958 3437 2102 3492 orbis

503 3531 666 3577 terra:
698 3531 898 3592 partes,
925 3531 1083 3594 atque
1113 3524 1276 3578 etiam
1309 3518 1446 3594 apud
1473 3505 1658 3595 gentes
1693 3509 1860 3599 magis
1910 3527 2103 3584 barba-

506 3629 618 3682 ras,
649 3605 1100 3688 quemadmodum
1145 3603 1236 3671 ille
1265 3613 1584 3690 protitis‘eiat
1605 3659 1622 3684 ,
1655 3618 1803 3674 brevi
1849 3623 2107 3690 temporis

509 3696 684 3778 spatio
707 3695 806 3761 fuit
827 3697 1196 3762 disseminata.
1227 3698 1426 3762 Deinde
1458 3689 1588 3764 vero
1622 3698 1960 3778 quantumvis
1991 3695 2107 3771 inre

509 3789 757 3854 doctrina
799 3787 932 3854 dtii'a
978 3808 1033 3856 et
1076 3798 1264 3870 aspera
1313 3783 1580 3866 videattir,
1614 3801 1757 3858 illam
1786 3814 1961 3862 tamen
1992 3825 2106 3863 ma-

509 3882 617 3966 gno
638 3893 856 3963 ingenio
885 3892 1093 3962 pra:diti
1119 3902 1385 3960 oratores,
1415 3895 1750 3976 grammatici
1779 3939 1795 3966 ,
1828 3900 2103 3964 rhetores,

505 3984 901 4060 jurisconsulti,
953 3987 1170 4055 medici,
1203 3987 1507 4059 philosophi
1547 3981 1890 4061 expetebant.
1925 3979 2109 4050 Tertio

502 4075 655 4138 illius
682 4089 984 4138 sectatores
1028 4081 1189 4136 nullis
1219 4077 1377 4153 plane
1405 4081 1733 4154 quibuslibet
1776 4086 2058 4157 suppliciis
2090 4132 2106 4158 ,

509 4173 674 4232 etiam
703 4175 1058 4247 gravissimis,
1103 4173 1168 4230 ad
1211 4191 1330 4232 eam
1361 4176 1734 4250 deponendam
1778 4196 1884 4234 non
1935 4183 2108 4236 solum

511 4263 631 4340 εὸεί
665 4257 956 4340 potuerunt
983 4287 996 4322 :
1031 4270 1126 4325 sed
1153 4270 1216 4325 iis
1241 4285 1454 4342 quoque
1481 4271 1654 4326 crevit
1679 4287 1896 4344 semper
1922 4290 2108 4330 eorum

510 4375 790 4417 numerus.
823 4362 892 4415 At
913 4361 1029 4417 haec
1055 4361 1205 4434 prius
1227 4381 1253 4415 a
1283 4363 1504 4418 Christo
1525 4365 1792 4435 promissa
1821 4381 1944 4422 cum
1979 4383 2107 4425 cve-

511 4457 714 4524 nerint,
743 4457 810 4512 de
831 4457 1060 4510 aliorum
1083 4472 1298 4528 quoque
1319 4458 1387 4512 ab
1408 4473 1472 4512 eo
1501 4459 1892 4528 promissorum
1913 4471 2108 4518 eventu

514 4545 798 4608 dubitandi
827 4549 970 4606 nulla
999 4551 1137 4607 ratio
1163 4563 1269 4608 est.

586 4641 773 4718 Neque
803 4645 964 4716 pdrro
1004 4653 1083 4701 tot
1111 4643 1357 4701 homines
1389 4660 1486 4716 per
1514 4655 1676 4702 totam
1711 4657 1910 4704 terram
1939 4650 2114 4708 chris-

517 4735 662 4797 tiana
691 4730 955 4812 religione
987 4731 1204 4806 initiati,
1238 4739 1358 4793 aliis
1387 4727 1586 4808 obtusi,
1623 4741 1866 4812 hebetes,
1896 4731 1960 4799 ac
1987 4744 2114 4802 fatui

515 4831 692 4892 videri
727 4843 998 4907 poterant,
1041 4833 1140 4888 nisi
1168 4831 1218 4910 hi
1255 4848 1312 4888 se
1341 4833 1487 4889 solos
1519 4831 1780 4906 sapientia
1809 4845 1862 4892 et
1890 4837 2114 4912 scicntia

518 4927 780 5000 przcditos
800 4914 1130 4996 jactitarent.
1159 4924 1264 4981 Sed
1295 4925 1462 4997 quali,
1495 4925 1664 4998 inquit
1689 4937 1877 4984 auctor
1905 4939 2112 4998 noster,

519 5021 784 5094 sapientia
806 5029 861 5076 et
891 5021 1152 5076 scientia?
1172 5017 1310 5076 Num
1339 5023 1708 5092 grammatica.
1740 5025 1969 5096 poetica,
1993 5007 2115 5083 rhe-

513 5119 707 5184 torica,
739 5115 912 5186 logica
946 5124 1000 5170 et
1025 5113 1342 5170 dialectica?
1371 5116 1439 5169 At
1469 5132 1629 5188 quam
1657 5132 1790 5172 vana
1820 5119 1891 5174 sit
1922 5118 2111 5174 harum

519 5210 922 5281 disciplinarum
969 5209 1262 5262 ostentatio
1312 5207 1436 5262 inde
1492 5219 1674 5280 patet,
1725 5209 1868 5282 quod
1914 5228 2012 5281 per
2055 5229 2114 5272 se

517 5303 684 5359 homo
721 5303 864 5357 scire
907 5309 1140 5380 nequeat
1173 5316 1293 5372 quae
1333 5299 1538 5369 divina,
1569 5304 1654 5359 vel
1695 5305 1920 5360 obscura
1965 5318 2110 5377 sunt,

517 5410 622 5450 nec
647 5394 773 5465 quid
811 5393 926 5466 ipse
961 5379 1063 5460 sit,
1099 5401 1155 5447 ut
1191 5393 1266 5448 ait
1305 5379 1577 5462 Socrates,
1620 5411 1720 5452 nec
1760 5397 1932 5466 unde,
1966 5399 2052 5455 vel
2081 5415 2110 5454 a

517 5500 658 5556 quo,
701 5495 754 5540 et
797 5500 898 5556 qua
940 5482 1008 5540 de
1052 5499 1214 5540 causa
1255 5469 1502 5553 creatus,
1536 5501 1632 5541 cur
1659 5491 2032 5558 totﬁnrumuis
2057 5501 2112 5547 et

520 5577 679 5632 malis
726 5577 1086 5648 opprimatur,
1123 5577 1249 5651 quid
1281 5578 1334 5633 in
1375 5578 1602 5634 somniis
1629 5589 1771 5650 agat,
1811 5597 1932 5648 qua:
1963 5599 2110 5638 som-

517 5675 666 5730 nium
698 5673 837 5727 inter
861 5682 916 5728 et
943 5673 1154 5744 vigilias
1183 5672 1508 5740 diﬂerentia,
1543 5673 1814 5744 quomodo
1841 5673 1930 5730 iiat
1957 5676 2114 5745 visio,

519 5775 613 5820 aut
649 5765 936 5832 odoratus,
965 5781 1064 5820 cur
1093 5767 1306 5824 animus
1334 5771 1434 5823 etsi
1472 5767 1789 5822 immortalis
1832 5765 1886 5821 in
1936 5767 2113 5824 infan-

534 5856 680 5914 tibus
701 5855 947 5928 stolidus,
973 5857 1024 5911 in
1047 5857 1266 5916 senibus
1295 5858 1364 5920 sit
1381 5857 1644 5920 defessus.
1669 5859 1909 5932 Denique
1932 5857 2118 5931 quatn-
2157 5903 2164 5910 η

2208 3226 2397 3291 mones
2423 3227 2575 3320 erant
2601 3255 2726 3308 cum
2754 3226 3196 3310 philosophorum
3224 3226 3526 3322 coryphteis
3565 3241 3632 3322 de
3667 3241 3797 3308 Deo,

2203 3329 2272 3386 de
2302 3321 2588 3400 corporum
2621 3333 3040 3398 resurrectione,
3073 3333 3141 3388 de
3187 3321 3362 3390 salute
3391 3336 3716 3402 animarum,
3748 3346 3804 3392 et

2209 3407 2400 3499 futuris
2446 3409 2728 3494 impiorum
2773 3429 2952 3498 poenis
2994 3428 3306 3488 sententiae.
3349 3411 3592 3499 quamvis
3621 3429 3690 3483 ab
3720 3431 3802 3484 bis

2213 3497 2367 3570 alitei'
2409 3525 2568 3586 atque
2597 3533 2626 3572 a
2657 3497 2964 3573 christianis
2994 3499 3353 3590 explicentur.
3385 3525 3558 3592 Atque
3591 3523 3660 3576 ibi
3703 3524 3804 3576 Ar—

2213 3609 2406 3665 nobius
2433 3610 2683 3666 edisserit
2713 3615 2867 3680 cujus
2901 3622 3105 3668 naturte
3147 3624 3327 3669 nostra
3358 3614 3426 3668 sit
3455 3617 3665 3696 anima,
3697 3634 3805 3685 quo

2211 3719 2275 3758 ex
2307 3703 2451 3758 fonte
2480 3705 2726 3774 prodeat,
2757 3715 2810 3759 et
2840 3721 2938 3760 cur
2967 3705 3130 3760 variis
3158 3706 3441 3762 affectibus
3467 3691 3522 3763 et
3546 3691 3687 3762 vitiis
3716 3708 3808 3764 liat

2210 3793 2462 3849 obnoxia.

2283 3883 2419 3940 Tum
2473 3885 2670 3941 deinde
2712 3885 2928 3943 illorum
2982 3888 3225 3944 retundit
3272 3892 3674 3963 arrogantiam,
3716 3896 3807 3966 qui

2215 3987 2452 4033 nostram
2479 3969 2710 4033 aniinain
2740 3979 2982 4050 ejusdem
3005 3997 3124 4037 cum
3159 3977 3270 4038 Deo
3303 3995 3456 4054 patre
3489 3985 3808 4042 immortali-

2218 4071 2341 4124 tatis
2381 4079 2436 4125 et
2480 4083 2686 4126 natura:
2725 4075 3042 4144 participem
3077 4091 3198 4130 esse
3234 4075 3533 4132 insolenter
3563 4079 3808 4134 vendita-

2217 4165 2364 4220 bant.
2397 4166 2570 4222 Simili
2611 4166 2810 4237 quippe
2838 4179 2999 4239 atque
3039 4169 3293 4224 animalia
3322 4171 3482 4227 modo
3514 4174 3808 4242 nascimur,

2217 4250 2470 4327 vivimus,
2495 4275 2558 4314 ac
2588 4259 2788 4316 morbis
2817 4258 2870 4316 et
2899 4275 3180 4318 senccuttc
3205 4266 3488 4321 solvimur.
3523 4267 3636 4322 lluc
3659 4283 3814 4324 acce-

2215 4352 2293 4410 dit
2321 4353 2462 4424 quod
2493 4351 2735 4409 nonnulli
2765 4355 2974 4410 animas
3012 4355 3380 4427 improborum
3426 4367 3550 4430 post
3579 4372 3810 4416 mortem

2217 4449 2269 4503 in
2302 4431 2565 4520 pecudum
2599 4436 2824 4519 corpora
2857 4451 3089 4520 migrare
3115 4451 3320 4522 Opinati
3352 4447 3496 4509 sunt.

2291 4529 2357 4596 Λί
2383 4541 2564 4597 divina
2595 4552 2698 4610 est,
2734 4539 3074 4613 inquiebant,
3105 4547 3286 4600 anima
3317 4543 3575 4612 hominis,
3603 4551 3694 4620 qui
3727 4567 3813 4606 ra-

2220 4638 2366 4694 tione
2409 4637 2623 4693 caeteris
2656 4647 2869 4708 praestat
2911 4637 3255 4694 animalibus.
3303 4641 3517 4712 Optime
3556 4644 3809 4714 quidctn,

2219 4733 2294 4787 ait
2320 4731 2622 4797 Arnobius,
2655 4735 2698 4787 si
2729 4731 2893 4788 homo
2927 4734 3028 4787 hac
3057 4748 3150 4786 sua
3195 4735 3405 4791 ratione
3432 4735 3568 4793 bene
3597 4754 3814 4808 semper

2221 4834 2482 4882 uteretur.
2529 4825 2635 4881 Sed
2676 4825 2762 4880 ubi
2792 4836 2906 4889 est,
2941 4825 3192 4880 humana:
3223 4827 3418 4883 animae
3461 4835 3814 4901 praestantia?

2218 4915 2486 4990 Numquid
2538 4917 2661 4990 quia
2721 4917 2969 4974 homines
3021 4930 3074 4976 ct
3127 4920 3318 4976 domos
3364 4931 3418 4978 et
3471 4923 3635 4979 urbes
3681 4941 3817 4981 con-

2220 5013 2474 5068 struunt?
2502 5007 2570 5068 At
2603 5015 2646 5066 si
2678 5015 2982 5070 animantes
3016 5016 3282 5072 baberent
3309 5019 3508 5074 artium
3539 5022 3815 5079 ministras

2220 5119 2434 5172 manus,
2470 5087 2691 5176 possent
2721 5108 2903 5178 utique
2925 5107 3118 5162 similia
3145 5108 3370 5164 aedilicia
3403 5122 3706 5170 exstruere.
3735 5116 3816 5171 Ab

2225 5200 2290 5254 iis
2319 5199 2582 5272 siquidem
2614 5201 2718 5256 alia
2751 5201 2914 5266 liunt,
2945 5218 3066 5272 quzc
3099 5219 3390 5274 numquam
3431 5205 3678 5264 homines
3704 5225 3817 5280 po—

2225 5303 2442 5352 tuerunt
2477 5295 2696 5350 imitari.
2730 5294 3001 5364 Numquid
3033 5295 3222 5350 bestiis
3265 5298 3597 5354 antecellunt
3634 5300 3816 5358 homi-

2223 5403 2355 5454 nes,
2406 5375 2530 5460 quia
2579 5399 2783 5443 vestem
2825 5387 3252 5459 supellectilem,
3285 5389 3496 5462 aliaque
3539 5394 3664 5448 vitae
3711 5393 3814 5448 lm-

2221 5499 2394 5540 manae
2435 5483 2640 5539 alendzc
2682 5466 2987 5541 necessaria
3028 5483 3128 5540 sibi
3171 5499 3364 5554 parare
3393 5488 3627 5541 norunt?
3655 5487 3726 5544 At
3751 5504 3816 5544 ea

2219 5578 2398 5632 omnia
2443 5593 2546 5630 non
2580 5578 2820 5632 scicntia:
2850 5591 3108 5643 munera,
3141 5575 3235 5632 sed
3274 5591 3305 5630 a
3350 5579 3692 5650 pauperrima
3728 5580 3816 5636 in.

2221 5680 2384 5727 venta
2415 5680 2542 5726 sunt
2571 5672 2919 5729 necessitate.

2290 5759 2490 5819 Omnes
2523 5779 2685 5834 porro
2714 5779 2836 5820 cum
2868 5774 3014 5821 artes
3043 5749 3323 5823 hominum
3356 5767 3405 5822 ei
3454 5766 3694 5823 Scientia:
3739 5768 3821 5826 la-

2225 5855 2444 5935 boreet
2479 5858 2812 5928 experientia
2844 5866 3044 5931 partae,
3074 5859 3211 5917 nihil
3239 5859 3395 5917 valde
3422 5859 3721 5919 mirandum
3750 5861 3819 5937 in
