4142 6262
297 305 399 364 575

1576 307 1643 366 m
1679 276 2064 378 amomum,
2105 303 2258 368 car.
2298 311 2342 368 ι.

3489 313 3593 387 an

289 440 349 480 se
381 421 658 492 habeant,
708 440 808 481 nec
848 438 1040 482 omnes
1079 423 1259 482 omnia
1296 417 1623 498 cognoscant
1651 470 1666 488 .
1714 437 1888 482 ratum
1917 429 1968 488 Α
1998 426 2282 492 obnoxius,
2315 429 2486 484 nullas
2517 429 2809 484 inferorum
2843 437 3030 498 poenas
3061 428 3429 499 pertimescet,
3462 436 3514 482 et
3537 427 3592 482 in

290 517 537 588 profecto
567 528 622 574 et
653 517 816 574 litum
843 535 967 575 esse
993 520 1155 576 debet
1187 511 1447 576 humanas
1477 515 1688 576 animas
1715 521 1890 591 neque

287 607 522 676 divinas,
553 617 730 681 neque
755 612 901 666 omni
930 605 1160 668 scicntia
1187 613 1429 668 eruditas
1469 629 1534 668 ex
1579 613 1719 669 coelo
1748 598 1891 669 hunc

285 693 574 758 advolasse
623 704 676 758 in
727 704 1009 760 mundum.
1061 710 1236 776 Atque
1277 707 1402 762 inde
1433 697 1541 762 ruit
1585 707 1727 763 idem
1769 705 1892 762 aliis

286 805 501 851 tantum
544 793 730 853 verbis
774 805 1071 866 expresSus
1101 799 1342 856 Platonis
1373 809 1429 855 et
1474 801 1702 855 aliorum
1751 801 1889 869 titio-

285 877 543 946 ruto‘dat'n
590 890 1038 962 philoSophorum
1079 903 1274 957 error,
1326 897 1433 963 quo
1479 883 1892 948 somniaverunt

284 983 572 1039 scientiam
621 999 742 1040 esse
779 999 956 1040 rerum
992 985 1058 1040 ab
1086 986 1324 1053 homine,
1357 985 1665 1058 priusquam
1694 995 1888 1041 nasce-

286 1085 474 1144 retur,
505 1075 841 1148 cognitarum
875 1077 1329 1134 recordationem.
1366 1079 1572 1134 Etenim
1616 1080 1888 1135 Arnobius

283 1170 477 1226 falsam
512 1169 714 1226 hancce
741 1171 1106 1241 opinationem
1137 1171 1259 1226 aliis
1285 1171 1459 1227 adhuc
1482 1173 1748 1227 rationum
1774 1188 1887 1225 mo-

281 1254 484 1317 metitis
519 1264 730 1318 evertit.
768 1263 836 1319 Et
873 1266 1066 1333 primo,
1106 1254 1322 1334 quidem
1351 1263 1474 1335 quia
1515 1264 1704 1322 eadem
1747 1266 1888 1320 foret

281 1365 608 1410 cunctorum
641 1355 919 1412 hominum
955 1357 1202 1423 scientia,
1236 1351 1562 1423 recordatio,
1592 1347 1882 1413 sententia.

279 1450 564 1516 Secundo,
602 1451 759 1506 detur
787 1465 925 1523 puer
949 1452 1144 1518 aliquis
1173 1449 1223 1506 in
1255 1449 1621 1507 desertissima
1650 1459 1704 1507 et
1735 1445 1882 1506 inac-

278 1557 449 1599 cessa
476 1542 764 1598 solitudine
791 1555 968 1609 natus,
998 1553 1156 1614 atque
1183 1544 1252 1600 ibi
1283 1559 1495 1600 summo
1527 1545 1578 1597 in
1608 1533 1826 1598 silentio
1853 1557 1882 1596 a

278 1644 437 1690 muta
465 1637 673 1690 nutrice
697 1627 981 1702 educatus,
1014 1641 1199 1706 pbstea
1230 1637 1351 1691 cibo
1381 1635 1564 1704 aliquo
1589 1625 1883 1706 simplicis-

1995 523 2160 576 omne
2177 522 2468 591 voluptatis
2490 513 2777 593 ﬂagitiique
2805 537 2996 593 genus,
3031 521 3359 591 contemptis
3385 517 3598 575 virtuti-

1993 613 2112 679 bus,
2147 615 2472 684 pt'aacipitem
2506 628 2626 669 sese
2657 616 2872 684 impune
2901 613 3069 668 dabit.

2067 703 2268 762 Eadem
2316 719 2493 764 autem
2537 710 2746 763 ratione
2791 707 3063 762 Arnobius
3108 707 3384 776 impugnat
3416 705 3593 759 fundi-

1999 802 2190 869 tusque
2240 801 2434 854 evertit
2477 800 2806 854 contrariam
2857 800 3166 869 opinionem
3222 796 3460 867 Epicuri,
3507 794 3596 864 qui

1996 889 2228 944 animam
2253 899 2492 945 nostram
2523 876 2804 945 mortalem
2833 904 2954 944 esse
2979 888 3271 960 garriebat.
3298 887 3373 941 Ea
3401 887 3598 957 quippe

1997 989 2178 1059 opinio
2208 989 2250 1043 si
2291 1003 2413 1045 vera
2448 990 2538 1052 sit,
2573 973 2714 1043 nulla
2745 988 2974 1058 amplius
3006 987 3108 1042 erit
3139 1000 3318 1051 causa,
3352 1000 3449 1040 cur
3475 983 3598 1054 phi-

1995 1080 2241 1152 losophia
2267 1089 2471 1136 mentes
2499 1093 2710 1136 nostras
2738 1071 3066 1145 excolantus,
3094 1079 3381 1135 virtutibus
3406 1078 3598 1133 demus

1997 1181 2236 1243 operam,
2268 1181 2330 1236 ac
2359 1174 2482 1227 vitia
2511 1174 2792 1244 fugiamus.

2068 1267 2146 1321 De
2170 1278 2349 1321 nostra
2381 1281 2542 1336 porro
2565 1268 2738 1322 anima
2767 1270 2844 1323 sic
2871 1261 3140 1324 Arnobius
3167 1277 3351 1324 noster
3379 1269 3597 1334 Statuit;

1993 1375 2110 1413 eam
2137 1357 2326 1413 media:
2352 1358 2629 1428 cujusdam
2658 1361 2938 1415 mortalem
2973 1361 3112 1415 inter
3141 1367 3197 1415 et
3231 1361 3466 1415 divinam
3499 1377 3596 1416 na-

1992 1461 2166 1506 turam
2196 1465 2316 1507 esse
2339 1452 2676 1515 substantiae,
2712 1452 2913 1522 Deique
2941 1452 3205 1507 beneflcio
3237 1451 3349 1506 lieri
3393 1452 3597 1522 longae-

1989 1559 2111 1599 vam
2143 1549 2302 1615 atque
2350 1545 2731 1601 immortalem.
2761 1547 3099 1616 QuaprOpter
3141 1545 3418 1600 christiani
3450 1547 3596 1618 pium

1992 1637 2044 1692 in
2095 1638 2198 1692 hoc
2227 1637 2428 1693 mundo
2476 1638 2597 1694 vitae
2628 1651 2796 1709 genus
2844 1648 3086 1710 agentes,
3121 1650 3342 1710 sperant
3385 1639 3499 1694 fore
3544 1649 3600 1694 ut

278 1728 434 1783 sime
477 1719 752 1794 victitans,
798 1723 1006 1783 nullum
1039 1737 1271 1798 nnqnam
1313 1717 1626 1799 loquentem
1675 1727 1880 1784 audiat.
1917 1737 1965 1806 Β
1991 1723 2142 1785 suam
2177 1741 2294 1801 post
2324 1739 2552 1786 mortem
2582 1737 2635 1786 et
2663 1733 2714 1785 in
2742 1732 2957 1794 etclam,
2984 1733 3123 1786 sicut
3148 1733 3214 1785 de
3235 1745 3334 1785 suo
3361 1731 3484 1785 illuc
3510 1745 3596 1786 re-

280 1820 417 1876 lnde
441 1831 561 1891 post
590 1821 803 1892 triginta
831 1815 925 1875 aut
951 1813 1299 1892 quadraginta
1327 1813 1498 1876 annos
1525 1813 1806 1884 educatur,
1831 1829 1886 1877 et

282 1913 513 1984 prodeat
545 1914 597 1968 in
629 1907 925 1984 publicum,
957 1923 1066 1968 tum
1101 1927 1233 1968 saxo
1271 1913 1534 1978 obtusior,
1567 1912 1697 1968 nihil
1730 1913 1886 1983 plane

284 2007 477 2077 quavis
505 2003 576 2061 de
615 2023 677 2062 re
718 2001 1080 2078 interrOgalus
1124 2003 1456 2076 respondere
1495 1999 1720 2076 poterit,
1753 1997 1886 2060 nihil

281 2116 468 2156 rerum
502 2095 851 2165 naturalium,
885 2095 976 2154 aut
1004 2110 1222 2164 earum,
1270 2111 1390 2170 qua:
1423 2097 1698 2154 hominum
1743 2098 1884 2161 usui,

281 2196 373 2251 vel
408 2190 619 2251 deliciis
667 2206 723 2251 et
753 2197 1013 2266 voluptati
1045 2189 1349 2251 necessaria
1378 2194 1703 2258 creduntur,
1733 2202 1787 2248 et
1818 2193 1887 2247 ab

288 2297 513 2344 auctore
544 2297 734 2344 nostro
777 2299 1196 2356 enumerantur,
1228 2300 1412 2342 notum
1454 2287 1692 2342 habebit.
1725 2285 1887 2340 Deni-

284 2397 392 2454 que
418 2382 622 2436 nullam
656 2381 746 2436 ille
773 2381 1097 2436 articulatim
1132 2391 1186 2435 et
1224 2377 1477 2436 distincte
1505 2393 1694 2434 vocem
1722 2378 1884 2433 emit—

287 2485 386 2531 tet.
429 2474 617 2530 Nonne
643 2483 823 2529 autem
865 2473 990 2528 hinc
1033 2471 1315 2528 evidenter
1341 2472 1624 2528 coniicitur
1651 2472 1887 2526 animam

289 2568 436 2623 illius
461 2568 513 2622 in
542 2567 802 2622 mundum
831 2582 936 2622 non
965 2564 1181 2622 venisse
1211 2566 1465 2621 omnibus
1505 2565 1750 2620 scientiis
1780 2563 1888 2618 ins-

293 2661 560 2716 tractam?

371 2756 558 2810 Postea
580 2753 850 2808 Arnobius
872 2753 1202 2808 contrarium
1226 2749 1467 2806 Platonis
1487 2746 1888 2821 argumentum,

289 2865 358 2903 ex
386 2864 553 2918 puero
588 2847 656 2902 de
685 2847 924 2900 numeris
950 2845 1282 2915 interrogato
1311 2844 1558 2914 petitum,
1595 2842 1895 2897 luculenter

290 2941 466 2996 diluit.
487 2940 570 2995 Ab
593 2939 696 2994 hoc
716 2954 946 3008 namque
976 2939 1081 2992 non
1105 2937 1278 2993 solum
1304 2951 1493 3007 puero,
1519 2951 1709 2991 verum
1731 2937 1892 2992 etiam

289 3037 358 3092 ab
389 3036 501 3102 illo,
533 3035 602 3090 de
624 3051 731 3106 quo
757 3035 958 3090 dictum
985 3041 1097 3099 est,
1145 3031 1572 3103 quadragenario
1601 3030 1819 3085 homine
1848 3032 1893 3085 si

290 3130 416 3202 qttid
448 3129 517 3184 de
543 3127 998 3199 multiplicandis,
1051 3135 1143 3180 aut
1178 3123 1480 3179 dividendis
1504 3124 1766 3185 numeris,
1801 3130 1894 3175 aut

293 3222 575 3294 triangulis
593 3231 645 3276 et
666 3220 938 3292 quadratis
958 3219 1220 3290 inquiras,
1235 3215 1648 3294 mutttsomnino
1665 3215 1787 3280 erit,
1802 3226 1895 3268 aut

291 3316 641 3390 respondebit
660 3325 765 3370 non
783 3314 999 3385 quidem
1018 3325 1082 3368 ex
1109 3314 1229 3366 [icta
1257 3327 1286 3365 a
1312 3310 1535 3364 Platone
1556 3308 1891 3380 'cognitarum

291 3411 416 3466 olim
446 3419 628 3465 rerum
663 3409 942 3473 memoria,
990 3405 1082 3460 sed
1113 3420 1178 3458 ex
1209 3405 1274 3458 iis
1311 3403 1430 3474 qum
1458 3400 1768 3472 quotidiano
1797 3415 1895 3455 usu

291 3502 499 3558 didicit.
533 3500 790 3556 llomines
833 3495 1109 3554 enimvero
1137 3495 1512 3567 magistrorum
1553 3509 1774 3549 suorum
1810 3493 1896 3546 in-

293 3591 596 3658 stitutione,
621 3589 1075 3661 quemadmodum
1107 3587 1356 3643 animalia
1379 3602 1479 3642 usu
1502 3595 1557 3641 ct
1585 3583 1898 3640 assiduitate

294 3685 638 3744 erudiuntur.
682 3687 872 3740 Anima
903 3685 1063 3755 igitur
1101 3681 1353 3746 liumana,
1379 3679 1616 3735 scientiis
1649 3677 1899 3734 omnibus

301 3785 582 3846 instructa,
609 3780 713 3835 huc
736 3795 840 3833 non
863 3776 1191 3833 adventavit.
1216 3776 1418 3830 Docere
1440 3773 1703 3845 siquidem
1721 3771 1899 3842 potius

302 3872 540 3939 deberet,
569 3887 728 3942 quam
757 3869 960 3926 doceri.

375 3966 558 4038 Neque
593 3965 795 4021 dixeris
831 3970 1062 4017 animam
1086 4001 1100 4026 ,
1145 3960 1232 4015 ubi
1275 3959 1488 4029 corpori
1532 3956 1895 4028 conjungitur,

297 4063 542 4136 priorum
569 4060 833 4126 oblivisci,
864 4069 1044 4129 atque,
1077 4065 1135 4110 ut
1161 4057 1330 4118 aiunt,
1361 4073 1424 4110 ea:
1449 4055 1596 4108 docta
1629 4055 1899 4108 elementa-

295 4159 429 4212 riam
458 4156 590 4226 ﬁeri,
627 4153 678 4208 id
704 4163 808 4218 est,
834 4151 1028 4222 primis
1059 4150 1343 4205 clementis
1383 4147 1748 4202 imbuendum.
1781 4146 1898 4199 Pri-

297 4266 447 4305 mum
471 4250 616 4305 enim
646 4247 758 4310 illa,
792 4245 1110 4300 docentibus
1149 4242 1339 4297 iisdem
1370 4238 1726 4311 philosophis,
1766 4241 1906 4294 sim-

299 4343 456 4414 plicis
487 4352 542 4396 et
583 4343 914 4409 incorporea:
954 4347 1038 4393 est
1062 4337 1398 4392 substantite.
1433 4333 1724 4403 Coniuncta
1771 4349 1900 4403 ergo

297 4436 518 4507 corpori
548 4434 678 4488 nihil
710 4431 1004 4502 Spiritualis
1033 4441 1257 4494 naturae,
1289 4439 1343 4483 et
1374 4428 1612 4498 pristinae
1642 4429 1900 4499 cognitio-

297 4532 383 4585 nis
411 4530 663 4583 amitterc
715 4536 907 4596 potest.
944 4521 1183 4578 Mortalis
1207 4523 1404 4593 quippe
1447 4532 1501 4577 et
1537 4521 1900 4592 corruptibilis

299 4627 476 4680 lieret.
510 4621 716 4677 Deinde
758 4618 972 4690 quando
1018 4618 1107 4672 illa
1154 4617 1348 4687 corpus
1397 4614 1619 4683 animat,
1672 4615 1898 4684 plurium

296 4729 424 4773 ante
449 4716 722 4786 octoginta
749 4722 908 4784 atque
952 4711 1182 4782 amplius
1211 4725 1382 4764 annos
1411 4726 1438 4763 a
1472 4726 1530 4764 se
1560 4709 1817 4764 laetorum
1850 4717 1904 4763 et

297 4811 645 4870 auditorum,
683 4805 1028 4865 recordatur;
1074 4801 1241 4857 multo
1280 4816 1411 4871 ergo
1449 4799 1619 4871 magis
1660 4800 1897 4868 illormn,

299 4919 420 4973 qua:
441 4912 568 4955 ante
599 4915 749 4954 suam
781 4912 1009 4966 corpore
1034 4894 1432 4966 copulationctn
1470 4901 1714 4956 noverat,
1744 4893 1903 4958 remi-

301 4997 437 5051 nisci
464 4994 708 5049 deberet.
746 4991 1026 5045 Postremo
1057 4987 1102 5041 si
1135 4987 1248 5041 haec
1287 4985 1594 5055 eonjunctio
1620 4983 1820 5039 clliciat
1848 4994 1904 5038 ut

302 5092 527 5162 pristina
563 5071 786 5144 scientia
814 5085 1028 5141 excidat
1067 5100 1130 5138 ex
1161 5084 1361 5147 anima,
1409 5081 1680 5153 quomodo
1718 5081 1904 5136 dicunt

297 5199 422 5240 eam
451 5184 593 5239 scire
627 5195 685 5236 se
715 5193 835 5236 esse
880 5179 1274 5248 incorpoream,
1319 5176 1695 5240 immortalem,
1730 5175 1902 5231 omni-

301 5291 408 5346 que
436 5276 564 5329 olim
590 5273 847 5328 imbutam
869 5271 1112 5333 scientia,
1137 5269 1230 5325 sed
1257 5271 1494 5324 omnium
1517 5281 1636 5340 quae
1659 5279 1900 5338 noverat,

305 5381 416 5424 tum
445 5360 709 5424 oblitam?

378 5465 601 5519 Demum
656 5459 924 5516 Arnobius
965 5471 1032 5513 ex
1076 5457 1160 5512 his
1201 5454 1268 5511 ita
1318 5456 1599 5527 disputatis
1635 5453 1905 5511 concludit

306 5557 574 5612 hominem
610 5553 978 5625 protelarium,
1009 5551 1312 5614 classicum,
1343 5550 1518 5619 capite
1551 5563 1793 5611 censum,
1842 5564 1903 5604 ac

307 5659 526 5719 prersus
571 5649 818 5716 inopem,
851 5646 1026 5716 primo
1051 5643 1248 5712 ordini,
1288 5644 1389 5698 hoc
1415 5653 1531 5708 est,
1570 5643 1756 5698 divino
1797 5657 1901 5696 non

304 5739 739 5802 adscribendum,
775 5753 873 5792 nec
901 5738 948 5791 ei
981 5737 1225 5792 eamdem
1251 5745 1409 5806 atque
1437 5735 1546 5791 Deo
1570 5734 1900 5790 tribuendam

309 5829 789 5894 immortalitatem.
827 5832 997 5892 Secus
1040 5832 1184 5890 enim
1223 5829 1388 5892 nullis
1412 5830 1647 5892 fortuitis
1692 5830 1906 5890 casibus

1923 4488 1978 4549 1)

1988 1817 2177 1893 gressu
2223 1819 2422 1877 ethnici
2478 1815 2866 1893 gloriabantur,
2898 1823 3212 1894 remigrent,
3241 1831 3296 1878 et
3325 1822 3544 1893 insuper
3571 1834 3600 1876 a

1991 1916 2105 1971 Deo
2127 1921 2345 1970 :cterua:
2371 1915 2645 1971 felicitatis
2686 1907 2986 1986 prznmium,
3036 1917 3340 1972 certissimo
3370 1917 3600 1971 miracu-

1993 2009 2168 2065 lorum
2200 2022 2423 2064 suorum
2449 2002 2669 2081 pignore
2710 2008 2740 2063 ὲ
2781 2004 2997 2065 Christo
3033 2011 3356 2080 promissum
3402 2023 3596 2066 conse-

1994 2111 2249 2172 quantur.

2065 2189 2327 2263 Quoniam
2351 2205 2529 2253 autem
2555 2197 2714 2252 modo
2735 2189 2934 2262 anima,
2968 2198 3298 2268 inquichant,
3337 2198 3382 2252 si
3410 2196 3600 2252 mediae

1994 2289 2138 2343 illius
2179 2281 2456 2362 qualitatis
2495 2291 2586 2356 sit,
2620 2295 2794 2360 potest
2835 2303 3068 2361 unquam
3099 2283 3418 2346 imtnortalis
3444 2290 3594 2345 ﬁeri!

1974 2380 2306 2454 .Respondet
2333 2383 2602 2436 Arnobius
2623 2377 2754 2437 satis
2778 2381 2933 2437 nobis
2967 2379 3094 2436 illud
3126 2395 3266 2447 esse,
3301 2382 3443 2452 quod
3479 2395 3600 2435 om-

1997 2467 2245 2548 nipotens
2285 2475 2447 2542 Deus,
2480 2479 2565 2532 cui
2591 2477 2719 2532 nihil
2745 2477 3011 2532 obsistere
3040 2487 3235 2547 potest,
3271 2491 3370 2531 nos
3410 2476 3476 2531 de
3503 2475 3603 2530 hac

1995 2570 2190 2624 animae
2227 2579 2425 2626 nostras
2460 2565 2860 2625 immortalitate
2896 2579 3051 2625 certo
3085 2568 3272 2624 fecerit
3316 2568 3599 2623 certiores.

1997 2653 2135 2730 Quid
2159 2657 2288 2719 vero
2316 2663 2456 2735 quod
2482 2663 2698 2734 ipsimct
2726 2656 2924 2717 ethnici
2945 2655 3096 2716 fateri
3119 2659 3452 2731 cogebantur
3467 2660 3601 2716 deos

1996 2769 2124 2813 suos
2155 2748 2268 2812 sive
2295 2756 2511 2828 angelos
2549 2766 2604 2811 et
2628 2756 2903 2810 daemones
2931 2753 3236 2824 huiusmodi
3266 2750 3456 2806 media:
3479 2767 3600 2806 esse

1999 2851 2302 2922 qualitatis:
2329 2849 2757 2920 quandoquidem
2780 2864 2874 2904 eos
2895 2845 3181 2918 aliquando
3210 2855 3384 2912 natos,
3414 2855 3595 2917 postea

2000 2950 2248 3014 suprema
2277 2943 2366 2998 Dei
2401 2944 2567 3012 patris
2595 2943 2887 3009 voluntate,
2923 2942 3076 2996 sicuti
3107 2939 3262 2995 Plato
3291 2940 3475 3007 docet,
3501 2939 3601 2994 iui-

1923 3065 1968 3127 C
2002 3038 2258 3092 mortales
2280 3035 2448 3092 factos
2479 3028 2876 3092 existimabant.

2077 3129 2262 3184 Anima
2297 3131 2473 3199 Itaque
2505 3138 2685 3184 nostra
2717 3139 2744 3182 a
2787 3135 3037 3198 Suprema
3073 3123 3301 3196 quadam
3335 3134 3600 3197 potestate

2003 3221 2099 3278 fuit
2124 3227 2327 3290 ereala,
2357 3223 2449 3278 scd
2469 3213 2568 3278 nec
2589 3219 2783 3278 divinae
2810 3221 2997 3293 prolis,
3025 3213 3125 3275 nec
3150 3222 3345 3275 summi
3379 3219 3470 3273 Dei
3493 3221 3597 3274 lilia

2001 3323 2105 3372 eSt.
2138 3316 2323 3370 Tanta:
2343 3315 2539 3386 quippe
2568 3315 2612 3370 si
2643 3313 2828 3368 fuisset
2851 3311 3195 3383 perfectionis
3216 3309 3350 3365 nihil
3371 3311 3601 3381 amplius

2000 3413 2185 3482 posset
2207 3412 2333 3465 inea
2355 3408 2670 3475 desiderari,
2703 3419 2803 3463 nec
2841 3407 3069 3462 diversae
3108 3415 3291 3462 essent
3319 3405 3598 3460 hominum

2006 3506 2290 3561 sententiae
2323 3519 2419 3559 nec
2443 3503 2546 3558 ulla
2569 3515 2756 3557 eorum
2788 3501 2964 3556 anima
2996 3515 3062 3556 ex
3095 3501 3266 3555 beatis
3297 3500 3515 3555 sedibus
3547 3504 3598 3556 in

2005 3607 2202 3671 corpus
2227 3599 2362 3654 mitti
2393 3598 2672 3654 \‘oluisset.

2077 3692 2192 3747 Non
2214 3693 2411 3763 patitur
2436 3700 2611 3746 autem
2636 3689 2906 3745 Arnobius
2933 3689 3032 3744 sibi
3064 3689 3224 3758 ohjici
3243 3687 3498 3743 mundum
3524 3689 3600 3743 si-

2005 3803 2074 3843 ne
2116 3787 2334 3841 homine
2369 3799 2490 3840 esse
2534 3781 2928 3855 imperfectum,
2965 3791 3128 3853 atque
3168 3781 3372 3837 idcirco
3409 3781 3596 3845 Deum,

2005 3878 2420 3948 uniuscujusque
2459 3878 2692 3932 animam
2733 3893 2799 3931 ex
2835 3878 3015 3946 seipso
3053 3877 3287 3947 genitam
3329 3877 3380 3930 iu
3416 3876 3603 3930 huma-

2006 3982 2132 4026 num
2157 3970 2368 4024 misisse
2397 3975 2615 4037 corpus.
2642 3967 2847 4038 Duplici
2889 3973 3168 4023 enimvero
3213 3969 3478 4039 longaque
3521 3967 3601 4022 in-

2007 4065 2255 4119 duetidne
2287 4062 2457 4133 palam
2486 4061 2576 4117 ille
2605 4057 2781 4116 facere
2812 4069 3038 4115 canatur
3073 4060 3344 4115 hominem
3390 4077 3494 4115 non
3534 4061 3601 4116 ad

2007 4156 2391 4230 perfectionem
2423 4154 2630 4222 mundi,
2664 4154 2755 4224 qui
2785 4153 3005 4224 quidem
3038 4154 3156 4208 sine
3184 4151 3274 4207 illo
3317 4165 3437 4208 esse
3461 4164 3605 4224 pote-

2007 4259 2111 4316 rat,
2127 4248 2220 4305 sed
2239 4247 2304 4302 ad
2328 4247 2586 4317 privatam
2606 4244 3129 4317 ipsiusmethomiuis
3145 4244 3422 4300 utilitatem
3453 4259 3604 4300 com-

2010 4335 2428 4410 moditatemque
2465 4351 2587 4394 esse
2623 4346 2884 4393 creatum.
2928 4340 3101 4408 Atque
3125 4353 3190 4393 ex
3232 4337 3297 4393 iis
3333 4339 3606 4396 concludit

2008 4437 2268 4500 divinam,
2299 4448 2404 4488 non
2427 4449 2548 4489 esse
2571 4434 2826 4499 animam,
2867 4449 2987 4504 qua:
3028 4431 3371 4504 postmodum
3401 4435 3454 4488 in
3477 4449 3600 4490 cor-

2009 4542 2108 4598 pus
2134 4526 2347 4597 aliquod
2377 4543 2407 4582 a
2433 4527 2544 4583 Deo
2571 4535 2782 4582 summo
2803 4528 2966 4582 missa
2988 4527 3168 4581 fuerit.

2079 4621 2150 4676 At
2173 4635 2289 4686 sua,
2318 4621 2583 4692 inquiunt,
2606 4620 2904 4685 voluntate,
2941 4634 3047 4674 non
3072 4619 3164 4673 Dci
3187 4618 3342 4690 jussu
3373 4619 3518 4674 venit
3549 4621 3601 4675 in

2007 4714 2284 4769 mundum.
2311 4713 2420 4769 Cur
2448 4729 2600 4785 ergo,
2639 4709 2932 4784 respondet
2977 4711 3286 4770 Arnobius?
3331 4711 3601 4782 Numquid

2008 4799 2132 4879 quia
2160 4809 2553 4880 Deusjubendo
2595 4817 2651 4862 ut
2683 4810 2879 4875 veniat,
2919 4809 3150 4878 ipsemet
3182 4807 3324 4862 Dens
3359 4807 3598 4861 omnium

2005 4901 2392 4968 calamitatum,
2439 4902 2631 4971 quibus
2677 4899 2910 4954 homoiu
2938 4900 3039 4953 hoc
3075 4897 3276 4953 mundo
3315 4897 3599 4968 premitur,

2006 5002 2166 5063 atque
2191 4989 2351 5048 etiam
2379 5000 2720 5057 cunctorum,
2744 5005 2863 5062 quae
2887 4999 3162 5061 perpetrat
3189 4989 3454 5046 scelerum
3482 5007 3600 5044 cau-

2007 5099 2064 5141 sa
2090 5085 2397 5141 diceretur?
2423 5086 2492 5139 At
2510 5084 2729 5151 nullius,
2751 5083 2827 5137 ait
2853 5081 2964 5149 ille,
2992 5080 3246 5151 ponderis
3261 5092 3343 5136 est
3368 5082 3484 5136 haec
3511 5097 3598 5136 ra-

2011 5179 2102 5234 tio.
2149 5178 2282 5245 Quia
2313 5177 2454 5233 enim
2487 5191 2596 5231 non
2639 5173 2890 5246 prohibet
2918 5172 3370 5246 quemadmodum
3401 5185 3600 5243 potest,

2009 5287 2079 5328 ne
2109 5271 2270 5328 homo
2301 5269 2482 5326 veniat
2508 5269 2561 5323 in
2590 5269 2732 5323 hunc
2777 5266 3059 5333 mundum,
3105 5265 3417 5321 earumdem
3460 5266 3604 5324 illius

2009 5368 2272 5423 scelerum
2303 5377 2358 5421 et
2384 5363 2750 5420 calamitatum
2783 5376 2888 5416 non
2931 5362 3110 5417 minus
3138 5363 3299 5416 eausa
3344 5359 3602 5415 dicendus

2011 5461 2131 5518 erit.
2163 5459 2268 5515 Sed
2296 5458 2349 5514 id
2376 5457 2446 5514 de
2472 5457 2565 5512 illo
2592 5457 2710 5512 sine
2734 5455 2965 5511 maxima
2996 5454 3269 5525 impietate
3290 5455 3602 5524 pronuntia-

2010 5557 2055 5607 ri
2087 5565 2194 5606 non
2223 5560 2422 5622 potest.

2084 5643 2360 5713 Urgebant
2387 5641 2622 5699 ethnici:
2663 5641 2757 5696 Dic
2781 5641 2940 5712 igitur
2967 5638 3123 5694 nobis
3154 5638 3293 5694 unde
3325 5640 3601 5711 progenita

2009 5747 2099 5790 aut
2132 5731 2338 5805 prolata
2371 5735 2441 5790 sit
2461 5736 2660 5790 anima.
2695 5732 2802 5789 Sed
2831 5731 2954 5800 hoc,
2982 5731 3175 5803 inquit,
3207 5731 3495 5805 Arnobius,
3527 5733 3603 5820 si:

2012 5839 2103 5890 cut
2129 5839 2183 5888 et
2208 5831 2309 5887 alia
2344 5829 2496 5901 plora
2525 5829 2772 5900 ignorare
2818 5841 3144 5899 possumus,
3195 5824 3408 5907 tametsi
3454 5825 3600 5889 illam
