4142 6262
516 285 623 338 373

1763 276 2211 335 DISSERTA'I‘IO
2246 276 2526 334 PREViA
3704 276 3771 329 37

519 409 621 453 nec
650 396 905 461 divinam,
926 409 1027 450 nec
1056 395 1148 449 Dei
1169 393 1475 464 progeniem
1505 406 1624 448 esse
1650 399 1987 463 compertum
2014 405 2111 445 no—
2136 391 2187 451 Λ
2215 398 2360 455 sunt,
2393 389 2462 444 de
2492 389 2681 445 mundi
2704 390 2928 459 origine,
2963 392 3103 458 loco,
3134 401 3189 447 et
3218 392 3360 456 situ;
3390 390 3460 446 de
3488 390 3629 458 nive,
3663 390 3804 460 sole,

519 489 602 544 bis
628 489 719 542 sit.
755 487 966 542 Scimus
987 489 1128 541 enim
1155 486 1282 541 nihil
1310 501 1338 538 a
1362 485 1474 541 Deo
1496 500 1706 540 summo
1732 484 1846 541 fieri
1874 499 2111 554 unquam

518 585 779 653 potuisse,
814 580 916 635 nisi
945 579 1196 634 omnibtts
1238 579 1474 633 numeris
1502 578 1827 633 absolutum.
1859 576 1970 633 Nec
2011 577 2111 631 mi-

517 689 621 729 nus
646 682 796 728 certo
823 671 1200 742 cognoscimus
1221 669 1467 724 homines
1495 669 1626 723 nihil
1656 685 1777 724 esse
1806 669 1974 736 aliud,
2007 668 2110 723 nisi

516 766 726 820 animas
751 767 964 833 corpori
1004 763 1271 833 alligatas,
1304 779 1421 831 qua:
1451 761 1689 817 omnium
1738 761 1986 815 vitiorum
2015 776 2103 831 ge-

515 871 646 911 nere
673 863 1106 924 corrumpuntur.
1131 852 1383 920 Quamvis
1412 854 1557 905 enim
1583 850 1797 920 quidam
1825 851 2110 922 inculpatis

513 951 839 1021 optimisque
865 948 973 1003 sint
1015 948 1277 1013 moribus,
1307 957 1456 1000 certe
1499 946 1551 1000 hi
1602 946 1908 1016 paucissimi
1959 957 2106 1012 sunt,

515 1062 615 1101 nec
659 1060 823 1115 parvo
867 1059 1080 1107 eorum,
1119 1056 1257 1113 quos
1284 1040 1555 1096 Arnobius
1581 1041 1852 1111 proponit.
1885 1055 2110 1095 numero

515 1140 886 1194 aestimandum
916 1148 998 1192 est
1045 1146 1215 1191 totum
1246 1150 1417 1205 genus
1450 1137 1760 1188 lmmannm.
1810 1133 2108 1203 Ecquinam

513 1248 663 1297 vero,
719 1233 887 1302 percit
936 1231 1044 1296 ille,
1080 1228 1301 1300 perfecti
1342 1237 1467 1281 sunt
1513 1225 1797 1281 homines?
1844 1226 2109 1297 Numquid

519 1325 851 1396 philosophi!
884 1324 1045 1393 Atqui
1089 1324 1139 1376 hi
1183 1322 1423 1393 quotidie
1463 1336 1586 1375 cum
1626 1320 2009 1388 cupiditatibus
2055 1329 2113 1376 et

513 1419 675 1473 variis
702 1418 863 1472 animi
913 1416 1191 1471 affectibus
1223 1426 1540 1486 pugnantes,
1569 1414 1804 1468 animam
1847 1428 1999 1468 suam
2041 1413 2110 1468 ad

512 1514 642 1567 vitia
666 1511 980 1580 proclivem,
1012 1520 1065 1564 et
1108 1508 1375 1563 infirmam
1417 1522 1538 1561 esse
1565 1507 1960 1562 demonstrant.
1992 1504 2110 1561 Non

513 1622 641 1674 ergo
665 1606 840 1661 tltviua
865 1616 948 1657 est
975 1605 1186 1657 illorum
1220 1618 1317 1656 nec
1339 1601 1567 1655 aliorum
1597 1602 1796 1654 anima.

2213 482 2359 549 luna,
2392 498 2456 538 ac
2488 482 2657 538 stellis
2682 499 2697 550 ;
2727 484 2793 539 de
2814 483 3015 554 pluvia,
3041 495 3221 552 vento,
3247 494 3623 555 tempeStatum
3646 484 3808 539 vicis-

2214 575 2473 639 situdine.
2522 575 2590 630 de
2615 577 2758 631 salso
2788 578 2923 631 mari
2951 594 2965 640 ;
2993 577 3060 631 de
3087 576 3410 648 quibusdam
3453 577 3611 632 terris
3637 575 3811 632 dulci-

2214 666 2335 734 bus,
2369 669 2589 732 amaris,
2618 668 2849 739 frigidis,
2876 684 2939 725 ac
2967 668 3036 725 de
3059 674 3412 725 humanorum
3441 667 3803 725 membrorum

2214 760 2633 830 compositione.
2675 760 2863 832 Neque
2910 762 3080 833 magis
3126 772 3322 817 norunt
3350 762 3474 832 quid
3516 762 3569 816 in
3607 760 3807 817 mundo

2217 851 2417 905 faciant
2442 851 2705 918 bubones,
2738 853 3047 920 immissuli,
3074 853 3332 917 formicae,
3358 868 3568 923 vepres,
3596 852 3801 920 lolium,

2215 944 2426 1015 aliaque
2455 946 2539 1001 his
2565 946 2793 1010 similia;
2826 963 2923 1002 cur
2953 946 3043 1001 tali
3076 962 3176 1002 nec
3217 947 3320 1001 alia
3352 946 3516 1017 figura
3547 947 3804 1013 triticum,

2216 1035 2320 1101 far,
2350 1037 2638 1103 hordeum,
2669 1049 2976 1110 etuleraque
2994 1039 3116 1094 usni
3141 1039 3373 1094 humano
3391 1049 3535 1109 apta.
3562 1054 3661 1094 nec
3680 1038 3807 1111 quid

2215 1130 2431 1186 tandem
2459 1132 2567 1188 sint
2594 1132 2749 1199 odor,
2784 1148 2968 1203 sapor,
2998 1144 3159 1202 atque
3180 1134 3301 1187 alizr.
3323 1133 3650 1202 ejnscemodi
3677 1148 3809 1202 qua-

2213 1226 2410 1281 litatcs.
2446 1225 2613 1283 Recte
2659 1228 2841 1297 itaque
2882 1228 3149 1289 Christus.
3184 1243 3344 1283 verus
3377 1228 3548 1295 Deus,
3579 1227 3679 1283 sub
3710 1226 3811 1283 lto-

2215 1320 2376 1373 minis
2398 1319 2567 1375 forma
2598 1320 2831 1384 locutus,
2851 1321 3008 1391 jubet
3027 1336 3125 1377 nos
3145 1322 3349 1377 relictis
3377 1321 3525 1377 hisce
3540 1322 3810 1387 omnibus,

2214 1412 2588 1483 similibusque
2631 1413 2752 1468 aliis
2782 1414 3195 1484 qumstionibus,
3224 1414 3292 1468 ad
3323 1429 3504 1470 rerum
3531 1414 3813 1472 universa-

2217 1520 2335 1559 rum
2363 1504 2640 1560 dominum
2673 1515 2784 1560 tota
2817 1515 2999 1562 mente
3041 1505 3261 1568 adtolli,
3295 1516 3458 1575 atque
3503 1514 3813 1576 perpetuam

2218 1597 2390 1667 ipsius
2418 1598 2618 1656 habere
2666 1599 3008 1662 memoriam,
3042 1600 3132 1671 qui
3166 1601 3381 1656 tametsi
3428 1600 3815 1672 comprehendi

585 1697 695 1752 Nec
730 1706 813 1751 est
836 1695 976 1766 qttod
1002 1695 1214 1749 rideant
1235 1694 1459 1759 ethnici,
1492 1693 1536 1746 si
1563 1708 1820 1763 negemus
1847 1693 2114 1748 nobisin-
2144 1713 2192 1772 Β
2218 1704 2476 1762 nequeat,
2505 1693 2688 1748 nullus
2716 1704 2893 1749 tamen
2923 1693 3024 1748 nisi
3054 1708 3263 1759 amens,
3297 1694 3445 1748 illum
3474 1694 3649 1749 solum
3688 1708 3818 1750 esse

513 1800 850 1861 compertum
867 1805 987 1844 esse
1005 1787 1275 1859 quomodo
1297 1787 1384 1842 illa
1401 1796 1580 1842 creata
1594 1787 1683 1840 sit.
1704 1786 1895 1841 Nulltts
1914 1788 2116 1842 ctenim

513 1884 764 1941 irrisione
788 1884 985 1955 dignus
1005 1894 1109 1948 est,
1139 1884 1228 1953 qui
1273 1881 1472 1953 aliquid
1504 1881 1697 1945 nescit,
1722 1891 1815 1935 ant
1843 1882 1932 1951 qui
1971 1883 2117 1950 quod

514 1989 708 2043 nescit,
735 1977 785 2032 id
809 1994 869 2033 se
890 1978 1100 2033 nescire
1124 1979 1433 2034 contitetur.
1465 1978 1528 2030 At
1549 1976 1639 2030 ille
1657 1983 1850 2031 merito
1881 1976 2115 2032 irriden-

515 2072 636 2135 dns,
654 2072 742 2141 qni
771 2087 829 2126 se
852 2072 990 2125 scire
1007 2082 1151 2141 putat
1172 2052 1614 2141 qnodohscurum
1633 2078 1738 2132 est,
1755 2078 1805 2122 ct
1824 2069 2114 2125 humanam

514 2176 731 2235 superat
756 2166 1143 2236 cognitionem.
1191 2165 1462 2219 Prmterea
1510 2164 1600 2233 qui
1648 2163 1855 2217 animas
1883 2163 1950 2216 ab
1997 2162 2115 2233 ipso

514 2273 726 2312 summo
764 2257 909 2327 Rege
948 2257 1000 2312 itt
1033 2256 1264 2312 hominis
1314 2269 1509 2325 eorpns
1551 2253 1883 2310 descendere
1912 2254 2116 2323 opina—

518 2352 729 2418 bantur,
766 2352 897 2406 nihil
929 2349 1276 2421 proferebant
1299 2352 1431 2406 certi
1461 2358 1515 2405 et
1539 2348 1826 2418 explorati,
1858 2347 1953 2403 sed
1994 2361 2114 2403 Sus-

516 2445 756 2515 piciones
788 2453 990 2500 tantum
1019 2458 1082 2499 ac
1107 2443 1461 2513 conjecturas,
1492 2458 1610 2513 quae
1639 2441 1766 2496 nihil
1796 2440 1940 2496 aliud
1966 2450 2110 2505 sunt,

521 2542 626 2596 nisi
657 2545 860 2596 incerta
885 2538 1086 2609 opinio,
1122 2548 1174 2593 et
1201 2539 1276 2593 rei
1310 2539 1477 2607 ipsius
1505 2537 1828 2604 ignorantia.

588 2632 668 2688 Ad
683 2632 799 2688 haec
821 2647 971 2698 vero,
994 2630 1452 2700 ip-imetgentiles
1475 2630 1776 2699 philosoithi
1803 2627 2117 2684 nesciebant

514 2724 657 2780 unde
677 2725 933 2792 qualesve
961 2723 1070 2778 sint
1089 2724 1523 2793 elephantorum,
1541 2738 1845 2787 cervorum,
1872 2723 2109 2788 leonum,

511 2816 849 2886 aliorumque
883 2815 1221 2880 animalium,
1254 2817 1418 2868 immo
1460 2828 1593 2870 vero
1624 2828 1726 2869 nec
1758 2814 2110 2878 locustarum,

516 2914 771 2968 murium.
804 2910 1062 2971 sericum,
1088 2918 1141 2963 et
1162 2908 1387 2963 aliarum
1410 2907 1741 2974 ejnscemodi
1767 2907 2111 2961 ltestiolarutn

515 3006 740 3070 animae;
773 3021 904 3075 quas
934 3003 1149 3073 quidem
1177 3018 1242 3057 ex
1268 3003 1455 3057 lictitio
1476 3001 1713 3056 Platonis
1737 3011 1948 3057 cratere
1968 3009 2116 3055 ortas

2226 1785 2394 1842 Deum
2424 1786 2668 1859 ambigit.
2704 1788 2962 1844 Ethnicos
2991 1788 3175 1859 igitur,
3203 1789 3292 1858 qui
3322 1803 3445 1844 eum
3492 1802 3598 1842 non
3624 1801 3825 1858 agnos-
3882 1796 3885 1799 '

2221 1889 2366 1946 cunt,
2401 1891 2618 1937 manent
2643 1884 2773 1937 stevi
2801 1892 2922 1953 post
2945 1891 3173 1937 mortem
3195 1883 3482 1947 cruciatus,
3509 1891 3801 1953 quantum-

2221 1972 2304 2027 vis
2333 1971 2494 2043 Magi,
2530 1973 2764 2041 Etrusci,
2798 1974 2879 2031 vel
2911 1975 3028 2042 alii,
3063 1975 3188 2038 illis,
3220 1975 3265 2029 si
3296 1976 3380 2044 pie
3410 1976 3676 2034 vixerint.
3706 1990 3826 2033 cceo

2223 2066 2335 2120 lum
2385 2077 2509 2136 post
2555 2078 2788 2122 mortem
2840 2077 3030 2139 patere
3060 2067 3385 2139 spondeant.
3426 2067 3482 2123 lo
3508 2068 3651 2125 illius
3679 2069 3823 2124 enim

2220 2161 2391 2218 solius
2424 2163 2555 2230 Dei,
2589 2164 2814 2219 minime
2844 2180 2974 2219 Vero
3003 2164 3261 2231 aliorum,
3312 2164 3709 2233 quantumlibet
3751 2166 3826 2221 dii

2219 2254 2487 2318 dicantur,
2520 2265 2788 2327 potestate
2832 2257 3064 2328 positum
3094 2267 3178 2313 est
3213 2256 3470 2312 conferre
3510 2258 3822 2314 immortali-

2219 2336 2406 2405 tatem.
2433 2347 2696 2417 Quocirca
2734 2349 2984 2406 Christus
3023 2351 3093 2405 ab
3139 2350 3231 2405 illo
3262 2351 3462 2406 missus
3487 2360 3589 2417 est,
3638 2359 3698 2407 ut
3724 2367 3826 2409 nos

2215 2442 2284 2496 ab
2314 2443 2552 2507 interitu,
2597 2453 2760 2515 atque
2785 2444 2951 2499 exitio
2986 2445 3270 2500 liberaret.

2293 2534 2431 2603 Quid
2456 2549 2605 2605 ergo,
2635 2538 2930 2607 arguebant
2961 2537 3189 2598 ethnici,
3218 2546 3399 2592 actum
3424 2548 3510 2593 est
3538 2537 3607 2593 de
3630 2552 3824 2594 eorum

2218 2628 2521 2690 animabus,
2555 2628 2645 2698 qui
2693 2639 2819 2683 ante
2866 2628 3068 2683 Christi
3097 2628 3388 2684 adventum
3433 2630 3631 2684 mortui
3660 2632 3829 2686 sunt?

2215 2720 2460 2777 Christus
2488 2722 2636 2791 ipse,
2672 2723 2845 2793 inquit
2875 2723 3156 2777 Arnobius
3180 2766 3195 2786 ,
3226 2738 3326 2778 nos
3354 2722 3537 2779 docuit
3571 2738 3666 2779 eas
3692 2740 3829 2780 con-

2218 2816 2453 2871 venienti
2485 2826 2729 2885 tempore
2770 2832 2799 2870 a
2841 2831 2900 2873 se
2932 2815 3107 2871 fuisse
3134 2826 3512 2879 conservatas.
3543 2833 3606 2873 ac
3636 2818 3829 2873 libera-

2220 2920 2323 2973 tas,
2351 2909 2806 2980 quemadmodmn
2832 2910 2899 2965 ab
2924 2911 3042 2977 ipso
3068 2911 3186 2965 solo
3210 2910 3500 2966 didicimus
3525 2911 3743 2983 quando
3772 2914 3828 2969 in

2228 3006 2387 3061 terris
2414 3021 2534 3061 esse
2554 3006 2788 3075 cmperit
2813 3005 3109 3061 humanum
3132 3020 3324 3074 genus,
3356 3006 3571 3074 quando
3597 3006 3828 3077 prinmm
3894 3064 3901 3069 ,

516 3095 2123 3166 nemodixeritNecnmgisiaterphilomtphosconstataquo
2150 3128 2194 3189 Ο
2226 3098 2463 3169 alligata:
2519 3098 2631 3153 sint
2684 3097 3005 3168 corporibus
3048 3098 3273 3163 animae,
3325 3108 3379 3152 ct
3427 3097 3548 3168 quis
3596 3098 3830 3155 hominis

514 3199 571 3245 et
597 3203 663 3244 ex
698 3188 892 3258 quibus
924 3186 1111 3257 primis
1144 3187 1478 3255 potissimum
1512 3186 1669 3241 rebus
1697 3187 1889 3240 anima:
1921 3195 2141 3247 nostra).

514 3284 671 3339 factae
688 3284 894 3338 sint.At
908 3283 952 3336 si
978 3282 1062 3351 pie
1081 3291 1137 3336 et
1155 3290 1379 3337 sanctea
1402 3282 1621 3336 Platone
1637 3280 1912 3336 adsertam
1934 3291 2123 3350 putant

517 3377 663 3440 illas,
711 3392 815 3430 non
861 3375 1080 3446 quidem
1110 3391 1139 3427 a
1175 3375 1284 3428 Deo
1326 3389 1560 3437 summo,
1595 3375 1690 3428 sed
1721 3374 1789 3427 ah
1818 3374 2119 3431 minoribus

517 3471 836 3542 quihusdam
862 3468 1215 3538 potestatibus
1239 3478 1473 3532 creatas,
1499 3484 1594 3523 cur
1620 3470 1776 3523 nobis
1802 3486 1907 3523 non
1938 3470 2119 3525 licebit

515 3563 676 3632 longe
717 3564 917 3617 certius
961 3562 1218 3616 adserere
1260 3561 1407 3630 ipsas
1438 3560 1630 3615 mediae
1660 3561 1947 3631 qualitatis,
1994 3577 2117 3632 qute

517 3656 731 3725 quidem
779 3656 903 3710 licet
931 3672 960 3709 a
992 3653 1375 3723 principalibus
1401 3653 1755 3722 potestatibus
1799 3670 1903 3707 non
1933 3652 2112 3721 edice,

518 3750 813 3820 mortisque
842 3750 1047 3819 legibus
1074 3750 1321 3805 obnoxiae
1349 3748 1482 3811 sint,
1508 3747 1909 3805 immortalitate
1933 3758 2113 3807 tamen

517 3862 546 3897 a
580 3845 688 3899 Deo
716 3844 981 3898 donantur
1007 3844 1031 3896 ’ἶ

589 3936 773 4008 Neque
796 3937 996 3994 dixeris
1017 3936 1148 3992 nihil
1171 3936 1383 4006 penitus
1406 3936 1524 3991 sine
1559 3935 1651 3990 Dei
1673 3935 1947 3991 voluntate
1978 3936 2115 3991 fieri.

518 4030 663 4086 Cave
699 4032 843 4086 enim
878 4046 944 4085 ne
972 4030 1096 4085 inde
1124 4028 1479 4084 concludatur
1511 4030 1679 4083 Deum
1725 4037 1805 4083 tot
1832 4044 1896 4083 ac
1935 4037 2114 4086 tanto-

518 4141 661 4192 rum,
693 4125 891 4197 quibus
923 4123 1167 4178 homines
1193 4124 1516 4185 obruontur,
1540 4136 1767 4192 qna-que
1792 4138 1856 4177 ex
1882 4123 2119 4180 elemen-

518 4227 697 4273 torum
746 4217 1113 4287 inzeqnalitate
1142 4218 1273 4271 oriri
1305 4230 1411 4270 non
1440 4225 1675 4280 constat,
1710 4216 1973 4272 malorum
2003 4232 2125 4274 esse

517 4320 817 4366 auctorem.
839 4310 951 4364 Nec
967 4310 1233 4365 curiosius
1252 4309 1417 4363 etiam
1445 4308 1687 4377 inquiras
1711 4307 1851 4363 unde
1875 4308 1960 4363 illa
1983 4309 2124 4365 mala

518 4408 786 4469 oriantur,
830 4413 887 4458 et
926 4418 1025 4458 cur
1051 4419 1114 4458 ea
1145 4403 1289 4457 Dens
1318 4402 1618 4472 permittat.
1659 4401 1792 4456 Nam
1836 4400 1939 4458 hoc
1978 4404 2118 4460 scire

517 4500 603 4553 vel
648 4497 856 4551 nescire
903 4511 1091 4566 parum
1139 4496 1397 4558 interest,
1431 4494 1593 4549 modo
1626 4510 1724 4564 pro
1762 4504 1914 4551 certo
1957 4496 2119 4567 plane

521 4591 819 4647 habeamus
850 4587 977 4642 nihil
1012 4603 1042 4641 a
1070 4603 1199 4642 vero
1228 4587 1338 4640 Deo
1367 4585 1483 4641 ﬁeri
1512 4586 1733 4653 malunt,
1765 4587 2034 4651 vitiosum,
2066 4596 2120 4642 et

522 4683 768 4747 noxium,
800 4679 1056 4751 quodque
1091 4677 1344 4735 omnibus
1375 4693 1482 4732 non
1508 4677 1578 4731 sit
1604 4678 1861 4744 salutare,
1890 4689 1947 4733 et
1972 4696 2122 4733 amo-

522 4777 598 4831 ris
627 4791 691 4829 ac
718 4773 920 4829 lwtitite
951 4772 1346 4839 plenissimum.
1395 4769 1538 4825 Nulli
1573 4779 1755 4825 autem
1788 4771 1919 4825 inira
1950 4771 2118 4828 videri

521 4871 686 4927 debet
717 4880 901 4923 nostra
928 4866 999 4923 de
1046 4876 1124 4920 tot
1153 4864 1276 4920 aliis
1304 4862 1463 4920 rebus
1495 4864 1782 4934 ignoratio.
1812 4863 1943 4932 Quis
1972 4864 2117 4920 enim

446 4946 455 4949 ⁷
522 4966 699 5023 nescit
728 4974 905 5019 tantas
941 4975 1063 5017 esse
1080 4960 1323 5035 omnium
1350 4974 1415 5015 ac
1443 4960 1741 5030 prmsertim
1770 4958 2120 5029 philusOpho-

522 5076 664 5124 rum,
698 5059 768 5113 de
797 5073 856 5112 re
886 5055 1164 5125 qualibet,
1196 5053 1266 5108 de
1295 5054 1481 5109 mundi
1509 5061 1631 5109 ortu
1673 5062 1728 5109 et
1766 5054 1982 5108 interitu
2007 5094 2024 5121 ,
2053 5053 2122 5110 de

523 5153 717 5225 primis
746 5164 927 5206 rerum
959 5147 1270 5219 primordiis
1289 5190 1306 5214 ,
1337 5148 1409 5204 de
1432 5148 1570 5213 diis,
1605 5147 1675 5203 de
1703 5147 1899 5202 animae
1923 5156 2121 5204 nostra:

521 5247 856 5309 conditione,
890 5243 1291 5304 contentiones.
1316 5252 1373 5295 ut
1393 5241 1527 5296 nihil
1548 5257 1579 5297 a
1606 5256 1875 5312 quoquam
1902 5240 2121 5296 adsera-

522 5351 628 5401 tur,
662 5338 804 5410 qnod
832 5337 904 5392 ab
932 5335 1042 5391 alio
1069 5335 1253 5390 statim
1284 5347 1393 5389 non
1433 5333 1602 5403 possit
1631 5333 1835 5391 destrui
1867 5349 1933 5391 ac
1983 5348 2119 5389 con-

522 5433 681 5488 tutari
707 5431 730 5484 ?

600 5525 858 5595 Quamvis
888 5538 1020 5597 ergo
1049 5521 1330 5578 christiani
1356 5521 1665 5591 ignorarent
1689 5535 1718 5575 a
1746 5536 1875 5590 quo.
1896 5530 1955 5577 et
1981 5520 2124 5579 unde

529 5630 713 5675 creata
742 5617 814 5672 sit
845 5625 1028 5671 nostra
1057 5615 1257 5680 anima,
1282 5611 1428 5669 unde
1446 5613 1653 5669 oriatur
1670 5612 1894 5679 malum,
1921 5614 2004 5668 vel
2025 5627 2127 5669 cur

530 5715 673 5768 Dens
701 5709 834 5766 illud
866 5711 1119 5779 patiatur,
1153 5708 1283 5766 nihil
1316 5708 1441 5764 inde
1468 5707 1727 5764 adversus
1755 5705 1875 5762 illos
1909 5704 2126 5764 efticere

525 5815 777 5880 poterant
822 5802 1094 5874 gentiles,
1145 5802 1343 5873 quibus
1390 5802 1548 5873 longe
1591 5800 1746 5872 plura
1787 5799 2126 5869 incomperta

2227 3203 2459 3247 creator.

2296 3283 2575 3353 Urgebant
2604 3283 2829 3349 ethnici,
2878 3299 2976 3339 cur
3018 3297 3150 3353 ergo
3175 3296 3370 3337 omnes
3399 3283 3607 3338 animas
3637 3284 3828 3353 aequali

2224 3376 2581 3433 beneficentia
2606 3393 2713 3430 non
2736 3376 2957 3431 liberat?
2975 3375 3197 3440 Omnes,
3221 3376 3515 3446 reSpondct
3535 3378 3824 3445 Arnobius,

2219 3469 2500 3541 aequaliter
2526 3480 2718 3535 vocat,
2752 3479 2809 3525 et
2840 3469 2909 3525 ad
2936 3484 2997 3524 se
3024 3468 3276 3525 veniendi
3311 3480 3635 3539 potestatem
3676 3471 3823 3530 fecit.

2228 3562 2419 3619 Nostra
2449 3564 2612 3635 igitur
2640 3580 2746 3618 non
2782 3563 2879 3619 Dci
2906 3564 3064 3633 culpa
3105 3574 3222 3629 est,
3250 3563 3294 3618 si
3330 3565 3475 3619 illius
3504 3565 3827 3622 beneficium

2221 3672 2335 3711 non
2361 3656 2743 3726 adsequamur.
2776 3655 2930 3725 Quod
2960 3657 3178 3727 quidem
3224 3657 3469 3713 Platonis
3508 3660 3829 3717 auctoritate

2220 3752 2524 3818 confirmat,
2551 3752 2808 3822 additque
2842 3754 3033 3817 Deum,
3065 3754 3150 3807 cui
3179 3754 3326 3810 salus
3356 3764 3536 3809 nostra
3570 3769 3823 3812 necessa-

2223 3847 2300 3900 ria
2333 3860 2439 3901 non
2468 3854 2575 3913 est,
2609 3846 2739 3901 nulli
2769 3845 2984 3901 adferre
3016 3846 3413 3901 necessitatem.

2294 3936 2599 4002 Instabam,
2641 3939 2687 3992 si
2722 3938 2861 3992 Dens
2890 3948 3082 4007 potens
3120 3953 3184 3993 ac
3213 3939 3524 3995 misericors
3564 3951 3679 4004 est,
3723 3957 3822 3996 cnr

2219 4046 2327 4087 non
2355 4031 2500 4097 facit,
2528 4040 2586 4087 ut
2614 4032 2763 4086 inviti
2788 4031 3036 4086 homines
3059 4031 3228 4101 ipsius
3253 4033 3479 4088 credant
3504 4034 3829 4103 promissis?

2228 4124 2325 4179 Vis
2348 4124 2460 4191 illa,
2491 4124 2567 4179 ait
2590 4124 2883 4188 Arnobius,
2917 4138 3023 4178 non
3046 4126 3237 4194 gratia,
3261 4125 3355 4179 sed
3380 4124 3635 4195 injustitia
3659 4137 3825 4192 esset,

2226 4232 2331 4288 qua
2378 4216 2447 4272 ab
2495 4216 2680 4271 invitis
2718 4225 3150 4284 extorqueretur,
3197 4217 3342 4287 quod
3374 4218 3550 4272 nolint
3587 4233 3651 4274 ae
3681 4219 3828 4275 refu-

2228 4310 2394 4379 giant,
2424 4308 2679 4379 quodque
2708 4309 2752 4363 si
2785 4308 2979 4371 velint,
3013 4308 3222 4378 possint
3250 4311 3534 4380 consequi.

2301 4401 2462 4458 Solus
2512 4402 2673 4473 igitur
2713 4400 3068 4467 Christianus,
3116 4402 3338 4458 aiebant
3375 4402 3600 4472 ethnici,
3627 4403 3826 4463 Christi

2184 4504 2193 4569 '_
2227 4510 2330 4565 ope
2356 4504 2409 4550 et
2431 4495 2639 4550 auxilio
2665 4494 2878 4550 beatam
2910 4494 3370 4552 immortalitatem
3401 4496 3698 4569 impetrare
3727 4517 3824 4567 po-

2225 4595 2347 4641 test.
2377 4585 2549 4642 Rectc
2572 4628 2587 4651 ,
2639 4587 2816 4657 inquit
2845 4588 3141 4642 Arnobius.
3175 4587 3287 4643 Soli
3317 4590 3518 4660 quippe
3547 4591 3621 4646 illi
3653 4591 3770 4649 haec
3794 4608 3823 4647 a

2224 4677 2337 4734 Deo
2366 4690 2516 4748 patre
2549 4677 2782 4734 facultas
2812 4679 3153 4735 conceditur.
3190 4679 3302 4736 Nec
3328 4680 3379 4736 id
3423 4696 3556 4737 sane
3594 4682 3827 4741 ethnicis

2222 4772 2459 4829 debebat
2480 4774 2676 4829 mirum
2701 4772 2894 4835 videri.
2920 4774 3010 4844 qui
3034 4775 3260 4846 Singulis
3276 4775 3379 4830 diis
3399 4776 3511 4831 suis
3527 4777 3827 4850 singulares

2184 4882 2193 4887 ·
2221 4869 2482 4941 quasdam
2514 4877 2817 4939 potestates
2845 4868 3000 4924 datas
3028 4868 3415 4940 opinabantur.

2256 4978 2263 4985 ί
2294 4963 2375 5019 Ad
2409 4971 2645 5019 veterem
2671 4962 2900 5031 deinde,
2934 4977 2999 5018 ac
3029 4963 3229 5033 stepius
3264 4964 3600 5032 refricatam,
3629 4965 3851 5023 transit.

2223 5057 2494 5113 Arnobius
2515 5057 2795 5126 gentilium
2821 5055 3238 5126 querimoniam,
3272 5072 3378 5128 qua
3403 5058 3675 5114 novellam
3700 5073 3824 5117 esse

2224 5148 2650 5204 christianornm
2672 5146 3022 5220 religionem,
3060 5156 3224 5218 atque
3250 5150 3499 5220 antiquos
3539 5158 3596 5206 et
3621 5150 3824 5221 patrios

2224 5242 2361 5299 ritus
2406 5241 2459 5298 in
2489 5240 2754 5297 barbaros
2784 5241 3213 5311 peregrinosque
3250 5240 3540 5297 mutandos
3568 5258 3676 5297 non
3700 5257 3823 5299 esse

2226 5333 2669 5404 expostulabant.
2688 5332 2867 5388 Variis
2888 5345 3066 5388 autem
3088 5332 3387 5388 rationibus
3405 5334 3640 5391 ostendit
3656 5334 3825 5393 homi-

2226 5426 2389 5482 nibus
2413 5442 2510 5481 usu
2538 5441 2759 5496 semper
2783 5426 3033 5493 venisse,
3075 5433 3136 5480 ut
3165 5425 3368 5481 salubri
3398 5429 3821 5484 commutatione

2226 5523 2388 5578 malis
2412 5532 2467 5578 et
2488 5522 2771 5578 inutilibus
2792 5520 2929 5577 bona
2953 5530 3008 5576 et
3031 5520 3602 5593 utiliatpra‘ponerent.
3624 5522 3823 5591 Quam.

2228 5615 2416 5670 obreot
2449 5629 2557 5669 non
2596 5615 2712 5685 ipsa
2742 5615 2821 5671 rei
2851 5614 3079 5684 alicujus
3109 5614 3469 5684 permutatio,
3518 5614 3617 5672 sed
3646 5625 3822 5673 muta-

2229 5708 2392 5764 tionis
2423 5722 2585 5763 cansa
2610 5722 2827 5780 semper
2872 5707 3192 5779 inquirenda
3240 5717 3345 5764 est.
3382 5707 3585 5765 Deinde
3611 5724 3742 5766 vero
3777 5713 3826 5769 si

2228 5808 2411 5859 vetera
2442 5800 2685 5860 instituta
2728 5809 2940 5860 mutare
2985 5799 3199 5861 crimini
3229 5809 3492 5869 vertatur,
3524 5800 3683 5872 hujus
3711 5803 3825 5861 crio
