4196 6246
260 231 375 288 577

1517 232 1584 287 IN
1625 229 1997 300 ARNOBIUM,
2041 232 2200 289 CAP.
2244 233 2281 287 l.

3454 231 3560 287 378

257 349 429 405 minis
470 364 600 407 reos
648 365 768 405 esse
809 349 1041 422 gentiles
1080 350 1353 406 convincit
1395 349 1669 407 Arnobius
1698 350 1855 418 longa
1886 351 1935 411 Λ
1964 346 2276 403 satisfacere
2304 346 2557 415 ethnicis,
2583 361 2799 419 semper
2819 349 3128 420 rogantibus
3153 365 3250 406 cur
3277 348 3558 406 christiani

258 446 548 511 ciborum,
587 460 827 511 morum,
859 445 1074 516 legum,
1125 459 1507 514 sacrorumque
1553 445 1751 498 rituum
1796 442 1862 497 ab

256 539 397 611 ipsis
430 550 758 594 mutatorum
784 540 1214 594 enumeratione.

336 632 611 687 Pra-terea
660 634 871 687 tametsi
922 632 1212 688 christiana
1258 632 1446 705 religio
1490 641 1614 687 ante
1660 645 1860 702 paucos

258 724 383 780 dies
412 725 764 780 disseminata
796 726 1015 791 fuisset,
1047 743 1223 781 nonne
1252 743 1339 782 res
1368 743 1557 783 omnes
1585 728 1856 789 humanas,

261 829 437 883 artes,
468 818 733 884 scientiie,
762 817 1084 889 disciplinas,
1112 836 1336 891 quarum
1368 820 1624 890 quasdam
1670 832 1859 875 auctor

257 921 456 965 noster
484 921 755 975 recenset,
807 920 986 966 ortum
1042 912 1326 967 habuere?
1367 912 1580 975 Nonne,
1613 912 1857 983 ipsismet

255 1004 558 1061 fatentibus
583 1004 842 1071 ethnicis,
875 1021 1059 1062 eorum
1088 1006 1185 1072 dii,
1232 1006 1458 1076 Jupiter,
1504 1007 1699 1075 aliique
1719 1021 1854 1073 quos

255 1098 357 1153 ille
404 1101 720 1155 nominatim
770 1101 1045 1172 appellat,
1090 1116 1213 1158 esse
1261 1102 1578 1173 caeperunt?
1622 1101 1678 1158 Si
1723 1116 1853 1173 ergo

251 1206 388 1248 ante
434 1191 542 1248 400
580 1208 753 1249 annos
796 1195 987 1265 religio
1031 1193 1321 1250 christiana
1353 1212 1459 1251 non
1487 1207 1632 1263 erat,
1678 1212 1851 1271 neque

248 1284 422 1339 etiam
469 1297 596 1339 ante
642 1286 747 1339 duo
799 1301 1061 1342 annorum
1104 1287 1272 1342 millia
1323 1287 1499 1343 nullos
1542 1287 1677 1343 deos
1720 1302 1846 1343 Suos

245 1375 427 1432 fuisse
453 1394 650 1449 negare
678 1393 781 1432 non
814 1389 1079 1449 poterant.

321 1472 399 1524 At
420 1482 651 1539 constat,
671 1473 981 1543 inquiebant
1002 1474 1098 1540 illi,
1119 1483 1354 1530 nostram
1374 1476 1685 1546 religionem
1710 1473 1846 1529 chri-

244 1563 429 1618 stiana
460 1563 616 1635 longe
645 1566 990 1621 vetustiorem
1033 1582 1188 1630 esse,
1219 1578 1381 1639 atque
1422 1568 1621 1624 ideirco
1661 1570 1841 1622 verio-

1966 439 2099 495 deos
2140 454 2238 494 nec
2268 441 2531 507 colerent,
2561 456 2658 496 nec
2697 441 3007 499 adorarent.
3041 443 3349 515 ReSpondet
3379 444 3558 512 itaque

1966 534 2016 587 in
2046 534 2155 589 Deo
2189 550 2370 589 rerum
2402 536 2640 590 omnium
2665 547 2911 593 creatore
2937 548 2991 592 et
3019 537 3376 605 moderatore,
3402 536 3559 608 quid-

1961 628 2089 698 quid
2133 627 2421 682 colendum
2472 638 2525 683 et
2572 628 2902 685 adorandum
2944 640 3027 686 est
3055 646 3085 685 a
3114 630 3423 686 christianis
3449 629 3553 686 coli

1958 733 2008 776 et
2033 722 2266 777 adorari.
2288 721 2342 777 Si
2367 724 2454 792 qui
2480 738 2608 793 ergo
2639 723 2710 778 dii
2737 724 2864 786 sint,
2894 725 2962 778 ab
2995 725 3085 779 illo
3110 724 3371 797 originem
3400 738 3553 779 suam

1959 815 2181 879 ducunt,
2214 825 2376 886 atque
2408 816 2459 870 in
2513 832 2577 871 eo
2635 818 2906 873 coluntur.
2939 818 3044 874 Sed
3075 833 3168 872 eos
3212 833 3402 873 revera
3432 832 3555 873 esse

1960 906 2091 961 deos
2123 908 2337 976 probari
2368 925 2638 978 nunquam
2671 911 2843 980 potuit
2868 910 2936 964 ab
2961 910 3208 976 ethnicis,
3237 911 3430 981 quibus
3464 909 3551 964 in-

1960 1010 2298 1072 compertum
2332 1017 2550 1070 semper
2582 1002 2680 1057 fuit
2706 1014 2796 1057 aut
2845 1003 2986 1059 unde
3016 1003 3231 1058 nomina
3270 1017 3364 1058 sua
3393 1017 3551 1059 accc-

1958 1096 2150 1165 perint,
2184 1106 2274 1151 aut
2304 1104 2499 1166 quanta
2531 1098 2603 1152 sit
2632 1097 2846 1152 illorum
2879 1097 3187 1153 multitudo.

2026 1191 2261 1247 Ulterius
2288 1209 2415 1249 vero
2443 1194 2783 1265 progreditur
2807 1205 2967 1263 atque
2986 1209 3049 1249 ex
3078 1193 3180 1258 his,
3202 1209 3322 1266 qua:
3348 1191 3548 1249 elhnici
3620 1212 3627 1223 υ

1950 1284 2018 1338 de
2047 1283 2152 1338 diis
2207 1287 2319 1341 suis
2361 1288 2744 1353 pru‘dicabant,
2801 1289 2976 1343 nullos
3029 1303 3151 1343 esse
3209 1286 3549 1358 apertissime

1947 1374 2303 1432 demonstrat.
2333 1378 2515 1433 Primo
2544 1380 2687 1434 enim
2720 1381 2851 1435 deos
2878 1396 3054 1436 mares
3080 1391 3131 1435 et
3173 1379 3424 1435 fmininas
3453 1395 3549 1435 ve-

1948 1470 2298 1525 nerabantur.
2319 1472 2389 1528 At
2410 1471 2646 1527 divinam
2681 1483 2924 1527 naturam
2973 1490 3077 1528 non
3118 1474 3338 1539 diversi,
3380 1473 3546 1528 immo

1946 1562 2146 1617 nullius
2171 1577 2333 1617 sexus
2358 1579 2478 1619 esse
2509 1580 2758 1633 capacem
2807 1581 2911 1619 non
2958 1566 3131 1621 solum
3158 1564 3435 1621 Ciceronis
3463 1574 3545 1620 te-

244 1672 393 1711 rem.
436 1658 540 1712 Sed
587 1659 856 1713 Arnobius
897 1659 1033 1714 hanc
1080 1654 1523 1732 consequentiam
1571 1662 1688 1717 falsi
1720 1660 1843 1717 ideo
1874 1679 1920 1739 B
1946 1654 2218 1722 Slimtinin,
2244 1656 2337 1710 sud
2370 1656 2493 1711 inde
2516 1658 2677 1712 etiam
2704 1659 2861 1728 plane
2892 1659 3129 1722 cariﬁcit,
3156 1659 3295 1730 quod
3318 1674 3543 1714 sexuum

239 1751 459 1818 arguit,
492 1750 633 1821 quod
683 1762 912 1821 utraque
958 1750 1168 1807 initium
1214 1752 1466 1809 habuisse
1505 1754 1737 1819 dicatur,
1778 1769 1841 1809 ac

238 1839 356 1893 duo
383 1855 648 1896 annorum
679 1843 848 1897 millia
879 1859 985 1898 non
1030 1845 1258 1900 multum
1299 1846 1552 1901 aestimari
1583 1846 1838 1914 debeant,

238 1938 289 1989 si
317 1951 442 1990 cum
474 1939 766 2008 praeteritis
793 1939 1167 2010 superioribus
1198 1941 1411 1996 saeculis
1435 1952 1837 2012 comparentur.

236 2028 327 2082 Ad
362 2027 478 2083 hinc
504 2045 651 2096 vero,
688 2032 818 2087 nihil
848 2034 1222 2104 omnipotente
1249 2044 1303 2089 et
1331 2045 1533 2089 aiterno
1565 2036 1672 2090 ilco
1699 2036 1840 2089 anti-

236 2122 441 2191 quius,
485 2134 639 2193 atque
666 2123 809 2179 adeo
855 2142 1051 2181 novum
1085 2142 1384 2199 recensque
1411 2145 1513 2182 non
1549 2137 1661 2195 est,
1695 2128 1839 2200 quod

238 2217 297 2269 in
328 2230 399 2271 eo
428 2216 640 2271 colitur.
694 2221 764 2273 At
803 2218 935 2273 illud
966 2220 1011 2274 si
1047 2234 1168 2274 sero
1190 2262 1204 2287 ,
1237 2232 1291 2275 et
1334 2219 1532 2276 Christi
1563 2222 1842 2276 dumtaxat

237 2316 494 2378 tempore
522 2309 831 2374 didicimus,
867 2311 999 2365 nihil
1037 2312 1160 2368 inde
1187 2311 1378 2368 confici
1410 2323 1620 2383 poterat
1645 2313 1838 2369 adver-

235 2417 333 2457 sus
361 2404 713 2472 christianos,
741 2415 834 2459 aut
864 2421 960 2476 pro
987 2405 1238 2472 ethnicis,
1275 2410 1363 2478 qui
1398 2426 1504 2462 non
1538 2419 1642 2463 tam
1673 2410 1836 2479 longo

232 2510 267 2549 a
300 2506 553 2566 tempore
581 2495 879 2569 Serapidis,
909 2499 1084 2566 Isidis,
1112 2508 1168 2555 et
1195 2500 1464 2571 Apollinis
1487 2516 1706 2568 nomen,
1749 2511 1838 2556 at-

229 2604 345 2659 que
381 2587 627 2660 Phrygia:
666 2592 875 2657 matris,
919 2591 1239 2661 Cererisque
1270 2608 1422 2647 sacra
1455 2606 1827 2665 susceperant.

312 2681 520 2737 Verum
551 2685 892 2753 postulabant
920 2686 1146 2753 ethnici,
1177 2702 1276 2741 cur
1305 2687 1549 2743 Christus
1580 2700 1684 2743 tam
1715 2700 1836 2746 seto

229 2774 440 2830 missus
464 2791 497 2830 a
521 2777 628 2832 Deo
667 2776 848 2833 fuerit.
889 2778 995 2834 Sed
1025 2780 1093 2834 ab
1129 2780 1197 2834 iis
1226 2780 1463 2835 vicissim
1491 2782 1623 2853 petit
1653 2787 1833 2838 Arno-

229 2869 382 2932 bius,
413 2885 512 2926 cur
539 2870 834 2943 aliquando
865 2871 1276 2945 ltyems,u3slns,
1294 2875 1492 2945 pluvia,
1537 2893 1641 2930 non
1669 2887 1827 2943 stato,

1946 1744 2229 1801 diversitas
2271 1748 2337 1801 ad
2378 1748 2739 1819 generandam
2786 1750 3025 1805 sobolem
3080 1749 3203 1806 data
3231 1760 3336 1807 est.
3381 1750 3542 1822 Atqui

1944 1840 2187 1910 quamvis
2218 1857 2413 1898 nomen
2449 1842 2587 1897 Deus
2630 1845 2911 1899 masculini
2959 1846 3027 1899 sit
3082 1846 3319 1916 generis,
3361 1854 3544 1902 tamen

1942 1929 2016 1984 dii
2044 1932 2325 2001 gentilium
2373 1949 2473 1990 nec
2521 1950 2802 2005 generare,
2854 1952 2953 1991 nec
2993 1937 3242 2007 generari
3291 1948 3538 2006 praunt.

1942 2023 2075 2079 Cum
2102 2024 2247 2081 enim
2282 2028 2637 2095 immortales,
2671 2038 2724 2083 et
2747 2031 3039 2095 senectuti,
3068 2029 3295 2100 aliisque
3319 2030 3543 2085 inlirmi-

1944 2118 2142 2173 tatibus
2169 2134 2276 2173 non
2319 2120 2538 2175 obnoxii
2598 2121 2888 2191 fingantur,
2918 2122 2962 2177 si
2991 2137 3254 2193 generare
3295 2131 3540 2193 possent,

1934 2212 2045 2283 jam
2074 2214 2313 2269 intinitns
2342 2225 2486 2270 esset
2512 2231 2702 2271 eorum
2731 2233 3008 2273 numerus.
3034 2217 3115 2273 Ad
3141 2218 3256 2273 hate
3283 2232 3412 2273 vero
3441 2215 3543 2273 fa:-

1940 2307 2023 2361 dis
2075 2308 2442 2376 voluptatibus
2487 2325 2551 2364 ac
2606 2310 2990 2380 cupiditatibus
3022 2311 3539 2365 contaminarentur.

1941 2400 2178 2471 Denique
2199 2402 2315 2456 dem
2345 2404 2517 2472 turpia
2542 2413 2860 2473 paterentur
2881 2404 3233 2472 graviditatis,
3250 2413 3305 2458 et
3332 2411 3536 2472 partus,

1935 2492 2143 2562 aliaque
2171 2493 2455 2548 mulierum
2487 2494 2850 2549 incommoda.
2873 2494 2981 2549 Cur
3006 2511 3135 2565 ergo
3156 2495 3361 2552 ethnici
3388 2510 3534 2567 :rgre

1936 2581 2109 2637 ferant
2139 2584 2271 2639 tales
2297 2585 2431 2640 deos
2458 2586 2671 2656 genitos
2715 2597 2769 2642 et
2813 2597 3138 2659 generantes
3166 2605 3194 2642 a
3227 2587 3537 2644 Christianis

1938 2679 2239 2747 rcprobari,
2269 2680 2416 2734 nulla
2451 2695 2672 2751 prorsus
2699 2690 2782 2736 est
2808 2682 2965 2736 ratio.

2011 2772 2261 2829 Secundo
2290 2774 2452 2830 iidem
2493 2776 2745 2843 gentiles,
2781 2776 3235 2845 quemadmodum
3263 2777 3528 2844 Sadncsei,

1937 2878 2249 2934 persuasum
2273 2866 2538 2923 habebant
2556 2868 2688 2924 deos
2714 2884 2974 2939 corporea
3001 2870 3338 2942 humanaque
3361 2871 3532 2927 forma

228 2977 652 3037 opportuneque
690 2981 905 3037 semper
943 2979 1206 3039 tempore,
1256 2970 1349 3025 scd
1394 2971 1599 3027 tardius
1648 2990 1830 3028 recur-
1858 2996 1904 3060 ρ
1938 2956 2179 3027 δειπνεῖτε.
2213 2975 2276 3014 ac
2305 2963 2574 3030 εοηηιοηίο
2607 2964 2844 3017 “certe
2869 2962 3125 3033 (Ιυίάίιυίά
3148 2978 3377 3032 (³0³⁸1³0Γο
3401 2958 3534 3060 φθῆ·-

228 3059 380 3113 rant?
400 3075 496 3114 cur
515 3059 796 3128 Hercules,
821 3061 1189 3132 Esculapius,
1214 3062 1508 3120 Mercurius
1521 3075 1576 3119 et
1592 3066 1700 3132 alii,
1724 3076 1830 3121 tam

226 3164 359 3206 sero
416 3152 468 3205 in
518 3151 744 3208 deorum
770 3169 1012 3231 gregem,
1062 3164 1411 3227 no~tramque
1465 3159 1831 3228 cognitionem

227 3246 805 3313 venerint?Quamvis
828 3247 1012 3320 itaque
1062 3250 1203 3303 ratio
1242 3266 1341 3305 cur
1384 3252 1585 3321 aliquid
1629 3252 1828 3308 factum

224 3339 318 3404 sit,
341 3339 495 3394 reddi
520 3351 781 3413 nequeat;
812 3359 916 3397 non
943 3341 1066 3398 inde
1090 3352 1269 3399 tamen
1292 3343 1487 3399 factum
1518 3345 1647 3401 illud
1667 3345 1830 3403 fuisse

226 3433 414 3504 negari
445 3433 630 3490 debet.
655 3434 794 3503 Quid
826 3446 1086 3506 pra-terea
1108 3479 1124 3503 ,
1159 3439 1300 3509 quod
1321 3436 1553 3495 nihilest
1583 3441 1635 3495 in
1663 3454 1826 3497 aeter-

222 3527 398 3581 nilate
426 3528 637 3584 tardum
687 3539 779 3583 aut
826 3532 1252 3601 prannatnrnm?
1284 3531 1445 3600 Quid,
1489 3534 1533 3588 si
1587 3535 1827 3592 deterior

222 3618 466 3673 humana
513 3620 772 3688 Conditio,
828 3632 883 3675 et
925 3621 1210 3679 inﬁrmitas
1241 3626 1631 3693 posterioribus
1660 3646 1821 3700 quam

220 3711 501 3781 prioribus
526 3713 737 3768 sa-culis
767 3714 960 3783 major,
1009 3716 1060 3770 id
1100 3716 1389 3787 exigebat?
1445 3721 1683 3792 Denique
1714 3723 1825 3778 sin-

217 3805 352 3873 gula
377 3802 515 3861 facta
540 3816 664 3861 sunt
689 3808 980 3879 quomodo,
1015 3824 1078 3864 ac
1097 3811 1314 3880 quando
1336 3811 1478 3869 Deus
1504 3814 1823 3872 immutabili

217 3896 452 3952 decreto
481 3902 849 3956 constituerat.

291 3991 580 4071 Postremo
618 3993 957 4065 inquirebant
997 3998 1226 4067 gentiles
1242 4016 1337 4055 cur
1374 4000 1520 4055 Deus
1553 4002 1635 4056 cui
1677 4002 1820 4058 chri-

215 4086 379 4139 stiani
396 4086 724 4149 serviebant,
751 4089 793 4142 si
815 4090 1155 4160 omnipotens
1173 4093 1259 4155 sil,
1285 4094 1513 4163 patiatur
1532 4095 1651 4148 illus
1673 4098 1819 4152 omni

214 4179 661 4248 persecutionum
688 4221 703 4246 ,
734 4195 1012 4251 poenarum
1034 4226 1049 4249 ,
1088 4200 1151 4237 ac
1182 4185 1568 4254 suppliciorum
1624 4203 1820 4259 genere

213 4273 408 4327 vexari
439 4281 495 4327 et
516 4273 772 4343 Opprinii?
794 4273 897 4331 Sed
916 4277 1146 4332 vicissim
1174 4279 1369 4334 abillis
1400 4282 1623 4351 requirit
1645 4285 1819 4339 Arno-

214 4366 361 4431 bius,
380 4380 479 4420 cur
496 4381 685 4420 eorum
698 4367 770 4421 dii
794 4370 1029 4425 cultores
1045 4385 1173 4424 suos
1193 4371 1460 4428 similibus
1476 4380 1732 4433 :ernmnis
1752 4394 1815 4434 ac

214 4460 619 4515 calamitatibus
640 4462 794 4517 obrui
823 4464 1266 4533 patiebantur.At
1295 4466 1593 4537 christiani,
1625 4473 1814 4544 iuqttit,

212 4554 413 4625 quibus
434 4553 570 4608 nihil
598 4555 650 4609 in
682 4555 785 4609 hac
812 4559 914 4611 vita
942 4559 1267 4626 promissum
1319 4573 1419 4625 εει,
1454 4579 1660 4634 poenas,
1690 4582 1819 4638 sup-

212 4647 399 4717 plicia,
431 4658 485 4702 et
506 4649 641 4704 dura
669 4650 848 4704 omnia
875 4652 1106 4708 libenter
1135 4655 1374 4725 perferre
1402 4659 1597 4727 edocti,
1624 4663 1816 4717 certis-

213 4743 357 4796 sime
379 4752 645 4798 uoverant
696 4743 779 4800 his
820 4762 925 4800 non
960 4748 1084 4802 mali
1113 4748 1313 4820 aliquid
1362 4752 1464 4806 sibi
1492 4753 1691 4822 afferri,
1721 4757 1817 4811 sed

212 4850 402 4890 veram
435 4835 830 4904 liberationem,
859 4857 961 4909 qua
1018 4851 1276 4897 :etcrnam
1299 4846 1525 4899 salutem
1556 4862 1816 4905 consecu-

212 4927 325 4983 turi
384 4938 530 4983 sunt.
588 4929 670 4984 Ad
724 4948 843 4985 eam
896 4948 1058 5001 porro
1105 4938 1518 5006 comparandam
1546 4940 1815 4999 Arnobius

210 5021 444 5092 gentiles
474 5021 813 5092 adhortatus,
850 5026 1009 5082 finem
1050 5008 1192 5085 libro
1233 5031 1477 5102 imponit.

810 5156 1103 5199 ARTICULUS
1139 5162 1217 5201 Ill.

750 5256 969 5320 Analysis
990 5259 1099 5309 libri
1127 5261 1277 5311 tertii.

208 5388 209 5391 “
281 5383 546 5453 Quamvis
569 5385 865 5440 christiana
891 5387 1078 5457 religio
1102 5398 1207 5443 tam
1234 5405 1262 5444 a
1286 5389 1447 5462 longo
1476 5400 1716 5463 tempore
1741 5393 1810 5448 ab

204 5482 427 5538 eximiis
468 5480 845 5536 defensoribus
894 5482 1024 5537 satis
1070 5499 1337 5555 superque
1376 5498 1576 5542 asserta
1627 5486 1807 5555 fuerit,

205 5592 311 5630 nec
338 5570 453 5630 ulto
479 5591 703 5644 prorsus
727 5576 938 5630 vindice
969 5577 1233 5647 indigens,
1261 5594 1354 5648 per
1382 5593 1441 5633 se
1482 5579 1649 5651 ipsam
1677 5596 1810 5636 con-

203 5681 285 5723 tra
318 5683 517 5723 omnes
564 5668 1000 5724 adversariorum
1045 5670 1276 5743 impetus
1309 5680 1412 5726 stet
1442 5673 1601 5744 plane
1629 5674 1815 5729 incon-

199 5777 396 5830 cussa;
430 5761 707 5824 Arnobius
741 5774 921 5821 tanien
954 5777 1134 5836 operas
1166 5765 1393 5839 pretium
1422 5780 1543 5822 esse
1558 5765 1819 5838 judicavit

1842 4418 1894 4477 D

1936 3062 2062 3120 stat,
2096 3055 2321 3109 mortale
2357 3057 2540 3126 utique
2561 3056 2630 3110 sit
2657 3066 2890 3126 Oportet.
2921 3057 3058 3125 Quid
3089 3073 3239 3126 vero,
3272 3058 3414 3127 quod
3434 3064 3533 3113 Ar-

1936 3144 2129 3200 nobius
2150 3145 2288 3201 facta
2314 3145 2671 3202 humanorum
2709 3149 3073 3204 membrorum
3101 3150 3526 3218 enumeratione,

1936 3238 2019 3293 his
2043 3238 2173 3295 deos
2198 3241 2447 3309 componi
2492 3257 2596 3294 non
2643 3257 2804 3311 posse
2855 3242 3135 3298 ostendit?
3175 3243 3289 3298 Hoc
3323 3243 3530 3299 accedit

1934 3332 2075 3404 quod
2104 3332 2177 3387 dli
2209 3333 2309 3388 sibi
2343 3334 2573 3389 invicem
2615 3334 2720 3389 dici
2761 3334 3024 3391 deberent
3045 3346 3137 3392 aut
3182 3336 3406 3405 similes,
3437 3347 3529 3396 aut

1932 3425 2239 3481 dissimiles.
2289 3425 2405 3480 Non
2451 3427 2709 3497 primum.
2741 3427 2874 3493 Quis
2903 3428 3048 3484 enim
3105 3445 3268 3483 unttm
3323 3429 3393 3484 ab
3421 3429 3526 3482 alio

1931 3532 2112 3594 posset
2134 3523 2483 3579 discernere?
2513 3523 2627 3579 Non
2647 3526 2941 3580 secundum
2963 3543 2978 3591 ;
3003 3540 3125 3580 nam
3147 3526 3329 3595 aliqui,
3355 3524 3428 3579 ιιιί
3457 3527 3525 3580 ab

1927 3618 2158 3674 ethnicis
2189 3620 2738 3691 reppmsentabantur,
2769 3622 3049 3691 capitones
3074 3632 3278 3685 essent,
3312 3622 3520 3675 fronto-

1930 3726 2048 3774 nes,
2079 3710 2249 3778 pueri,
2272 3710 2528 3777 ‘jhvenes,
2559 3727 2740 3777 senes,
2776 3713 3021 3767 nonnulli
3056 3714 3135 3768 his
3163 3714 3520 3778 lineamentis,

1927 3803 2163 3857 aliialiis
2191 3804 2535 3870 conformati,
2565 3806 2782 3876 quidam
2817 3807 2936 3872 hac,
2970 3808 3057 3862 alii
3098 3809 3200 3863 alia
3232 3808 3420 3880 figura.
3456 3813 3524 3865 At

1925 3895 1975 3949 id
1999 3914 2102 3951 non
2121 3897 2300 3952 minus
2327 3898 2643 3964 absurdum,
2667 3916 2826 3969 quam
2849 3901 3159 3956 animalium
3189 3902 3388 3958 fortnas
3417 3903 3522 3958 illis

1924 3990 2163 4056 attribui,
2197 3990 2340 4062 quod
2369 4006 2500 4045 sane
2529 3993 2599 4045 ab
2628 3990 2898 4064 Egyptiis
2922 3995 3114 4048 factum
3137 3996 3321 4050 caeteri
3343 3998 3523 4066 genti-

1924 4083 2008 4137 les
2031 4088 2223 4139 merito
2249 4085 2569 4139 irridehant.

1996 4176 2177 4247 Neque
2228 4192 2292 4232 ex
2325 4177 2407 4232 his
2434 4178 2652 4247 quidam
2699 4178 2974 4243 audiendi,
3007 4179 3094 4249 qui
3124 4181 3519 4249 respondebant

1923 4268 2208 4325 humanam
2242 4273 2463 4342 figuram
2494 4273 2599 4325 diis
2632 4272 2851 4327 honoris
2879 4281 3084 4326 tantum
3118 4289 3278 4328 causa
3307 4290 3521 4332 accom-

1921 4365 2147 4421 modari.
2181 4365 2340 4434 Pejor
2360 4365 2626 4434 siquidem
2655 4381 2827 4434 error,
2884 4367 3164 4438 majorque
3193 4372 3517 4428 contumelia
3594 4364 3595 4369 “

1922 4466 2023 4521 est,
2055 4457 2157 4511 diis
2193 4456 2394 4512 fortnas
2426 4458 2757 4526 adscribere,
2782 4474 2916 4529 quas
2944 4459 3139 4515 habere
3163 4478 3268 4517 non
3294 4465 3518 4520 credan-

1923 4563 2027 4607 tur.
2060 4551 2222 4606 Addit
2260 4552 2400 4608 haud
2447 4553 2664 4623 illepide
2695 4555 2987 4621 Arnobius,
3014 4555 3058 4608 si
3092 4556 3281 4611 bellua:
3310 4559 3518 4614 ratione

1920 4646 2208 4716 aliquando
2232 4646 2467 4717 przedita:
2511 4646 2759 4702 homines
2791 4649 3059 4703 honorare
3106 4649 3324 4714 vellent,
3364 4667 3518 4707 num-

1920 4742 2044 4812 quid
2090 4742 2339 4797 homines
2393 4743 2661 4813 patienter
2698 4742 2901 4797 ferrent
2947 4758 3006 4797 se
3062 4742 3297 4798 bellnina
3346 4744 3515 4801 forma

1922 4834 2065 4906 pingi
2116 4847 2171 4889 et
2210 4835 2499 4891 exhiberi?
2531 4835 2682 4891 Nulla
2716 4838 2874 4906 igitur
2904 4836 3020 4897 Dei,
3057 4838 3267 4893 tametsi
3314 4839 3515 4907 audiat,

1921 4930 2119 4997 videat,
2163 4930 2447 4999 intelligat,
2479 4929 2690 4999 Species
2715 4937 2810 4982 aut
2864 4928 3028 4997 figura
3059 4943 3180 4985 esse
3204 4938 3396 5003 potest.
3427 4943 3518 4986 aut

1916 5025 1961 5078 si
1984 5040 2101 5094 qua:
2130 5024 2454 5096 sit,prorsns
2489 5024 2780 5078 neseinms.
2807 5021 2982 5077 Unum
3010 5023 3209 5077 scimus
3237 5024 3367 5079 nihil
3397 5040 3517 5080 cor-

1920 5118 2095 5189 porei,
2146 5127 2240 5172 aut
2289 5118 2645 5171 lmmanorum
2676 5115 3120 5171 lineamentorum
3152 5129 3205 5174 et
3229 5117 3514 5174 aﬁ‘ecmnm

1917 5228 2039 5269 esse
2064 5214 2116 5268 in
2150 5213 2280 5280 Deo,
2336 5213 2489 5283 cujus
2538 5222 2727 5267 natura
2774 5212 2922 5267 nullo
2953 5223 3133 5284 potest
3163 5214 3376 5269 mortali
3402 5230 3515 5270 scr-

1917 5323 2076 5363 mone
2095 5307 2300 5377 explica
2310 5307 2375 5366 ri.

1986 5402 2171 5458 Tertio
2217 5401 2419 5457 ethnici
2481 5404 2615 5459 deos
2670 5403 2995 5459 inducebant
3051 5404 3224 5473 aliqua
3278 5403 3516 5474 singulos

1917 5509 2159 5564 quasque
2192 5504 2328 5556 artc,
2362 5504 2417 5547 et
2444 5496 2664 5550 scientia
2699 5495 3032 5559 inim-malos,
3066 5511 3128 5549 ac
3159 5495 3514 5564 particulatim

1919 5586 2174 5641 humanis
2203 5587 2417 5655 officiis,
2449 5589 2698 5661 negotiis,
2744 5590 3015 5658 rebusque
3058 5589 3174 5643 aliis
3216 5590 3337 5644 sive
3365 5591 3520 5645 bonis

1921 5687 2013 5734 aut
2041 5679 2219 5747 malis,
2252 5681 2370 5737 sive
2420 5682 2662 5737 honestis
2707 5690 2797 5735 aut
2824 5679 3098 5754 turpibus,
3129 5679 3218 5735 hic
3245 5682 3313 5737 ab
3348 5682 3524 5734 Arno-

1919 5773 2011 5829 bio
2054 5786 2306 5833 accurate
2354 5775 2705 5842 enumeratis,
2754 5775 3146 5847 praesidentes.
3176 5771 3379 5830 V‘erum
3415 5764 3538 5829 hanc
