4142 6262
648 315 754 378 579

1892 310 2350 389 DlSSER'l‘A’l‘lO
2387 312 2664 398 prima

3833 346 3937 413 380

646 426 953 502 christianis
981 446 1375 527 quantumlibet
1400 445 1549 518 impii
1574 456 1628 503 et
1651 422 1795 504 athei
1820 432 2088 512 dicantur,
2113 446 2237 502 nul-
2265 428 2315 509 Ᾰ
2344 451 2512 521 misit,
2540 450 2770 529 singulis
2810 461 2973 518 rebus
3016 467 3258 536 prtesint,
3304 483 3400 523 cur
3428 484 3534 523 non
3569 460 3817 527 similiter
3862 466 3935 529 dii

646 538 730 594 lus
763 555 1012 610 umquam
1038 540 1396 610 persuadebit.

715 630 939 701 Quarto,
989 635 1262 692 Arnobius
1303 634 1604 692 luculenter
1641 635 1978 693 demonstrat
2024 635 2238 691 ﬁctitios

643 726 863 779 omnino
885 742 1005 782 esse
1031 714 1308 798 gentilium
1333 728 1482 794 deos,
1509 744 1573 784 ex
1598 729 1759 783 variis
1788 728 1996 784 illorum
2029 728 2237 799 opinio-

643 818 801 873 nibus
828 820 894 895 de
918 819 1072 887 Jano,
1096 821 1350 903 Saturno,
1384 804 1536 881 .iove.
1564 821 1795 888 Junone,
1816 822 2070 903 Minerva,
2099 820 2237 894 Nep-

643 912 1132 989 tunoLMercurio,
1175 898 1361 986 Magna
1415 925 1609 981 matre,
1665 914 1920 982 Vulcano,
1965 898 2129 970 Diana
2184 927 2238 971 et

639 1003 779 1075 aliis,
810 1004 957 1060 Unus
982 1006 1125 1060 enim
1159 992 1527 1061 tantummodo
1578 1022 1699 1062 cum
1726 1020 1845 1061 esse
1887 1006 2052 1075 possit
2081 1018 2238 1061 mter-

639 1113 739 1153 nus
768 1098 930 1166 Deus,
962 1114 1119 1170 quem
1147 1100 1343 1154 frustra
1375 1100 1614 1154 nonnulli
1664 1099 1920 1153 mundum
1951 1098 2092 1155 hunc
2117 1116 2237 1156 esse

639 1190 915 1260 putabant,
950 1201 1268 1247 caeterorutn
1297 1193 1564 1261 omnium,
1618 1195 1687 1248 uti
1722 1193 2069 1262 vocabantur,
2109 1182 2237 1249 deo-

637 1300 755 1339 rum
782 1268 987 1341 falsitas
1004 1302 1074 1342 ex
1103 1285 1202 1341 hac
1230 1288 1546 1357 Opinionum
1580 1288 1737 1359 plane
1766 1287 2109 1344 ridiculorum
2147 1304 2235 1341 va-

636 1362 825 1435 rietate
852 1379 1254 1436 evidentissime
1285 1364 1605 1436 ostenditur.

707 1456 931 1540 Quinto,
956 1474 1132 1545 itaque
1150 1474 1419 1530 Arnobius
1442 1474 1582 1531 idem
1610 1490 1713 1530 non
1743 1475 1920 1530 minus
1943 1463 2236 1531 efficaciter

632 1568 845 1623 conlicit
867 1583 932 1623 ex
958 1568 1272 1624 eorumdem
1304 1569 1645 1624 ethnicorum
1673 1568 1740 1624 de
1787 1569 2014 1640 origine,
2045 1560 2099 1623 et
2137 1584 2237 1623 nu-

632 1676 785 1717 mero
810 1662 1036 1737 deorum
1066 1676 1308 1730 suorum,
1342 1672 1469 1735 puta
1510 1663 1804 1745 Musarum,
1837 1644 2229 1729 Novensilitnn,

2341 544 2506 616 aliqui
2537 553 2855 621 cucurbitis,
2907 557 3074 627 rapis,
3104 556 3319 628 culinm,
3367 556 3653 626 nasturtio,
3685 560 3819 630 ficis,
3846 561 3937 620 be-

2341 640 2527 708 taceis,
2560 636 2827 716 caulibus,
2864 648 3149 721 unguibus,
3191 652 3331 723 pilis,
3389 652 3617 727 aliisque
3644 652 3932 727 corporuui

2342 726 2583 821 partibus
2627 738 3029 806 prmficiuntnr?
3080 740 3252 799 Unum
3306 724 3569 817 siquidem
3620 763 3726 801 non
3746 724 3935 821 magis

2341 820 2499 913 quam
2533 824 2763 884 alterum
2794 847 2822 886 a
2852 851 2977 889 vero
3002 832 3315 906 abhorrere,
3341 835 3563 910 deisque
3593 831 3791 910 probro
3813 820 3936 900 esse

2343 914 2435 973 ille
2467 917 2766 979 luculenter
2790 927 3049 983 ostendit.

2412 1008 2520 1068 Nec
2536 1024 2620 1070 est
2646 1016 2787 1086 quod
2821 1020 3015 1092 aliquis
3050 1022 3269 1094 objiciat
3301 1004 3421 1080 illos
3463 1022 3584 1083 ideo
3624 1012 3759 1083 deos
3806 1044 3928 1086 esse

2342 1104 2485 1177 quod
2512 1110 2579 1164 ab
2617 1108 2992 1184 haruspicibus
3039 1110 3230 1186 vocati,
3261 1120 3520 1176 continuo
3550 1122 3784 1192 veniant,
3818 1140 3938 1179 cer-

2340 1208 2500 1271 taque
2549 1220 2808 1275 responsa
2868 1208 3230 1269 reddiderint.
3279 1206 3534 1282 Quamvis
3576 1218 3774 1272 etenim
3832 1218 3938 1274 hoc

2337 1295 2504 1361 gratis
2532 1296 2881 1369 concedatur,
2917 1305 3037 1373 quis
3066 1302 3370 1361 Mclloniam
3410 1306 3501 1362 aut
3548 1309 3935 1381 Limentinutn,

2341 1396 2395 1440 ut
2421 1404 2679 1460 responsa
2722 1393 2897 1463 daret,
2947 1382 3142 1452 alienis
3190 1398 3341 1454 libris
3394 1400 3628 1458 insertos
3658 1403 3787 1458 vidit
3834 1422 3940 1461 un-

2341 1486 2536 1556 quam?
2562 1487 2698 1555 Quid
2726 1489 2769 1543 si
2804 1490 2930 1567 dolo
2953 1504 3005 1545 et
3040 1485 3251 1561 fraude,
3288 1495 3368 1550 vel
3397 1494 3704 1552 (Lemonum
3734 1512 3848 1553 arte
3870 1514 3942 1554 ac

2340 1576 2564 1655 fallaciis
2591 1596 2848 1655 responsa
2878 1576 3001 1638 data
3032 1576 3180 1639 sini?
3204 1568 3283 1640 Ad
3314 1585 3431 1643 lucc
3454 1604 3608 1655 vero,
3643 1606 3764 1646 cum
3790 1601 3941 1647 tanta

2337 1658 2562 1725 deorum
2597 1650 2885 1729 multitudo
2911 1664 2978 1729 ali
3008 1660 3239 1732 ethnicis
3286 1666 3606 1749 proferatur,
3641 1676 3782 1737 seire
3828 1701 3941 1740 non

632 1755 916 1822 Penatutn,
948 1750 1168 1833 Larium
1196 1759 1474 1833 perpetuis
1522 1756 1882 1828 absurdisque
1929 1758 2232 1813 contentio-
2264 1764 2311 1838 Β
2340 1779 2606 1837 poterant,
2639 1779 2817 1824 utrum
2872 1756 3010 1825 unus
3069 1762 3274 1828 tantum
3322 1754 3456 1829 deus
3508 1776 3629 1830 aliis
3659 1766 3939 1844 omnibus,

630 1848 788 1903 nibus
806 1864 874 1921 ac
902 1847 1160 1906 dissidiis.
1191 1848 1401 1904 Nemini
1430 1848 1626 1920 quippe
1651 1849 1869 1905 ethnico
1891 1848 2095 1904 homini
2120 1860 2233 1902 Ian-

630 1949 712 1995 tas
742 1940 883 1997 inter
908 1940 1271 1997 dissentiones
1297 1941 1447 1997 licuit
1475 1941 1805 2009 discernere,
1853 1943 1972 2014 quis
2013 1960 2076 1997 ex
2127 1941 2231 1997 illis

629 2051 789 2091 verus
809 2043 927 2090 erat
957 2036 1119 2101 Deus,
1152 2037 1274 2122 quis
1294 2036 1626 2121 inupcandus
1648 2048 1705 2093 et
1722 2018 2083 2102 honorandus,
2111 2022 2229 2109 quis

629 2143 785 2200 opem
817 2129 1121 2201 petentibus
1147 2131 1290 2205 ferae
1308 2145 1570 2209 umquam
1600 2138 1826 2203 poterat.

1215 2272 1507 2327 λκτπειιιυε
1543 2274 1620 2327 ιν.

1147 2380 1372 2450 Analysis
1394 2372 1507 2436 libri
1531 2372 1706 2451 quarli.

697 2514 991 2587 lncmptam
1016 2514 1283 2577 adversus
1319 2516 1601 2589 gentilium
1629 2515 1764 2573 deos
1802 2516 2219 2589 disputationem

626 2613 968 2682 prosequitur
1006 2611 1298 2679 Arnobius,
1350 2612 1618 2691 planeque
1662 2612 1897 2693 ostendit
1935 2613 2218 2679 Pietatem,

626 2703 1004 2772 Concordiam,
1043 2704 1309 2770 Salutem,
1337 2704 1631 2773 Honorem,
1668 2705 1947 2773 Virtutem,
1976 2707 2223 2764 Felicita-

625 2799 981 2871 tem,aliaque
1011 2798 1318 2870 hujusmodi
1352 2800 1593 2861 numina,
1622 2798 1817 2870 quibus
1853 2799 2014 2855 iidem
2042 2802 2219 2871 genti-

628 2894 707 2950 les
736 2894 1018 2964 magnilica
1045 2894 1240 2963 templa
1260 2903 1695 2961 construxerant,
1717 2910 1815 2949 nec
1837 2894 1947 2949 risu
1967 2903 2056 2948 aut
2071 2896 2215 2964 joco,

625 3003 727 3044 nec
751 2988 896 3043 serio
921 2996 977 3041 et
997 2986 1263 3042 affirmate
1283 2987 1389 3041 dici
1416 3003 1574 3056 posse
1602 2988 1707 3040 vim
1733 2986 1932 3042 habere
1959 2987 2217 3052 divinam,

2339 1849 2477 1947 q'uos'
2504 1852 2845 1928 invocabant,
2876 1852 2981 1917 non
3022 1860 3377 1947 supponatur.
3410 1856 3540 1935 Quis
3565 1879 3745 1924 autem
3776 1887 3941 1926 verus

2339 1940 2484 2035 licus
2537 1944 2625 2017 sit,
2658 1971 2849 2025 rogare
2886 1972 2989 2009 non
3034 1940 3258 2035 debent,
3304 1948 3739 2030 quandoquidem
3785 1961 3939 2019 illum

2333 2030 2592 2118 Egyptii,
2618 2044 2820 2116 Persw,
2853 2040 2965 2104 Indi
2990 2032 3190 2120 aliique
3211 2068 3403 2109 omnes
3432 2067 3790 2125 agnoverunt.

2408 2139 2512 2216 Sed
2544 2141 2708 2195 instat
2734 2137 3028 2207 Arnobius,
3054 2142 3382 2216 planumque
3406 2144 3526 2201 facit
3549 2132 3937 2205 absurdissima

2330 2224 2397 2287 ab
2425 2204 2653 2288 ctlinicis
2700 2228 2923 2304 produci
2975 2232 3201 2290 deorum
3256 2253 3475 2292 suorum
3524 2252 3787 2305 monstra,
3824 2252 3939 2299 tres

2330 2314 2581 2401 videlicet
2606 2327 2788 2409 Joves,
2834 2322 3072 2401 quinque
3126 2328 3303 2399 Soles,
3346 2328 3567 2388 totidem
3604 2322 3936 2407 Mercurios,

2328 2419 2615 2488 Minervas,
2648 2431 2701 2477 et
2729 2412 3025 2495 Dyouisosl;
3082 2411 3193 2479 tres
3218 2423 3436 2494 Dianas,
3470 2438 3523 2482 et
3552 2418 3935 2501 IEsculapios;

2327 2512 2558 2587 quatuor
2587 2512 2877 2580 Vulcanos,
2908 2509 2962 2570 et
2991 2506 3270 2582 Veneres;
3297 2516 3395 2571 tria
3422 2508 3618 2587 genera
3646 2506 3934 2578 Castorum

2325 2619 2379 2664 et
2433 2594 2729 2676 Musarum,
2776 2623 2870 2664 Sex
2921 2592 3203 2673 Hercules,
3254 2600 3419 2683 [rigas
3464 2600 3813 2689 Cupidinum,
3873 2604 3936 2689 et

2325 2694 2719 2775 Apollinarium
2763 2703 3041 2758 nominum
3094 2688 3407 2775 quadrigas.
3443 2690 3511 2759 At
3551 2705 3602 2760 hi
3632 2682 3933 2763 omnes

2321 2784 2566 2868 ejusdem
2591 2799 2824 2852 nominis
2851 2813 2970 2853 csse
3000 2814 3106 2853 non
3147 2808 3390 2868 possunt,
3438 2792 3532 2869 aut
3578 2801 3699 2870 quis
3728 2790 3791 2854 ci
3825 2800 3935 2856 illis

2328 2872 2485 2943 verus
2510 2890 2647 2971 Deus
2676 2888 2765 2971 sit,
2791 2880 3320 2960 penitusignoratnr.
3346 2886 3549 2945 Deinde
3578 2906 3710 2945 vero
3738 2890 3782 2945 si
3811 2892 3931 2961 uni,

2325 2966 2473 3037 verbi
2504 2964 2669 3052 gratia
2702 2964 2980 3049 Minervzn,
3018 2998 3117 3063 nec
3148 2968 3470 3036 nominatim
3520 2974 3804 3050 :ippcllata:
3835 2966 3933 3063 fial

625 3089 679 3135 et
723 3080 1088 3134 innumerum
1142 3077 1364 3134 deorum
1407 3078 1705 3150 aggregari.
1758 3078 1903 3134 ldem
1954 3082 2108 3149 plane
2155 3079 2224 3137 de
2249 3091 2295 3156 ρ
2328 3065 2673 3143 sacrificium,
2710 3091 2889 3131 nonne
2928 3070 3048 3129 aliae
3096 3058 3365 3147 tamquam
3396 3070 3494 3132 sibi
3535 3074 3735 3133 factum
3762 3058 3933 3136 stulia

626 3170 881 3238 Victoria,
908 3169 1066 3237 Pace,
1085 3179 1136 3225 ct
1166 3171 1436 3241 Equitate
1465 3171 1980 3228 statuendum.Nam
2011 3189 2075 3228 ea
2102 3190 2221 3229 om—

627 3264 735 3330 nia,
764 3264 899 3318 sicut
922 3273 975 3319 et
996 3279 1185 3320 eorum
1216 3266 1508 3330 contraria,
1541 3266 1594 3320 in
1622 3267 1898 3321 hominum
1920 3268 2220 3323 actionibus

625 3355 1011 3429 allectibusque
1046 3358 1215 3428 posita
1245 3369 1390 3414 sunt.
1425 3359 1535 3415 Nec
1564 3360 1742 3416 minus
1785 3372 2116 3430 prmpostere
2153 3363 2222 3417 ab

625 3450 857 3506 ethnicis
872 3452 1147 3517 nonnulla,
1165 3453 1240 3507 uti
1257 3452 1906 3523 somniaverant,propter
1919 3454 2220 3522 benefacta,

625 3546 807 3615 plures
842 3545 938 3612 dli,
976 3545 1430 3615 quemadmodum
1460 3545 1699 3617 Luperco
1721 3587 1737 3612 ,
1770 3546 2043 3603 Praestana
2072 3588 2085 3612 ,
2128 3565 2223 3605 seu

624 3639 832 3709 Panda,
863 3641 947 3695 vel
978 3641 1217 3705 Pantica,
1248 3641 1511 3706 Pellonia,
1540 3642 1765 3713 aliaeque
1792 3644 2095 3715 ignotorum
2120 3661 2223 3699 nu-

624 3732 828 3786 minum
855 3738 1089 3787 caterva:
1110 3730 1503 3787 educebantur.
1536 3733 1650 3788 Non
1678 3734 1821 3789 enim
1855 3735 2099 3802 benefici,
2127 3736 2219 3792 sed

624 3828 772 3880 8οΙυὸ
811 3841 988 3880 rerum
1011 3827 1251 3881 omnium
1271 3836 1486 3883 creator
1515 3841 1672 3882 VCI‘llS
1700 3827 1841 3883 Deus
1869 3837 1972 3883 εει.

694 3921 826 3988 Quis
849 3920 1010 3978 etiam
1034 3921 1150 3976 sine
1200 3921 1576 3991 indignatione
1603 3937 1699 3977 eos
1751 3922 1939 3977 audire
1987 3933 2220 3994 poterat,

622 4014 710 4085 qui
734 4015 1045 4086 garriebaut
1065 4014 1326 4084 quosdam
1365 4029 1486 4069 esse
1517 4013 1651 4069 deos
1671 4015 2011 4070 sinistrarum
2041 4016 2218 4087 regio-

622 4124 749 4163 num
784 4110 1066 4179 prmsides,
1091 4107 1437 4164 dexterarum
1471 4108 1759 4165 inimicos?
1790 4109 2018 4165 Mundus
2046 4109 2223 4165 enirn-

620 4219 750 4260 vero
774 4219 897 4261 cum
943 4214 1087 4259 teres
1118 4204 1190 4259 sit
1230 4220 1293 4260 ac
1343 4203 1629 4270 rotundus,
1678 4219 1802 4271 pars
1840 4206 1958 4273 ejus
2007 4203 2138 4259 lmva
2168 4213 2223 4259 et

620 4296 860 4362 dextera,
886 4296 1068 4352 oriens
1097 4308 1151 4352 et
1172 4296 1450 4363 occidens,
1476 4308 1663 4352 auster
1683 4306 1736 4351 et
1759 4296 2030 4363 meridies,
2051 4297 2219 4351 nostri

622 4400 849 4453 tantum,
877 4391 1095 4461 quando
1125 4392 1478 4461 quiescimus,
1509 4400 1760 4462 respectu
1791 4391 1895 4446 dici
1923 4401 2118 4461 potest.
2140 4392 2220 4447 Ah

621 4482 812 4538 iisdem
842 4499 1057 4554 quoque
1087 4484 1377 4553 gentilibus
1409 4484 1612 4539 insulse
1638 4486 1860 4539 omnino
1882 4482 2221 4555 fingebantur

619 4574 835 4647 quidam
867 4575 940 4630 dii
966 4577 1129 4631 rebus
1170 4575 1516 4646 quibusdam,
1549 4593 1665 4632 mne
1692 4577 1813 4632 aliis
1846 4576 2106 4647 prtefeCIi,
2136 4578 2216 4633 vi-

620 4667 818 4724 delicet
847 4668 1167 4733 Lateranus,
1193 4684 1291 4724 seu
1317 4668 1522 4726 Genius
1564 4670 1722 4738 locis,
1746 4669 1930 4727 Venus
1976 4670 2220 4727 Militaris

619 4760 835 4831 flagitiis
863 4762 1233 4818 castrensibus
1285 4772 1337 4817 et
1394 4779 1681 4832 puerorum
1729 4764 1953 4832 stupris,
1985 4762 2216 4830 Perlica,

619 4852 910 4921 Pertunda,
962 4853 1211 4909 Tutunus
1260 4855 1424 4917 rebus
1473 4855 1746 4925 obscenis,
1800 4855 1933 4910 Puta
1968 4856 2216 4927 putandis

618 4945 921 5012 arboribus,
944 4947 1258 5003 nemoribus
1283 4946 1676 5015 Nemestrinus,
1700 4948 1973 5005 Patellana
2024 4960 2079 5005 et
2118 4946 2218 5005 Pa-

620 5038 743 5093 tella
771 5039 1155 5109 patefaciendis
1183 5050 1278 5095 aut
1308 5040 1592 5111 patefactis
1630 5043 1808 5108 ostiis,
1840 5041 2070 5097 Nodutis
2098 5041 2239 5107 fru-_

618 5147 743 5202 gum
772 5129 950 5195 nodis,
986 5132 1052 5186 iis
1082 5132 1319 5189 terendis
1347 5132 1626 5199 'l‘erensis,
1657 5132 1848 5189 Vibilia
1893 5136 2099 5190 viarum
2128 5151 2216 5191 er-

620 5224 855 5290 roribus,
888 5222 1103 5280 Orbana
1154 5224 1388 5279 filiorum
1437 5227 1643 5282 orbatis
1672 5227 2009 5297 parentibus,
2034 5210 2218 5283 Narnia

621 5319 745 5374 sitae
773 5319 1054 5382 extremis,
1083 5318 1331 5388 Ossilago
1372 5321 1581 5375 ossibus
1610 5322 2217 5397 consolidandisLPcta,

620 5410 777 5475 Puta,
813 5412 1015 5467 Patella
1041 5412 1255 5482 apibus,
1310 5414 1457 5468 melli
1501 5414 1771 5479 Mellouia,
1814 5417 1995 5474 anrii
2043 5417 2214 5485 lucro,

621 5504 903 5561 Libentina
934 5517 989 5561 et
1016 5505 1289 5561 Liburnus
1313 5505 1538 5576 libidini,
1582 5509 1858 5565 liminibus
1886 5512 2222 5569 Limentinus

620 5608 680 5654 et
728 5597 903 5665 Limn,
955 5598 1361 5670 obliquitatihus
1417 5599 1633 5667 Limus,
1685 5606 1882 5658 sationi
1935 5605 2220 5673 Saturnus,

622 5688 895 5743 montibus
923 5690 1214 5757 Montinus,
1250 5689 1488 5746 Murcido
1521 5692 1796 5762 segnibus,
1826 5710 1888 5750 ac
1909 5698 2149 5764 pecunia:
2169 5707 2224 5753 et

622 5778 822 5834 divitiis
853 5779 950 5834 dea
979 5781 1233 5837 Pecunia.
1267 5784 1321 5838 Si
1372 5784 1517 5839 enim
1569 5784 1624 5838 hi
1674 5784 1874 5857 aliique
1907 5786 2087 5859 plures
2124 5790 2222 5858 dii,

622 5883 760 5937 quos
791 5872 997 5927 Auctor
1029 5885 1215 5931 nOSter
1264 5890 1335 5931 nc
1386 5876 1572 5934 lectori
1601 5876 1761 5935 ta-dio
1805 5888 1967 5947 esset,
2000 5890 2226 5950 praetcr-

2319 3158 2662 3245 couteutione
2694 3164 2966 3223 vindicare
2992 3160 3369 3245 conabuntur?
3514 3238 3541 3245 η

2393 3240 2548 3331 Quod
2578 3261 2622 3316 si
2664 3261 2784 3330 quis
2812 3250 3011 3315 dixerit
3052 3240 3152 3315 sibi
3204 3240 3376 3314 latere
3406 3248 3471 3314 aii
3508 3240 3743 3333 lheologi
3769 3250 3932 3317 aliive

2324 3360 2437 3413 suis
2490 3359 2543 3411 in
2573 3336 2722 3411 libris
2752 3346 2966 3427 cogniia
3000 3342 3054 3410 et
3083 3338 3385 3425 explorala,
3418 3352 3499 3410 vel
3531 3346 3665 3409 l‘alsa
3697 3354 3933 3425 fictaque

2326 3468 2424 3523 pro
2444 3426 2668 3505 libidine
2694 3426 3012 3519 scripserint
3044 3468 3057 3504 :
3084 3436 3211 3519 quid
3241 3434 3307 3527 ad
3344 3439 3480 3503 nos?
3510 3440 3704 3527 ‘inquit
3754 3448 3935 3525 Arno-

2326 3518 2464 3599 bius.
2490 3538 2700 3599 Sufficit
2732 3518 2818 3595 illa
2847 3534 3051 3602 omnia,
3082 3518 3201 3612 qum
3239 3520 3307 3596 de
3337 3539 3438 3595 diis
3466 3518 3742 3607 dicuiitur,
3774 3520 3931 3598 falsis

2328 3628 2454 3691 tatis
2482 3634 2752 3708 convinci.
2790 3622 2863 3711 De
2887 3614 3065 3689 medio
3101 3622 3262 3703 igilur
3292 3630 3513 3689 tollendi
3541 3632 3667 3689 'sunt
3697 3628 3747 3689 hi
3775 3622 3932 3691 theo-

2327 3722 2591 3803 logorum,
2627 3710 2963 3799 pontificum,
3015 3716 3351 3797 aliorumque
3393 3737 3601 3782 veteres
3650 3710 3794 3796 libri,
3836 3712 3932 3785 aui

2325 3812 2525 3876 ethnici
2566 3838 2626 3875 ea
2657 3820 2963 3892 patefacere
2992 3816 3148 3875 nobis
3178 3818 3402 3884 debent,
3434 3838 3552 3889 qua:
3580 3836 3706 3875 vera
3738 3820 3791 3876 in
3847 3823 3930 3879 eis

2326 3916 2686 3985 reperiantur.
3488 3984 3493 3989 ε

2396 4011 2465 4064 At
2492 4008 2765 4079 quomodo
2791 4010 2903 4063 veri
2933 4008 3133 4079 aliquid
3170 4007 3221 4062 in
3251 4006 3359 4063 illis
3388 4004 3613 4063 indicari
3641 3994 3841 4080 posset,
3873 4011 3930 4066 in

2328 4105 2522 4175 quibus
2551 4103 2711 4161 iidem
2745 4100 2819 4159 dii
2847 4086 3075 4159 summis
3120 4103 3467 4158 contumeliis
3498 4086 3696 4175 ubique
3725 4100 3928 4174 passim

2326 4195 2658 4253 afficiuntur.
2686 4197 2819 4252 Nam
2855 4194 2924 4251 ibi
2970 4178 3331 4268 praedicantur
3372 4195 3445 4249 dii
3494 4192 3623 4271 non,
3657 4210 3811 4250 secus
3864 4212 3933 4253 ac

2326 4290 2575 4345 homines
2594 4288 2781 4362 geniti,
2806 4284 3095 4344 celebratis
3115 4285 3263 4358 prius
3290 4288 3514 4357 nuptiis,
3540 4298 3630 4342 aut
3656 4274 3931 4344 adulterio

2324 4393 2380 4440 et
2406 4385 2636 4450 incestu,
2668 4382 2826 4439 sicuti
2873 4378 3101 4452 Jupiter,
3136 4393 3191 4437 et
3237 4381 3331 4435 filii
3365 4380 3504 4452 ejus,
3552 4391 3644 4436 aut
3690 4396 3755 4437 ex
3808 4383 3931 4437 ovis

2284 4470 2474 4545 ivelut
2514 4474 2706 4531 Castor
2734 4488 2784 4532 et
2813 4474 3024 4541 Pollux,
3058 4482 3151 4529 aut
3198 4489 3263 4529 ex
3309 4472 3485 4545 pelagi
3533 4466 3743 4544 spuma,
3788 4474 3931 4529 sicut

2326 4570 2523 4627 Venus.
2552 4568 2743 4626 Nonne
2780 4585 2911 4640 ergo
2939 4566 3165 4640 publicae
3209 4568 3424 4640 generis
3456 4564 3676 4623 humani
3703 4565 3929 4624 calami-

2325 4671 2465 4719 tates
2491 4656 2679 4718 iisdem
2728 4660 2985 4728 ethnicis,
3017 4659 3131 4716 haec
3161 4660 3588 4732 pertinacissime
3631 4663 3929 4717 asserenti-

2322 4761 2442 4827 hns,
2492 4760 2714 4832 haecque
2771 4761 3051 4815 numinum
3105 4768 3354 4831 portenta
3395 4752 3560 4829 impie
3617 4756 3926 4817 colentibus

2321 4852 2695 4910 adscribendte
2752 4864 2901 4917 sunt,
2958 4868 3065 4907 non
3122 4861 3304 4907 autem
3346 4848 3684 4919 christianis,
3714 4853 3803 4923 qui
3834 4868 3922 4923 ea,

2319 4964 2427 5019 quo
2459 4964 2554 5020 par
2579 4956 2685 5015 est,
2718 4942 2944 5002 horrore
2967 4946 3346 5001 detestantur?

2396 5042 2580 5113 Neque
2605 5051 2780 5097 tamen
2806 5040 2877 5097 ibi
2904 5041 3054 5097 stetit
3104 5041 3289 5096 insana
3319 5040 3605 5113 gentilium
3651 5026 3922 5112 opinatio.

2322 5135 2429 5192 Sed
2458 5136 2573 5190 suis
2602 5134 2777 5190 adhuc
2808 5136 2859 5190 in
2885 5116 3038 5190 libris
3082 5116 3434 5190 venditabant
3453 5133 3743 5190 Saturnum
3775 5137 3925 5191 vinc-

2322 5237 2459 5292 tum,
2485 5225 2671 5282 Jovem
2712 5224 2973 5282 infantem
2996 5224 3026 5281 a
3050 5225 3339 5282 Curetibus
3376 5237 3667 5294 servatum,
3693 5243 3921 5300 regnum

2322 5320 2531 5390 eXpulsi
2561 5319 2592 5375 ξι
2621 5336 2682 5376 se
2722 5321 2890 5391 patris
2917 5332 3294 5393 occupantem,
3334 5321 3581 5377 humanis
3611 5322 3923 5393 impruden-

2323 5423 2403 5469 ter
2436 5424 2649 5484 pastum
2691 5413 2966 5469 carnibus.
2997 5413 3291 5469 Vulcanum
3320 5413 3557 5482 fabrum,
3586 5416 3759 5471 altero
3775 5415 3921 5473 clau-

2325 5508 2452 5563 dum
2478 5509 2643 5579 pede;
2683 5506 3058 5579 Esculajiittttt
3088 5524 3405 5577 percussum
3441 5509 3683 5578 fulmine,
3716 5510 3920 5580 Apolli-

2328 5616 2451 5655 netn
2489 5599 2637 5655 falsis
2662 5601 2935 5672 responsis
2965 5601 3369 5669 locupletatum,
3411 5601 3556 5657 fures
3597 5602 3918 5657 Mercurium

2327 5704 2379 5750 et
2408 5693 2724 5761 Lavernam,
2762 5693 2939 5749 Musas
2968 5692 3293 5764 Mcgaclonis
3319 5695 3623 5758 ancillulas,
3655 5693 3918 5751 Venerem

2329 5785 2692 5854 meretricem,
2741 5785 3035 5841 Palladium
3071 5802 3137 5841 ex
3166 5785 3382 5871 Pelopis
3408 5787 3651 5859 reliquiis
3679 5786 3918 5856 factum;

2334 5878 2520 5937 Martis
2542 5868 2794 5949 patriam,
2830 5866 3065 5949 vincula,
3094 5888 3150 5935 et
3172 5866 3292 5935 cum
3320 5877 3529 5939 Venere
3560 5878 3920 5949 adulterium;
