  <div class='ocr_page' id='page_1' title='image "/cluster/home/n/w/nwhite01/storage/ocr_20150623/5/hvd.32044073505224/196.png"; bbox 0 0 4142 6262; ppageno 0'>
   <div class='ocr_carea' id='block_1_1' title="bbox 160 375 254 437">
    <p class='ocr_par' dir='ltr' id='par_1_1' title="bbox 160 375 254 437">
     <span class='ocr_line' id='line_1_1' title="bbox 160 375 254 437; baseline -0.021 0"><span class='ocrx_word' id='word_1_1' title='bbox 160 375 254 437; x_wconf 76' lang='lat'><strong>58!</strong></span> 
     </span>
    </p>
   </div>
   <div class='ocr_carea' id='block_1_2' title="bbox 1403 356 2169 446">
    <p class='ocr_par' dir='ltr' id='par_1_2' title="bbox 1403 356 2169 446">
     <span class='ocr_line' id='line_1_2' title="bbox 1403 356 2169 446; baseline -0.001 -15"><span class='ocrx_word' id='word_1_2' title='bbox 1403 374 1471 431; x_wconf 85' lang='lat' dir='ltr'><strong>IN</strong></span> <span class='ocrx_word' id='word_1_3' title='bbox 1510 356 1889 446; x_wconf 71' lang='lat' dir='ltr'><strong>ARNOBIUM‘,</strong></span> <span class='ocrx_word' id='word_1_4' title='bbox 1931 360 2085 433; x_wconf 64' lang='lat' dir='ltr'><strong>CAP.</strong></span> <span class='ocrx_word' id='word_1_5' title='bbox 2127 374 2169 431; x_wconf 92' lang='lat' dir='ltr'><strong>t.</strong></span> 
     </span>
    </p>
   </div>
   <div class='ocr_carea' id='block_1_3' title="bbox 3331 367 3439 425">
    <p class='ocr_par' dir='ltr' id='par_1_3' title="bbox 3331 367 3439 425">
     <span class='ocr_line' id='line_1_3' title="bbox 3331 367 3439 425; baseline 0 0"><span class='ocrx_word' id='word_1_6' title='bbox 3331 367 3439 425; x_wconf 74' lang='lat'><strong>382</strong></span> 
     </span>
    </p>
   </div>
   <div class='ocr_carea' id='block_1_4' title="bbox 160 478 3441 565">
    <p class='ocr_par' dir='ltr' id='par_1_4' title="bbox 160 478 3441 565">
     <span class='ocr_line' id='line_1_4' title="bbox 160 478 3441 565; baseline -0.002 -14"><span class='ocrx_word' id='word_1_7' title='bbox 160 493 535 551; x_wconf 80' lang='lat' dir='ltr'><strong>mercenariam</strong></span> <span class='ocrx_word' id='word_1_8' title='bbox 563 484 831 562; x_wconf 84' lang='lat' dir='ltr'><strong>Herculis,</strong></span> <span class='ocrx_word' id='word_1_9' title='bbox 859 493 1129 565; x_wconf 83' lang='lat' dir='ltr'><strong>Apollinis</strong></span> <span class='ocrx_word' id='word_1_10' title='bbox 1158 502 1211 550; x_wconf 91' lang='lat' dir='ltr'><strong>et</strong></span> <span class='ocrx_word' id='word_1_11' title='bbox 1238 490 1472 565; x_wconf 81' lang='lat' dir='ltr'><strong>Neptuni</strong></span> <span class='ocrx_word' id='word_1_12' title='bbox 1500 478 1736 552; x_wconf 68' lang='lat' dir='ltr'><strong>servitu.</strong></span> <span class='ocrx_word' id='word_1_13' title='bbox 1763 498 1818 559; x_wconf 82' lang='grc' dir='ltr'><strong>Α</strong></span> <span class='ocrx_word' id='word_1_14' title='bbox 1843 512 1961 551; x_wconf 90' lang='lat' dir='ltr'><strong>esse</strong></span> <span class='ocrx_word' id='word_1_15' title='bbox 1989 480 2405 552; x_wconf 76' lang='lat' dir='ltr'><strong>arbiirabantur.</strong></span> <span class='ocrx_word' id='word_1_16' title='bbox 2457 490 2637 551; x_wconf 73' lang='lat' dir='ltr'><strong>Pi-ima</strong></span> <span class='ocrx_word' id='word_1_17' title='bbox 2669 501 2752 550; x_wconf 86' lang='lat' dir='ltr'><strong>est</strong></span> <span class='ocrx_word' id='word_1_18' title='bbox 2794 492 2982 549; x_wconf 73' lang='lat' dir='ltr'><strong>Numae</strong></span> <span class='ocrx_word' id='word_1_19' title='bbox 3030 485 3301 561; x_wconf 82' lang='lat' dir='ltr'><strong>Po&#39;nlpilli,</strong></span> <span class='ocrx_word' id='word_1_20' title='bbox 3348 487 3441 558; x_wconf 86' lang='lat' dir='ltr'><strong>qui</strong></span> 
     </span>
    </p>
   </div>
   <div class='ocr_carea' id='block_1_5' title="bbox 161 588 1739 658">
    <p class='ocr_par' dir='ltr' id='par_1_5' title="bbox 161 588 1739 658">
     <span class='ocr_line' id='line_1_5' title="bbox 161 588 1739 658; baseline -0.001 -12"><span class='ocrx_word' id='word_1_21' title='bbox 161 602 293 653; x_wconf 86' lang='lat' dir='ltr'><strong>tem;</strong></span> <span class='ocrx_word' id='word_1_22' title='bbox 322 588 614 643; x_wconf 77' lang='lat' dir='ltr'><strong>Minervam</strong></span> <span class='ocrx_word' id='word_1_23' title='bbox 667 589 720 643; x_wconf 93' lang='lat' dir='ltr'><strong>iu</strong></span> <span class='ocrx_word' id='word_1_24' title='bbox 750 589 1127 658; x_wconf 87' lang='lat' dir='ltr'><strong>conjugalibus</strong></span> <span class='ocrx_word' id='word_1_25' title='bbox 1157 591 1381 646; x_wconf 78' lang='lat' dir='ltr'><strong>secretis</strong></span> <span class='ocrx_word' id='word_1_26' title='bbox 1438 590 1739 645; x_wconf 77' lang='lat' dir='ltr'><strong>ministram</strong></span> 
     </span>
    </p>
   </div>
   <div class='ocr_carea' id='block_1_6' title="bbox 161 680 1738 751">
    <p class='ocr_par' dir='ltr' id='par_1_6' title="bbox 161 680 1738 751">
     <span class='ocr_line' id='line_1_6' title="bbox 161 680 1738 751; baseline 0 -13"><span class='ocrx_word' id='word_1_27' title='bbox 161 682 315 747; x_wconf 89' lang='lat' dir='ltr'><strong>lucis;</strong></span> <span class='ocrx_word' id='word_1_28' title='bbox 362 680 569 749; x_wconf 74' lang='lat' dir='ltr'><strong>Martis,</strong></span> <span class='ocrx_word' id='word_1_29' title='bbox 610 681 861 747; x_wconf 83' lang='lat' dir='ltr'><strong>Veneris,</strong></span> <span class='ocrx_word' id='word_1_30' title='bbox 906 681 1177 751; x_wconf 77' lang='lat' dir='ltr'><strong>Plutonis,</strong></span> <span class='ocrx_word' id='word_1_31' title='bbox 1222 684 1449 740; x_wconf 82' lang='lat' dir='ltr'><strong>Junonis</strong></span> <span class='ocrx_word' id='word_1_32' title='bbox 1476 684 1738 751; x_wconf 83' lang='lat' dir='ltr'><strong>vulnera;</strong></span> 
     </span>
    </p>
   </div>
   <div class='ocr_carea' id='block_1_7' title="bbox 160 775 1738 850">
    <p class='ocr_par' dir='ltr' id='par_1_7' title="bbox 160 775 1738 850">
     <span class='ocr_line' id='line_1_7' title="bbox 160 775 1738 850; baseline 0.001 -17"><span class='ocrx_word' id='word_1_33' title='bbox 160 777 314 845; x_wconf 68' lang='lat' dir='ltr'><strong>lovis,</strong></span> <span class='ocrx_word' id='word_1_34' title='bbox 340 775 578 841; x_wconf 85' lang='lat' dir='ltr'><strong>Saturni,</strong></span> <span class='ocrx_word' id='word_1_35' title='bbox 605 775 844 832; x_wconf 85' lang='lat' dir='ltr'><strong>Castoris</strong></span> <span class='ocrx_word' id='word_1_36' title='bbox 876 788 931 831; x_wconf 86' lang='lat' dir='ltr'><strong>et</strong></span> <span class='ocrx_word' id='word_1_37' title='bbox 958 778 1193 834; x_wconf 87' lang='lat' dir='ltr'><strong>Pollucis</strong></span> <span class='ocrx_word' id='word_1_38' title='bbox 1223 779 1573 850; x_wconf 86' lang='lat' dir='ltr'><strong>sepulturam,</strong></span> <span class='ocrx_word' id='word_1_39' title='bbox 1608 780 1738 835; x_wconf 92' lang='lat' dir='ltr'><strong>hos-</strong></span> 
     </span>
    </p>
   </div>
   <div class='ocr_carea' id='block_1_8' title="bbox 161 870 1740 943">
    <p class='ocr_par' dir='ltr' id='par_1_8' title="bbox 161 870 1740 943">
     <span class='ocr_line' id='line_1_8' title="bbox 161 870 1740 943; baseline 0.003 -20"><span class='ocrx_word' id='word_1_40' title='bbox 161 886 255 941; x_wconf 88' lang='lat' dir='ltr'><strong>que</strong></span> <span class='ocrx_word' id='word_1_41' title='bbox 287 870 509 923; x_wconf 81' lang='lat' dir='ltr'><strong>alternis</strong></span> <span class='ocrx_word' id='word_1_42' title='bbox 559 870 802 924; x_wconf 82' lang='lat' dir='ltr'><strong>viveutes</strong></span> <span class='ocrx_word' id='word_1_43' title='bbox 832 885 895 925; x_wconf 90' lang='lat' dir='ltr'><strong>ac</strong></span> <span class='ocrx_word' id='word_1_44' title='bbox 950 871 1274 937; x_wconf 86' lang='lat' dir='ltr'><strong>morientes;</strong></span> <span class='ocrx_word' id='word_1_45' title='bbox 1307 872 1587 927; x_wconf 89' lang='lat' dir='ltr'><strong>llerculem</strong></span> <span class='ocrx_word' id='word_1_46' title='bbox 1619 873 1740 943; x_wconf 87' lang='lat' dir='ltr'><strong>igne</strong></span> 
     </span>
    </p>
   </div>
   <div class='ocr_carea' id='block_1_9' title="bbox 162 960 1740 1034">
    <p class='ocr_par' dir='ltr' id='par_1_9' title="bbox 162 960 1740 1034">
     <span class='ocr_line' id='line_1_9' title="bbox 162 960 1740 1034; baseline 0.001 -16"><span class='ocrx_word' id='word_1_47' title='bbox 162 971 476 1027; x_wconf 86' lang='lat' dir='ltr'><strong>crematum;</strong></span> <span class='ocrx_word' id='word_1_48' title='bbox 509 960 840 1017; x_wconf 73' lang='lat' dir='ltr'><strong>eﬂ&#39;rzcnatam</strong></span> <span class='ocrx_word' id='word_1_49' title='bbox 878 962 1106 1033; x_wconf 86' lang='lat' dir='ltr'><strong>Neptuni</strong></span> <span class='ocrx_word' id='word_1_50' title='bbox 1130 970 1184 1017; x_wconf 89' lang='lat' dir='ltr'><strong>et</strong></span> <span class='ocrx_word' id='word_1_51' title='bbox 1204 962 1481 1034; x_wconf 62' lang='lat' dir='ltr'><strong>{Apollinis</strong></span> <span class='ocrx_word' id='word_1_52' title='bbox 1506 964 1557 1019; x_wconf 88' lang='lat' dir='ltr'><strong>iu</strong></span> <span class='ocrx_word' id='word_1_53' title='bbox 1587 965 1740 1020; x_wconf 85' lang='lat' dir='ltr'><strong>femi-</strong></span> 
     </span>
    </p>
   </div>
   <div class='ocr_carea' id='block_1_10' title="bbox 162 1054 1741 1129">
    <p class='ocr_par' dir='ltr' id='par_1_10' title="bbox 162 1054 1741 1129">
     <span class='ocr_line' id='line_1_10' title="bbox 162 1054 1741 1129; baseline 0.001 -17"><span class='ocrx_word' id='word_1_54' title='bbox 162 1071 248 1113; x_wconf 86' lang='lat' dir='ltr'><strong>nas</strong></span> <span class='ocrx_word' id='word_1_55' title='bbox 271 1054 336 1110; x_wconf 87' lang='lat' dir='ltr'><strong>ab</strong></span> <span class='ocrx_word' id='word_1_56' title='bbox 363 1063 587 1111; x_wconf 87' lang='lat' dir='ltr'><strong>auctore</strong></span> <span class='ocrx_word' id='word_1_57' title='bbox 614 1066 800 1111; x_wconf 90' lang='lat' dir='ltr'><strong>nostro</strong></span> <span class='ocrx_word' id='word_1_58' title='bbox 824 1056 1135 1112; x_wconf 87' lang='lat' dir='ltr'><strong>nominibus</strong></span> <span class='ocrx_word' id='word_1_59' title='bbox 1158 1059 1272 1113; x_wconf 87' lang='lat' dir='ltr'><strong>suis</strong></span> <span class='ocrx_word' id='word_1_60' title='bbox 1294 1059 1589 1129; x_wconf 84' lang='lat' dir='ltr'><strong>appellatas</strong></span> <span class='ocrx_word' id='word_1_61' title='bbox 1619 1058 1741 1113; x_wconf 84' lang='lat' dir='ltr'><strong>libi-</strong></span> 
     </span>
    </p>
   </div>
   <div class='ocr_carea' id='block_1_11' title="bbox 163 1147 1743 1215">
    <p class='ocr_par' dir='ltr' id='par_1_11' title="bbox 163 1147 1743 1215">
     <span class='ocr_line' id='line_1_11' title="bbox 163 1147 1743 1215; baseline 0.001 -12"><span class='ocrx_word' id='word_1_62' title='bbox 163 1147 358 1214; x_wconf 87' lang='lat' dir='ltr'><strong>dinem;</strong></span> <span class='ocrx_word' id='word_1_63' title='bbox 388 1149 567 1203; x_wconf 86' lang='lat' dir='ltr'><strong>varias</strong></span> <span class='ocrx_word' id='word_1_64' title='bbox 603 1148 753 1203; x_wconf 86' lang='lat' dir='ltr'><strong>.lovis</strong></span> <span class='ocrx_word' id='word_1_65' title='bbox 778 1165 898 1204; x_wconf 86' lang='lat' dir='ltr'><strong>eam</strong></span> <span class='ocrx_word' id='word_1_66' title='bbox 933 1151 1004 1204; x_wconf 93' lang='lat' dir='ltr'><strong>ob</strong></span> <span class='ocrx_word' id='word_1_67' title='bbox 1036 1152 1150 1205; x_wconf 88' lang='lat' dir='ltr'><strong>rem</strong></span> <span class='ocrx_word' id='word_1_68' title='bbox 1201 1150 1606 1215; x_wconf 80' lang='lat' dir='ltr'><strong>conversiones,</strong></span> <span class='ocrx_word' id='word_1_69' title='bbox 1660 1149 1743 1204; x_wconf 88' lang='lat' dir='ltr'><strong>fu-</strong></span> 
     </span>
    </p>
   </div>
   <div class='ocr_carea' id='block_1_12' title="bbox 162 1240 1739 1312">
    <p class='ocr_par' dir='ltr' id='par_1_12' title="bbox 162 1240 1739 1312">
     <span class='ocr_line' id='line_1_12' title="bbox 162 1240 1739 1312; baseline 0 -15"><span class='ocrx_word' id='word_1_70' title='bbox 162 1251 352 1297; x_wconf 88' lang='lat' dir='ltr'><strong>rentem</strong></span> <span class='ocrx_word' id='word_1_71' title='bbox 384 1240 545 1312; x_wconf 85' lang='lat' dir='ltr'><strong>hujus</strong></span> <span class='ocrx_word' id='word_1_72' title='bbox 572 1246 626 1296; x_wconf 91' lang='lat' dir='ltr'><strong>et</strong></span> <span class='ocrx_word' id='word_1_73' title='bbox 656 1241 880 1295; x_wconf 88' lang='lat' dir='ltr'><strong>aliorum</strong></span> <span class='ocrx_word' id='word_1_74' title='bbox 905 1240 1128 1297; x_wconf 89' lang='lat' dir='ltr'><strong>deorum</strong></span> <span class='ocrx_word' id='word_1_75' title='bbox 1185 1258 1248 1297; x_wconf 89' lang='lat' dir='ltr'><strong>ac</strong></span> <span class='ocrx_word' id='word_1_76' title='bbox 1295 1241 1519 1297; x_wconf 89' lang='lat' dir='ltr'><strong>dearum</strong></span> <span class='ocrx_word' id='word_1_77' title='bbox 1545 1244 1595 1296; x_wconf 90' lang='lat' dir='ltr'><strong>in</strong></span> <span class='ocrx_word' id='word_1_78' title='bbox 1623 1258 1739 1297; x_wconf 88' lang='lat' dir='ltr'><strong>ma-</strong></span> 
     </span>
    </p>
   </div>
   <div class='ocr_carea' id='block_1_13' title="bbox 163 1332 1736 1407">
    <p class='ocr_par' dir='ltr' id='par_1_13' title="bbox 163 1332 1736 1407">
     <span class='ocr_line' id='line_1_13' title="bbox 163 1332 1736 1407; baseline -0.001 -14"><span class='ocrx_word' id='word_1_79' title='bbox 163 1336 327 1393; x_wconf 87' lang='lat' dir='ltr'><strong>sculos</strong></span> <span class='ocrx_word' id='word_1_80' title='bbox 354 1332 730 1406; x_wconf 79' lang='lat' dir='ltr'><strong>petulantiam.</strong></span> <span class='ocrx_word' id='word_1_81' title='bbox 765 1336 924 1407; x_wconf 81' lang='lat' dir='ltr'><strong>Atqui</strong></span> <span class='ocrx_word' id='word_1_82' title='bbox 956 1337 1071 1392; x_wconf 53' lang='lat' dir='ltr'><strong>hate</strong></span> <span class='ocrx_word' id='word_1_83' title='bbox 1100 1338 1279 1391; x_wconf 82' lang='lat' dir='ltr'><strong>omnia</strong></span> <span class='ocrx_word' id='word_1_84' title='bbox 1310 1344 1401 1393; x_wconf 88' lang='lat' dir='ltr'><strong>aut</strong></span> <span class='ocrx_word' id='word_1_85' title='bbox 1430 1337 1559 1393; x_wconf 85' lang='lat' dir='ltr'><strong>falsa</strong></span> <span class='ocrx_word' id='word_1_86' title='bbox 1594 1348 1736 1405; x_wconf 91' lang='lat' dir='ltr'><strong>sunt,</strong></span> 
     </span>
    </p>
   </div>
   <div class='ocr_carea' id='block_1_14' title="bbox 163 1430 1742 1504">
    <p class='ocr_par' dir='ltr' id='par_1_14' title="bbox 163 1430 1742 1504">
     <span class='ocr_line' id='line_1_14' title="bbox 163 1430 1742 1504; baseline 0.003 -21"><span class='ocrx_word' id='word_1_87' title='bbox 163 1438 243 1485; x_wconf 86' lang='lat' dir='ltr'><strong>aut</strong></span> <span class='ocrx_word' id='word_1_88' title='bbox 262 1444 412 1484; x_wconf 83' lang='lat' dir='ltr'><strong>vera.</strong></span> <span class='ocrx_word' id='word_1_89' title='bbox 443 1430 502 1485; x_wconf 91' lang='lat' dir='ltr'><strong>Si</strong></span> <span class='ocrx_word' id='word_1_90' title='bbox 533 1432 787 1500; x_wconf 82' lang='lat' dir='ltr'><strong>primum,</strong></span> <span class='ocrx_word' id='word_1_91' title='bbox 822 1432 894 1485; x_wconf 89' lang='lat' dir='ltr'><strong>dii</strong></span> <span class='ocrx_word' id='word_1_92' title='bbox 931 1436 1105 1487; x_wconf 87' lang='lat' dir='ltr'><strong>tantas</strong></span> <span class='ocrx_word' id='word_1_93' title='bbox 1145 1438 1359 1504; x_wconf 71' lang='lat' dir='ltr'><strong>tamdue</strong></span> <span class='ocrx_word' id='word_1_94' title='bbox 1403 1433 1742 1502; x_wconf 84' lang='lat' dir='ltr'><strong>impudentes</strong></span> 
     </span>
    </p>
   </div>
   <div class='ocr_carea' id='block_1_15' title="bbox 163 1514 1741 1583">
    <p class='ocr_par' dir='ltr' id='par_1_15' title="bbox 163 1514 1741 1583">
     <span class='ocr_line' id='line_1_15' title="bbox 163 1514 1741 1583; baseline 0.003 -5"><span class='ocrx_word' id='word_1_95' title='bbox 163 1523 447 1579; x_wconf 83' lang='lat' dir='ltr'><strong>calumnias</strong></span> <span class='ocrx_word' id='word_1_96' title='bbox 478 1533 648 1579; x_wconf 89' lang='lat' dir='ltr'><strong>morte</strong></span> <span class='ocrx_word' id='word_1_97' title='bbox 703 1524 1043 1581; x_wconf 84' lang='lat' dir='ltr'><strong>ethnicorum</strong></span> <span class='ocrx_word' id='word_1_98' title='bbox 1076 1526 1314 1581; x_wconf 86' lang='lat' dir='ltr'><strong>omnium</strong></span> <span class='ocrx_word' id='word_1_99' title='bbox 1348 1514 1619 1583; x_wconf 87' lang='lat' dir='ltr'><strong>vindicare</strong></span> <span class='ocrx_word' id='word_1_100' title='bbox 1646 1529 1741 1583; x_wconf 88' lang='lat' dir='ltr'><strong>de-</strong></span> 
     </span>
    </p>
   </div>
   <div class='ocr_carea' id='block_1_16' title="bbox 162 1616 1743 1683">
    <p class='ocr_par' dir='ltr' id='par_1_16' title="bbox 162 1616 1743 1683">
     <span class='ocr_line' id='line_1_16' title="bbox 162 1616 1743 1683; baseline 0.004 -12"><span class='ocrx_word' id='word_1_101' title='bbox 162 1616 402 1671; x_wconf 84' lang='lat' dir='ltr'><strong>buerunt.</strong></span> <span class='ocrx_word' id='word_1_102' title='bbox 441 1616 496 1671; x_wconf 89' lang='lat' dir='ltr'><strong>Si</strong></span> <span class='ocrx_word' id='word_1_103' title='bbox 535 1617 850 1681; x_wconf 40' lang='lat' dir='ltr'><strong>secundu&#39;u,</strong></span> <span class='ocrx_word' id='word_1_104' title='bbox 889 1619 1053 1673; x_wconf 84' lang='lat' dir='ltr'><strong>iidem</strong></span> <span class='ocrx_word' id='word_1_105' title='bbox 1086 1619 1157 1673; x_wconf 80' lang='lat' dir='ltr'><strong>dii</strong></span> <span class='ocrx_word' id='word_1_106' title='bbox 1190 1620 1394 1683; x_wconf 87' lang='lat' dir='ltr'><strong>miseri,</strong></span> <span class='ocrx_word' id='word_1_107' title='bbox 1429 1620 1659 1676; x_wconf 80' lang='lat' dir='ltr'><strong>infames</strong></span> <span class='ocrx_word' id='word_1_108' title='bbox 1688 1632 1743 1676; x_wconf 92' lang='lat' dir='ltr'><strong>et</strong></span> 
     </span>
    </p>
   </div>
   <div class='ocr_carea' id='block_1_17' title="bbox 160 1704 1451 1768">
    <p class='ocr_par' dir='ltr' id='par_1_17' title="bbox 160 1704 1451 1768">
     <span class='ocr_line' id='line_1_17' title="bbox 160 1704 1451 1768; baseline 0.002 -3"><span class='ocrx_word' id='word_1_109' title='bbox 160 1709 546 1765; x_wconf 79' lang='lat' dir='ltr'><strong>sceleratissimi</strong></span> <span class='ocrx_word' id='word_1_110' title='bbox 570 1710 817 1765; x_wconf 79' lang='lat' dir='ltr'><strong>homines</strong></span> <span class='ocrx_word' id='word_1_111' title='bbox 848 1710 1015 1767; x_wconf 83' lang='lat' dir='ltr'><strong>fuisse</strong></span> <span class='ocrx_word' id='word_1_112' title='bbox 1042 1704 1451 1768; x_wconf 82' lang='lat' dir='ltr'><strong>convincuntur.</strong></span> 
     </span>
    </p>
   </div>
   <div class='ocr_carea' id='block_1_18' title="bbox 219 1794 1746 1873">
    <p class='ocr_par' dir='ltr' id='par_1_18' title="bbox 219 1794 1746 1873">
     <span class='ocr_line' id='line_1_18' title="bbox 219 1794 1746 1873; baseline 0.005 -19"><span class='ocrx_word' id='word_1_113' title='bbox 219 1801 349 1870; x_wconf 84' lang='lat' dir='ltr'><strong>Quid</strong></span> <span class='ocrx_word' id='word_1_114' title='bbox 375 1817 528 1869; x_wconf 79' lang='lat' dir='ltr'><strong>vero,</strong></span> <span class='ocrx_word' id='word_1_115' title='bbox 560 1803 705 1873; x_wconf 89' lang='lat' dir='ltr'><strong>quod</strong></span> <span class='ocrx_word' id='word_1_116' title='bbox 728 1802 965 1857; x_wconf 88' lang='lat' dir='ltr'><strong>humana</strong></span> <span class='ocrx_word' id='word_1_117' title='bbox 999 1804 1217 1859; x_wconf 90' lang='lat' dir='ltr'><strong>illorum</strong></span> <span class='ocrx_word' id='word_1_118' title='bbox 1269 1794 1457 1859; x_wconf 87' lang='lat' dir='ltr'><strong>natura</strong></span> <span class='ocrx_word' id='word_1_119' title='bbox 1491 1804 1746 1861; x_wconf 83' lang='lat' dir='ltr'><strong>manifes-</strong></span> 
     </span>
    </p>
   </div>
   <div class='ocr_carea' id='block_1_19' title="bbox 165 1886 1820 1966">
    <p class='ocr_par' dir='ltr' id='par_1_19' title="bbox 165 1886 1820 1966">
     <span class='ocr_line' id='line_1_19' title="bbox 165 1886 1820 1966; baseline 0.001 -15"><span class='ocrx_word' id='word_1_120' title='bbox 165 1898 349 1952; x_wconf 83' lang='lat' dir='ltr'><strong>tissime</strong></span> <span class='ocrx_word' id='word_1_121' title='bbox 374 1895 768 1966; x_wconf 75' lang='lat' dir='ltr'><strong>Comprobatur</strong></span> <span class='ocrx_word' id='word_1_122' title='bbox 821 1900 926 1951; x_wconf 86' lang='lat' dir='ltr'><strong>non</strong></span> <span class='ocrx_word' id='word_1_123' title='bbox 986 1897 1162 1952; x_wconf 90' lang='lat' dir='ltr'><strong>solum</strong></span> <span class='ocrx_word' id='word_1_124' title='bbox 1217 1896 1530 1963; x_wconf 86' lang='lat' dir='ltr'><strong>Euhemeri,</strong></span> <span class='ocrx_word' id='word_1_125' title='bbox 1579 1886 1741 1953; x_wconf 84' lang='lat' dir='ltr'><strong>Nica-</strong></span> <span class='ocrx_word' id='word_1_126' title='bbox 1774 1888 1820 1959; x_wconf 74' lang='grc' dir='ltr'><strong>Β</strong></span> 
     </span>
    </p>
   </div>
   <div class='ocr_carea' id='block_1_20' title="bbox 163 1976 1745 2061">
    <p class='ocr_par' dir='ltr' id='par_1_20' title="bbox 163 1976 1745 2061">
     <span class='ocr_line' id='line_1_20' title="bbox 163 1976 1745 2061; baseline 0.002 -20"><span class='ocrx_word' id='word_1_127' title='bbox 163 2005 306 2061; x_wconf 70' lang='lat' dir='ltr'><strong>gone,</strong></span> <span class='ocrx_word' id='word_1_128' title='bbox 331 1989 580 2056; x_wconf 82' lang='lat' dir='ltr'><strong>Leontis,</strong></span> <span class='ocrx_word' id='word_1_129' title='bbox 604 1976 900 2056; x_wconf 75' lang='lat' dir='ltr'><strong>Theodori,</strong></span> <span class='ocrx_word' id='word_1_130' title='bbox 931 1980 1212 2061; x_wconf 82' lang='lat' dir='ltr'><strong>Hipponis,</strong></span> <span class='ocrx_word' id='word_1_131' title='bbox 1236 2000 1290 2047; x_wconf 88' lang='lat' dir='ltr'><strong>et</strong></span> <span class='ocrx_word' id='word_1_132' title='bbox 1314 1989 1560 2061; x_wconf 75' lang='lat' dir='ltr'><strong>Diagorzc</strong></span> <span class='ocrx_word' id='word_1_133' title='bbox 1589 1991 1745 2045; x_wconf 80' lang='lat' dir='ltr'><strong>testi-</strong></span> 
     </span>
    </p>
   </div>
   <div class='ocr_carea' id='block_1_21' title="bbox 165 2074 1747 2156">
    <p class='ocr_par' dir='ltr' id='par_1_21' title="bbox 165 2074 1747 2156">
     <span class='ocr_line' id='line_1_21' title="bbox 165 2074 1747 2156; baseline -0.001 -16"><span class='ocrx_word' id='word_1_134' title='bbox 165 2086 345 2153; x_wconf 86' lang='lat' dir='ltr'><strong>mouio,</strong></span> <span class='ocrx_word' id='word_1_135' title='bbox 379 2086 575 2140; x_wconf 78' lang='lat' dir='ltr'><strong>verum</strong></span> <span class='ocrx_word' id='word_1_136' title='bbox 628 2085 791 2140; x_wconf 88' lang='lat' dir='ltr'><strong>etiam</strong></span> <span class='ocrx_word' id='word_1_137' title='bbox 825 2085 987 2139; x_wconf 81' lang='lat' dir='ltr'><strong>rebus</strong></span> <span class='ocrx_word' id='word_1_138' title='bbox 1042 2102 1069 2139; x_wconf 88' lang='lat' dir='ltr'><strong>a</strong></span> <span class='ocrx_word' id='word_1_139' title='bbox 1116 2084 1247 2140; x_wconf 88' lang='lat' dir='ltr'><strong>Jove</strong></span> <span class='ocrx_word' id='word_1_140' title='bbox 1280 2086 1467 2156; x_wconf 85' lang='lat' dir='ltr'><strong>gestis,</strong></span> <span class='ocrx_word' id='word_1_141' title='bbox 1493 2074 1747 2141; x_wconf 66' lang='lat' dir='ltr'><strong>Minervae</strong></span> 
     </span>
    </p>
   </div>
   <div class='ocr_carea' id='block_1_22' title="bbox 164 2168 1741 2251">
    <p class='ocr_par' dir='ltr' id='par_1_22' title="bbox 164 2168 1741 2251">
     <span class='ocr_line' id='line_1_22' title="bbox 164 2168 1741 2251; baseline 0 -19"><span class='ocrx_word' id='word_1_142' title='bbox 164 2180 429 2251; x_wconf 78' lang='lat' dir='ltr'><strong>Dianzeque</strong></span> <span class='ocrx_word' id='word_1_143' title='bbox 458 2179 641 2245; x_wconf 81' lang='lat' dir='ltr'><strong>bellis,</strong></span> <span class='ocrx_word' id='word_1_144' title='bbox 668 2168 922 2234; x_wconf 80' lang='lat' dir='ltr'><strong>affectato</strong></span> <span class='ocrx_word' id='word_1_145' title='bbox 967 2182 996 2233; x_wconf 88' lang='lat' dir='ltr'><strong>a&#39;</strong></span> <span class='ocrx_word' id='word_1_146' title='bbox 1039 2177 1235 2234; x_wconf 89' lang='lat' dir='ltr'><strong>Libero</strong></span> <span class='ocrx_word' id='word_1_147' title='bbox 1259 2177 1525 2247; x_wconf 39' lang='lat' dir='ltr'><strong>,ludorum</strong></span> <span class='ocrx_word' id='word_1_148' title='bbox 1555 2192 1741 2249; x_wconf 85' lang='lat' dir='ltr'><strong>regno,</strong></span> 
     </span>
    </p>
   </div>
   <div class='ocr_carea' id='block_1_23' title="bbox 166 2262 1744 2346">
    <p class='ocr_par' dir='ltr' id='par_1_23' title="bbox 166 2262 1744 2346">
     <span class='ocr_line' id='line_1_23' title="bbox 166 2262 1744 2346; baseline 0.001 -17"><span class='ocrx_word' id='word_1_149' title='bbox 166 2286 303 2346; x_wconf 86' lang='lat' dir='ltr'><strong>atque</strong></span> <span class='ocrx_word' id='word_1_150' title='bbox 327 2274 563 2331; x_wconf 78' lang='lat' dir='ltr'><strong>aliorum</strong></span> <span class='ocrx_word' id='word_1_151' title='bbox 589 2270 922 2340; x_wconf 80' lang='lat' dir='ltr'><strong>conditione,</strong></span> <span class='ocrx_word' id='word_1_152' title='bbox 946 2262 1133 2346; x_wconf 82' lang='lat' dir='ltr'><strong>opera,</strong></span> <span class='ocrx_word' id='word_1_153' title='bbox 1152 2284 1357 2345; x_wconf 66' lang='lat' dir='ltr'><strong>qumstu</strong></span> <span class='ocrx_word' id='word_1_154' title='bbox 1380 2284 1434 2331; x_wconf 91' lang='lat' dir='ltr'><strong>et</strong></span> <span class='ocrx_word' id='word_1_155' title='bbox 1460 2274 1744 2345; x_wconf 82' lang='lat' dir='ltr'><strong>coujugiis.</strong></span> 
     </span>
    </p>
   </div>
   <div class='ocr_carea' id='block_1_24' title="bbox 167 2360 1745 2439">
    <p class='ocr_par' dir='ltr' id='par_1_24' title="bbox 167 2360 1745 2439">
     <span class='ocr_line' id='line_1_24' title="bbox 167 2360 1745 2439; baseline -0.001 -16"><span class='ocrx_word' id='word_1_156' title='bbox 167 2369 255 2424; x_wconf 86' lang='lat' dir='ltr'><strong>Sed</strong></span> <span class='ocrx_word' id='word_1_157' title='bbox 275 2368 515 2423; x_wconf 89' lang='lat' dir='ltr'><strong>declarat</strong></span> <span class='ocrx_word' id='word_1_158' title='bbox 547 2366 819 2423; x_wconf 81' lang='lat' dir='ltr'><strong>Arnobius</strong></span> <span class='ocrx_word' id='word_1_159' title='bbox 848 2385 907 2423; x_wconf 79' lang='lat' dir='ltr'><strong>se</strong></span> <span class='ocrx_word' id='word_1_160' title='bbox 929 2360 1162 2439; x_wconf 78' lang='lat' dir='ltr'><strong>id,quod</strong></span> <span class='ocrx_word' id='word_1_161' title='bbox 1188 2366 1343 2423; x_wconf 78' lang='lat' dir='ltr'><strong>facile</strong></span> <span class='ocrx_word' id='word_1_162' title='bbox 1360 2376 1493 2429; x_wconf 90' lang='lat' dir='ltr'><strong>erat,</strong></span> <span class='ocrx_word' id='word_1_163' title='bbox 1521 2368 1745 2422; x_wconf 85' lang='lat' dir='ltr'><strong>demon-</strong></span> 
     </span>
    </p>
   </div>
   <div class='ocr_carea' id='block_1_25' title="bbox 166 2460 1749 2532">
    <p class='ocr_par' dir='ltr' id='par_1_25' title="bbox 166 2460 1749 2532">
     <span class='ocr_line' id='line_1_25' title="bbox 166 2460 1749 2532; baseline -0.001 -16"><span class='ocrx_word' id='word_1_164' title='bbox 166 2461 418 2516; x_wconf 89' lang='lat' dir='ltr'><strong>strandum</strong></span> <span class='ocrx_word' id='word_1_165' title='bbox 450 2477 562 2516; x_wconf 91' lang='lat' dir='ltr'><strong>non</strong></span> <span class='ocrx_word' id='word_1_166' title='bbox 590 2462 915 2532; x_wconf 85' lang='lat' dir='ltr'><strong>suscepisse,</strong></span> <span class='ocrx_word' id='word_1_167' title='bbox 942 2461 1037 2517; x_wconf 91' lang='lat' dir='ltr'><strong>sed</strong></span> <span class='ocrx_word' id='word_1_168' title='bbox 1071 2461 1204 2517; x_wconf 92' lang='lat' dir='ltr'><strong>deos</strong></span> <span class='ocrx_word' id='word_1_169' title='bbox 1252 2477 1282 2515; x_wconf 90' lang='lat' dir='ltr'><strong>a</strong></span> <span class='ocrx_word' id='word_1_170' title='bbox 1320 2460 1533 2517; x_wconf 83' lang='lat' dir='ltr'><strong>nemine</strong></span> <span class='ocrx_word' id='word_1_171' title='bbox 1560 2469 1749 2516; x_wconf 90' lang='lat' dir='ltr'><strong>contu-</strong></span> 
     </span>
    </p>
   </div>
   <div class='ocr_carea' id='block_1_26' title="bbox 167 2550 1203 2627">
    <p class='ocr_par' dir='ltr' id='par_1_26' title="bbox 167 2550 1203 2627">
     <span class='ocr_line' id='line_1_26' title="bbox 167 2550 1203 2627; baseline -0.002 -18"><span class='ocrx_word' id='word_1_172' title='bbox 167 2553 426 2609; x_wconf 87' lang='lat' dir='ltr'><strong>meliosius</strong></span> <span class='ocrx_word' id='word_1_173' title='bbox 453 2570 614 2627; x_wconf 90' lang='lat' dir='ltr'><strong>quam</strong></span> <span class='ocrx_word' id='word_1_174' title='bbox 646 2554 713 2609; x_wconf 91' lang='lat' dir='ltr'><strong>ah</strong></span> <span class='ocrx_word' id='word_1_175' title='bbox 738 2550 969 2610; x_wconf 86' lang='lat' dir='ltr'><strong>ethnicis</strong></span> <span class='ocrx_word' id='word_1_176' title='bbox 995 2552 1203 2610; x_wconf 82' lang='lat' dir='ltr'><strong>vexari.</strong></span> 
     </span>
    </p>
   </div>
   <div class='ocr_carea' id='block_1_27' title="bbox 226 2646 1746 2717">
    <p class='ocr_par' dir='ltr' id='par_1_27' title="bbox 226 2646 1746 2717">
     <span class='ocr_line' id='line_1_27' title="bbox 226 2646 1746 2717; baseline 0 -18"><span class='ocrx_word' id='word_1_177' title='bbox 226 2646 374 2714; x_wconf 84' lang='lat' dir='ltr'><strong>Quod</strong></span> <span class='ocrx_word' id='word_1_178' title='bbox 429 2646 645 2717; x_wconf 87' lang='lat' dir='ltr'><strong>quidem</strong></span> <span class='ocrx_word' id='word_1_179' title='bbox 700 2647 790 2701; x_wconf 91' lang='lat' dir='ltr'><strong>ille</strong></span> <span class='ocrx_word' id='word_1_180' title='bbox 834 2646 1212 2702; x_wconf 85' lang='lat' dir='ltr'><strong>demonstrare</strong></span> <span class='ocrx_word' id='word_1_181' title='bbox 1249 2647 1444 2717; x_wconf 83' lang='lat' dir='ltr'><strong>pergit,</strong></span> <span class='ocrx_word' id='word_1_182' title='bbox 1496 2657 1608 2700; x_wconf 89' lang='lat' dir='ltr'><strong>tum</strong></span> <span class='ocrx_word' id='word_1_183' title='bbox 1654 2660 1746 2700; x_wconf 87' lang='lat' dir='ltr'><strong>so-</strong></span> 
     </span>
    </p>
   </div>
   <div class='ocr_carea' id='block_1_28' title="bbox 168 2736 1748 2808">
    <p class='ocr_par' dir='ltr' id='par_1_28' title="bbox 168 2736 1748 2808">
     <span class='ocr_line' id='line_1_28' title="bbox 168 2736 1748 2808; baseline 0 -16"><span class='ocrx_word' id='word_1_184' title='bbox 168 2737 421 2792; x_wconf 86' lang='lat' dir='ltr'><strong>lcmuibus</strong></span> <span class='ocrx_word' id='word_1_185' title='bbox 440 2738 759 2808; x_wconf 89' lang='lat' dir='ltr'><strong>statutisque</strong></span> <span class='ocrx_word' id='word_1_186' title='bbox 782 2736 837 2792; x_wconf 91' lang='lat' dir='ltr'><strong>in</strong></span> <span class='ocrx_word' id='word_1_187' title='bbox 866 2738 1181 2793; x_wconf 76' lang='lat' dir='ltr'><strong>earumdem</strong></span> <span class='ocrx_word' id='word_1_188' title='bbox 1210 2736 1433 2793; x_wconf 88' lang='lat' dir='ltr'><strong>deorum</strong></span> <span class='ocrx_word' id='word_1_189' title='bbox 1462 2738 1748 2805; x_wconf 90' lang='lat' dir='ltr'><strong>honorem,</strong></span> 
     </span>
    </p>
   </div>
   <div class='ocr_carea' id='block_1_29' title="bbox 171 2830 1746 2901">
    <p class='ocr_par' dir='ltr' id='par_1_29' title="bbox 171 2830 1746 2901">
     <span class='ocr_line' id='line_1_29' title="bbox 171 2830 1746 2901; baseline -0.001 -17"><span class='ocrx_word' id='word_1_190' title='bbox 171 2845 276 2898; x_wconf 73' lang='lat' dir='ltr'><strong>qua:</strong></span> <span class='ocrx_word' id='word_1_191' title='bbox 305 2830 516 2901; x_wconf 88' lang='lat' dir='ltr'><strong>quidem</strong></span> <span class='ocrx_word' id='word_1_192' title='bbox 549 2840 829 2900; x_wconf 87' lang='lat' dir='ltr'><strong>poetarqu</strong></span> <span class='ocrx_word' id='word_1_193' title='bbox 862 2841 1167 2886; x_wconf 90' lang='lat' dir='ltr'><strong>commenta</strong></span> <span class='ocrx_word' id='word_1_194' title='bbox 1200 2830 1304 2884; x_wconf 92' lang='lat' dir='ltr'><strong>dici</strong></span> <span class='ocrx_word' id='word_1_195' title='bbox 1338 2847 1445 2885; x_wconf 89' lang='lat' dir='ltr'><strong>non</strong></span> <span class='ocrx_word' id='word_1_196' title='bbox 1477 2839 1746 2899; x_wconf 83' lang='lat' dir='ltr'><strong>poterant,</strong></span> 
     </span>
    </p>
   </div>
   <div class='ocr_carea' id='block_1_30' title="bbox 172 2923 1747 2996">
    <p class='ocr_par' dir='ltr' id='par_1_30' title="bbox 172 2923 1747 2996">
     <span class='ocr_line' id='line_1_30' title="bbox 172 2923 1747 2996; baseline 0 -19"><span class='ocrx_word' id='word_1_197' title='bbox 172 2926 347 2990; x_wconf 87' lang='lat' dir='ltr'><strong>sacris,</strong></span> <span class='ocrx_word' id='word_1_198' title='bbox 394 2925 688 2996; x_wconf 74' lang='lat' dir='ltr'><strong>mysteriis,</strong></span> <span class='ocrx_word' id='word_1_199' title='bbox 742 2923 1102 2989; x_wconf 69' lang='lat' dir='ltr'><strong>caeremoniis,</strong></span> <span class='ocrx_word' id='word_1_200' title='bbox 1135 2931 1190 2978; x_wconf 88' lang='lat' dir='ltr'><strong>et</strong></span> <span class='ocrx_word' id='word_1_201' title='bbox 1231 2923 1395 2989; x_wconf 85' lang='lat' dir='ltr'><strong>ludis,</strong></span> <span class='ocrx_word' id='word_1_202' title='bbox 1443 2933 1550 2977; x_wconf 86' lang='lat' dir='ltr'><strong>tum</strong></span> <span class='ocrx_word' id='word_1_203' title='bbox 1584 2923 1747 2977; x_wconf 86' lang='lat' dir='ltr'><strong>etiam</strong></span> 
     </span>
    </p>
   </div>
   <div class='ocr_carea' id='block_1_31' title="bbox 175 3014 1747 3087">
    <p class='ocr_par' dir='ltr' id='par_1_31' title="bbox 175 3014 1747 3087">
     <span class='ocr_line' id='line_1_31' title="bbox 175 3014 1747 3087; baseline -0.001 -15"><span class='ocrx_word' id='word_1_204' title='bbox 175 3033 228 3072; x_wconf 76' lang='lat' dir='ltr'><strong>ex</strong></span> <span class='ocrx_word' id='word_1_205' title='bbox 251 3018 352 3087; x_wconf 85' lang='lat' dir='ltr'><strong>jam</strong></span> <span class='ocrx_word' id='word_1_206' title='bbox 382 3018 674 3073; x_wconf 88' lang='lat' dir='ltr'><strong>recensitis</strong></span> <span class='ocrx_word' id='word_1_207' title='bbox 703 3016 919 3072; x_wconf 90' lang='lat' dir='ltr'><strong>illorum</strong></span> <span class='ocrx_word' id='word_1_208' title='bbox 946 3014 1181 3087; x_wconf 84' lang='lat' dir='ltr'><strong>ﬂagitiis,</strong></span> <span class='ocrx_word' id='word_1_209' title='bbox 1210 3014 1531 3080; x_wconf 87' lang='lat' dir='ltr'><strong>sceleribus,</strong></span> <span class='ocrx_word' id='word_1_210' title='bbox 1558 3017 1747 3071; x_wconf 59' lang='lat' dir='ltr'><strong>vulnev</strong></span> 
     </span>
    </p>
   </div>
   <div class='ocr_carea' id='block_1_32' title="bbox 176 3106 1747 3187">
    <p class='ocr_par' dir='ltr' id='par_1_32' title="bbox 176 3106 1747 3187">
     <span class='ocr_line' id='line_1_32' title="bbox 176 3106 1747 3187; baseline -0.001 -23"><span class='ocrx_word' id='word_1_211' title='bbox 176 3110 300 3165; x_wconf 85' lang='lat' dir='ltr'><strong>ribus</strong></span> <span class='ocrx_word' id='word_1_212' title='bbox 339 3120 391 3167; x_wconf 91' lang='lat' dir='ltr'><strong>et</strong></span> <span class='ocrx_word' id='word_1_213' title='bbox 436 3111 619 3167; x_wconf 87' lang='lat' dir='ltr'><strong>bellis.</strong></span> <span class='ocrx_word' id='word_1_214' title='bbox 667 3106 746 3164; x_wconf 82' lang='lat' dir='ltr'><strong>Eo</strong></span> <span class='ocrx_word' id='word_1_215' title='bbox 786 3110 984 3180; x_wconf 87' lang='lat' dir='ltr'><strong>quippe</strong></span> <span class='ocrx_word' id='word_1_216' title='bbox 1034 3109 1205 3180; x_wconf 83' lang='lat' dir='ltr'><strong>major</strong></span> <span class='ocrx_word' id='word_1_217' title='bbox 1249 3118 1364 3163; x_wconf 87' lang='lat' dir='ltr'><strong>erat</strong></span> <span class='ocrx_word' id='word_1_218' title='bbox 1413 3106 1747 3187; x_wconf 84' lang='lat' dir='ltr'><strong>ethnicorum</strong></span> 
     </span>
    </p>
   </div>
   <div class='ocr_carea' id='block_1_33' title="bbox 1844 581 3439 655">
    <p class='ocr_par' dir='ltr' id='par_1_33' title="bbox 1844 581 3439 655">
     <span class='ocr_line' id='line_1_33' title="bbox 1844 581 3439 655; baseline -0.004 -14"><span class='ocrx_word' id='word_1_219' title='bbox 1844 604 1872 641; x_wconf 91' lang='lat' dir='ltr'><strong>a</strong></span> <span class='ocrx_word' id='word_1_220' title='bbox 1902 588 2035 644; x_wconf 83' lang='lat' dir='ltr'><strong>Jove</strong></span> <span class='ocrx_word' id='word_1_221' title='bbox 2059 587 2244 651; x_wconf 86' lang='lat' dir='ltr'><strong>Elicio,</strong></span> <span class='ocrx_word' id='word_1_222' title='bbox 2279 587 2417 642; x_wconf 89' lang='lat' dir='ltr'><strong>dolis</strong></span> <span class='ocrx_word' id='word_1_223' title='bbox 2441 595 2493 642; x_wconf 86' lang='lat' dir='ltr'><strong>et</strong></span> <span class='ocrx_word' id='word_1_224' title='bbox 2523 587 2727 641; x_wconf 82' lang='lat' dir='ltr'><strong>artibus</strong></span> <span class='ocrx_word' id='word_1_225' title='bbox 2758 585 3007 655; x_wconf 87' lang='lat' dir='ltr'><strong>decepto,</strong></span> <span class='ocrx_word' id='word_1_226' title='bbox 3035 583 3310 638; x_wconf 82' lang='lat' dir='ltr'><strong>ferebatur</strong></span> <span class='ocrx_word' id='word_1_227' title='bbox 3331 581 3439 635; x_wconf 63' lang='lat' dir='ltr'><strong>imo</strong></span> 
     </span>
    </p>
   </div>
   <div class='ocr_carea' id='block_1_34' title="bbox 1845 672 3439 754">
    <p class='ocr_par' dir='ltr' id='par_1_34' title="bbox 1845 672 3439 754">
     <span class='ocr_line' id='line_1_34' title="bbox 1845 672 3439 754; baseline -0.007 -15"><span class='ocrx_word' id='word_1_228' title='bbox 1845 684 2139 754; x_wconf 75' lang='lat' dir='ltr'><strong>petravisse</strong></span> <span class='ocrx_word' id='word_1_229' title='bbox 2163 682 2400 738; x_wconf 80' lang='lat' dir='ltr'><strong>fulminis</strong></span> <span class='ocrx_word' id='word_1_230' title='bbox 2415 681 2872 753; x_wconf 83' lang='lat' dir='ltr'><strong>procurationem.</strong></span> <span class='ocrx_word' id='word_1_231' title='bbox 2895 679 2971 734; x_wconf 84' lang='lat' dir='ltr'><strong>Ex</strong></span> <span class='ocrx_word' id='word_1_232' title='bbox 2990 674 3242 734; x_wconf 87' lang='lat' dir='ltr'><strong>omnibus</strong></span> <span class='ocrx_word' id='word_1_233' title='bbox 3262 672 3439 730; x_wconf 84' lang='lat' dir='ltr'><strong>autem</strong></span> 
     </span>
    </p>
   </div>
   <div class='ocr_carea' id='block_1_35' title="bbox 1843 764 3444 845">
    <p class='ocr_par' dir='ltr' id='par_1_35' title="bbox 1843 764 3444 845">
     <span class='ocr_line' id='line_1_35' title="bbox 1843 764 3444 845; baseline -0.003 -16"><span class='ocrx_word' id='word_1_234' title='bbox 1843 775 2004 845; x_wconf 80' lang='lat' dir='ltr'><strong>hujus</strong></span> <span class='ocrx_word' id='word_1_235' title='bbox 2056 772 2294 830; x_wconf 71' lang='lat' dir='ltr'><strong>historim</strong></span> <span class='ocrx_word' id='word_1_236' title='bbox 2365 773 2782 829; x_wconf 83' lang='lat' dir='ltr'><strong>circumstantiis</strong></span> <span class='ocrx_word' id='word_1_237' title='bbox 2853 772 3198 826; x_wconf 82' lang='lat' dir='ltr'><strong>manifestum</strong></span> <span class='ocrx_word' id='word_1_238' title='bbox 3255 764 3444 824; x_wconf 78' lang='lat' dir='ltr'><strong>auctor</strong></span> 
     </span>
    </p>
   </div>
   <div class='ocr_carea' id='block_1_36' title="bbox 1842 862 3444 937">
    <p class='ocr_par' dir='ltr' id='par_1_36' title="bbox 1842 862 3444 937">
     <span class='ocr_line' id='line_1_36' title="bbox 1842 862 3444 937; baseline -0.006 -13"><span class='ocrx_word' id='word_1_239' title='bbox 1842 878 2027 924; x_wconf 90' lang='lat' dir='ltr'><strong>noster</strong></span> <span class='ocrx_word' id='word_1_240' title='bbox 2053 869 2305 923; x_wconf 90' lang='lat' dir='ltr'><strong>oumibus</strong></span> <span class='ocrx_word' id='word_1_241' title='bbox 2335 868 2461 923; x_wconf 81' lang='lat' dir='ltr'><strong>facit</strong></span> <span class='ocrx_word' id='word_1_242' title='bbox 2510 867 2641 921; x_wconf 91' lang='lat' dir='ltr'><strong>nihil</strong></span> <span class='ocrx_word' id='word_1_243' title='bbox 2685 878 2847 937; x_wconf 86' lang='lat' dir='ltr'><strong>posse</strong></span> <span class='ocrx_word' id='word_1_244' title='bbox 2873 863 3000 934; x_wconf 83' lang='lat' dir='ltr'><strong>fingi</strong></span> <span class='ocrx_word' id='word_1_245' title='bbox 3029 878 3060 918; x_wconf 87' lang='lat' dir='ltr'><strong>a</strong></span> <span class='ocrx_word' id='word_1_246' title='bbox 3089 862 3335 927; x_wconf 80' lang='lat' dir='ltr'><strong>veritate,</strong></span> <span class='ocrx_word' id='word_1_247' title='bbox 3387 866 3444 915; x_wconf 84' lang='lat' dir='ltr'><strong>et</strong></span> 
     </span>
    </p>
   </div>
   <div class='ocr_carea' id='block_1_37' title="bbox 1841 961 2600 1033">
    <p class='ocr_par' dir='ltr' id='par_1_37' title="bbox 1841 961 2600 1033">
     <span class='ocr_line' id='line_1_37' title="bbox 1841 961 2600 1033; baseline -0.005 -16"><span class='ocrx_word' id='word_1_248' title='bbox 1841 962 2120 1017; x_wconf 85' lang='lat' dir='ltr'><strong>divinitate</strong></span> <span class='ocrx_word' id='word_1_249' title='bbox 2151 963 2319 1033; x_wconf 83' lang='lat' dir='ltr'><strong>magis</strong></span> <span class='ocrx_word' id='word_1_250' title='bbox 2344 961 2600 1016; x_wconf 88' lang='lat' dir='ltr'><strong>alienum.</strong></span> 
     </span>
    </p>
   </div>
   <div class='ocr_carea' id='block_1_38' title="bbox 1913 1056 3441 1144">
    <p class='ocr_par' dir='ltr' id='par_1_38' title="bbox 1913 1056 3441 1144">
     <span class='ocr_line' id='line_1_38' title="bbox 1913 1056 3441 1144; baseline -0.008 -14"><span class='ocrx_word' id='word_1_251' title='bbox 1913 1072 2158 1130; x_wconf 84' lang='lat' dir='ltr'><strong>Secunda</strong></span> <span class='ocrx_word' id='word_1_252' title='bbox 2211 1070 2455 1127; x_wconf 74' lang='lat' dir='ltr'><strong>Acilestis</strong></span> <span class='ocrx_word' id='word_1_253' title='bbox 2508 1056 2562 1126; x_wconf 74' lang='lat' dir='ltr'><strong>et</strong></span> <span class='ocrx_word' id='word_1_254' title='bbox 2613 1062 2803 1144; x_wconf 63' lang='lat' dir='ltr'><strong>Atydis</strong></span> <span class='ocrx_word' id='word_1_255' title='bbox 2851 1058 3079 1123; x_wconf 80' lang='lat' dir='ltr'><strong>hisioria</strong></span> <span class='ocrx_word' id='word_1_256' title='bbox 3129 1072 3233 1130; x_wconf 91' lang='lat' dir='ltr'><strong>est,</strong></span> <span class='ocrx_word' id='word_1_257' title='bbox 3283 1060 3441 1135; x_wconf 81' lang='lat' dir='ltr'><strong>quam</strong></span> 
     </span>
    </p>
   </div>
   <div class='ocr_carea' id='block_1_39' title="bbox 1843 1146 3440 1234">
    <p class='ocr_par' dir='ltr' id='par_1_39' title="bbox 1843 1146 3440 1234">
     <span class='ocr_line' id='line_1_39' title="bbox 1843 1146 3440 1234; baseline -0.006 -14"><span class='ocrx_word' id='word_1_258' title='bbox 1843 1181 2003 1221; x_wconf 90' lang='lat' dir='ltr'><strong>nemo</strong></span> <span class='ocrx_word' id='word_1_259' title='bbox 2045 1146 2219 1221; x_wconf 77' lang='lat' dir='ltr'><strong>nescii</strong></span> <span class='ocrx_word' id='word_1_260' title='bbox 2248 1148 2571 1234; x_wconf 75' lang='lat' dir='ltr'><strong>tiirpissimis</strong></span> <span class='ocrx_word' id='word_1_261' title='bbox 2614 1160 2786 1228; x_wconf 82' lang='lat' dir='ltr'><strong>Jovis,</strong></span> <span class='ocrx_word' id='word_1_262' title='bbox 2831 1158 3012 1216; x_wconf 83' lang='lat' dir='ltr'><strong>Matris</strong></span> <span class='ocrx_word' id='word_1_263' title='bbox 3042 1158 3224 1222; x_wconf 80' lang='lat' dir='ltr'><strong>deum,</strong></span> <span class='ocrx_word' id='word_1_264' title='bbox 3256 1154 3440 1220; x_wconf 78' lang='lat' dir='ltr'><strong>Name,</strong></span> 
     </span>
    </p>
   </div>
   <div class='ocr_carea' id='block_1_40' title="bbox 1842 1244 3445 1329">
    <p class='ocr_par' dir='ltr' id='par_1_40' title="bbox 1842 1244 3445 1329">
     <span class='ocr_line' id='line_1_40' title="bbox 1842 1244 3445 1329; baseline -0.007 -16"><span class='ocrx_word' id='word_1_265' title='bbox 1842 1268 1897 1313; x_wconf 93' lang='lat' dir='ltr'><strong>et</strong></span> <span class='ocrx_word' id='word_1_266' title='bbox 1922 1254 2002 1313; x_wconf 70' lang='lat' dir='ltr'><strong>.lze</strong></span> <span class='ocrx_word' id='word_1_267' title='bbox 2026 1258 2261 1329; x_wconf 81' lang='lat' dir='ltr'><strong>ﬂagitiis,</strong></span> <span class='ocrx_word' id='word_1_268' title='bbox 2292 1250 2647 1327; x_wconf 83' lang='lat' dir='ltr'><strong>ignominiosa</strong></span> <span class='ocrx_word' id='word_1_269' title='bbox 2672 1244 2860 1327; x_wconf 59' lang='lat' dir='ltr'><strong>Aiydis</strong></span> <span class='ocrx_word' id='word_1_270' title='bbox 2890 1244 3240 1316; x_wconf 70' lang='lat' dir='ltr'><strong>ca&#39;stratione,</strong></span> <span class='ocrx_word' id='word_1_271' title='bbox 3274 1246 3445 1303; x_wconf 91' lang='lat' dir='ltr'><strong>illius-</strong></span> 
     </span>
    </p>
   </div>
   <div class='ocr_carea' id='block_1_41' title="bbox 1843 1340 3444 1420">
    <p class='ocr_par' dir='ltr' id='par_1_41' title="bbox 1843 1340 3444 1420">
     <span class='ocr_line' id='line_1_41' title="bbox 1843 1340 3444 1420; baseline -0.006 -16"><span class='ocrx_word' id='word_1_272' title='bbox 1843 1366 1946 1420; x_wconf 88' lang='lat' dir='ltr'><strong>que</strong></span> <span class='ocrx_word' id='word_1_273' title='bbox 1964 1348 2115 1404; x_wconf 68' lang='lat' dir='ltr'><strong>c&#39;tdte</strong></span> <span class='ocrx_word' id='word_1_274' title='bbox 2146 1350 2337 1413; x_wconf 84' lang='lat' dir='ltr'><strong>morte,</strong></span> <span class='ocrx_word' id='word_1_275' title='bbox 2380 1346 2606 1417; x_wconf 80' lang='lat' dir='ltr'><strong>aliisque</strong></span> <span class='ocrx_word' id='word_1_276' title='bbox 2638 1346 2715 1403; x_wconf 90' lang='lat' dir='ltr'><strong>illi</strong></span> <span class='ocrx_word' id='word_1_277' title='bbox 2742 1342 3031 1416; x_wconf 77' lang='lat' dir='ltr'><strong>adjuuciis,</strong></span> <span class='ocrx_word' id='word_1_278' title='bbox 3080 1340 3245 1399; x_wconf 80' lang='lat' dir='ltr'><strong>luisse</strong></span> <span class='ocrx_word' id='word_1_279' title='bbox 3272 1342 3444 1395; x_wconf 88' lang='lat' dir='ltr'><strong>famo-</strong></span> 
     </span>
    </p>
   </div>
   <div class='ocr_carea' id='block_1_42' title="bbox 1843 1426 3445 1509">
    <p class='ocr_par' dir='ltr' id='par_1_42' title="bbox 1843 1426 3445 1509">
     <span class='ocr_line' id='line_1_42' title="bbox 1843 1426 3445 1509; baseline -0.006 -12"><span class='ocrx_word' id='word_1_280' title='bbox 1843 1442 2130 1497; x_wconf 88' lang='lat' dir='ltr'><strong>sissimam.</strong></span> <span class='ocrx_word' id='word_1_281' title='bbox 2201 1442 2401 1495; x_wconf 88' lang='lat' dir='ltr'><strong>Contra</strong></span> <span class='ocrx_word' id='word_1_282' title='bbox 2459 1438 2607 1496; x_wconf 84' lang='lat' dir='ltr'><strong>illam</strong></span> <span class='ocrx_word' id='word_1_283' title='bbox 2683 1439 2842 1509; x_wconf 80' lang='lat' dir='ltr'><strong>igitur</strong></span> <span class='ocrx_word' id='word_1_284' title='bbox 2912 1426 3184 1493; x_wconf 80' lang='lat' dir='ltr'><strong>Arnobius</strong></span> <span class='ocrx_word' id='word_1_285' title='bbox 3252 1432 3445 1489; x_wconf 90' lang='lat' dir='ltr'><strong>eodem</strong></span> 
     </span>
    </p>
   </div>
   <div class='ocr_carea' id='block_1_43' title="bbox 1843 1526 3446 1605">
    <p class='ocr_par' dir='ltr' id='par_1_43' title="bbox 1843 1526 3446 1605">
     <span class='ocr_line' id='line_1_43' title="bbox 1843 1526 3446 1605; baseline -0.007 -15"><span class='ocrx_word' id='word_1_286' title='bbox 1843 1538 2065 1605; x_wconf 71' lang='lat' dir='ltr'><strong>prorsus</strong></span> <span class='ocrx_word' id='word_1_287' title='bbox 2086 1528 2245 1589; x_wconf 78' lang='lat' dir='ltr'><strong>tundo</strong></span> <span class='ocrx_word' id='word_1_288' title='bbox 2267 1550 2329 1589; x_wconf 87' lang='lat' dir='ltr'><strong>ac</strong></span> <span class='ocrx_word' id='word_1_289' title='bbox 2352 1544 2536 1588; x_wconf 77' lang='lat' dir='ltr'><strong>contra</strong></span> <span class='ocrx_word' id='word_1_290' title='bbox 2562 1533 2695 1587; x_wconf 89' lang='lat' dir='ltr'><strong>alias</strong></span> <span class='ocrx_word' id='word_1_291' title='bbox 2718 1526 3142 1601; x_wconf 78' lang='lat' dir='ltr'><strong>argumentatur,</strong></span> <span class='ocrx_word' id='word_1_292' title='bbox 3180 1526 3446 1597; x_wconf 85' lang='lat' dir='ltr'><strong>planeque</strong></span> 
     </span>
    </p>
   </div>
   <div class='ocr_carea' id='block_1_44' title="bbox 1843 1618 3442 1694">
    <p class='ocr_par' dir='ltr' id='par_1_44' title="bbox 1843 1618 3442 1694">
     <span class='ocr_line' id='line_1_44' title="bbox 1843 1618 3442 1694; baseline -0.008 -11"><span class='ocrx_word' id='word_1_293' title='bbox 1843 1622 2080 1683; x_wconf 82' lang='lat' dir='ltr'><strong>ostendit</strong></span> <span class='ocrx_word' id='word_1_294' title='bbox 2106 1644 2223 1683; x_wconf 91' lang='lat' dir='ltr'><strong>eam</strong></span> <span class='ocrx_word' id='word_1_295' title='bbox 2250 1628 2318 1681; x_wconf 88' lang='lat' dir='ltr'><strong>ab</strong></span> <span class='ocrx_word' id='word_1_296' title='bbox 2349 1622 2581 1682; x_wconf 88' lang='lat' dir='ltr'><strong>ethnicis</strong></span> <span class='ocrx_word' id='word_1_297' title='bbox 2605 1642 2709 1679; x_wconf 86' lang='lat' dir='ltr'><strong>non</strong></span> <span class='ocrx_word' id='word_1_298' title='bbox 2742 1639 2901 1694; x_wconf 85' lang='lat' dir='ltr'><strong>posse</strong></span> <span class='ocrx_word' id='word_1_299' title='bbox 2933 1620 3182 1677; x_wconf 81' lang='lat' dir='ltr'><strong>falsitatis</strong></span> <span class='ocrx_word' id='word_1_300' title='bbox 3205 1618 3442 1689; x_wconf 77' lang='lat' dir='ltr'><strong>coargui.</strong></span> 
     </span>
    </p>
   </div>
   <div class='ocr_carea' id='block_1_45' title="bbox 1845 1708 3445 1790">
    <p class='ocr_par' dir='ltr' id='par_1_45' title="bbox 1845 1708 3445 1790">
     <span class='ocr_line' id='line_1_45' title="bbox 1845 1708 3445 1790; baseline -0.008 -14"><span class='ocrx_word' id='word_1_301' title='bbox 1845 1723 1928 1776; x_wconf 80' lang='lat' dir='ltr'><strong>Ab</strong></span> <span class='ocrx_word' id='word_1_302' title='bbox 1953 1718 2341 1789; x_wconf 64' lang='lat' dir='ltr'><strong>antiquissimis</strong></span> <span class='ocrx_word' id='word_1_303' title='bbox 2370 1716 2636 1790; x_wconf 80' lang='lat' dir='ltr'><strong>siquidem</strong></span> <span class='ocrx_word' id='word_1_304' title='bbox 2665 1708 2878 1771; x_wconf 82' lang='lat' dir='ltr'><strong>illorum</strong></span> <span class='ocrx_word' id='word_1_305' title='bbox 2926 1713 3282 1784; x_wconf 75' lang='lat' dir='ltr'><strong>scriptoribus</strong></span> <span class='ocrx_word' id='word_1_306' title='bbox 3336 1723 3445 1765; x_wconf 87' lang='lat' dir='ltr'><strong>tra-</strong></span> 
     </span>
    </p>
   </div>
   <div class='ocr_carea' id='block_1_46' title="bbox 1845 1792 3445 1879">
    <p class='ocr_par' dir='ltr' id='par_1_46' title="bbox 1845 1792 3445 1879">
     <span class='ocr_line' id='line_1_46' title="bbox 1845 1792 3445 1879; baseline -0.006 -10"><span class='ocrx_word' id='word_1_307' title='bbox 1845 1814 1954 1869; x_wconf 89' lang='lat' dir='ltr'><strong>dita</strong></span> <span class='ocrx_word' id='word_1_308' title='bbox 2005 1808 2196 1879; x_wconf 79' lang='lat' dir='ltr'><strong>fuerat,</strong></span> <span class='ocrx_word' id='word_1_309' title='bbox 2226 1812 2280 1869; x_wconf 89' lang='lat' dir='ltr'><strong>et</strong></span> <span class='ocrx_word' id='word_1_310' title='bbox 2322 1812 2390 1868; x_wconf 91' lang='lat' dir='ltr'><strong>ah</strong></span> <span class='ocrx_word' id='word_1_311' title='bbox 2416 1827 2595 1867; x_wconf 90' lang='lat' dir='ltr'><strong>auuuo</strong></span> <span class='ocrx_word' id='word_1_312' title='bbox 2642 1806 2875 1867; x_wconf 78' lang='lat' dir='ltr'><strong>eihuicis</strong></span> <span class='ocrx_word' id='word_1_313' title='bbox 2901 1792 3085 1864; x_wconf 78' lang='lat' dir='ltr'><strong>Matris</strong></span> <span class='ocrx_word' id='word_1_314' title='bbox 3114 1807 3274 1862; x_wconf 80' lang='lat' dir='ltr'><strong>deum</strong></span> <span class='ocrx_word' id='word_1_315' title='bbox 3305 1804 3445 1860; x_wconf 89' lang='lat' dir='ltr'><strong>festo</strong></span> 
     </span>
    </p>
   </div>
   <div class='ocr_carea' id='block_1_47' title="bbox 1849 1899 3450 1977">
    <p class='ocr_par' dir='ltr' id='par_1_47' title="bbox 1849 1899 3450 1977">
     <span class='ocr_line' id='line_1_47' title="bbox 1849 1899 3450 1977; baseline -0.006 -14"><span class='ocrx_word' id='word_1_316' title='bbox 1849 1908 2078 1963; x_wconf 79' lang='lat' dir='ltr'><strong>maxima</strong></span> <span class='ocrx_word' id='word_1_317' title='bbox 2101 1922 2221 1961; x_wconf 90' lang='lat' dir='ltr'><strong>cum</strong></span> <span class='ocrx_word' id='word_1_318' title='bbox 2258 1922 2450 1977; x_wconf 87' lang='lat' dir='ltr'><strong>pompa</strong></span> <span class='ocrx_word' id='word_1_319' title='bbox 2473 1917 2527 1960; x_wconf 91' lang='lat' dir='ltr'><strong>et</strong></span> <span class='ocrx_word' id='word_1_320' title='bbox 2557 1905 2897 1960; x_wconf 88' lang='lat' dir='ltr'><strong>solemnitate</strong></span> <span class='ocrx_word' id='word_1_321' title='bbox 2921 1899 3188 1958; x_wconf 88' lang='lat' dir='ltr'><strong>celebrari</strong></span> <span class='ocrx_word' id='word_1_322' title='bbox 3216 1914 3450 1955; x_wconf 86' lang='lat' dir='ltr'><strong>consue-</strong></span> 
     </span>
    </p>
   </div>
   <div class='ocr_carea' id='block_1_48' title="bbox 1847 1995 3450 2061">
    <p class='ocr_par' dir='ltr' id='par_1_48' title="bbox 1847 1995 3450 2061">
     <span class='ocr_line' id='line_1_48' title="bbox 1847 1995 3450 2061; baseline -0.005 -8"><span class='ocrx_word' id='word_1_323' title='bbox 1847 2011 2018 2055; x_wconf 81' lang='lat' dir='ltr'><strong>verat.</strong></span> <span class='ocrx_word' id='word_1_324' title='bbox 2046 1998 2201 2054; x_wconf 82' lang='lat' dir='ltr'><strong>Nulla</strong></span> <span class='ocrx_word' id='word_1_325' title='bbox 2229 2010 2409 2053; x_wconf 83' lang='lat' dir='ltr'><strong>antem</strong></span> <span class='ocrx_word' id='word_1_326' title='bbox 2441 2007 2604 2052; x_wconf 75' lang='lat' dir='ltr'><strong>tenue</strong></span> <span class='ocrx_word' id='word_1_327' title='bbox 2636 1995 2990 2051; x_wconf 86' lang='lat' dir='ltr'><strong>solemnitatis</strong></span> <span class='ocrx_word' id='word_1_328' title='bbox 3017 2007 3176 2049; x_wconf 84' lang='lat' dir='ltr'><strong>causa</strong></span> <span class='ocrx_word' id='word_1_329' title='bbox 3207 2007 3326 2047; x_wconf 87' lang='lat' dir='ltr'><strong>esse</strong></span> <span class='ocrx_word' id='word_1_330' title='bbox 3355 2004 3450 2061; x_wconf 87' lang='lat' dir='ltr'><strong>po-</strong></span> 
     </span>
    </p>
   </div>
   <div class='ocr_carea' id='block_1_49' title="bbox 1850 2083 3449 2161">
    <p class='ocr_par' dir='ltr' id='par_1_49' title="bbox 1850 2083 3449 2161">
     <span class='ocr_line' id='line_1_49' title="bbox 1850 2083 3449 2161; baseline -0.006 -13"><span class='ocrx_word' id='word_1_331' title='bbox 1850 2095 1970 2157; x_wconf 90' lang='lat' dir='ltr'><strong>tuit,</strong></span> <span class='ocrx_word' id='word_1_332' title='bbox 2005 2091 2107 2148; x_wconf 90' lang='lat' dir='ltr'><strong>nisi</strong></span> <span class='ocrx_word' id='word_1_333' title='bbox 2138 2092 2261 2161; x_wconf 88' lang='lat' dir='ltr'><strong>quia</strong></span> <span class='ocrx_word' id='word_1_334' title='bbox 2289 2107 2349 2145; x_wconf 87' lang='lat' dir='ltr'><strong>ea</strong></span> <span class='ocrx_word' id='word_1_335' title='bbox 2377 2091 2557 2146; x_wconf 89' lang='lat' dir='ltr'><strong>omnia</strong></span> <span class='ocrx_word' id='word_1_336' title='bbox 2588 2091 2765 2159; x_wconf 86' lang='lat' dir='ltr'><strong>reipsa</strong></span> <span class='ocrx_word' id='word_1_337' title='bbox 2794 2090 2932 2143; x_wconf 71' lang='lat' dir='ltr'><strong>facta</strong></span> <span class='ocrx_word' id='word_1_338' title='bbox 2962 2087 3129 2141; x_wconf 86' lang='lat' dir='ltr'><strong>fuisse</strong></span> <span class='ocrx_word' id='word_1_339' title='bbox 3153 2083 3449 2155; x_wconf 80' lang='lat' dir='ltr'><strong>opinaban-</strong></span> 
     </span>
    </p>
   </div>
   <div class='ocr_carea' id='block_1_50' title="bbox 1850 2177 3447 2256">
    <p class='ocr_par' dir='ltr' id='par_1_50' title="bbox 1850 2177 3447 2256">
     <span class='ocr_line' id='line_1_50' title="bbox 1850 2177 3447 2256; baseline -0.005 -18"><span class='ocrx_word' id='word_1_340' title='bbox 1850 2196 1955 2240; x_wconf 87' lang='lat' dir='ltr'><strong>tur.</strong></span> <span class='ocrx_word' id='word_1_341' title='bbox 1989 2185 2045 2242; x_wconf 90' lang='lat' dir='ltr'><strong>Si</strong></span> <span class='ocrx_word' id='word_1_342' title='bbox 2073 2200 2193 2256; x_wconf 88' lang='lat' dir='ltr'><strong>quae</strong></span> <span class='ocrx_word' id='word_1_343' title='bbox 2221 2198 2355 2240; x_wconf 83' lang='lat' dir='ltr'><strong>vero</strong></span> <span class='ocrx_word' id='word_1_344' title='bbox 2380 2183 2481 2238; x_wconf 87' lang='lat' dir='ltr'><strong>alia</strong></span> <span class='ocrx_word' id='word_1_345' title='bbox 2512 2183 2653 2238; x_wconf 80' lang='lat' dir='ltr'><strong>illius</strong></span> <span class='ocrx_word' id='word_1_346' title='bbox 2676 2181 2906 2237; x_wconf 74' lang='lat' dir='ltr'><strong>obscura</strong></span> <span class='ocrx_word' id='word_1_347' title='bbox 2933 2180 3097 2235; x_wconf 87' lang='lat' dir='ltr'><strong>fuerit</strong></span> <span class='ocrx_word' id='word_1_348' title='bbox 3138 2177 3297 2244; x_wconf 84' lang='lat' dir='ltr'><strong>ratio,</strong></span> <span class='ocrx_word' id='word_1_349' title='bbox 3328 2182 3447 2232; x_wconf 82' lang='lat' dir='ltr'><strong>eam</strong></span> 
     </span>
    </p>
   </div>
   <div class='ocr_carea' id='block_1_51' title="bbox 1850 2270 3446 2349">
    <p class='ocr_par' dir='ltr' id='par_1_51' title="bbox 1850 2270 3446 2349">
     <span class='ocr_line' id='line_1_51' title="bbox 1850 2270 3446 2349; baseline -0.007 -14"><span class='ocrx_word' id='word_1_350' title='bbox 1850 2290 2021 2346; x_wconf 89' lang='lat' dir='ltr'><strong>certe,</strong></span> <span class='ocrx_word' id='word_1_351' title='bbox 2064 2276 2498 2349; x_wconf 89' lang='lat' dir='ltr'><strong>quandoquidem</strong></span> <span class='ocrx_word' id='word_1_352' title='bbox 2529 2276 2581 2330; x_wconf 92' lang='lat' dir='ltr'><strong>iu</strong></span> <span class='ocrx_word' id='word_1_353' title='bbox 2614 2275 2754 2331; x_wconf 89' lang='lat' dir='ltr'><strong>festo</strong></span> <span class='ocrx_word' id='word_1_354' title='bbox 2795 2273 2891 2328; x_wconf 88' lang='lat' dir='ltr'><strong>illo</strong></span> <span class='ocrx_word' id='word_1_355' title='bbox 2921 2270 3281 2343; x_wconf 84' lang='lat' dir='ltr'><strong>turpitudines</strong></span> <span class='ocrx_word' id='word_1_356' title='bbox 3329 2285 3446 2325; x_wconf 78' lang='lat' dir='ltr'><strong>ma-</strong></span> 
     </span>
    </p>
   </div>
   <div class='ocr_carea' id='block_1_52' title="bbox 1851 2364 3450 2444">
    <p class='ocr_par' dir='ltr' id='par_1_52' title="bbox 1851 2364 3450 2444">
     <span class='ocr_line' id='line_1_52' title="bbox 1851 2364 3450 2444; baseline -0.008 -15"><span class='ocrx_word' id='word_1_357' title='bbox 1851 2375 2010 2429; x_wconf 68' lang='lat' dir='ltr'><strong>ximae</strong></span> <span class='ocrx_word' id='word_1_358' title='bbox 2036 2372 2356 2444; x_wconf 87' lang='lat' dir='ltr'><strong>agebantur,</strong></span> <span class='ocrx_word' id='word_1_359' title='bbox 2381 2368 2824 2425; x_wconf 75' lang='lat' dir='ltr'><strong>obscenisSiinam</strong></span> <span class='ocrx_word' id='word_1_360' title='bbox 2849 2368 2913 2421; x_wconf 87' lang='lat' dir='ltr'><strong>a&#39;c</strong></span> <span class='ocrx_word' id='word_1_361' title='bbox 2936 2364 3303 2436; x_wconf 70' lang='lat' dir='ltr'><strong>turpisSimam</strong></span> <span class='ocrx_word' id='word_1_362' title='bbox 3328 2376 3450 2417; x_wconf 85' lang='lat' dir='ltr'><strong>esse</strong></span> 
     </span>
    </p>
   </div>
   <div class='ocr_carea' id='block_1_53' title="bbox 1849 2474 2088 2538">
    <p class='ocr_par' dir='ltr' id='par_1_53' title="bbox 1849 2474 2088 2538">
     <span class='ocr_line' id='line_1_53' title="bbox 1849 2474 2088 2538; baseline -0.013 -17"><span class='ocrx_word' id='word_1_363' title='bbox 1849 2474 2088 2538; x_wconf 85' lang='lat' dir='ltr'><strong>oportet.</strong></span> 
     </span>
    </p>
   </div>
   <div class='ocr_carea' id='block_1_54' title="bbox 1925 2547 3451 2618">
    <p class='ocr_par' dir='ltr' id='par_1_54' title="bbox 1925 2547 3451 2618">
     <span class='ocr_line' id='line_1_54' title="bbox 1925 2547 3451 2618; baseline -0.009 -3"><span class='ocrx_word' id='word_1_364' title='bbox 1925 2560 2111 2615; x_wconf 87' lang='lat' dir='ltr'><strong>Plures</strong></span> <span class='ocrx_word' id='word_1_365' title='bbox 2139 2558 2273 2613; x_wconf 86' lang='lat' dir='ltr'><strong>alias</strong></span> <span class='ocrx_word' id='word_1_366' title='bbox 2305 2557 2390 2613; x_wconf 88' lang='lat' dir='ltr'><strong>his</strong></span> <span class='ocrx_word' id='word_1_367' title='bbox 2435 2555 2642 2611; x_wconf 85' lang='lat' dir='ltr'><strong>similes</strong></span> <span class='ocrx_word' id='word_1_368' title='bbox 2671 2553 2963 2618; x_wconf 75' lang='lat' dir='ltr'><strong>Mnobius,</strong></span> <span class='ocrx_word' id='word_1_369' title='bbox 2997 2547 3328 2606; x_wconf 80' lang='lat' dir='ltr'><strong>exsecranda</strong></span> <span class='ocrx_word' id='word_1_370' title='bbox 3358 2561 3451 2603; x_wconf 89' lang='lat' dir='ltr'><strong>ea-</strong></span> 
     </span>
    </p>
   </div>
   <div class='ocr_carea' id='block_1_55' title="bbox 1850 2643 3446 2718">
    <p class='ocr_par' dir='ltr' id='par_1_55' title="bbox 1850 2643 3446 2718">
     <span class='ocr_line' id='line_1_55' title="bbox 1850 2643 3446 2718; baseline -0.008 -9"><span class='ocrx_word' id='word_1_371' title='bbox 1850 2670 1969 2709; x_wconf 90' lang='lat' dir='ltr'><strong>rum</strong></span> <span class='ocrx_word' id='word_1_372' title='bbox 2015 2653 2254 2709; x_wconf 74' lang='lat' dir='ltr'><strong>ftetlitate</strong></span> <span class='ocrx_word' id='word_1_373' title='bbox 2298 2650 2609 2714; x_wconf 82' lang='lat' dir='ltr'><strong>deterritus,</strong></span> <span class='ocrx_word' id='word_1_374' title='bbox 2639 2662 2700 2704; x_wconf 84' lang='lat' dir='ltr'><strong>se</strong></span> <span class='ocrx_word' id='word_1_375' title='bbox 2741 2643 3158 2718; x_wconf 70' lang='lat' dir='ltr'><strong>praetermittere</strong></span> <span class='ocrx_word' id='word_1_376' title='bbox 3183 2643 3446 2697; x_wconf 73' lang='lat' dir='ltr'><strong>declarat.</strong></span> 
     </span>
    </p>
   </div>
   <div class='ocr_carea' id='block_1_56' title="bbox 1854 2734 3449 2813">
    <p class='ocr_par' dir='ltr' id='par_1_56' title="bbox 1854 2734 3449 2813">
     <span class='ocr_line' id='line_1_56' title="bbox 1854 2734 3449 2813; baseline -0.007 -13"><span class='ocrx_word' id='word_1_377' title='bbox 1854 2746 2042 2801; x_wconf 77' lang='lat' dir='ltr'><strong>Paucis</strong></span> <span class='ocrx_word' id='word_1_378' title='bbox 2074 2746 2251 2799; x_wconf 86' lang='lat' dir='ltr'><strong>tamen</strong></span> <span class='ocrx_word' id='word_1_379' title='bbox 2281 2741 2594 2813; x_wconf 79' lang='lat' dir='ltr'><strong>perstrinxit</strong></span> <span class='ocrx_word' id='word_1_380' title='bbox 2618 2739 2875 2804; x_wconf 70' lang='lat' dir='ltr'><strong>Farinam;</strong></span> <span class='ocrx_word' id='word_1_381' title='bbox 2907 2739 3020 2792; x_wconf 85' lang='lat' dir='ltr'><strong>sive</strong></span> <span class='ocrx_word' id='word_1_382' title='bbox 3046 2737 3249 2792; x_wconf 85' lang='lat' dir='ltr'><strong>Bonam</strong></span> <span class='ocrx_word' id='word_1_383' title='bbox 3291 2734 3449 2790; x_wconf 86' lang='lat' dir='ltr'><strong>deam</strong></span> 
     </span>
    </p>
   </div>
   <div class='ocr_carea' id='block_1_57' title="bbox 1849 2830 3451 2914">
    <p class='ocr_par' dir='ltr' id='par_1_57' title="bbox 1849 2830 3451 2914">
     <span class='ocr_line' id='line_1_57' title="bbox 1849 2830 3451 2914; baseline -0.007 -21"><span class='ocrx_word' id='word_1_384' title='bbox 1849 2841 2013 2910; x_wconf 81' lang='lat' dir='ltr'><strong>virgis</strong></span> <span class='ocrx_word' id='word_1_385' title='bbox 2036 2853 2254 2905; x_wconf 60' lang='lat' dir='ltr'><strong>exesam,</strong></span> <span class='ocrx_word' id='word_1_386' title='bbox 2299 2849 2506 2906; x_wconf 83' lang='lat' dir='ltr'><strong>turpem</strong></span> <span class='ocrx_word' id='word_1_387' title='bbox 2535 2835 2706 2890; x_wconf 80' lang='lat' dir='ltr'><strong>Servii</strong></span> <span class='ocrx_word' id='word_1_388' title='bbox 2739 2843 2934 2914; x_wconf 63' lang='lat' dir='ltr'><strong>ortum,</strong></span> <span class='ocrx_word' id='word_1_389' title='bbox 2968 2846 3030 2887; x_wconf 79' lang='lat' dir='ltr'><strong>ae</strong></span> <span class='ocrx_word' id='word_1_390' title='bbox 3062 2830 3359 2887; x_wconf 67' lang='lat' dir='ltr'><strong>fodissima</strong></span> <span class='ocrx_word' id='word_1_391' title='bbox 3392 2838 3451 2883; x_wconf 87' lang='lat' dir='ltr'><strong>et</strong></span> 
     </span>
    </p>
   </div>
   <div class='ocr_carea' id='block_1_58' title="bbox 1852 2922 3451 3003">
    <p class='ocr_par' dir='ltr' id='par_1_58' title="bbox 1852 2922 3451 3003">
     <span class='ocr_line' id='line_1_58' title="bbox 1852 2922 3451 3003; baseline -0.009 -14"><span class='ocrx_word' id='word_1_392' title='bbox 1852 2934 2104 3001; x_wconf 81' lang='lat' dir='ltr'><strong>nefanda,</strong></span> <span class='ocrx_word' id='word_1_393' title='bbox 2131 2947 2253 3003; x_wconf 72' lang='lat' dir='ltr'><strong>qua:</strong></span> <span class='ocrx_word' id='word_1_394' title='bbox 2284 2934 2335 2986; x_wconf 91' lang='lat' dir='ltr'><strong>in</strong></span> <span class='ocrx_word' id='word_1_395' title='bbox 2365 2929 2732 3000; x_wconf 62' lang='lat' dir='ltr'><strong>Omophdgiisi</strong></span> <span class='ocrx_word' id='word_1_396' title='bbox 2764 2926 3181 3000; x_wconf 76' lang='lat' dir='ltr'><strong>Corybantibus,</strong></span> <span class='ocrx_word' id='word_1_397' title='bbox 3210 2922 3451 2979; x_wconf 83' lang='lat' dir='ltr'><strong>Baccha-</strong></span> 
     </span>
    </p>
   </div>
   <div class='ocr_carea' id='block_1_59' title="bbox 1854 3017 3446 3099">
    <p class='ocr_par' dir='ltr' id='par_1_59' title="bbox 1854 3017 3446 3099">
     <span class='ocr_line' id='line_1_59' title="bbox 1854 3017 3446 3099; baseline -0.008 -17"><span class='ocrx_word' id='word_1_398' title='bbox 1854 3028 2084 3093; x_wconf 87' lang='lat' dir='ltr'><strong>nalibus,</strong></span> <span class='ocrx_word' id='word_1_399' title='bbox 2115 3025 2361 3099; x_wconf 74' lang='lat' dir='ltr'><strong>Phrygiis</strong></span> <span class='ocrx_word' id='word_1_400' title='bbox 2404 3023 2574 3080; x_wconf 88' lang='lat' dir='ltr'><strong>sacris</strong></span> <span class='ocrx_word' id='word_1_401' title='bbox 2618 3037 2683 3078; x_wconf 90' lang='lat' dir='ltr'><strong>ac</strong></span> <span class='ocrx_word' id='word_1_402' title='bbox 2718 3020 2990 3093; x_wconf 86' lang='lat' dir='ltr'><strong>mysteriis</strong></span> <span class='ocrx_word' id='word_1_403' title='bbox 3036 3019 3149 3074; x_wconf 85' lang='lat' dir='ltr'><strong>fieri</strong></span> <span class='ocrx_word' id='word_1_404' title='bbox 3181 3017 3446 3073; x_wconf 80' lang='lat' dir='ltr'><strong>Solebant.</strong></span> 
     </span>
    </p>
   </div>
   <div class='ocr_carea' id='block_1_60' title="bbox 1856 3113 3452 3181">
    <p class='ocr_par' dir='ltr' id='par_1_60' title="bbox 1856 3113 3452 3181">
     <span class='ocr_line' id='line_1_60' title="bbox 1856 3113 3452 3181; baseline -0.008 -6"><span class='ocrx_word' id='word_1_405' title='bbox 1856 3121 2057 3176; x_wconf 82' lang='lat' dir='ltr'><strong>Horum</strong></span> <span class='ocrx_word' id='word_1_406' title='bbox 2088 3128 2264 3173; x_wconf 88' lang='lat' dir='ltr'><strong>autem</strong></span> <span class='ocrx_word' id='word_1_407' title='bbox 2314 3117 2598 3171; x_wconf 87' lang='lat' dir='ltr'><strong>occasione</strong></span> <span class='ocrx_word' id='word_1_408' title='bbox 2629 3113 2761 3169; x_wconf 86' lang='lat' dir='ltr'><strong>scite</strong></span> <span class='ocrx_word' id='word_1_409' title='bbox 2789 3115 3042 3169; x_wconf 85' lang='lat' dir='ltr'><strong>observat</strong></span> <span class='ocrx_word' id='word_1_410' title='bbox 3070 3119 3147 3165; x_wconf 94' lang='lat' dir='ltr'><strong>tot</strong></span> <span class='ocrx_word' id='word_1_411' title='bbox 3196 3118 3452 3181; x_wconf 85' lang='lat' dir='ltr'><strong>lautaque</strong></span> 
     </span>
    </p>
   </div>
   <div class='ocr_carea' id='block_1_61' title="bbox 176 3182 1750 3278">
    <p class='ocr_par' dir='ltr' id='par_1_61' title="bbox 176 3184 1750 3274">
     <span class='ocr_line' id='line_1_61' title="bbox 176 3184 1750 3274; baseline 0.003 -19"><span class='ocrx_word' id='word_1_412' title='bbox 176 3202 421 3272; x_wconf 86' lang='lat' dir='ltr'><strong>iniquitas,</strong></span> <span class='ocrx_word' id='word_1_413' title='bbox 464 3202 615 3274; x_wconf 89' lang='lat' dir='ltr'><strong>quod</strong></span> <span class='ocrx_word' id='word_1_414' title='bbox 656 3217 863 3257; x_wconf 90' lang='lat' dir='ltr'><strong>summa</strong></span> <span class='ocrx_word' id='word_1_415' title='bbox 912 3200 1090 3272; x_wconf 70' lang='lat' dir='ltr'><strong>legum</strong></span> <span class='ocrx_word' id='word_1_416' title='bbox 1136 3202 1423 3257; x_wconf 87' lang='lat' dir='ltr'><strong>severitate</strong></span> <span class='ocrx_word' id='word_1_417' title='bbox 1474 3203 1525 3256; x_wconf 91' lang='lat' dir='ltr'><strong>in</strong></span> <span class='ocrx_word' id='word_1_418' title='bbox 1562 3184 1750 3259; x_wconf 83' lang='lat' dir='ltr'><strong>famosi</strong></span> 
     </span>
    </p>
   </div>
   <div class='ocr_carea' id='block_1_62' title="bbox 1854 3182 3450 3278">
    <p class='ocr_par' dir='ltr' id='par_1_62' title="bbox 1857 3201 3450 3278">
     <span class='ocr_line' id='line_1_62' title="bbox 1857 3201 3450 3278; baseline -0.009 -9"><span class='ocrx_word' id='word_1_419' title='bbox 1857 3213 2006 3269; x_wconf 79' lang='lat' dir='ltr'><strong>Jovis</strong></span> <span class='ocrx_word' id='word_1_420' title='bbox 2035 3211 2242 3266; x_wconf 80' lang='lat' dir='ltr'><strong>mlrt&#39;ari</strong></span> <span class='ocrx_word' id='word_1_421' title='bbox 2267 3210 2550 3273; x_wconf 87' lang='lat' dir='ltr'><strong>adulteria,</strong></span> <span class='ocrx_word' id='word_1_422' title='bbox 2583 3208 2793 3278; x_wconf 88' lang='lat' dir='ltr'><strong>aliaque</strong></span> <span class='ocrx_word' id='word_1_423' title='bbox 2823 3205 3061 3276; x_wconf 79' lang='lat' dir='ltr'><strong>ﬂagitia;</strong></span> <span class='ocrx_word' id='word_1_424' title='bbox 3117 3212 3168 3257; x_wconf 93' lang='lat' dir='ltr'><strong>ut</strong></span> <span class='ocrx_word' id='word_1_425' title='bbox 3202 3219 3307 3256; x_wconf 86' lang='lat' dir='ltr'><strong>non</strong></span> <span class='ocrx_word' id='word_1_426' title='bbox 3347 3201 3450 3256; x_wconf 87' lang='lat' dir='ltr'><strong>alia</strong></span> 
     </span>
    </p>
   </div>
   <div class='ocr_carea' id='block_1_63' title="bbox 177 3290 1753 3365">
    <p class='ocr_par' dir='ltr' id='par_1_63' title="bbox 177 3290 1753 3365">
     <span class='ocr_line' id='line_1_63' title="bbox 177 3290 1753 3365; baseline 0.001 -18"><span class='ocrx_word' id='word_1_427' title='bbox 177 3295 378 3365; x_wconf 78' lang='lat' dir='ltr'><strong>alicujus</strong></span> <span class='ocrx_word' id='word_1_428' title='bbox 403 3295 562 3358; x_wconf 87' lang='lat' dir='ltr'><strong>dicti,</strong></span> <span class='ocrx_word' id='word_1_429' title='bbox 607 3294 883 3360; x_wconf 77' lang='lat' dir='ltr'><strong>carminis,</strong></span> <span class='ocrx_word' id='word_1_430' title='bbox 935 3290 988 3348; x_wconf 74' lang='lat' dir='ltr'><strong>et</strong></span> <span class='ocrx_word' id='word_1_431' title='bbox 1031 3293 1195 3348; x_wconf 87' lang='lat' dir='ltr'><strong>libelli</strong></span> <span class='ocrx_word' id='word_1_432' title='bbox 1227 3298 1474 3348; x_wconf 86' lang='lat' dir='ltr'><strong>auctores</strong></span> <span class='ocrx_word' id='word_1_433' title='bbox 1503 3294 1753 3349; x_wconf 87' lang='lat' dir='ltr'><strong>animad-</strong></span> 
     </span>
    </p>
   </div>
   <div class='ocr_carea' id='block_1_64' title="bbox 178 3385 1751 3458">
    <p class='ocr_par' dir='ltr' id='par_1_64' title="bbox 178 3385 1751 3458">
     <span class='ocr_line' id='line_1_64' title="bbox 178 3385 1751 3458; baseline 0.004 -23"><span class='ocrx_word' id='word_1_434' title='bbox 178 3396 445 3452; x_wconf 79' lang='lat' dir='ltr'><strong>verterent,</strong></span> <span class='ocrx_word' id='word_1_435' title='bbox 491 3386 893 3458; x_wconf 82' lang='lat' dir='ltr'><strong>patientissime</strong></span> <span class='ocrx_word' id='word_1_436' title='bbox 924 3402 1053 3441; x_wconf 88' lang='lat' dir='ltr'><strong>vero</strong></span> <span class='ocrx_word' id='word_1_437' title='bbox 1084 3385 1288 3440; x_wconf 86' lang='lat' dir='ltr'><strong>ferrent</strong></span> <span class='ocrx_word' id='word_1_438' title='bbox 1332 3395 1475 3440; x_wconf 85' lang='lat' dir='ltr'><strong>tanta</strong></span> <span class='ocrx_word' id='word_1_439' title='bbox 1526 3386 1751 3442; x_wconf 92' lang='lat' dir='ltr'><strong>deorum</strong></span> 
     </span>
    </p>
   </div>
   <div class='ocr_carea' id='block_1_65' title="bbox 176 3477 1757 3550">
    <p class='ocr_par' dir='ltr' id='par_1_65' title="bbox 176 3477 1757 3550">
     <span class='ocr_line' id='line_1_65' title="bbox 176 3477 1757 3550; baseline 0.003 -19"><span class='ocrx_word' id='word_1_440' title='bbox 176 3480 441 3548; x_wconf 86' lang='lat' dir='ltr'><strong>opprobria</strong></span> <span class='ocrx_word' id='word_1_441' title='bbox 464 3486 522 3534; x_wconf 90' lang='lat' dir='ltr'><strong>et</strong></span> <span class='ocrx_word' id='word_1_442' title='bbox 540 3479 809 3533; x_wconf 87' lang='lat' dir='ltr'><strong>dedecora</strong></span> <span class='ocrx_word' id='word_1_443' title='bbox 828 3478 989 3532; x_wconf 82' lang='lat' dir='ltr'><strong>Scribi</strong></span> <span class='ocrx_word' id='word_1_444' title='bbox 1019 3486 1073 3533; x_wconf 91' lang='lat' dir='ltr'><strong>et</strong></span> <span class='ocrx_word' id='word_1_445' title='bbox 1103 3477 1401 3543; x_wconf 90' lang='lat' dir='ltr'><strong>decantari,</strong></span> <span class='ocrx_word' id='word_1_446' title='bbox 1426 3494 1596 3550; x_wconf 88' lang='lat' dir='ltr'><strong>eaque</strong></span> <span class='ocrx_word' id='word_1_447' title='bbox 1621 3480 1757 3535; x_wconf 91' lang='lat' dir='ltr'><strong>scri-</strong></span> 
     </span>
    </p>
   </div>
   <div class='ocr_carea' id='block_1_66' title="bbox 178 3569 1754 3642">
    <p class='ocr_par' dir='ltr' id='par_1_66' title="bbox 178 3569 1754 3642">
     <span class='ocr_line' id='line_1_66' title="bbox 178 3569 1754 3642; baseline 0.004 -18"><span class='ocrx_word' id='word_1_448' title='bbox 178 3571 361 3635; x_wconf 82' lang='lat' dir='ltr'><strong>bentes,</strong></span> <span class='ocrx_word' id='word_1_449' title='bbox 408 3582 576 3642; x_wconf 89' lang='lat' dir='ltr'><strong>atque</strong></span> <span class='ocrx_word' id='word_1_450' title='bbox 622 3572 784 3625; x_wconf 88' lang='lat' dir='ltr'><strong>etiam</strong></span> <span class='ocrx_word' id='word_1_451' title='bbox 835 3569 1129 3625; x_wconf 81' lang='lat' dir='ltr'><strong>histriooes</strong></span> <span class='ocrx_word' id='word_1_452' title='bbox 1160 3580 1212 3625; x_wconf 91' lang='lat' dir='ltr'><strong>et</strong></span> <span class='ocrx_word' id='word_1_453' title='bbox 1256 3571 1449 3626; x_wconf 86' lang='lat' dir='ltr'><strong>mimos</strong></span> <span class='ocrx_word' id='word_1_454' title='bbox 1480 3570 1667 3629; x_wconf 87' lang='lat' dir='ltr'><strong>eadem</strong></span> <span class='ocrx_word' id='word_1_455' title='bbox 1702 3575 1754 3630; x_wconf 88' lang='lat' dir='ltr'><strong>in</strong></span> 
     </span>
    </p>
   </div>
   <div class='ocr_carea' id='block_1_67' title="bbox 177 3658 1753 3735">
    <p class='ocr_par' dir='ltr' id='par_1_67' title="bbox 177 3658 1753 3735">
     <span class='ocr_line' id='line_1_67' title="bbox 177 3658 1753 3735; baseline 0.003 -18"><span class='ocrx_word' id='word_1_456' title='bbox 177 3663 379 3718; x_wconf 88' lang='lat' dir='ltr'><strong>theatris</strong></span> <span class='ocrx_word' id='word_1_457' title='bbox 404 3664 747 3735; x_wconf 88' lang='lat' dir='ltr'><strong>publicisque</strong></span> <span class='ocrx_word' id='word_1_458' title='bbox 776 3663 1098 3733; x_wconf 81' lang='lat' dir='ltr'><strong>spectaculis</strong></span> <span class='ocrx_word' id='word_1_459' title='bbox 1125 3658 1602 3733; x_wconf 69' lang='lat' dir='ltr'><strong>reprmSeutantes,</strong></span> <span class='ocrx_word' id='word_1_460' title='bbox 1636 3684 1753 3721; x_wconf 88' lang='lat' dir='ltr'><strong>ma-</strong></span> 
     </span>
    </p>
   </div>
   <div class='ocr_carea' id='block_1_68' title="bbox 176 3756 1754 3826">
    <p class='ocr_par' dir='ltr' id='par_1_68' title="bbox 176 3756 1754 3826">
     <span class='ocr_line' id='line_1_68' title="bbox 176 3756 1754 3826; baseline 0.006 -19"><span class='ocrx_word' id='word_1_461' title='bbox 176 3756 302 3809; x_wconf 76' lang='lat' dir='ltr'><strong>xima</strong></span> <span class='ocrx_word' id='word_1_462' title='bbox 328 3758 621 3811; x_wconf 86' lang='lat' dir='ltr'><strong>audiebant</strong></span> <span class='ocrx_word' id='word_1_463' title='bbox 665 3772 787 3811; x_wconf 88' lang='lat' dir='ltr'><strong>cum</strong></span> <span class='ocrx_word' id='word_1_464' title='bbox 838 3759 1137 3826; x_wconf 87' lang='lat' dir='ltr'><strong>voluptate,</strong></span> <span class='ocrx_word' id='word_1_465' title='bbox 1172 3767 1225 3812; x_wconf 90' lang='lat' dir='ltr'><strong>et</strong></span> <span class='ocrx_word' id='word_1_466' title='bbox 1265 3758 1389 3813; x_wconf 91' lang='lat' dir='ltr'><strong>illos</strong></span> <span class='ocrx_word' id='word_1_467' title='bbox 1420 3758 1665 3815; x_wconf 87' lang='lat' dir='ltr'><strong>laudibus</strong></span> <span class='ocrx_word' id='word_1_468' title='bbox 1692 3778 1754 3817; x_wconf 87' lang='lat' dir='ltr'><strong>ac</strong></span> 
     </span>
    </p>
   </div>
   <div class='ocr_carea' id='block_1_69' title="bbox 176 3838 932 3917">
    <p class='ocr_par' dir='ltr' id='par_1_69' title="bbox 176 3838 932 3917">
     <span class='ocr_line' id='line_1_69' title="bbox 176 3838 932 3917; baseline 0 -15"><span class='ocrx_word' id='word_1_469' title='bbox 176 3849 399 3917; x_wconf 70' lang='lat' dir='ltr'><strong>prremiis</strong></span> <span class='ocrx_word' id='word_1_470' title='bbox 420 3838 932 3904; x_wconf 78' lang='lat' dir='ltr'><strong>remun‘erahantur.</strong></span> 
     </span>
    </p>
   </div>
   <div class='ocr_carea' id='block_1_70' title="bbox 236 3939 1755 4014">
    <p class='ocr_par' dir='ltr' id='par_1_70' title="bbox 236 3939 1755 4014">
     <span class='ocr_line' id='line_1_70' title="bbox 236 3939 1755 4014; baseline 0.004 -19"><span class='ocrx_word' id='word_1_471' title='bbox 236 3939 365 4009; x_wconf 87' lang='lat' dir='ltr'><strong>Quis</strong></span> <span class='ocrx_word' id='word_1_472' title='bbox 390 3958 515 4011; x_wconf 85' lang='lat' dir='ltr'><strong>ergo</strong></span> <span class='ocrx_word' id='word_1_473' title='bbox 542 3942 823 3997; x_wconf 89' lang='lat' dir='ltr'><strong>dubitandi</strong></span> <span class='ocrx_word' id='word_1_474' title='bbox 853 3942 1004 3996; x_wconf 85' lang='lat' dir='ltr'><strong>locus</strong></span> <span class='ocrx_word' id='word_1_475' title='bbox 1032 3942 1338 4013; x_wconf 79' lang='lat' dir='ltr'><strong>supererat,</strong></span> <span class='ocrx_word' id='word_1_476' title='bbox 1369 3943 1497 4014; x_wconf 89' lang='lat' dir='ltr'><strong>quin</strong></span> <span class='ocrx_word' id='word_1_477' title='bbox 1522 3960 1584 3999; x_wconf 77' lang='lat' dir='ltr'><strong>ex</strong></span> <span class='ocrx_word' id='word_1_478' title='bbox 1610 3953 1755 4002; x_wconf 87' lang='lat' dir='ltr'><strong>tanta</strong></span> 
     </span>
    </p>
   </div>
   <div class='ocr_carea' id='block_1_71' title="bbox 181 4034 1756 4108">
    <p class='ocr_par' dir='ltr' id='par_1_71' title="bbox 181 4034 1756 4108">
     <span class='ocr_line' id='line_1_71' title="bbox 181 4034 1756 4108; baseline 0.001 -19"><span class='ocrx_word' id='word_1_479' title='bbox 181 4034 383 4089; x_wconf 84' lang='lat' dir='ltr'><strong>deorum</strong></span> <span class='ocrx_word' id='word_1_480' title='bbox 414 4036 685 4100; x_wconf 85' lang='lat' dir='ltr'><strong>irrisione,</strong></span> <span class='ocrx_word' id='word_1_481' title='bbox 719 4044 976 4105; x_wconf 88' lang='lat' dir='ltr'><strong>tantoque</strong></span> <span class='ocrx_word' id='word_1_482' title='bbox 1007 4035 1238 4089; x_wconf 91' lang='lat' dir='ltr'><strong>ludibrio</strong></span> <span class='ocrx_word' id='word_1_483' title='bbox 1266 4046 1399 4091; x_wconf 60' lang='lat' dir='ltr'><strong>ortae</strong></span> <span class='ocrx_word' id='word_1_484' title='bbox 1429 4034 1627 4092; x_wconf 82' lang='lat' dir='ltr'><strong>fuerint</strong></span> <span class='ocrx_word' id='word_1_485' title='bbox 1656 4054 1756 4108; x_wconf 90' lang='lat' dir='ltr'><strong>pu-</strong></span> 
     </span>
    </p>
   </div>
   <div class='ocr_carea' id='block_1_72' title="bbox 182 4128 1757 4199">
    <p class='ocr_par' dir='ltr' id='par_1_72' title="bbox 182 4128 1757 4199">
     <span class='ocr_line' id='line_1_72' title="bbox 182 4128 1757 4199; baseline 0.004 -19"><span class='ocrx_word' id='word_1_486' title='bbox 182 4128 310 4183; x_wconf 74' lang='lat' dir='ltr'><strong>blica:</strong></span> <span class='ocrx_word' id='word_1_487' title='bbox 346 4129 728 4184; x_wconf 84' lang='lat' dir='ltr'><strong>calamitates?</strong></span> <span class='ocrx_word' id='word_1_488' title='bbox 753 4128 944 4183; x_wconf 85' lang='lat' dir='ltr'><strong>Nullus</strong></span> <span class='ocrx_word' id='word_1_489' title='bbox 986 4129 1163 4199; x_wconf 90' lang='lat' dir='ltr'><strong>itaque</strong></span> <span class='ocrx_word' id='word_1_490' title='bbox 1190 4145 1338 4184; x_wconf 77' lang='lat' dir='ltr'><strong>sana:</strong></span> <span class='ocrx_word' id='word_1_491' title='bbox 1370 4132 1567 4187; x_wconf 91' lang='lat' dir='ltr'><strong>mentis</strong></span> <span class='ocrx_word' id='word_1_492' title='bbox 1595 4130 1757 4187; x_wconf 90' lang='lat' dir='ltr'><strong>homo</strong></span> 
     </span>
    </p>
   </div>
   <div class='ocr_carea' id='block_1_73' title="bbox 182 4222 1757 4313">
    <p class='ocr_par' dir='ltr' id='par_1_73' title="bbox 182 4222 1757 4313">
     <span class='ocr_line' id='line_1_73' title="bbox 182 4222 1757 4313; baseline 0.004 -37"><span class='ocrx_word' id='word_1_493' title='bbox 182 4237 387 4313; x_wconf 66' lang='lat' dir='ltr'><strong>unqqam</strong></span> <span class='ocrx_word' id='word_1_494' title='bbox 414 4223 635 4294; x_wconf 84' lang='lat' dir='ltr'><strong>negabit</strong></span> <span class='ocrx_word' id='word_1_495' title='bbox 654 4222 739 4277; x_wconf 89' lang='lat' dir='ltr'><strong>illa</strong></span> <span class='ocrx_word' id='word_1_496' title='bbox 763 4222 1045 4293; x_wconf 79' lang='lat' dir='ltr'><strong>gentilium</strong></span> <span class='ocrx_word' id='word_1_497' title='bbox 1074 4224 1274 4294; x_wconf 86' lang='lat' dir='ltr'><strong>scripta</strong></span> <span class='ocrx_word' id='word_1_498' title='bbox 1306 4225 1480 4295; x_wconf 78' lang='lat' dir='ltr'><strong>porins</strong></span> <span class='ocrx_word' id='word_1_499' title='bbox 1506 4225 1757 4283; x_wconf 74' lang='lat' dir='ltr'><strong>debuisse</strong></span> 
     </span>
    </p>
   </div>
   <div class='ocr_carea' id='block_1_74' title="bbox 182 4313 1755 4389">
    <p class='ocr_par' dir='ltr' id='par_1_74' title="bbox 182 4313 1755 4389">
     <span class='ocr_line' id='line_1_74' title="bbox 182 4313 1755 4389; baseline 0.006 -23"><span class='ocrx_word' id='word_1_500' title='bbox 182 4316 406 4379; x_wconf 83' lang='lat' dir='ltr'><strong>cremari,</strong></span> <span class='ocrx_word' id='word_1_501' title='bbox 448 4330 617 4387; x_wconf 87' lang='lat' dir='ltr'><strong>quatn</strong></span> <span class='ocrx_word' id='word_1_502' title='bbox 646 4313 1063 4370; x_wconf 89' lang='lat' dir='ltr'><strong>christiauorum</strong></span> <span class='ocrx_word' id='word_1_503' title='bbox 1096 4316 1285 4383; x_wconf 90' lang='lat' dir='ltr'><strong>libros,</strong></span> <span class='ocrx_word' id='word_1_504' title='bbox 1340 4326 1500 4389; x_wconf 91' lang='lat' dir='ltr'><strong>atque</strong></span> <span class='ocrx_word' id='word_1_505' title='bbox 1543 4318 1755 4376; x_wconf 90' lang='lat' dir='ltr'><strong>illorum</strong></span> 
     </span>
    </p>
   </div>
   <div class='ocr_carea' id='block_1_75' title="bbox 185 4407 1755 4481">
    <p class='ocr_par' dir='ltr' id='par_1_75' title="bbox 185 4407 1755 4481">
     <span class='ocr_line' id='line_1_75' title="bbox 185 4407 1755 4481; baseline 0.008 -21"><span class='ocrx_word' id='word_1_506' title='bbox 185 4407 358 4463; x_wconf 83' lang='lat' dir='ltr'><strong>theatra</strong></span> <span class='ocrx_word' id='word_1_507' title='bbox 389 4411 596 4481; x_wconf 88' lang='lat' dir='ltr'><strong>potius,</strong></span> <span class='ocrx_word' id='word_1_508' title='bbox 650 4426 810 4480; x_wconf 90' lang='lat' dir='ltr'><strong>quam</strong></span> <span class='ocrx_word' id='word_1_509' title='bbox 854 4409 1045 4463; x_wconf 87' lang='lat' dir='ltr'><strong>horum</strong></span> <span class='ocrx_word' id='word_1_510' title='bbox 1090 4414 1461 4468; x_wconf 89' lang='lat' dir='ltr'><strong>conventicula</strong></span> <span class='ocrx_word' id='word_1_511' title='bbox 1492 4412 1671 4469; x_wconf 84' lang='lat' dir='ltr'><strong>dirui?</strong></span> <span class='ocrx_word' id='word_1_512' title='bbox 1700 4413 1755 4472; x_wconf 88' lang='lat' dir='ltr'><strong>lu</strong></span> 
     </span>
    </p>
   </div>
   <div class='ocr_carea' id='block_1_76' title="bbox 185 4500 1757 4580">
    <p class='ocr_par' dir='ltr' id='par_1_76' title="bbox 185 4500 1757 4580">
     <span class='ocr_line' id='line_1_76' title="bbox 185 4500 1757 4580; baseline 0.006 -25"><span class='ocrx_word' id='word_1_513' title='bbox 185 4500 577 4559; x_wconf 85' lang='lat' dir='ltr'><strong>christiauornm</strong></span> <span class='ocrx_word' id='word_1_514' title='bbox 631 4504 897 4574; x_wconf 83' lang='lat' dir='ltr'><strong>siquidem</strong></span> <span class='ocrx_word' id='word_1_515' title='bbox 925 4505 1316 4561; x_wconf 90' lang='lat' dir='ltr'><strong>conventiculis</strong></span> <span class='ocrx_word' id='word_1_516' title='bbox 1359 4521 1423 4562; x_wconf 90' lang='lat' dir='ltr'><strong>ac</strong></span> <span class='ocrx_word' id='word_1_517' title='bbox 1466 4506 1757 4580; x_wconf 74' lang='lat' dir='ltr'><strong>synaxibus</strong></span> 
     </span>
    </p>
   </div>
   <div class='ocr_carea' id='block_1_77' title="bbox 1858 3294 3446 3373">
    <p class='ocr_par' dir='ltr' id='par_1_77' title="bbox 1858 3294 3446 3373">
     <span class='ocr_line' id='line_1_77' title="bbox 1858 3294 3446 3373; baseline -0.011 -11"><span class='ocrx_word' id='word_1_518' title='bbox 1858 3320 2017 3362; x_wconf 89' lang='lat' dir='ltr'><strong>causa</strong></span> <span class='ocrx_word' id='word_1_519' title='bbox 2046 3303 2287 3359; x_wconf 87' lang='lat' dir='ltr'><strong>videatur</strong></span> <span class='ocrx_word' id='word_1_520' title='bbox 2317 3311 2496 3368; x_wconf 81' lang='lat' dir='ltr'><strong>natus,</strong></span> <span class='ocrx_word' id='word_1_521' title='bbox 2539 3302 2640 3355; x_wconf 89' lang='lat' dir='ltr'><strong>nisi</strong></span> <span class='ocrx_word' id='word_1_522' title='bbox 2670 3310 2726 3354; x_wconf 91' lang='lat' dir='ltr'><strong>ut</strong></span> <span class='ocrx_word' id='word_1_523' title='bbox 2752 3300 2803 3353; x_wconf 92' lang='lat' dir='ltr'><strong>iu</strong></span> <span class='ocrx_word' id='word_1_524' title='bbox 2836 3313 2960 3353; x_wconf 91' lang='lat' dir='ltr'><strong>eum</strong></span> <span class='ocrx_word' id='word_1_525' title='bbox 2992 3297 3170 3373; x_wconf 80' lang='lat' dir='ltr'><strong>omnis</strong></span> <span class='ocrx_word' id='word_1_526' title='bbox 3196 3294 3446 3359; x_wconf 75' lang='lat' dir='ltr'><strong>infamiae,</strong></span> 
     </span>
    </p>
   </div>
   <div class='ocr_carea' id='block_1_78' title="bbox 1858 3388 3454 3471">
    <p class='ocr_par' dir='ltr' id='par_1_78' title="bbox 1858 3388 3454 3471">
     <span class='ocr_line' id='line_1_78' title="bbox 1858 3388 3454 3471; baseline -0.008 -18"><span class='ocrx_word' id='word_1_527' title='bbox 1858 3414 1921 3453; x_wconf 87' lang='lat' dir='ltr'><strong>ac</strong></span> <span class='ocrx_word' id='word_1_528' title='bbox 1947 3395 2230 3471; x_wconf 82' lang='lat' dir='ltr'><strong>cujuslibet</strong></span> <span class='ocrx_word' id='word_1_529' title='bbox 2257 3394 2534 3471; x_wconf 74' lang='lat' dir='ltr'><strong>ftedissimi</strong></span> <span class='ocrx_word' id='word_1_530' title='bbox 2564 3392 2816 3447; x_wconf 90' lang='lat' dir='ltr'><strong>facinoris</strong></span> <span class='ocrx_word' id='word_1_531' title='bbox 2838 3403 2995 3461; x_wconf 87' lang='lat' dir='ltr'><strong>atque</strong></span> <span class='ocrx_word' id='word_1_532' title='bbox 3023 3389 3264 3471; x_wconf 73' lang='lat' dir='ltr'><strong>sceleris,</strong></span> <span class='ocrx_word' id='word_1_533' title='bbox 3288 3388 3454 3443; x_wconf 89' lang='lat' dir='ltr'><strong>eollu-</strong></span> 
     </span>
    </p>
   </div>
   <div class='ocr_carea' id='block_1_79' title="bbox 1859 3466 3449 3569">
    <p class='ocr_par' dir='ltr' id='par_1_79' title="bbox 1859 3466 3449 3569">
     <span class='ocr_line' id='line_1_79' title="bbox 1859 3466 3449 3569; baseline -0.008 -22"><span class='ocrx_word' id='word_1_534' title='bbox 1859 3495 1972 3548; x_wconf 87' lang='lat' dir='ltr'><strong>vies</strong></span> <span class='ocrx_word' id='word_1_535' title='bbox 2000 3492 2357 3569; x_wconf 73' lang='lat' dir='ltr'><strong>derivaretur.</strong></span> <span class='ocrx_word' id='word_1_536' title='bbox 2392 3466 2530 3545; x_wconf 74' lang='lat' dir='ltr'><strong>&#39;i‘um</strong></span> <span class='ocrx_word' id='word_1_537' title='bbox 2555 3488 2754 3543; x_wconf 88' lang='lat' dir='ltr'><strong>deinde</strong></span> <span class='ocrx_word' id='word_1_538' title='bbox 2781 3485 2885 3541; x_wconf 88' lang='lat' dir='ltr'><strong>alia</strong></span> <span class='ocrx_word' id='word_1_539' title='bbox 2912 3466 3255 3556; x_wconf 85' lang='lat' dir='ltr'><strong>prosequitur</strong></span> <span class='ocrx_word' id='word_1_540' title='bbox 3273 3497 3449 3547; x_wconf 89' lang='lat' dir='ltr'><strong>sacra,</strong></span> 
     </span>
    </p>
   </div>
   <div class='ocr_carea' id='block_1_80' title="bbox 1859 3575 3449 3653">
    <p class='ocr_par' dir='ltr' id='par_1_80' title="bbox 1859 3575 3449 3653">
     <span class='ocr_line' id='line_1_80' title="bbox 1859 3575 3449 3653; baseline -0.008 -14"><span class='ocrx_word' id='word_1_541' title='bbox 1859 3585 2109 3643; x_wconf 88' lang='lat' dir='ltr'><strong>videlicet</strong></span> <span class='ocrx_word' id='word_1_542' title='bbox 2127 3580 2168 3639; x_wconf 83' lang='grc' dir='ltr'><strong>Τ</strong></span> <span class='ocrx_word' id='word_1_543' title='bbox 2176 3582 2577 3653; x_wconf 70' lang='grc' dir='ltr'><strong>ιιεειιιοριιοτίτι,</strong></span> <span class='ocrx_word' id='word_1_544' title='bbox 2611 3580 2904 3647; x_wconf 84' lang='lat' dir='ltr'><strong>Eleusinia,</strong></span> <span class='ocrx_word' id='word_1_545' title='bbox 2950 3588 3111 3647; x_wconf 87' lang='lat' dir='ltr'><strong>atque</strong></span> <span class='ocrx_word' id='word_1_546' title='bbox 3136 3575 3449 3640; x_wconf 78' lang='lat' dir='ltr'><strong>Alituuntia,</strong></span> 
     </span>
    </p>
   </div>
   <div class='ocr_carea' id='block_1_81' title="bbox 1860 3669 3454 3747">
    <p class='ocr_par' dir='ltr' id='par_1_81' title="bbox 1860 3669 3454 3747">
     <span class='ocr_line' id='line_1_81' title="bbox 1860 3669 3454 3747; baseline -0.009 -14"><span class='ocrx_word' id='word_1_547' title='bbox 1860 3679 1912 3733; x_wconf 91' lang='lat' dir='ltr'><strong>in</strong></span> <span class='ocrx_word' id='word_1_548' title='bbox 1940 3678 2134 3747; x_wconf 88' lang='lat' dir='ltr'><strong>quibus</strong></span> <span class='ocrx_word' id='word_1_549' title='bbox 2165 3692 2271 3731; x_wconf 92' lang='lat' dir='ltr'><strong>non</strong></span> <span class='ocrx_word' id='word_1_550' title='bbox 2298 3675 2498 3742; x_wconf 88' lang='lat' dir='ltr'><strong>minor,</strong></span> <span class='ocrx_word' id='word_1_551' title='bbox 2526 3688 2686 3745; x_wconf 89' lang='lat' dir='ltr'><strong>quam</strong></span> <span class='ocrx_word' id='word_1_552' title='bbox 2716 3673 2768 3727; x_wconf 89' lang='lat' dir='ltr'><strong>in</strong></span> <span class='ocrx_word' id='word_1_553' title='bbox 2796 3672 2918 3726; x_wconf 87' lang='lat' dir='ltr'><strong>aliis</strong></span> <span class='ocrx_word' id='word_1_554' title='bbox 2945 3669 3160 3725; x_wconf 87' lang='lat' dir='ltr'><strong>lascivia</strong></span> <span class='ocrx_word' id='word_1_555' title='bbox 3184 3682 3249 3722; x_wconf 91' lang='lat' dir='ltr'><strong>ac</strong></span> <span class='ocrx_word' id='word_1_556' title='bbox 3296 3676 3454 3737; x_wconf 87' lang='lat' dir='ltr'><strong>petu-</strong></span> 
     </span>
    </p>
   </div>
   <div class='ocr_carea' id='block_1_82' title="bbox 1858 3763 3455 3837">
    <p class='ocr_par' dir='ltr' id='par_1_82' title="bbox 1858 3763 3455 3837">
     <span class='ocr_line' id='line_1_82' title="bbox 1858 3763 3455 3837; baseline -0.007 -12"><span class='ocrx_word' id='word_1_557' title='bbox 1858 3766 2045 3827; x_wconf 86' lang='lat' dir='ltr'><strong>lantia.</strong></span> <span class='ocrx_word' id='word_1_558' title='bbox 2096 3770 2286 3825; x_wconf 86' lang='lat' dir='ltr'><strong>Postea</strong></span> <span class='ocrx_word' id='word_1_559' title='bbox 2313 3783 2439 3825; x_wconf 84' lang='lat' dir='ltr'><strong>vero</strong></span> <span class='ocrx_word' id='word_1_560' title='bbox 2466 3782 2625 3837; x_wconf 87' lang='lat' dir='ltr'><strong>quam</strong></span> <span class='ocrx_word' id='word_1_561' title='bbox 2657 3781 2717 3819; x_wconf 90' lang='lat' dir='ltr'><strong>ea</strong></span> <span class='ocrx_word' id='word_1_562' title='bbox 2754 3763 2814 3819; x_wconf 84' lang='lat' dir='ltr'><strong>in</strong></span> <span class='ocrx_word' id='word_1_563' title='bbox 2860 3764 3031 3817; x_wconf 88' lang='lat' dir='ltr'><strong>oculis</strong></span> <span class='ocrx_word' id='word_1_564' title='bbox 3057 3768 3455 3831; x_wconf 85' lang='lat' dir='ltr'><strong>conspectuque</strong></span> 
     </span>
    </p>
   </div>
   <div class='ocr_carea' id='block_1_83' title="bbox 1860 3852 3450 3933">
    <p class='ocr_par' dir='ltr' id='par_1_83' title="bbox 1860 3852 3450 3933">
     <span class='ocr_line' id='line_1_83' title="bbox 1860 3852 3450 3933; baseline -0.009 -13"><span class='ocrx_word' id='word_1_565' title='bbox 1860 3865 2098 3920; x_wconf 90' lang='lat' dir='ltr'><strong>omnium</strong></span> <span class='ocrx_word' id='word_1_566' title='bbox 2145 3863 2411 3933; x_wconf 74' lang='lat' dir='ltr'><strong>exposuit,</strong></span> <span class='ocrx_word' id='word_1_567' title='bbox 2459 3860 2525 3913; x_wconf 89' lang='lat' dir='ltr'><strong>ab</strong></span> <span class='ocrx_word' id='word_1_568' title='bbox 2555 3857 2786 3914; x_wconf 88' lang='lat' dir='ltr'><strong>etlmicis</strong></span> <span class='ocrx_word' id='word_1_569' title='bbox 2833 3856 3067 3927; x_wconf 82' lang='lat' dir='ltr'><strong>postulat</strong></span> <span class='ocrx_word' id='word_1_570' title='bbox 3098 3864 3274 3933; x_wconf 88' lang='lat' dir='ltr'><strong>utrum</strong></span> <span class='ocrx_word' id='word_1_571' title='bbox 3303 3852 3450 3907; x_wconf 87' lang='lat' dir='ltr'><strong>chri-</strong></span> 
     </span>
    </p>
   </div>
   <div class='ocr_carea' id='block_1_84' title="bbox 1859 3944 3453 4017">
    <p class='ocr_par' dir='ltr' id='par_1_84' title="bbox 1859 3944 3453 4017">
     <span class='ocr_line' id='line_1_84' title="bbox 1859 3944 3453 4017; baseline -0.009 -5"><span class='ocrx_word' id='word_1_572' title='bbox 1859 3956 2018 4013; x_wconf 89' lang='lat' dir='ltr'><strong>stiani</strong></span> <span class='ocrx_word' id='word_1_573' title='bbox 2051 3955 2117 4009; x_wconf 88' lang='lat' dir='ltr'><strong>ad</strong></span> <span class='ocrx_word' id='word_1_574' title='bbox 2144 3953 2259 4008; x_wconf 70' lang='lat' dir='ltr'><strong>hzec</strong></span> <span class='ocrx_word' id='word_1_575' title='bbox 2286 3969 2436 4007; x_wconf 87' lang='lat' dir='ltr'><strong>sacra</strong></span> <span class='ocrx_word' id='word_1_576' title='bbox 2466 3950 2671 4017; x_wconf 81' lang='lat' dir='ltr'><strong>agenda</strong></span> <span class='ocrx_word' id='word_1_577' title='bbox 2699 3949 2847 4003; x_wconf 91' lang='lat' dir='ltr'><strong>omni</strong></span> <span class='ocrx_word' id='word_1_578' title='bbox 2876 3944 3261 4017; x_wconf 82' lang='lat' dir='ltr'><strong>suppliciorum</strong></span> <span class='ocrx_word' id='word_1_579' title='bbox 3291 3945 3453 3999; x_wconf 89' lang='lat' dir='ltr'><strong>etiam</strong></span> 
     </span>
    </p>
   </div>
   <div class='ocr_carea' id='block_1_85' title="bbox 1860 4037 3458 4125">
    <p class='ocr_par' dir='ltr' id='par_1_85' title="bbox 1860 4037 3458 4125">
     <span class='ocr_line' id='line_1_85' title="bbox 1860 4037 3458 4125; baseline -0.01 -21"><span class='ocrx_word' id='word_1_580' title='bbox 1860 4049 2253 4104; x_wconf 91' lang='lat' dir='ltr'><strong>dirissimorum</strong></span> <span class='ocrx_word' id='word_1_581' title='bbox 2276 4059 2475 4116; x_wconf 82' lang='lat' dir='ltr'><strong>genere</strong></span> <span class='ocrx_word' id='word_1_582' title='bbox 2499 4045 2615 4125; x_wconf 83' lang='lat' dir='ltr'><strong>cogi</strong></span> <span class='ocrx_word' id='word_1_583' title='bbox 2646 4042 2899 4105; x_wconf 90' lang='lat' dir='ltr'><strong>debeant,</strong></span> <span class='ocrx_word' id='word_1_584' title='bbox 2930 4056 2993 4095; x_wconf 80' lang='lat' dir='ltr'><strong>ac</strong></span> <span class='ocrx_word' id='word_1_585' title='bbox 3032 4049 3212 4121; x_wconf 85' lang='lat' dir='ltr'><strong>utrum</strong></span> <span class='ocrx_word' id='word_1_586' title='bbox 3241 4037 3458 4107; x_wconf 92' lang='lat' dir='ltr'><strong>ipsimet</strong></span> 
     </span>
    </p>
   </div>
   <div class='ocr_carea' id='block_1_86' title="bbox 1860 4126 3455 4212">
    <p class='ocr_par' dir='ltr' id='par_1_86' title="bbox 1860 4126 3455 4212">
     <span class='ocr_line' id='line_1_86' title="bbox 1860 4126 3455 4212; baseline -0.011 -14"><span class='ocrx_word' id='word_1_587' title='bbox 1860 4142 2059 4199; x_wconf 90' lang='lat' dir='ltr'><strong>ethnici</strong></span> <span class='ocrx_word' id='word_1_588' title='bbox 2082 4138 2205 4206; x_wconf 89' lang='lat' dir='ltr'><strong>diis,</strong></span> <span class='ocrx_word' id='word_1_589' title='bbox 2233 4155 2458 4212; x_wconf 91' lang='lat' dir='ltr'><strong>quorum</strong></span> <span class='ocrx_word' id='word_1_590' title='bbox 2501 4126 2703 4192; x_wconf 84' lang='lat' dir='ltr'><strong>scelera</strong></span> <span class='ocrx_word' id='word_1_591' title='bbox 2732 4145 2785 4190; x_wconf 90' lang='lat' dir='ltr'><strong>et</strong></span> <span class='ocrx_word' id='word_1_592' title='bbox 2808 4134 3005 4206; x_wconf 84' lang='lat' dir='ltr'><strong>flagitia</strong></span> <span class='ocrx_word' id='word_1_593' title='bbox 3038 4133 3088 4186; x_wconf 91' lang='lat' dir='ltr'><strong>in</strong></span> <span class='ocrx_word' id='word_1_594' title='bbox 3118 4130 3307 4186; x_wconf 89' lang='lat' dir='ltr'><strong>iisdem</strong></span> <span class='ocrx_word' id='word_1_595' title='bbox 3336 4126 3455 4201; x_wconf 87' lang='lat' dir='ltr'><strong>my-</strong></span> 
     </span>
    </p>
   </div>
   <div class='ocr_carea' id='block_1_87' title="bbox 1859 4216 3457 4294">
    <p class='ocr_par' dir='ltr' id='par_1_87' title="bbox 1859 4216 3457 4294">
     <span class='ocr_line' id='line_1_87' title="bbox 1859 4216 3457 4294; baseline -0.011 -2"><span class='ocrx_word' id='word_1_596' title='bbox 1859 4236 2038 4292; x_wconf 86' lang='lat' dir='ltr'><strong>steriis</strong></span> <span class='ocrx_word' id='word_1_597' title='bbox 2068 4220 2525 4294; x_wconf 82' lang='lat' dir='ltr'><strong>memorabantur,</strong></span> <span class='ocrx_word' id='word_1_598' title='bbox 2556 4218 2763 4283; x_wconf 80' lang='lat' dir='ltr'><strong>similes</strong></span> <span class='ocrx_word' id='word_1_599' title='bbox 2807 4242 2867 4282; x_wconf 90' lang='lat' dir='ltr'><strong>se</strong></span> <span class='ocrx_word' id='word_1_600' title='bbox 2915 4224 3056 4288; x_wconf 86' lang='lat' dir='ltr'><strong>esse,</strong></span> <span class='ocrx_word' id='word_1_601' title='bbox 3092 4222 3174 4278; x_wconf 87' lang='lat' dir='ltr'><strong>vel</strong></span> <span class='ocrx_word' id='word_1_602' title='bbox 3214 4232 3308 4277; x_wconf 87' lang='lat' dir='ltr'><strong>eos</strong></span> <span class='ocrx_word' id='word_1_603' title='bbox 3337 4216 3457 4276; x_wconf 86' lang='lat' dir='ltr'><strong>filiis</strong></span> 
     </span>
    </p>
   </div>
   <div class='ocr_carea' id='block_1_88' title="bbox 1860 4314 3458 4401">
    <p class='ocr_par' dir='ltr' id='par_1_88' title="bbox 1860 4314 3458 4401">
     <span class='ocr_line' id='line_1_88' title="bbox 1860 4314 3458 4401; baseline -0.011 -14"><span class='ocrx_word' id='word_1_604' title='bbox 1860 4333 1975 4387; x_wconf 89' lang='lat' dir='ltr'><strong>suis</strong></span> <span class='ocrx_word' id='word_1_605' title='bbox 2004 4339 2093 4385; x_wconf 92' lang='lat' dir='ltr'><strong>aut</strong></span> <span class='ocrx_word' id='word_1_606' title='bbox 2124 4325 2439 4398; x_wconf 78' lang='lat' dir='ltr'><strong>conjugihus</strong></span> <span class='ocrx_word' id='word_1_607' title='bbox 2491 4337 2792 4394; x_wconf 91' lang='lat' dir='ltr'><strong>proponere</strong></span> <span class='ocrx_word' id='word_1_608' title='bbox 2818 4319 2870 4374; x_wconf 92' lang='lat' dir='ltr'><strong>in</strong></span> <span class='ocrx_word' id='word_1_609' title='bbox 2903 4318 3204 4390; x_wconf 80' lang='lat' dir='ltr'><strong>exemplum</strong></span> <span class='ocrx_word' id='word_1_610' title='bbox 3258 4314 3458 4401; x_wconf 81' lang='lat' dir='ltr'><strong>velint?</strong></span> 
     </span>
    </p>
   </div>
   <div class='ocr_carea' id='block_1_89' title="bbox 1861 4406 3458 4491">
    <p class='ocr_par' dir='ltr' id='par_1_89' title="bbox 1861 4406 3458 4491">
     <span class='ocr_line' id='line_1_89' title="bbox 1861 4406 3458 4491; baseline -0.011 -13"><span class='ocrx_word' id='word_1_611' title='bbox 1861 4424 2049 4478; x_wconf 85' lang='lat' dir='ltr'><strong>Mirum</strong></span> <span class='ocrx_word' id='word_1_612' title='bbox 2081 4423 2258 4491; x_wconf 87' lang='lat' dir='ltr'><strong>itaque</strong></span> <span class='ocrx_word' id='word_1_613' title='bbox 2290 4417 2389 4473; x_wconf 90' lang='lat' dir='ltr'><strong>sibi</strong></span> <span class='ocrx_word' id='word_1_614' title='bbox 2419 4416 2583 4471; x_wconf 86' lang='lat' dir='ltr'><strong>videri</strong></span> <span class='ocrx_word' id='word_1_615' title='bbox 2617 4414 2705 4469; x_wconf 90' lang='lat' dir='ltr'><strong>ille</strong></span> <span class='ocrx_word' id='word_1_616' title='bbox 2752 4412 2825 4467; x_wconf 90' lang='lat' dir='ltr'><strong>ait</strong></span> <span class='ocrx_word' id='word_1_617' title='bbox 2851 4428 3010 4477; x_wconf 91' lang='lat' dir='ltr'><strong>eum;</strong></span> <span class='ocrx_word' id='word_1_618' title='bbox 3062 4409 3152 4481; x_wconf 90' lang='lat' dir='ltr'><strong>qui</strong></span> <span class='ocrx_word' id='word_1_619' title='bbox 3195 4408 3296 4464; x_wconf 88' lang='lat' dir='ltr'><strong>hos</strong></span> <span class='ocrx_word' id='word_1_620' title='bbox 3326 4406 3458 4463; x_wconf 87' lang='lat' dir='ltr'><strong>deos</strong></span> 
     </span>
    </p>
   </div>
   <div class='ocr_carea' id='block_1_90' title="bbox 1862 4494 3459 4585">
    <p class='ocr_par' dir='ltr' id='par_1_90' title="bbox 1862 4494 3459 4585">
     <span class='ocr_line' id='line_1_90' title="bbox 1862 4494 3459 4585; baseline -0.011 -13"><span class='ocrx_word' id='word_1_621' title='bbox 1862 4532 1982 4572; x_wconf 84' lang='lat' dir='ltr'><strong>esse</strong></span> <span class='ocrx_word' id='word_1_622' title='bbox 2009 4524 2165 4585; x_wconf 80' lang='lat' dir='ltr'><strong>neget</strong></span> <span class='ocrx_word' id='word_1_623' title='bbox 2190 4513 2273 4567; x_wconf 87' lang='lat' dir='ltr'><strong>vel</strong></span> <span class='ocrx_word' id='word_1_624' title='bbox 2307 4510 2539 4576; x_wconf 88' lang='lat' dir='ltr'><strong>dubitet,</strong></span> <span class='ocrx_word' id='word_1_625' title='bbox 2575 4508 2792 4563; x_wconf 84' lang='lat' dir='ltr'><strong>alhemu</strong></span> <span class='ocrx_word' id='word_1_626' title='bbox 2823 4516 2875 4561; x_wconf 89' lang='lat' dir='ltr'><strong>et</strong></span> <span class='ocrx_word' id='word_1_627' title='bbox 2906 4498 3225 4575; x_wconf 72' lang='lat' dir='ltr'><strong>sacrilegum</strong></span> <span class='ocrx_word' id='word_1_628' title='bbox 3257 4500 3324 4557; x_wconf 85' lang='lat' dir='ltr'><strong>ab</strong></span> <span class='ocrx_word' id='word_1_629' title='bbox 3352 4494 3459 4557; x_wconf 81' lang='lat' dir='ltr'><strong>illis</strong></span> 
     </span>
    </p>
   </div>
   <div class='ocr_carea' id='block_1_91' title="bbox 188 4586 1750 4682">
    <p class='ocr_par' dir='ltr' id='par_1_91' title="bbox 188 4593 1750 4669">
     <span class='ocr_line' id='line_1_91' title="bbox 188 4593 1750 4669; baseline 0.005 -20"><span class='ocrx_word' id='word_1_630' title='bbox 188 4593 301 4653; x_wconf 83' lang='lat' dir='ltr'><strong>Deus</strong></span> <span class='ocrx_word' id='word_1_631' title='bbox 326 4612 490 4653; x_wconf 82' lang='lat' dir='ltr'><strong>verus</strong></span> <span class='ocrx_word' id='word_1_632' title='bbox 519 4608 801 4663; x_wconf 77' lang='lat' dir='ltr'><strong>exoratur,</strong></span> <span class='ocrx_word' id='word_1_633' title='bbox 836 4612 937 4667; x_wconf 85' lang='lat' dir='ltr'><strong>pax</strong></span> <span class='ocrx_word' id='word_1_634' title='bbox 965 4608 1019 4652; x_wconf 88' lang='lat' dir='ltr'><strong>et</strong></span> <span class='ocrx_word' id='word_1_635' title='bbox 1049 4600 1200 4653; x_wconf 89' lang='lat' dir='ltr'><strong>venia</strong></span> <span class='ocrx_word' id='word_1_636' title='bbox 1226 4615 1323 4669; x_wconf 91' lang='lat' dir='ltr'><strong>pro</strong></span> <span class='ocrx_word' id='word_1_637' title='bbox 1343 4601 1614 4667; x_wconf 90' lang='lat' dir='ltr'><strong>omnibus,</strong></span> <span class='ocrx_word' id='word_1_638' title='bbox 1643 4604 1750 4659; x_wconf 82' lang='lat' dir='ltr'><strong>sive</strong></span> 
     </span>
    </p>
   </div>
   <div class='ocr_carea' id='block_1_92' title="bbox 1854 4586 3453 4682">
    <p class='ocr_par' dir='ltr' id='par_1_92' title="bbox 1861 4586 3453 4682">
     <span class='ocr_line' id='line_1_92' title="bbox 1861 4586 3453 4682; baseline -0.01 -16"><span class='ocrx_word' id='word_1_639' title='bbox 1861 4609 2149 4682; x_wconf 87' lang='lat' dir='ltr'><strong>appellari.</strong></span> <span class='ocrx_word' id='word_1_640' title='bbox 2180 4605 2420 4676; x_wconf 89' lang='lat' dir='ltr'><strong>Denique</strong></span> <span class='ocrx_word' id='word_1_641' title='bbox 2449 4621 2516 4659; x_wconf 84' lang='lat' dir='ltr'><strong>ex</strong></span> <span class='ocrx_word' id='word_1_642' title='bbox 2545 4602 2628 4658; x_wconf 88' lang='lat' dir='ltr'><strong>his</strong></span> <span class='ocrx_word' id='word_1_643' title='bbox 2654 4602 2906 4657; x_wconf 88' lang='lat' dir='ltr'><strong>onmihus</strong></span> <span class='ocrx_word' id='word_1_644' title='bbox 2930 4601 3021 4655; x_wconf 90' lang='lat' dir='ltr'><strong>ille</strong></span> <span class='ocrx_word' id='word_1_645' title='bbox 3045 4586 3321 4654; x_wconf 79' lang='lat' dir='ltr'><strong>concludii</strong></span> <span class='ocrx_word' id='word_1_646' title='bbox 3351 4597 3453 4651; x_wconf 88' lang='lat' dir='ltr'><strong>hu-</strong></span> 
     </span>
    </p>
   </div>
   <div class='ocr_carea' id='block_1_93' title="bbox 186 4691 1755 4763">
    <p class='ocr_par' dir='ltr' id='par_1_93' title="bbox 186 4691 1755 4763">
     <span class='ocr_line' id='line_1_93' title="bbox 186 4691 1755 4763; baseline 0.003 -18"><span class='ocrx_word' id='word_1_647' title='bbox 186 4693 310 4759; x_wconf 73' lang='lat' dir='ltr'><strong>vivis,</strong></span> <span class='ocrx_word' id='word_1_648' title='bbox 340 4695 455 4749; x_wconf 83' lang='lat' dir='ltr'><strong>sive</strong></span> <span class='ocrx_word' id='word_1_649' title='bbox 486 4692 721 4747; x_wconf 90' lang='lat' dir='ltr'><strong>mortuis</strong></span> <span class='ocrx_word' id='word_1_650' title='bbox 763 4691 1083 4763; x_wconf 89' lang='lat' dir='ltr'><strong>postulatur,</strong></span> <span class='ocrx_word' id='word_1_651' title='bbox 1115 4692 1354 4763; x_wconf 89' lang='lat' dir='ltr'><strong>nihilque</strong></span> <span class='ocrx_word' id='word_1_652' title='bbox 1382 4695 1617 4762; x_wconf 90' lang='lat' dir='ltr'><strong>auditur,</strong></span> <span class='ocrx_word' id='word_1_653' title='bbox 1651 4694 1755 4750; x_wconf 90' lang='lat' dir='ltr'><strong>nisi</strong></span> 
     </span>
    </p>
   </div>
   <div class='ocr_carea' id='block_1_94' title="bbox 187 4784 1756 4857">
    <p class='ocr_par' dir='ltr' id='par_1_94' title="bbox 187 4784 1756 4857">
     <span class='ocr_line' id='line_1_94' title="bbox 187 4784 1756 4857; baseline 0.001 -16"><span class='ocrx_word' id='word_1_654' title='bbox 187 4789 301 4857; x_wconf 87' lang='lat' dir='ltr'><strong>quod</strong></span> <span class='ocrx_word' id='word_1_655' title='bbox 328 4790 622 4854; x_wconf 88' lang='lat' dir='ltr'><strong>humanos,</strong></span> <span class='ocrx_word' id='word_1_656' title='bbox 652 4787 833 4854; x_wconf 90' lang='lat' dir='ltr'><strong>mites,</strong></span> <span class='ocrx_word' id='word_1_657' title='bbox 860 4784 1217 4852; x_wconf 87' lang='lat' dir='ltr'><strong>verecundos,</strong></span> <span class='ocrx_word' id='word_1_658' title='bbox 1254 4784 1474 4857; x_wconf 90' lang='lat' dir='ltr'><strong>pudicos</strong></span> <span class='ocrx_word' id='word_1_659' title='bbox 1503 4796 1555 4842; x_wconf 93' lang='lat' dir='ltr'><strong>et</strong></span> <span class='ocrx_word' id='word_1_660' title='bbox 1580 4797 1756 4843; x_wconf 87' lang='lat' dir='ltr'><strong>castos</strong></span> 
     </span>
    </p>
   </div>
   <div class='ocr_carea' id='block_1_95' title="bbox 190 4858 1757 4951">
    <p class='ocr_par' dir='ltr' id='par_1_95' title="bbox 190 4858 1757 4951">
     <span class='ocr_line' id='line_1_95' title="bbox 190 4858 1757 4951; baseline -0.002 -14"><span class='ocrx_word' id='word_1_661' title='bbox 190 4883 337 4939; x_wconf 79' lang='lat' dir='ltr'><strong>faciat.</strong></span> <span class='ocrx_word' id='word_1_662' title='bbox 360 4884 439 4939; x_wconf 90' lang='lat' dir='ltr'><strong>Dii</strong></span> <span class='ocrx_word' id='word_1_663' title='bbox 465 4899 600 4951; x_wconf 82' lang='lat' dir='ltr'><strong>ergo</strong></span> <span class='ocrx_word' id='word_1_664' title='bbox 627 4882 672 4936; x_wconf 93' lang='lat' dir='ltr'><strong>si</strong></span> <span class='ocrx_word' id='word_1_665' title='bbox 695 4881 795 4947; x_wconf 88' lang='lat' dir='ltr'><strong>ira,</strong></span> <span class='ocrx_word' id='word_1_666' title='bbox 822 4881 901 4935; x_wconf 91' lang='lat' dir='ltr'><strong>uti</strong></span> <span class='ocrx_word' id='word_1_667' title='bbox 925 4879 1285 4949; x_wconf 85' lang='lat' dir='ltr'><strong>opinabantur</strong></span> <span class='ocrx_word' id='word_1_668' title='bbox 1313 4879 1536 4947; x_wconf 89' lang='lat' dir='ltr'><strong>ethnici,</strong></span> <span class='ocrx_word' id='word_1_669' title='bbox 1565 4858 1757 4935; x_wconf 53' lang='lat' dir='ltr'><strong>aceeu:</strong></span> 
     </span>
    </p>
   </div>
   <div class='ocr_carea' id='block_1_96' title="bbox 191 4973 1756 5044">
    <p class='ocr_par' dir='ltr' id='par_1_96' title="bbox 191 4973 1756 5044">
     <span class='ocr_line' id='line_1_96' title="bbox 191 4973 1756 5044; baseline -0.001 -15"><span class='ocrx_word' id='word_1_670' title='bbox 191 4975 369 5043; x_wconf 80' lang='lat' dir='ltr'><strong>dantur,</strong></span> <span class='ocrx_word' id='word_1_671' title='bbox 406 4993 516 5033; x_wconf 92' lang='lat' dir='ltr'><strong>non</strong></span> <span class='ocrx_word' id='word_1_672' title='bbox 549 4974 884 5041; x_wconf 89' lang='lat' dir='ltr'><strong>christianis,</strong></span> <span class='ocrx_word' id='word_1_673' title='bbox 917 4973 1012 5029; x_wconf 90' lang='lat' dir='ltr'><strong>sed</strong></span> <span class='ocrx_word' id='word_1_674' title='bbox 1043 4973 1287 5044; x_wconf 90' lang='lat' dir='ltr'><strong>ipsismet</strong></span> <span class='ocrx_word' id='word_1_675' title='bbox 1335 4974 1585 5040; x_wconf 88' lang='lat' dir='ltr'><strong>etlmieis,</strong></span> <span class='ocrx_word' id='word_1_676' title='bbox 1635 4991 1756 5029; x_wconf 89' lang='lat' dir='ltr'><strong>om-</strong></span> 
     </span>
    </p>
   </div>
   <div class='ocr_carea' id='block_1_97' title="bbox 191 5067 1755 5139">
    <p class='ocr_par' dir='ltr' id='par_1_97' title="bbox 191 5067 1755 5139">
     <span class='ocr_line' id='line_1_97' title="bbox 191 5067 1755 5139; baseline -0.002 -14"><span class='ocrx_word' id='word_1_677' title='bbox 191 5073 311 5127; x_wconf 89' lang='lat' dir='ltr'><strong>nium</strong></span> <span class='ocrx_word' id='word_1_678' title='bbox 356 5085 483 5128; x_wconf 86' lang='lat' dir='ltr'><strong>ante</strong></span> <span class='ocrx_word' id='word_1_679' title='bbox 516 5071 706 5127; x_wconf 88' lang='lat' dir='ltr'><strong>oculos</strong></span> <span class='ocrx_word' id='word_1_680' title='bbox 750 5068 984 5124; x_wconf 83' lang='lat' dir='ltr'><strong>dedecus</strong></span> <span class='ocrx_word' id='word_1_681' title='bbox 1025 5078 1079 5123; x_wconf 91' lang='lat' dir='ltr'><strong>et</strong></span> <span class='ocrx_word' id='word_1_682' title='bbox 1120 5069 1504 5139; x_wconf 91' lang='lat' dir='ltr'><strong>turpitudinem</strong></span> <span class='ocrx_word' id='word_1_683' title='bbox 1544 5067 1755 5122; x_wconf 88' lang='lat' dir='ltr'><strong>illorum</strong></span> 
     </span>
    </p>
   </div>
   <div class='ocr_carea' id='block_1_98' title="bbox 191 5160 1759 5232">
    <p class='ocr_par' dir='ltr' id='par_1_98' title="bbox 191 5160 1759 5232">
     <span class='ocr_line' id='line_1_98' title="bbox 191 5160 1759 5232; baseline 0.001 -16"><span class='ocrx_word' id='word_1_684' title='bbox 191 5165 543 5229; x_wconf 82' lang='lat' dir='ltr'><strong>statuentibus,</strong></span> <span class='ocrx_word' id='word_1_685' title='bbox 577 5162 735 5217; x_wconf 85' lang='lat' dir='ltr'><strong>irasci</strong></span> <span class='ocrx_word' id='word_1_686' title='bbox 778 5161 1066 5216; x_wconf 84' lang='lat' dir='ltr'><strong>debebant.</strong></span> <span class='ocrx_word' id='word_1_687' title='bbox 1118 5160 1175 5216; x_wconf 92' lang='lat' dir='ltr'><strong>Si</strong></span> <span class='ocrx_word' id='word_1_688' title='bbox 1223 5177 1353 5217; x_wconf 87' lang='lat' dir='ltr'><strong>vero</strong></span> <span class='ocrx_word' id='word_1_689' title='bbox 1390 5162 1483 5217; x_wconf 79' lang='lat' dir='ltr'><strong>ira:</strong></span> <span class='ocrx_word' id='word_1_690' title='bbox 1510 5170 1759 5232; x_wconf 77' lang='lat' dir='ltr'><strong>expertes</strong></span> 
     </span>
    </p>
   </div>
   <div class='ocr_carea' id='block_1_99' title="bbox 194 5251 1329 5323">
    <p class='ocr_par' dir='ltr' id='par_1_99' title="bbox 194 5251 1329 5323">
     <span class='ocr_line' id='line_1_99' title="bbox 194 5251 1329 5323; baseline -0.001 -17"><span class='ocrx_word' id='word_1_691' title='bbox 194 5253 295 5323; x_wconf 86' lang='lat' dir='ltr'><strong>sint,</strong></span> <span class='ocrx_word' id='word_1_692' title='bbox 324 5253 636 5312; x_wconf 86' lang='lat' dir='ltr'><strong>christianis</strong></span> <span class='ocrx_word' id='word_1_693' title='bbox 664 5251 863 5308; x_wconf 83' lang='lat' dir='ltr'><strong>fruSIra</strong></span> <span class='ocrx_word' id='word_1_694' title='bbox 896 5253 1015 5307; x_wconf 90' lang='lat' dir='ltr'><strong>irati</strong></span> <span class='ocrx_word' id='word_1_695' title='bbox 1060 5251 1329 5307; x_wconf 89' lang='lat' dir='ltr'><strong>dicuntur.</strong></span> 
     </span>
    </p>
   </div>
   <div class='ocr_carea' id='block_1_100' title="bbox 770 5387 1149 5444">
    <p class='ocr_par' dir='ltr' id='par_1_100' title="bbox 770 5387 1149 5444">
     <span class='ocr_line' id='line_1_100' title="bbox 770 5387 1149 5444; baseline -0.008 -1"><span class='ocrx_word' id='word_1_696' title='bbox 770 5387 1063 5444; x_wconf 70' lang='lat' dir='ltr'><strong>ita-riemes</strong></span> <span class='ocrx_word' id='word_1_697' title='bbox 1095 5404 1149 5442; x_wconf 90' lang='lat' dir='ltr'><strong>v.</strong></span> 
     </span>
    </p>
   </div>
   <div class='ocr_carea' id='block_1_101' title="bbox 698 5518 1251 5586">
    <p class='ocr_par' dir='ltr' id='par_1_101' title="bbox 698 5518 1251 5586">
     <span class='ocr_line' id='line_1_101' title="bbox 698 5518 1251 5586; baseline -0.002 -14"><span class='ocrx_word' id='word_1_698' title='bbox 698 5518 920 5586; x_wconf 71' lang='lat' dir='ltr'><strong>Analysis</strong></span> <span class='ocrx_word' id='word_1_699' title='bbox 942 5521 1053 5571; x_wconf 87' lang='lat' dir='ltr'><strong>libri</strong></span> <span class='ocrx_word' id='word_1_700' title='bbox 1076 5522 1251 5586; x_wconf 92' lang='lat' dir='ltr'><strong>quinti.</strong></span> 
     </span>
    </p>
   </div>
   <div class='ocr_carea' id='block_1_102' title="bbox 251 5644 1763 5721">
    <p class='ocr_par' dir='ltr' id='par_1_102' title="bbox 251 5644 1763 5721">
     <span class='ocr_line' id='line_1_102' title="bbox 251 5644 1763 5721; baseline 0 -18"><span class='ocrx_word' id='word_1_701' title='bbox 251 5650 320 5704; x_wconf 64' lang='lat' dir='ltr'><strong>Ad</strong></span> <span class='ocrx_word' id='word_1_702' title='bbox 347 5652 492 5706; x_wconf 87' lang='lat' dir='ltr'><strong>aliud</strong></span> <span class='ocrx_word' id='word_1_703' title='bbox 534 5661 717 5707; x_wconf 87' lang='lat' dir='ltr'><strong>contra</strong></span> <span class='ocrx_word' id='word_1_704' title='bbox 746 5650 1029 5721; x_wconf 83' lang='lat' dir='ltr'><strong>gentilium</strong></span> <span class='ocrx_word' id='word_1_705' title='bbox 1056 5648 1187 5704; x_wconf 89' lang='lat' dir='ltr'><strong>deos</strong></span> <span class='ocrx_word' id='word_1_706' title='bbox 1213 5658 1588 5720; x_wconf 80' lang='lat' dir='ltr'><strong>argumentum</strong></span> <span class='ocrx_word' id='word_1_707' title='bbox 1618 5644 1763 5703; x_wconf 86' lang='lat' dir='ltr'><strong>venit</strong></span> 
     </span>
    </p>
   </div>
   <div class='ocr_carea' id='block_1_103' title="bbox 194 5740 1761 5815">
    <p class='ocr_par' dir='ltr' id='par_1_103' title="bbox 194 5740 1761 5815">
     <span class='ocr_line' id='line_1_103' title="bbox 194 5740 1761 5815; baseline 0 -21"><span class='ocrx_word' id='word_1_708' title='bbox 194 5740 460 5810; x_wconf 69' lang='lat' dir='ltr'><strong>Arnobius,</strong></span> <span class='ocrx_word' id='word_1_709' title='bbox 486 5743 720 5815; x_wconf 82' lang='lat' dir='ltr'><strong>illudque</strong></span> <span class='ocrx_word' id='word_1_710' title='bbox 744 5743 875 5813; x_wconf 81' lang='lat' dir='ltr'><strong>petit</strong></span> <span class='ocrx_word' id='word_1_711' title='bbox 900 5758 963 5796; x_wconf 79' lang='lat' dir='ltr'><strong>ex</strong></span> <span class='ocrx_word' id='word_1_712' title='bbox 989 5741 1249 5805; x_wconf 89' lang='lat' dir='ltr'><strong>historiis,</strong></span> <span class='ocrx_word' id='word_1_713' title='bbox 1269 5756 1402 5811; x_wconf 89' lang='lat' dir='ltr'><strong>quas</strong></span> <span class='ocrx_word' id='word_1_714' title='bbox 1417 5756 1537 5796; x_wconf 90' lang='lat' dir='ltr'><strong>cum</strong></span> <span class='ocrx_word' id='word_1_715' title='bbox 1561 5740 1761 5795; x_wconf 89' lang='lat' dir='ltr'><strong>ethnici</strong></span> 
     </span>
    </p>
   </div>
   <div class='ocr_carea' id='block_1_104' title="bbox 195 5832 1758 5902">
    <p class='ocr_par' dir='ltr' id='par_1_104' title="bbox 195 5832 1758 5902">
     <span class='ocr_line' id='line_1_104' title="bbox 195 5832 1758 5902; baseline 0.002 -20"><span class='ocrx_word' id='word_1_716' title='bbox 195 5846 274 5887; x_wconf 86' lang='lat' dir='ltr'><strong>usu</strong></span> <span class='ocrx_word' id='word_1_717' title='bbox 300 5835 615 5899; x_wconf 87' lang='lat' dir='ltr'><strong>quotidiano</strong></span> <span class='ocrx_word' id='word_1_718' title='bbox 638 5836 954 5902; x_wconf 88' lang='lat' dir='ltr'><strong>retinerent,</strong></span> <span class='ocrx_word' id='word_1_719' title='bbox 986 5832 1136 5889; x_wconf 86' lang='lat' dir='ltr'><strong>festis</strong></span> <span class='ocrx_word' id='word_1_720' title='bbox 1181 5833 1519 5889; x_wconf 85' lang='lat' dir='ltr'><strong>celebrarent</strong></span> <span class='ocrx_word' id='word_1_721' title='bbox 1545 5832 1758 5897; x_wconf 88' lang='lat' dir='ltr'><strong>annuis,</strong></span> 
     </span>
    </p>
   </div>
   <div class='ocr_carea' id='block_1_105' title="bbox 197 5925 1765 5999">
    <p class='ocr_par' dir='ltr' id='par_1_105' title="bbox 197 5925 1765 5999">
     <span class='ocr_line' id='line_1_105' title="bbox 197 5925 1765 5999; baseline 0 -18"><span class='ocrx_word' id='word_1_722' title='bbox 197 5925 490 5986; x_wconf 87' lang='lat' dir='ltr'><strong>simulacris</strong></span> <span class='ocrx_word' id='word_1_723' title='bbox 519 5937 989 5999; x_wconf 68' lang='lat' dir='ltr'><strong>repratseutarent,</strong></span> <span class='ocrx_word' id='word_1_724' title='bbox 1041 5943 1133 5985; x_wconf 91' lang='lat' dir='ltr'><strong>cas</strong></span> <span class='ocrx_word' id='word_1_725' title='bbox 1177 5928 1417 5999; x_wconf 85' lang='lat' dir='ltr'><strong>profecto</strong></span> <span class='ocrx_word' id='word_1_726' title='bbox 1455 5927 1765 5985; x_wconf 75' lang='lat' dir='ltr'><strong>verissimus</strong></span> 
     </span>
    </p>
   </div>
   <div class='ocr_carea' id='block_1_106' title="bbox 1856 4682 3547 4774">
    <p class='ocr_par' dir='ltr' id='par_1_106' title="bbox 1856 4682 3547 4774">
     <span class='ocr_line' id='line_1_106' title="bbox 1856 4682 3547 4774; baseline -0.009 -17"><span class='ocrx_word' id='word_1_727' title='bbox 1856 4702 2093 4774; x_wconf 88' lang='lat' dir='ltr'><strong>jusmodi</strong></span> <span class='ocrx_word' id='word_1_728' title='bbox 2126 4699 2281 4768; x_wconf 89' lang='lat' dir='ltr'><strong>deos,</strong></span> <span class='ocrx_word' id='word_1_729' title='bbox 2309 4716 2416 4753; x_wconf 88' lang='lat' dir='ltr'><strong>non</strong></span> <span class='ocrx_word' id='word_1_730' title='bbox 2440 4695 2773 4762; x_wconf 86' lang='lat' dir='ltr'><strong>christianis,</strong></span> <span class='ocrx_word' id='word_1_731' title='bbox 2798 4709 2891 4750; x_wconf 86' lang='lat' dir='ltr'><strong>eos</strong></span> <span class='ocrx_word' id='word_1_732' title='bbox 2924 4682 3329 4762; x_wconf 79' lang='lat' dir='ltr'><strong>reSpuentibus,</strong></span> <span class='ocrx_word' id='word_1_733' title='bbox 3360 4684 3458 4744; x_wconf 89' lang='lat' dir='ltr'><strong>sed</strong></span> <span class='ocrx_word' id='word_1_734' title='bbox 3544 4748 3547 4755; x_wconf 33' lang='lat' dir='ltr'><strong>I</strong></span> 
     </span>
    </p>
   </div>
   <div class='ocr_carea' id='block_1_107' title="bbox 1861 4782 3456 4858">
    <p class='ocr_par' dir='ltr' id='par_1_107' title="bbox 1861 4782 3456 4858">
     <span class='ocr_line' id='line_1_107' title="bbox 1861 4782 3456 4858; baseline -0.011 -5"><span class='ocrx_word' id='word_1_735' title='bbox 1861 4796 2095 4853; x_wconf 90' lang='lat' dir='ltr'><strong>ethnicis</strong></span> <span class='ocrx_word' id='word_1_736' title='bbox 2122 4804 2265 4849; x_wconf 89' lang='lat' dir='ltr'><strong>tanta</strong></span> <span class='ocrx_word' id='word_1_737' title='bbox 2298 4793 2514 4848; x_wconf 85' lang='lat' dir='ltr'><strong>illorum</strong></span> <span class='ocrx_word' id='word_1_738' title='bbox 2541 4789 2769 4846; x_wconf 87' lang='lat' dir='ltr'><strong>crimina</strong></span> <span class='ocrx_word' id='word_1_739' title='bbox 2802 4785 3246 4858; x_wconf 60' lang='lat' dir='ltr'><strong>praedicantibus,</strong></span> <span class='ocrx_word' id='word_1_740' title='bbox 3279 4782 3456 4839; x_wconf 85' lang='lat' dir='ltr'><strong>infen-</strong></span> 
     </span>
    </p>
   </div>
   <div class='ocr_carea' id='block_1_108' title="bbox 1860 4888 2401 4948">
    <p class='ocr_par' dir='ltr' id='par_1_108' title="bbox 1860 4888 2401 4948">
     <span class='ocr_line' id='line_1_108' title="bbox 1860 4888 2401 4948; baseline -0.009 0"><span class='ocrx_word' id='word_1_741' title='bbox 1860 4907 1952 4948; x_wconf 88' lang='lat' dir='ltr'><strong>sos</strong></span> <span class='ocrx_word' id='word_1_742' title='bbox 1981 4905 2102 4945; x_wconf 88' lang='lat' dir='ltr'><strong>esse</strong></span> <span class='ocrx_word' id='word_1_743' title='bbox 2126 4888 2401 4945; x_wconf 88' lang='lat' dir='ltr'><strong>debuisse.</strong></span> 
     </span>
    </p>
   </div>
   <div class='ocr_carea' id='block_1_109' title="bbox 1934 4952 3460 5048">
    <p class='ocr_par' dir='ltr' id='par_1_109' title="bbox 1934 4952 3460 5048">
     <span class='ocr_line' id='line_1_109' title="bbox 1934 4952 3460 5048; baseline -0.01 -7"><span class='ocrx_word' id='word_1_744' title='bbox 1934 4985 2164 5041; x_wconf 87' lang='lat' dir='ltr'><strong>Futilem</strong></span> <span class='ocrx_word' id='word_1_745' title='bbox 2193 4952 2390 5037; x_wconf 84' lang='lat' dir='ltr'><strong>deinde</strong></span> <span class='ocrx_word' id='word_1_746' title='bbox 2418 4991 2724 5048; x_wconf 87' lang='lat' dir='ltr'><strong>vanamque</strong></span> <span class='ocrx_word' id='word_1_747' title='bbox 2768 4972 3041 5030; x_wconf 86' lang='lat' dir='ltr'><strong>Arnobius</strong></span> <span class='ocrx_word' id='word_1_748' title='bbox 3073 4972 3311 5029; x_wconf 85' lang='lat' dir='ltr'><strong>ostendit</strong></span> <span class='ocrx_word' id='word_1_749' title='bbox 3338 4986 3460 5026; x_wconf 88' lang='lat' dir='ltr'><strong>esse</strong></span> 
     </span>
    </p>
   </div>
   <div class='ocr_carea' id='block_1_110' title="bbox 1862 5066 3460 5153">
    <p class='ocr_par' dir='ltr' id='par_1_110' title="bbox 1862 5066 3460 5153">
     <span class='ocr_line' id='line_1_110' title="bbox 1862 5066 3460 5153; baseline -0.01 -16"><span class='ocrx_word' id='word_1_750' title='bbox 1862 5079 2141 5153; x_wconf 86' lang='lat' dir='ltr'><strong>gentilium</strong></span> <span class='ocrx_word' id='word_1_751' title='bbox 2178 5074 2613 5147; x_wconf 87' lang='lat' dir='ltr'><strong>responsionem,</strong></span> <span class='ocrx_word' id='word_1_752' title='bbox 2664 5070 2751 5142; x_wconf 90' lang='lat' dir='ltr'><strong>qui</strong></span> <span class='ocrx_word' id='word_1_753' title='bbox 2784 5084 2972 5124; x_wconf 89' lang='lat' dir='ltr'><strong>omnes</strong></span> <span class='ocrx_word' id='word_1_754' title='bbox 3001 5069 3163 5123; x_wconf 89' lang='lat' dir='ltr'><strong>hasce</strong></span> <span class='ocrx_word' id='word_1_755' title='bbox 3204 5066 3460 5121; x_wconf 86' lang='lat' dir='ltr'><strong>historias</strong></span> 
     </span>
    </p>
   </div>
   <div class='ocr_carea' id='block_1_111' title="bbox 1861 5161 3462 5247">
    <p class='ocr_par' dir='ltr' id='par_1_111' title="bbox 1861 5161 3462 5247">
     <span class='ocr_line' id='line_1_111' title="bbox 1861 5161 3462 5247; baseline -0.01 -15"><span class='ocrx_word' id='word_1_756' title='bbox 1861 5177 2153 5247; x_wconf 87' lang='lat' dir='ltr'><strong>allegorico</strong></span> <span class='ocrx_word' id='word_1_757' title='bbox 2177 5179 2384 5227; x_wconf 87' lang='lat' dir='ltr'><strong>tantum</strong></span> <span class='ocrx_word' id='word_1_758' title='bbox 2414 5183 2576 5225; x_wconf 80' lang='lat' dir='ltr'><strong>sensu</strong></span> <span class='ocrx_word' id='word_1_759' title='bbox 2618 5163 2995 5236; x_wconf 78' lang='lat' dir='ltr'><strong>intelligendas</strong></span> <span class='ocrx_word' id='word_1_760' title='bbox 3017 5178 3138 5219; x_wconf 89' lang='lat' dir='ltr'><strong>esse</strong></span> <span class='ocrx_word' id='word_1_761' title='bbox 3164 5161 3462 5217; x_wconf 87' lang='lat' dir='ltr'><strong>contende-</strong></span> 
     </span>
    </p>
   </div>
   <div class='ocr_carea' id='block_1_112' title="bbox 1864 5256 3463 5336">
    <p class='ocr_par' dir='ltr' id='par_1_112' title="bbox 1864 5256 3463 5336">
     <span class='ocr_line' id='line_1_112' title="bbox 1864 5256 3463 5336; baseline -0.009 -9"><span class='ocrx_word' id='word_1_762' title='bbox 1864 5274 2014 5327; x_wconf 86' lang='lat' dir='ltr'><strong>bant.</strong></span> <span class='ocrx_word' id='word_1_763' title='bbox 2041 5270 2234 5323; x_wconf 82' lang='lat' dir='ltr'><strong>Adeas</strong></span> <span class='ocrx_word' id='word_1_764' title='bbox 2254 5262 2519 5336; x_wconf 90' lang='lat' dir='ltr'><strong>siquidem</strong></span> <span class='ocrx_word' id='word_1_765' title='bbox 2544 5259 2911 5332; x_wconf 79' lang='lat' dir='ltr'><strong>explodendas</strong></span> <span class='ocrx_word' id='word_1_766' title='bbox 2936 5256 3095 5330; x_wconf 89' lang='lat' dir='ltr'><strong>plane</strong></span> <span class='ocrx_word' id='word_1_767' title='bbox 3116 5259 3315 5313; x_wconf 83' lang='lat' dir='ltr'><strong>sufficit</strong></span> <span class='ocrx_word' id='word_1_768' title='bbox 3340 5256 3463 5313; x_wconf 86' lang='lat' dir='ltr'><strong>illas</strong></span> 
     </span>
    </p>
   </div>
   <div class='ocr_carea' id='block_1_113' title="bbox 1866 5349 3458 5433">
    <p class='ocr_par' dir='ltr' id='par_1_113' title="bbox 1866 5349 3458 5433">
     <span class='ocr_line' id='line_1_113' title="bbox 1866 5349 3458 5433; baseline -0.01 -15"><span class='ocrx_word' id='word_1_769' title='bbox 1866 5379 1972 5418; x_wconf 90' lang='lat' dir='ltr'><strong>non</strong></span> <span class='ocrx_word' id='word_1_770' title='bbox 2029 5375 2187 5433; x_wconf 88' lang='lat' dir='ltr'><strong>posse</strong></span> <span class='ocrx_word' id='word_1_771' title='bbox 2241 5355 2473 5412; x_wconf 88' lang='lat' dir='ltr'><strong>naturali</strong></span> <span class='ocrx_word' id='word_1_772' title='bbox 2528 5368 2692 5409; x_wconf 91' lang='lat' dir='ltr'><strong>sensu</strong></span> <span class='ocrx_word' id='word_1_773' title='bbox 2734 5354 2851 5408; x_wconf 89' lang='lat' dir='ltr'><strong>sine</strong></span> <span class='ocrx_word' id='word_1_774' title='bbox 2902 5351 3184 5423; x_wconf 87' lang='lat' dir='ltr'><strong>impietate</strong></span> <span class='ocrx_word' id='word_1_775' title='bbox 3239 5349 3458 5419; x_wconf 80' lang='lat' dir='ltr'><strong>exponi.</strong></span> 
     </span>
    </p>
   </div>
   <div class='ocr_carea' id='block_1_114' title="bbox 1868 5440 3461 5520">
    <p class='ocr_par' dir='ltr' id='par_1_114' title="bbox 1868 5440 3461 5520">
     <span class='ocr_line' id='line_1_114' title="bbox 1868 5440 3461 5520; baseline -0.01 -7"><span class='ocrx_word' id='word_1_776' title='bbox 1868 5440 2074 5513; x_wconf 67' lang='lat' dir='ltr'><strong>Deinde</strong></span> <span class='ocrx_word' id='word_1_777' title='bbox 2118 5469 2250 5509; x_wconf 86' lang='lat' dir='ltr'><strong>vero</strong></span> <span class='ocrx_word' id='word_1_778' title='bbox 2290 5467 2387 5507; x_wconf 91' lang='lat' dir='ltr'><strong>cur</strong></span> <span class='ocrx_word' id='word_1_779' title='bbox 2413 5466 2443 5505; x_wconf 89' lang='lat' dir='ltr'><strong>a</strong></span> <span class='ocrx_word' id='word_1_780' title='bbox 2473 5447 2831 5520; x_wconf 84' lang='lat' dir='ltr'><strong>scriptoribus</strong></span> <span class='ocrx_word' id='word_1_781' title='bbox 2882 5457 2989 5501; x_wconf 89' lang='lat' dir='ltr'><strong>tam</strong></span> <span class='ocrx_word' id='word_1_782' title='bbox 3041 5446 3185 5501; x_wconf 89' lang='lat' dir='ltr'><strong>serio</strong></span> <span class='ocrx_word' id='word_1_783' title='bbox 3229 5442 3461 5517; x_wconf 86' lang='lat' dir='ltr'><strong>posteris</strong></span> 
     </span>
    </p>
   </div>
   <div class='ocr_carea' id='block_1_115' title="bbox 1867 5532 3460 5615">
    <p class='ocr_par' dir='ltr' id='par_1_115' title="bbox 1867 5532 3460 5615">
     <span class='ocr_line' id='line_1_115' title="bbox 1867 5532 3460 5615; baseline -0.009 -8"><span class='ocrx_word' id='word_1_784' title='bbox 1867 5552 2080 5607; x_wconf 70' lang='lat' dir='ltr'><strong>tradita:</strong></span> <span class='ocrx_word' id='word_1_785' title='bbox 2106 5555 2253 5615; x_wconf 88' lang='lat' dir='ltr'><strong>sunt,</strong></span> <span class='ocrx_word' id='word_1_786' title='bbox 2288 5557 2345 5601; x_wconf 91' lang='lat' dir='ltr'><strong>ut</strong></span> <span class='ocrx_word' id='word_1_787' title='bbox 2391 5532 2491 5600; x_wconf 88' lang='lat' dir='ltr'><strong>suo</strong></span> <span class='ocrx_word' id='word_1_788' title='bbox 2520 5541 2753 5598; x_wconf 85' lang='lat' dir='ltr'><strong>naturali</strong></span> <span class='ocrx_word' id='word_1_789' title='bbox 2785 5557 2946 5596; x_wconf 88' lang='lat' dir='ltr'><strong>sensu</strong></span> <span class='ocrx_word' id='word_1_790' title='bbox 2979 5556 3085 5595; x_wconf 89' lang='lat' dir='ltr'><strong>non</strong></span> <span class='ocrx_word' id='word_1_791' title='bbox 3118 5539 3460 5609; x_wconf 80' lang='lat' dir='ltr'><strong>explicaren—</strong></span> 
     </span>
    </p>
   </div>
   <div class='ocr_carea' id='block_1_116' title="bbox 1869 5632 3463 5714">
    <p class='ocr_par' dir='ltr' id='par_1_116' title="bbox 1869 5632 3463 5714">
     <span class='ocr_line' id='line_1_116' title="bbox 1869 5632 3463 5714; baseline -0.011 -12"><span class='ocrx_word' id='word_1_792' title='bbox 1869 5647 1991 5702; x_wconf 85' lang='lat' dir='ltr'><strong>tur?</strong></span> <span class='ocrx_word' id='word_1_793' title='bbox 2021 5642 2288 5714; x_wconf 82' lang='lat' dir='ltr'><strong>Nnmquid</strong></span> <span class='ocrx_word' id='word_1_794' title='bbox 2320 5640 2374 5695; x_wconf 91' lang='lat' dir='ltr'><strong>hi</strong></span> <span class='ocrx_word' id='word_1_795' title='bbox 2407 5639 2702 5710; x_wconf 87' lang='lat' dir='ltr'><strong>scriptores</strong></span> <span class='ocrx_word' id='word_1_796' title='bbox 2750 5652 2843 5691; x_wconf 89' lang='lat' dir='ltr'><strong>eas</strong></span> <span class='ocrx_word' id='word_1_797' title='bbox 2883 5634 3113 5705; x_wconf 87' lang='lat' dir='ltr'><strong>mystico</strong></span> <span class='ocrx_word' id='word_1_798' title='bbox 3143 5632 3463 5703; x_wconf 80' lang='lat' dir='ltr'><strong>allegorico-</strong></span> 
     </span>
    </p>
   </div>
   <div class='ocr_carea' id='block_1_117' title="bbox 1866 5724 3463 5808">
    <p class='ocr_par' dir='ltr' id='par_1_117' title="bbox 1866 5724 3463 5808">
     <span class='ocr_line' id='line_1_117' title="bbox 1866 5724 3463 5808; baseline -0.009 -15"><span class='ocrx_word' id='word_1_799' title='bbox 1866 5752 1972 5808; x_wconf 86' lang='lat' dir='ltr'><strong>que</strong></span> <span class='ocrx_word' id='word_1_800' title='bbox 2019 5734 2306 5808; x_wconf 8' lang='lat' dir='ltr'><strong>dumtaxat,</strong></span> <span class='ocrx_word' id='word_1_801' title='bbox 2348 5748 2509 5786; x_wconf 86' lang='lat' dir='ltr'><strong>sensu</strong></span> <span class='ocrx_word' id='word_1_802' title='bbox 2560 5726 2901 5798; x_wconf 88' lang='lat' dir='ltr'><strong>accipiendas</strong></span> <span class='ocrx_word' id='word_1_803' title='bbox 2945 5724 3138 5779; x_wconf 89' lang='lat' dir='ltr'><strong>alicubi</strong></span> <span class='ocrx_word' id='word_1_804' title='bbox 3194 5724 3463 5779; x_wconf 82' lang='lat' dir='ltr'><strong>testificati</strong></span> 
     </span>
    </p>
   </div>
   <div class='ocr_carea' id='block_1_118' title="bbox 1867 5806 3464 5897">
    <p class='ocr_par' dir='ltr' id='par_1_118' title="bbox 1867 5806 3464 5897">
     <span class='ocr_line' id='line_1_118' title="bbox 1867 5806 3464 5897; baseline -0.009 -11"><span class='ocrx_word' id='word_1_805' title='bbox 1867 5806 2027 5886; x_wconf 77' lang='lat' dir='ltr'><strong>sunt?</strong></span> <span class='ocrx_word' id='word_1_806' title='bbox 2044 5828 2098 5883; x_wconf 90' lang='lat' dir='ltr'><strong>Si</strong></span> <span class='ocrx_word' id='word_1_807' title='bbox 2116 5844 2195 5883; x_wconf 86' lang='lat' dir='ltr'><strong>vei</strong></span> <span class='ocrx_word' id='word_1_808' title='bbox 2211 5842 2243 5881; x_wconf 91' lang='grc' dir='ltr'>ο</span> <span class='ocrx_word' id='word_1_809' title='bbox 2259 5806 2437 5897; x_wconf 83' lang='lat' dir='ltr'><strong>plures</strong></span> <span class='ocrx_word' id='word_1_810' title='bbox 2453 5824 2791 5895; x_wconf 78' lang='lat' dir='ltr'><strong>possintesse</strong></span> <span class='ocrx_word' id='word_1_811' title='bbox 2813 5815 3054 5887; x_wconf 82' lang='lat' dir='ltr'><strong>ejusdem</strong></span> <span class='ocrx_word' id='word_1_812' title='bbox 3083 5818 3319 5874; x_wconf 73' lang='lat' dir='ltr'><strong>hiSlot‘iw</strong></span> <span class='ocrx_word' id='word_1_813' title='bbox 3337 5834 3464 5888; x_wconf 88' lang='lat' dir='ltr'><strong>par-</strong></span> 
     </span>
    </p>
   </div>
   <div class='ocr_carea' id='block_1_119' title="bbox 1873 5911 3466 5993">
    <p class='ocr_par' dir='ltr' id='par_1_119' title="bbox 1873 5911 3466 5993">
     <span class='ocr_line' id='line_1_119' title="bbox 1873 5911 3466 5993; baseline -0.006 -15"><span class='ocrx_word' id='word_1_814' title='bbox 1873 5932 1957 5980; x_wconf 85' lang='lat' dir='ltr'><strong>tes</strong></span> <span class='ocrx_word' id='word_1_815' title='bbox 1980 5918 2252 5993; x_wconf 82' lang='lat' dir='ltr'><strong>allcgorici</strong></span> <span class='ocrx_word' id='word_1_816' title='bbox 2284 5917 2480 5976; x_wconf 91' lang='lat' dir='ltr'><strong>occulti</strong></span> <span class='ocrx_word' id='word_1_817' title='bbox 2511 5929 2723 5985; x_wconf 88' lang='lat' dir='ltr'><strong>sensus,</strong></span> <span class='ocrx_word' id='word_1_818' title='bbox 2756 5912 2973 5971; x_wconf 88' lang='lat' dir='ltr'><strong>ubinam</strong></span> <span class='ocrx_word' id='word_1_819' title='bbox 3007 5911 3080 5969; x_wconf 92' lang='lat' dir='ltr'><strong>illi</strong></span> <span class='ocrx_word' id='word_1_820' title='bbox 3111 5930 3217 5985; x_wconf 89' lang='lat' dir='ltr'><strong>quo</strong></span> <span class='ocrx_word' id='word_1_821' title='bbox 3242 5913 3466 5985; x_wconf 62' lang='lat' dir='ltr'><strong>pratcise</strong></span> 
     </span>
    </p>
   </div>
  </div>
