4142 6262
645 360 749 418 585

1871 336 2325 399 DISSERTATIO
2361 335 2524 392 ΡΒΑΞ
2533 333 2641 388 VIA

3830 308 3937 365 εει

647 476 871 549 intelligi
917 473 1223 537 debebant,
1286 468 1445 526 alicui
1493 460 1918 536 'patefecerunt?
1967 455 2236 528 Numquid
2266 457 2312 517 Λ
2342 452 2630 513 habebant,
2666 444 2993 549 turpissimis
3040 452 3095 499 et
3141 441 3320 498 divina
3349 438 3631 510 majestate
3658 433 3815 506 plane
3847 432 3935 489 iu-

646 574 809 629 etiam
831 583 1046 635 omnes,
1070 567 1155 623 vel
1176 565 1372 635 aliqua:
1395 570 1599 616 tantum
1620 558 1777 613 unius
1802 553 2041 609 historiae
2063 562 2242 623 partes

644 663 937 736 allegorice
966 660 1268 732 signiﬁcatu
1299 652 1636 726 exponenda:
1680 650 1845 705 sunt?
1889 647 2008 704 Non
2054 660 2242 701 omnes

644 755 887 829 quidem.
917 753 1151 810 Necesse
1179 750 1321 806 enim
1353 754 1522 812 esset,
1558 754 1615 798 ut
1640 742 1840 798 etltnici
1872 738 2079 811 singula
2104 754 2245 808 quac-

644 864 750 919 que
783 848 941 911 facta,
989 846 1156 911 locos,
1187 841 1458 912 regiones,
1490 838 1699 901 domos,
1733 834 2003 896 nationes,
2033 832 2243 903 aliaque

643 940 728 996 his
758 938 1001 995 historiis
1028 933 1441 1004 comprehensa,
1472 928 1764 1000 allegorica
1785 941 1945 982 sensu
1974 926 2242 991 interpre-

644 1043 923 1097 tarcntur,
976 1045 1076 1087 nec
1132 1028 1240 1083 alio
1291 1024 1516 1094 intelligi
1575 1036 1734 1093 posse
1783 1020 2239 1077 demonstrarent.

644 1127 826 1184 Gratis
853 1125 1013 1179 etiam
1045 1124 1314 1193 ﬁngerent
1362 1119 1568 1186 aliquas
1606 1116 1765 1170 unius
1798 1114 2041 1169 historia:
2067 1120 2243 1182 partes

644 1221 741 1277 illo
770 1218 1086 1291 allegorica,
1117 1215 1248 1270 alias
1276 1212 1504 1268 naturali
1530 1227 1692 1267 sensu
1720 1207 2084 1278 accipiendas.
2111 1206 2244 1273 Qua:

644 1312 844 1372 etenim
875 1326 998 1383 pars
1015 1310 1215 1380 potius,
1238 1323 1395 1379 quato
1422 1307 1525 1359 alia
1553 1306 1606 1359 in
1634 1301 1917 1359 Summani
1946 1312 1999 1356 et
2025 1301 2245 1356 Proser-

644 1406 806 1477 pinae,
855 1403 941 1459 vel
988 1402 1139 1458 Jovis
1163 1409 1220 1455 et
1243 1399 1463 1456 Cereris
1502 1396 1727 1452 historia
1754 1393 2016 1465 assignari
2043 1403 2240 1463 potest,

642 1517 763 1573 quae
805 1500 1098 1569 allegorice
1129 1505 1221 1552 aut
1247 1493 1479 1550 naturali
1505 1508 1667 1548 sensu
1699 1489 1957 1561 explicari
2009 1487 2243 1543 debeat?

642 1596 774 1664 Quae
801 1594 941 1650 ratio
960 1592 1113 1648 reddi
1143 1591 1362 1661 poterit,
1385 1603 1482 1643 cur
1506 1588 1560 1640 in
1582 1583 1904 1656 qnibttsdam
1933 1582 2048 1636 sive
2071 1580 2241 1643 Jovis,

644 1688 763 1742 sive
814 1683 1094 1742 Summaui
1154 1680 1396 1735 historia:
1431 1678 1694 1748 .partibus
1750 1672 2144 1745 explanandis,
2212 1687 2243 1726 a

641 1778 877 1835 naturali
899 1776 965 1832 ad
990 1775 1342 1847 allegoricum
1368 1787 1588 1828 sensum
1616 1784 1844 1826 necesse
1865 1770 1936 1824 sit
1959 1767 2241 1823 transitum

642 1869 798 1929 ﬁeri?

714 1983 908 2039 Omnia
937 1982 1119 2052 igitur,
1147 1996 1267 2052 qua:
1293 1995 1398 2036 una
1425 1979 1724 2050 eademque
1744 1977 1967 2034 historia
1992 1991 2240 2047 compre-

646 2076 981 2145 henduntur,
1017 2091 1125 2131 uno
1152 2078 1452 2145 eodemque
1481 2089 1643 2130 sensu
1668 2074 1790 2128 sive
1836 2071 2089 2133 naturali.
2123 2073 2238 2127 sive

641 2172 938 2244 allegorico
956 2170 1155 2227 debent
1181 2168 1430 2240 intelligi.
1454 2168 1613 2238 Atqui
1640 2166 1741 2222 hoc
1772 2167 2014 2222 secundo
2039 2166 2238 2236 allego-

640 2266 758 2321 rico
809 2263 1111 2336 signiﬁcatu
1163 2271 1358 2317 cuncta
1390 2263 1441 2315 in
1475 2276 1579 2315 una
1628 2261 1931 2332 eademque
1989 2259 2235 2326 historia,

639 2355 1095 2429 quemadmodum
1126 2355 1178 2409 in
1207 2353 1423 2424 Trojani
1456 2352 1582 2408 belli
1611 2352 1694 2408 vel
1722 2352 2020 2408 Cannensis
2049 2365 2238 2421 pugna:

639 2450 972 2514 narratione,
1009 2465 1115 2503 non
1157 2457 1383 2518 possunt
1409 2445 1687 2516 explicari.
1722 2447 1797 2501 De
1828 2446 1931 2500 diis
1956 2445 2239 2501 enimvero

637 2560 758 2616 quae
787 2544 1004 2615 scriptis
1032 2543 1347 2613 consignata
1378 2542 1627 2613 legimus,
1675 2557 1739 2597 ea
1787 2542 1911 2597 inde
1944 2542 2238 2612 probantur

637 2638 816 2707 reipsa
844 2652 909 2692 ac
933 2651 1063 2692 vere
1093 2634 1232 2691 facta
1260 2649 1405 2701 esse,
1433 2634 1560 2704 quia
1590 2633 1659 2689 de
1688 2634 1794 2690 illis
1820 2632 1952 2689 festa
1976 2634 2236 2689 solemnia

637 2741 783 2788 stato
810 2740 1055 2800 tempore
1075 2728 1511 2785 celebrabantur.
1543 2726 1745 2782 Horum
1777 2725 2041 2797 siquidem
2073 2725 2237 2781 festo-

636 2843 758 2886 rum
801 2836 1056 2882 constans
1094 2832 1150 2880 et
1189 2833 1335 2880 certa
1366 2823 1598 2879 debebat
1626 2836 1749 2878 eSSe
1778 2821 1953 2893 origo,
2015 2836 2115 2877 nec
2145 2820 2234 2875 illa

636 2923 755 2979 sine
783 2922 961 2993 aliqua
989 2920 1200 2976 ratione
1230 2918 1471 2973 instituta
1503 2918 1742 2973 fuerunt.

712 3041 818 3097 Fac
845 3049 1046 3101 tamen,
1089 3038 1132 3093 si
1162 3037 1314 3103 velis,
1368 3036 1420 3091 in
1452 3035 1689 3090 historiae
1720 3033 2006 3104 cujuslibet
2035 3032 2236 3088 descri«

637 3135 823 3205 ptione
848 3130 991 3187 aliud
1015 3129 1258 3190 omnino.
1291 3143 1456 3199 quam
1482 3127 1643 3182 verba
1675 3135 1891 3192 sonant,
1916 3125 2232 3196 signiﬁcari.

635 3226 752 3282 Non
786 3225 963 3279 minus
989 3233 1140 3278 certe
1167 3219 1297 3277 illud
1328 3220 1393 3275 ad
1425 3210 1667 3275 deorum
1701 3217 1935 3273 dedecus
1962 3227 2013 3272 et
2047 3227 2235 3273 contu-

637 3318 852 3375 meliam
909 3314 1247 3371 redundabit.
1300 3311 1430 3380 Qum
1461 3312 1663 3367 etenim
1711 3311 1885 3377 maior
1909 3310 2012 3366 diis
2038 3310 2232 3381 injuria

637 3412 757 3469 ﬁeri
786 3418 985 3482 potest,
1015 3424 1173 3481 quam
1203 3408 1353 3463 Jovis
1379 3423 1440 3462 ac
1467 3405 1705 3469 Cereris,
1737 3403 1882 3459 verbi
1915 3404 2108 3474 gratia,
2141 3419 2232 3458 ne.

635 3507 771 3563 fario
796 3504 1084 3562 concubitu
1112 3513 1311 3558 terram
1336 3500 1509 3556 imbre
1527 3498 1880 3554 madefactam
1903 3496 2234 3569 signiﬁcari?

638 3598 826 3654 Nonne
855 3595 1027 3651 multo
1048 3595 1215 3650 satius
1235 3603 1353 3649 erat
1378 3591 1649 3646 hominem
1677 3604 1799 3645 esse
1821 3598 2052 3653 mutum,
2072 3603 2230 3659 quam

635 3705 726 3748 res
753 3690 1008 3745 honestas
1036 3698 1093 3745 et
1125 3686 1394 3744 naturales
1428 3683 1753 3754 turpissimis
1781 3682 2006 3737 deorum
2050 3682 2233 3752 appel-

638 3785 752 3840 lare
780 3781 1110 3839 sceleribus?
1136 3781 1230 3836 Dic
1250 3788 1455 3844 autem,
1483 3791 1690 3847 quaeso,
1718 3774 1843 3842 quid
1869 3773 2082 3828 vetabat
2102 3789 2235 3842 quo-

636 3877 813 3932 minus
836 3891 1175 3945 unaquaeque
1213 3890 1301 3930 res
1328 3871 1591 3928 naturalis
1617 3869 1833 3941 proprio
1858 3885 1956 3924 suo
1986 3869 2230 3936 nomine,

638 3985 744 4026 non
773 3968 997 4025 deorum
1029 3968 1209 4038 aliquo
1232 3967 1457 4023 crimine
1478 3963 1914 4035 signiﬁcaretur?

706 4089 889 4161 Neque
919 4102 1081 4159 porro
1106 4085 1394 4142 dicendum
1422 4083 1556 4139 deos
1581 4082 1818 4136 noluisse
1846 4095 1941 4135 sua
1975 4079 2232 4149 publicari

633 4183 910 4254 mysteria,
954 4191 1116 4252 atque
1146 4179 1348 4234 idcirco
1392 4192 1578 4232 eorum
1628 4174 1884 4229 historias
1930 4174 2235 4244 allegoricis

633 4276 862 4346 scriptas
888 4290 1008 4330 esse
1024 4274 1359 4343 ambagibus.
1391 4271 1525 4327 Nam
1555 4271 1639 4326 hic
1663 4269 1973 4340 allegorieis
1995 4269 2234 4323 tenebris

636 4368 891 4423 involutae
922 4367 1109 4437 paucis
1139 4366 1357 4437 quidem
1388 4364 1617 4433 cognita:
1648 4374 1827 4428 erant,
1878 4361 1972 4417 sed
2004 4361 2234 4432 apertis-

634 4460 769 4515 sima
817 4459 1070 4514 omnibus
1112 4457 1553 4528 proponebantur
1599 4456 1824 4511 deorum
1867 4454 2088 4526 ﬂagitia,
2117 4471 2237 4525 qua:

635 4553 948 4609 hominilms
988 4551 1040 4606 in
1068 4552 1195 4604 vitia
1224 4551 1447 4605 nimium
1498 4550 1778 4620 propensis
1824 4550 2233 4605 dabanteadem

2345 545 2522 616 dignis
2551 541 2729 598 vocari
2763 536 3086 595 nominibus.

2921 668 3213 711 ARTICULUS
3267 668 3335 706 Vl.

2871 791 3093 855 Analysis
3112 789 3222 839 libri
3251 789 3397 838 sexti.

2419 923 2475 979 In
2509 923 2611 977 hoc
2639 931 2694 978 et
2717 919 3064 991 subsequenti
3095 918 3232 972 libro
3258 916 3415 971 aliam
3448 910 3716 969 Arnobius
3762 908 3939 981 genti-

2348 1020 2476 1076 lium
2525 1017 2677 1072 diluit
2709 1016 3163 1075 criminationem,
3209 1026 3311 1082 qua
3342 1008 3664 1065 christianos
3692 1004 3944 1058 maxima:

2348 1113 2635 1185 impietatis
2668 1121 2949 1182 propterea
2979 1106 3325 1168 accusabant,
3357 1100 3499 1173 quod
3542 1101 3681 1156 nulla
3713 1097 3943 1152 deorum

2347 1208 2609 1264 haberent
2648 1205 2845 1274 templa
2874 1211 2967 1257 aut
2994 1201 3303 1263 simulacra,
3335 1212 3434 1254 nec
3464 1195 3566 1250 ulla
3599 1208 3830 1264 unquam
3878 1191 3949 1245 iis

2346 1302 2610 1358 sacrilicia
2640 1298 2897 1355 facerent.
2930 1301 2968 1352 A
3004 1296 3220 1367 templis
3250 1284 3429 1349 autem
3460 1290 3684 1347 deorum
3707 1287 3948 1352 orditur,

2347 1399 2634 1470 palamque
2667 1396 2863 1450 fatetur
2893 1394 2956 1448 iis
2987 1391 3309 1448 christianos
3340 1402 3564 1459 carere,
3598 1399 3702 1439 non
3731 1384 3781 1437 in
3813 1382 3953 1436 deo-

2348 1507 2490 1550 rum,
2520 1490 2565 1544 si
2595 1487 2754 1542 modo
2801 1486 2935 1541 tales
2984 1483 3199 1555 quidam
3227 1481 3481 1546 existant,
3533 1485 3901 1546 contemptum
3930 1488 3949 1539 ;

2345 1582 2441 1637 sed
2472 1582 2594 1653 quia
2642 1596 2763 1635 cum
2813 1594 3028 1642 semper
3074 1575 3299 1630 beneﬁci
3336 1587 3457 1628 esse
3502 1571 3752 1635 debeant,
3797 1568 3956 1623 omni

2347 1677 2604 1731 virtutum
2660 1689 2857 1745 genere
2915 1669 3311 1741 perfectissimi,
3366 1666 3671 1734 nulliusque
3717 1664 3809 1719 irae
3856 1659 3958 1717 vel

2347 1767 2768 1840 perturbationis
2797 1779 3043 1835 capaces,
3077 1762 3276 1830 templa
3309 1761 3488 1815 omnia
3523 1772 3717 1827 magno
3745 1756 3957 1812 ducunt

2273 1859 2319 1918 B
2345 1859 2667 1931 despicatui.
2699 1857 2773 1913 Ea
2808 1871 3039 1926 namque
3062 1853 3192 1908 nulli
3222 1853 3351 1923 ipsis
3379 1851 3494 1906 usui
3538 1864 3660 1905 esse
3702 1857 3951 1919 possunt,

2341 1953 2589 2026 quamvis
2611 1952 2804 2022 exiguo
2835 1949 3111 2003 hominum
3158 1946 3372 2017 ingenio
3416 1943 3697 2008 fabricata,
3754 1939 3953 1995 iisdem

2341 2043 2812 2121 solisbominibns
2840 2038 3367 2113 magniﬁcentissima
3399 2038 3702 2092 videantur.
3733 2035 3955 2091 Primus

2342 2149 2519 2192 autem
2553 2136 2791 2191 omnium
2826 2134 3166 2195 Phoroneus,
3217 2132 3303 2186 vel
3353 2129 3561 2199 Merops
3582 2172 3596 2193 ,
3627 2127 3712 2184 vel
3741 2125 3953 2183 Eacus

2340 2248 2402 2285 ea
2442 2231 2745 2286 aediﬁcasse
2775 2227 3111 2300 perhibetur.
3137 2226 3201 2283 At
3232 2223 3565 2297 quantalibet
3594 2223 3953 2289 magniﬁcen-

2342 2325 2411 2380 tia
2438 2335 2558 2394 post
2584 2324 2697 2376 lure
2717 2330 3029 2376 constructa
3057 2319 3186 2386 sint,
3230 2316 3356 2387 quid
3383 2316 3489 2371 diis
3516 2314 3685 2385 magis
3723 2313 3954 2382 iujurio«

2340 2431 2458 2471 sum
2485 2432 2547 2471 ac
2573 2414 3048 2475 COI‘Illllt’lCliOSlllll,
3082 2425 3243 2480 quam
3275 2418 3479 2464 temere
3504 2421 3815 2462 asseverare
3842 2403 3913 2458 ,ιο
3930 2434 3947 2447 -

2342 2524 2482 2576 vem,
2536 2519 2629 2562 aut
2675 2508 2836 2562 alium
2888 2504 3132 2573 quemvis
3160 2503 3321 2559 deum
3375 2500 3599 2571 templo,
3654 2497 3947 2570 tuguriolo,

2341 2600 2587 2681 conclavi
2615 2608 2667 2654 et
2703 2598 2893 2654 cellula
2925 2593 3164 2651 includi?

2413 2694 2612 2751 Verum
2644 2693 2766 2758 diis,
2796 2691 3108 2764 inquiebaut
3130 2688 3352 2752 ethnici,
3379 2687 3581 2756 templa
3608 2686 3947 2747 extruimus;

2341 2798 2394 2841 ut
2415 2803 2535 2842 cum
2562 2788 2640 2842 eis
2662 2784 3062 2857 quodammodo
3091 2782 3446 2852 praesentibus
3473 2796 3577 2835 non
3612 2794 3799 2849 magna
3823 2777 3952 2834 sine

2339 2879 2641 2935 reverantia
2663 2878 3058 2944 colloquantur,
3087 2883 3247 2944 atque
3278 2874 3396 2928 illos
3424 2872 3492 2927 de
3520 2871 3762 2940 proximo
3790 2870 3954 2924 invo-

2338 2982 2542 3038 cantes,
2575 2971 2642 3025 ab
2670 2971 2798 3040 ipsis
2826 2968 3030 3025 facilius
3058 2966 3359 3021 audiamur.
3389 2963 3496 3020 Sed
3526 2978 3832 3034 perperam,
3862 2964 3950 3019 ait

2338 3064 2627 3119 Arnobius.
2650 3062 2843 3117 Omnia
2862 3062 3075 3131 quippe,
3100 3075 3162 3114 ac
3183 3060 3372 3114 tacitas
3393 3057 3554 3113 etiam
3578 3058 3744 3112 animi
3767 3057 3948 3111 nostri

2338 3157 2692 3222 coaitationes
2736 3172 2893 3210 verus
2926 3156 3064 3209 Deus
3109 3154 3409 3222 cognoscit,
3443 3158 3632 3206 cuneta
3662 3150 3949 3221 mqualiter

2262 3263 2306 3325 ρ
2340 3251 2508 3314 audit,
2546 3251 2729 3304 nullibi
2760 3250 2932 3315 abest,
2965 3263 3064 3303 nec
3107 3248 3242 3302 sicut
3266 3246 3478 3316 Jupiter
3498 3257 3767 3301 comatum
3800 3245 3951 3300 vadit

2338 3346 2406 3400 ad
2439 3344 2745 3415 Etliiopas,
2806 3359 2911 3398 uno
2965 3342 3133 3397 verbo
3190 3341 3552 3396 immensitate
3597 3355 3692 3394 sua
3747 3339 3950 3409 ubique

2340 3452 2582 3508 praesens
2604 3445 2705 3500 est,
2741 3451 2913 3504 neque
2945 3450 3195 3505 umquam
3222 3434 3342 3488 loco
3370 3442 3633 3488 movetur.

2414 3528 2528 3583 lluc
2553 3527 2765 3582 accedit
2797 3527 3052 3598 pleraque
3080 3526 3303 3581 deorum
3351 3525 3822 3594 sumptuosissima
3851 3539 3951 3577 au-

2340 3621 2754 3692 gustissimaque
2804 3618 3000 3689 templa
3044 3618 3176 3673 nihil
3208 3633 3331 3673 esse
3375 3617 3539 3689 aliud,
3571 3617 3672 3671 nisi
3700 3618 3947 3687 sepulcra

2343 3725 2698 3770 mortuorum.
2728 3713 2878 3768 Talia
2908 3714 3189 3769 enimvero
3217 3711 3518 3782 produntur
3548 3710 3715 3767 fuisse
3742 3710 3947 3766 Cecro-

2341 3808 2444 3877 pis,
2476 3807 2693 3873 Acrisii,
2726 3806 3048 3870 Ericthonii,
3083 3806 3275 3871 Dairm,
3306 3814 3361 3859 et
3390 3805 3625 3869 Immari,
3657 3804 3804 3860 Celei
3841 3806 3951 3859 vir-

2337 3901 2545 3970 ginum,
2600 3898 2950 3971 Hyperoehes
2989 3909 3043 3953 et
3088 3897 3368 3965 Laodices,
3423 3897 3690 3965 Clearchi,
3738 3898 3950 3953 Leuco-

2339 3994 2601 4067 phrynes,
2654 3992 2948 4059 'Iesmessi,
2997 3991 3234 4065 Cyuirzr,
3265 4001 3322 4049 et
3346 3993 3572 4047 aliorum
3604 3977 3762 4063 quam
3821 3992 3951 4061 plu-

2339 4089 2477 4143 rium
2522 4098 2868 4142 monumenta
2896 4102 2958 4142 ac
2985 4086 3321 4157 polyandria.
3359 4086 3598 4155 Denique
3620 4084 3947 4155 Capitolium

2338 4182 2654 4238 abinvento
2683 4181 2800 4236 Toli
2830 4183 3006 4253 capite
3061 4196 3256 4236 nomen
3311 4180 3540 4249 accepit.
3590 4186 3763 4247 Atque
3815 4180 3947 4235 inde

2339 4274 2844 4331 conﬁcitArnohius
2865 4276 2969 4330 diis
2997 4274 3219 4342 frustra,
3246 4289 3310 4330 ac
3337 4283 3523 4330 contra
3548 4289 3733 4330 eorum
3752 4273 3947 4340 decus,

2341 4371 2541 4439 templa
2567 4370 2837 4426 fabricari.

2412 4462 2635 4518 Colendi
2686 4478 2814 4519 vero
2843 4477 3027 4517 eorum
3077 4462 3367 4518 simulacra
3396 4477 3503 4516 non
3550 4463 3731 4532 potior
3759 4462 3950 4532 utique

2342 4562 2426 4609 est
2452 4555 2610 4609 ratio.
2640 4554 2716 4608 Dii
2750 4554 2946 4624 quippe
2974 4554 3017 4608 si
3054 4555 3104 4607 in
3129 4554 3269 4608 cmlo
3303 4553 3563 4621 habitant,
3612 4552 3678 4609 ad
3708 4568 3804 4608 eos
3832 4570 3945 4611 non

633 4646 866 4702 faciendi
889 4645 1251 4701 occasionem.
1279 4642 1480 4698 Deinde
1506 4658 1637 4697 vero
1662 4642 1748 4696 cui
1772 4658 2004 4713 unquam
2031 4642 2232 4697 homini
2261 4671 2316 4731 Β
2338 4647 2406 4703 ad
2434 4648 2647 4703 illorum
2672 4648 2955 4702 simulacra
2986 4647 3269 4703 fundendus
3290 4659 3415 4702 sunt
3446 4662 3655 4715 preces.
3680 4646 3736 4702 Si
3757 4659 3943 4702 autem

635 4736 712 4793 dii
735 4737 1148 4793 declaraverunt
1176 4734 1410 4789 voluisse
1437 4734 1537 4788 sub
1565 4733 1866 4803 allegoricae
1908 4733 2233 4801 interpreta-

637 4828 802 4885 tionis
834 4826 1162 4883 obscuritate
1192 4825 1463 4896 adscripta
1492 4825 1593 4879 sibi
1621 4824 2007 4879 obscenissima
2034 4825 2233 4895 ﬂagitia

632 4922 935 4978 venditari?
967 4920 1099 4988 Quis
1125 4934 1256 4974 vero
1283 4917 1493 4973 dubitat
1519 4933 1615 4975 eos
1644 4933 1747 4997 Iron
1778 4918 1976 4988 turpia,
2008 4919 2101 4974 sed
2138 4919 2236 4974 ho-

632 5024 784 5071 nesta
813 5014 880 5069 de
913 5029 971 5069 se
997 5012 1100 5068 dici
1132 5026 1345 5082 semper
1374 5011 1661 5066 maluisse?
1714 5012 1979 5066 Praeterea
2009 5013 2052 5065 si
2084 5013 2236 5082 Atty-

633 5107 719 5162 dis
750 5105 967 5161 nomine
1012 5104 1182 5160 solem
1217 5112 1615 5171 nuncuparunt,
1671 5101 1797 5171 quid
1831 5101 2027 5155 factum
2058 5112 2141 5156 est
2167 5103 2236 5157 de

632 5202 748 5268 illo,
779 5216 937 5268 quem
973 5200 1211 5255 historia:
1256 5198 1542 5268 perhibent
1581 5196 1634 5251 in
1667 5196 1898 5270 Phrygia
1943 5205 2145 5260 natum,
2175 5212 2240 5251 ac

632 5297 864 5367 plurima
896 5293 1091 5363 egisse,
1144 5308 1263 5362 qua:
1296 5300 1759 5360 reprmsentantur
1809 5291 1860 5343 in
1910 5290 2155 5354 theatris,
2186 5298 2241 5344 et

632 5389 832 5443 annuis
880 5384 1312 5442 solemnitatibus
1360 5383 1711 5438 recoluntur?
1756 5382 1893 5451 Quid
1948 5384 2108 5437 etiam
2159 5384 2240 5438 sol

636 5482 865 5545 meruit;
895 5491 950 5534 ut
980 5476 1193 5550 Attydis
1221 5476 1442 5531 castrati
1474 5475 1708 5531 hominis
1732 5485 1956 5531 vocetur
1985 5475 2267 5547 nomine?_

636 5573 880 5641 Denique
932 5577 1131 5627 Auctor
1176 5578 1364 5625 noster
1413 5570 1578 5624 multa
1630 5571 1680 5624 in
1730 5570 1953 5625 deorum
2001 5569 2241 5624 historiis

636 5666 850 5722 lectitar
915 5664 1189 5732 ostendit,
1248 5680 1369 5732 qua:
1427 5663 1721 5732 allegorico
1764 5678 1928 5717 sensu
1986 5662 2243 5733 explicari

637 5766 931 5828 nequeunt.
962 5756 1037 5811 Ex
1065 5759 1260 5829 quibus
1282 5759 1374 5813 ille
1402 5757 1676 5812 concludit
1700 5755 1852 5812 nefas
1874 5771 2095 5827 prorsus
2122 5771 2242 5812 esse

639 5852 772 5908 deos
800 5849 869 5906 ab
893 5851 1206 5920 gentilibus,
1236 5854 1280 5907 si
1305 5853 1424 5908 illos
1453 5866 1637 5909 revera
1666 5852 1902 5909 existere
1926 5864 2239 5924 persuasum

2341 4741 2462 4796 illos
2492 4740 2563 4795 ibi
2591 4739 2831 4796 habitare
2860 4739 3083 4796 dubium
3111 4740 3205 4802 sit,
3242 4739 3436 4794 frustra
3469 4739 3547 4794 rei
3579 4739 3754 4793 dubia:
3782 4740 3950 4793 simu-

2339 4836 2544 4891 lacrum
2581 4836 2815 4906 ﬁngitur.
2852 4835 3118 4889 Praeterea
3172 4835 3261 4904 qui
3309 4834 3440 4888 deos
3467 4847 3588 4888 esse
3631 4832 3823 4897 credit,
3857 4832 3950 4887 hic

2338 4928 2405 4982 ad
2439 4928 2794 4983 exhibendam
2824 4928 3035 4982 illorum
3079 4927 3422 4998 prmscntiam
3464 4926 3763 4982 simulacris
3809 4940 3948 4997 opus

2342 5035 2450 5075 non
2472 5019 2653 5075 habet.

2417 5111 2553 5167 Tum
2596 5111 2859 5166 Arnobius
2902 5111 2965 5165 iis
3011 5110 3263 5172 occurrit,
3314 5109 3402 5181 qui
3452 5108 3833 5165 asseverabant
3887 5125 3948 5166 se

2343 5219 2441 5277 per
2468 5205 2754 5259 simulacra
2771 5203 2900 5257 deos
2929 5203 3111 5258 colere
3136 5218 3199 5258 ac
3228 5202 3455 5273 precari.
3474 5201 3774 5272 Numquam
3798 5202 3945 5257 enim

2343 5312 2462 5363 eos,
2496 5296 2539 5351 si
2572 5311 2657 5351 res
2688 5296 2758 5350 ita
2788 5295 2877 5361 sit,
2910 5307 3320 5359 vcnerarcntur,
3370 5295 3414 5348 si
3460 5294 3603 5348 nulla
3636 5303 3820 5349 essent
3844 5293 3948 5348 bu-

2338 5390 2576 5462 jusmodi
2601 5389 2910 5444 simulacra.
2945 5388 3082 5458 Quid
3111 5389 3271 5443 etiam
3295 5388 3600 5452 absurdius,
3631 5403 3790 5458 quam
3819 5403 3943 5442 cum

2344 5484 2448 5539 diis
2480 5484 2612 5553 ipsis
2639 5482 2772 5547 suis,
2807 5482 2882 5535 uti
2916 5482 3176 5551 putabant
3224 5480 3447 5539 ethnici.
3481 5480 3784 5551 supplicare
3815 5493 3943 5548 pos-

2344 5583 2486 5643 sent,
2516 5574 2635 5627 illos
2666 5589 2759 5643 per
2786 5582 3053 5627 mortuam
3085 5571 3339 5640 efﬁgiem.
3376 5581 3625 5640 tanquam
3650 5585 3751 5643 per
3774 5571 3946 5640 quod-

2344 5666 2466 5721 dam
2500 5665 2622 5719 lidei
2669 5666 3019 5722 commissum
3047 5664 3249 5734 aliquid
3280 5665 3504 5735 rogare?
3530 5663 3666 5731 Quid
3716 5677 3947 5732 namque

2347 5757 2475 5815 ilhtd
2506 5770 2608 5823 ρει,
2642 5759 2740 5813 nisi
2772 5758 2935 5813 Deum
2964 5758 3182 5813 alterum
3210 5759 3357 5823 scire,
3407 5768 3462 5815 et
3489 5756 3719 5829 efﬁgiem
3747 5756 3945 5817 depre-

2330 5839 2456 5908 veari
2485 5851 2630 5909 omni
2662 5866 2825 5909 sensu
2854 5856 3167 5909 carentem?
