4142 6262
203 310 311 372 385

1438 310 1505 368 ΙΝ
1543 302 1928 377 ΑιιδοΒιυΜ,
1969 304 2126 365 CAP.
2167 300 2210 361 Ι.

3319 293 3329 343 ἶ
3352 296 3463 357 386

258 433 511 487 Praeterea
539 430 716 501 imago
736 429 814 485 rei
840 427 1067 499 alicujus
1090 429 1190 500 ipsi
1217 427 1407 484 similis
1430 443 1552 484 csse
1582 427 1763 491 debet,
1797 428 1847 487 Λ
1870 422 2138 493 Numquid
2185 421 2259 476 dii
2307 422 2357 474 in
2398 418 2575 489 parvis
2613 413 2917 472 simulacris
2961 410 3224 470 dedicatis
3268 424 3466 482 corpus

192 524 411 595 alioquin
441 523 617 593 imago
645 537 750 576 non
779 522 903 576 erit.
932 521 1092 591 Atqui
1126 537 1285 576 nemo
1313 520 1559 575 ethnicus
1605 522 1767 573 homo

192 618 317 672 scire
341 626 515 687 potest
536 626 712 669 utrum
733 613 958 685 quilibet
980 614 1112 670 deus
1132 615 1250 668 talis
1276 628 1460 669 revera
1481 612 1569 675 sit,
1596 611 1769 682 qualis

193 712 295 781 ejus
312 709 503 779 imago.
524 707 595 763 At
617 717 764 763 certe
791 706 992 762 scimus
1015 706 1146 761 tales
1163 709 1295 761 deos
1318 721 1437 761 esse
1454 721 1559 758 non
1587 719 1776 774 posse,

193 804 359 874 quales
386 802 489 868 sol,
523 803 667 867 luna,
703 802 870 867 venti,
901 801 1103 871 aliique
1133 800 1345 856 leonina
1379 801 1460 855 vel
1500 798 1600 852 alia
1635 798 1768 853 facie

192 899 719 971 reprasentabantur.
773 897 856 952 Ab
905 895 1133 951 ethnicis
1181 904 1359 949 autem
1405 894 1526 963 jure
1575 892 1768 948 merito

192 993 335 1049 derisi
358 1002 485 1048 sunt
513 990 672 1061 prisci
708 990 970 1054 homines,
1002 988 1091 1059 qui
1138 1003 1235 1057 pro
1263 987 1366 1042 diis
1392 987 1634 1052 ﬂuvium,
1660 987 1769 1041 aci-

190 1101 383 1151 nacem,
416 1083 671 1151 lagidetn,
721 1081 953 1137 informe
1006 1082 1229 1150 lignum,
1284 1090 1375 1136 aut
1420 1080 1547 1150 quid
1595 1079 1769 1134 simile

193 1180 439 1234 colebant.
470 1175 672 1231 Verum
705 1175 780 1230 illi
830 1176 930 1245 ipsi
979 1190 1084 1229 non
1140 1176 1319 1229 minus
1369 1173 1644 1237 irridendi,
1677 1173 1767 1243 qui

192 1275 529 1331 Hammonem
558 1286 680 1327 cum
710 1270 966 1325 cornibus
992 1269 1257 1335 arietinis,
1308 1269 1598 1324 Saturnum
1646 1283 1767 1322 cum

192 1370 341 1433 falce,
392 1367 589 1422 nudam
655 1365 960 1431 Venerem,
1014 1363 1312 1419 Vulcanum
1360 1378 1482 1418 cum
1532 1363 1672 1431 pileo
1715 1370 1770 1416 et

190 1462 392 1524 malleo,
424 1476 544 1515 cum
576 1459 780 1530 plectro
802 1468 858 1514 et
881 1458 1073 1512 ﬁdibus
1114 1455 1440 1527 Apollinem,
1493 1465 1547 1511 et
1570 1454 1768 1524 Neptu-

192 1571 304 1610 num
330 1570 454 1609 cum
487 1552 681 1608 fuscina
709 1551 1028 1622 depingunt.
1070 1548 1240 1617 Quam
1271 1550 1413 1605 enim
1441 1548 1557 1602 haec
1584 1563 1611 1599 a
1642 1561 1768 1601 vera

193 1648 399 1702 deorum
421 1646 584 1715 ﬁgura
609 1646 962 1712 abhorreant,
992 1644 1112 1715 quis
1141 1658 1246 1698 non
1290 1642 1471 1698 videt?
1501 1641 1765 1696 Praeterea

193 1741 229 1795 si
248 1740 358 1796 bare
385 1738 598 1810 propria
627 1739 737 1793 sint
757 1737 1174 1807 uniuscujusque
1196 1734 1283 1791 dei
1306 1743 1643 1799 ornamenta,
1679 1731 1765 1787 ubi

1871 532 2027 572 suum
2060 513 2410 580 contrahunt,
2445 522 2499 567 et
2530 509 2811 580 porrigttnt
2837 508 2887 562 in
2921 505 3128 578 magnis
3157 513 3213 560 et
3239 505 3469 581 immen-

1869 611 1986 666 sis?
2013 606 2281 677 Numquid
2330 619 2468 659 unus
2510 602 2665 669 deus,
2700 610 2824 671 puta
2867 598 3166 664 Vulcanus,
3200 598 3253 651 in
3294 598 3468 652 omni-

1869 700 1970 756 bus
2000 700 2111 755 suis
2153 696 2457 753 simulacris
2502 695 2701 764 ubique
2738 692 2978 764 gentium
3025 691 3212 760 positis
3244 697 3299 744 et
3339 704 3470 744 con-

1870 793 2098 850 socratis
2133 792 2217 846 vel
2247 790 2551 860 multiplex,
2585 789 2668 844 vel
2699 787 2963 842 indivisus
3002 800 3222 840 manere
3248 782 3468 853 poterit?

1941 887 2079 957 Quid
2128 886 2316 957 plura?
2346 884 2403 942 Si
2444 884 2519 939 dii
2562 884 2613 938 in
2658 882 2741 937 his
2769 881 2880 937 suis
2924 878 3227 935 simulacris
3277 893 3468 935 revera

1872 980 2140 1043 ltabitant,
2170 994 2265 1033 cur
2294 992 2356 1033 ea
2384 975 2637 1047 gentiles,
2667 991 2736 1030 ne
2764 989 2869 1045 qua
2904 972 3096 1043 injuria
3126 970 3465 1036 adﬁciantur,

1870 1073 2143 1139 claustris,
2173 1070 2435 1137 clavibus,
2462 1068 2713 1139 pessulis,
2741 1065 2985 1134 canibus,
3007 1063 3289 1120 anseribus
3314 1071 3469 1117 tuen-

1872 1166 1981 1229 απ,
2039 1179 2103 1219 ac
2149 1163 2563 1233 diligentissime
2611 1158 2964 1216 custodiunt?
3013 1144 3121 1212 Cur
3156 1154 3364 1226 Jupiter
3414 1162 3469 1210 et

1872 1257 2219 1331 Esculapius
2251 1264 2358 1311 tam
2391 1255 2657 1326 patienter
2687 1253 2927 1307 tulerunt
2955 1249 3242 1304 simulacra
3269 1261 3365 1302 sua
3398 1245 3468 1300 ab

1871 1349 2142 1406 Antiocho
2168 1364 2225 1405 et
2242 1347 2497 1420 Dionysio
2524 1344 2782 1415 spoliari?
2809 1344 2865 1399 Si
2893 1341 3095 1397 dixeris
3117 1340 3185 1395 de
3222 1338 3306 1394 his
3333 1336 3468 1392 nihil

1870 1444 2001 1500 deos
2026 1458 2267 1509 curasse,
2299 1451 2447 1498 certe
2472 1440 2658 1496 Venus
2687 1438 3059 1494 incredibilem
3104 1433 3468 1508 Pygmalionis

1870 1547 1925 1592 et
1947 1537 2169 1592 alterius
2197 1535 2391 1605 perditi
2420 1533 2657 1589 hominis
2688 1532 2739 1586 in
2769 1531 3073 1585 sumulacra
3103 1544 3198 1584 sua
3225 1525 3469 1596 petulan-

1871 1627 1998 1682 tiam
2033 1627 2348 1698 propulsare
2377 1624 2628 1681 debcbat.
2662 1621 2852 1678 Nonne
2881 1622 3043 1677 etiam
3074 1620 3283 1691 Jupiter
3311 1618 3469 1688 Capi-

1870 1721 2102 1786 tolinus,
2162 1718 2304 1775 Juno
2344 1716 2579 1788 Argiva,
2636 1715 2890 1785 Serapis,
2943 1714 3106 1768 Diana
3154 1711 3462 1783 Ephesina,

192 1831 246 1886 ει)
287 1803 399 1886 υηο’
434 1803 592 1885 mium
640 1827 942 1885 αθιωχειίε
969 1803 1024 1883 (ξι
1068 1803 1283 1883 dederis
1313 1824 1490 1888 aperi,
1540 1834 1765 1894 υιειηιιε
1796 1828 1843 1888 Β
1872 1813 2064 1881 Apollo
2090 1818 2146 1865 ct
2170 1812 2258 1865 alii
2288 1810 2591 1865 debuerunt
2619 1806 2902 1862 simulacra
2930 1815 2986 1861 et
3016 1804 3156 1871 fana,
3189 1805 3240 1858 in
3271 1803 3471 1873 quibus

194 1922 403 1979 discerni
427 1924 663 1992 amplius
684 1937 789 1977 non
818 1920 1033 1991 poterit.

247 2016 418 2088 Neque
446 2015 666 2085 indigna
699 2023 903 2070 tantum
934 2012 1131 2069 ethnici
1176 2012 1279 2067 diis
1303 2011 1416 2068 suis
1447 2021 1760 2067 ornamenta

190 2108 449 2173 dederunt,
506 2108 601 2163 sed
629 2107 986 2178 quorumdam
1039 2105 1339 2173 hominum,
1392 2115 1553 2176 atque
1596 2104 1759 2159 etiam

189 2201 509 2259 meretricum
566 2200 791 2270 ﬁguram
839 2209 893 2254 et
939 2199 1285 2254 lineamenta.
1345 2198 1426 2252 Ad
1474 2196 1763 2252 Alcibiadis

190 2298 357 2364 quippe
393 2292 571 2348 instar
619 2292 965 2357 Mercurium,
1008 2290 1076 2346 ad
1134 2290 1366 2346 Cratina:
1412 2299 1467 2345 et
1520 2290 1762 2361 Plu-yncs

190 2385 447 2451 Venerem,
487 2384 991 2453 fabricarunt.Qnid
1017 2399 1166 2449 vero,
1196 2384 1338 2454 quod
1364 2382 1580 2437 Phidias
1609 2382 1763 2437 lasci-

189 2478 334 2545 viens,
362 2480 413 2533 in
472 2477 626 2534 Jovis
658 2477 932 2550 Olympici
963 2493 991 2531 a
1021 2492 1080 2532 se
1112 2476 1235 2531 facti
1264 2476 1427 2547 digito
1459 2474 1758 2542 Pautarces,

191 2573 328 2642 pueri
353 2589 380 2626 a
406 2588 465 2627 se
492 2574 683 2640 amati,
714 2587 910 2627 nomen
958 2570 1268 2641 inscripsit?
1298 2571 1378 2625 Eo
1401 2579 1582 2625 autem
1614 2578 1762 2638 pctu-

188 2665 352 2720 lantize
378 2675 533 2738 atque
564 2665 805 2720 audacia:
836 2664 1072 2730 devenit,
1108 2666 1232 2735 quia
1264 2673 1492 2719 noverat
1519 2679 1616 2718 suo
1640 2679 1761 2718 tnu-

187 2775 324 2822 nere,
352 2772 401 2815 et
427 2770 548 2816 arte
575 2775 670 2815 sua
695 2758 883 2814 Jovem
912 2758 981 2813 ab
1012 2756 1320 2813 hominibus
1347 2756 1579 2811 adorari.
1615 2754 1760 2823 Qua-

186 2861 385 2923 propter
411 2853 660 2909 ethnicos
692 2853 940 2907 hortatur
969 2851 1272 2915 Arnobius;
1312 2859 1371 2904 ut
1400 2849 1465 2904 ad
1495 2850 1761 2904 saniorem

186 2953 397 3000 mentem
453 2945 771 3011 redeuntes,
828 2943 1043 2998 tandem
1101 2942 1400 3011 intellgaut
1453 2941 1759 3004 simulacra,

186 3051 286 3106 qum
312 3047 456 3094 tanto
478 3037 690 3094 honore
719 3035 1040 3103 adorabunt,
1071 3050 1195 3091 ossa
1224 3051 1367 3100 esse,
1401 3035 1626 3105 lapides,
1664 3049 1759 3102 ws,

187 3142 461 3199 argentum,
491 3147 710 3196 aurum,
741 3147 805 3185 ac
831 3130 1029 3200 saepius
1058 3130 1397 3194 vilissimatn,
1420 3143 1484 3183 ac
1508 3143 1627 3197 quae
1652 3136 1762 3182 tur-

1867 1906 2196 1969 habitabant,
2226 1904 2295 1960 ab
2336 1902 2585 1959 incendio
2611 1901 2839 1973 aliisque
2879 1898 3094 1955 casibus
3127 1898 3323 1953 intacta
3345 1911 3465 1952 ser-

1865 2016 1994 2056 vare
2010 2001 2032 2054 ’Ξ

1938 2092 2196 2151 Ultimum
2228 2108 2390 2163 porro
2426 2090 2709 2164 gentilium
2751 2089 2819 2144 ad
2865 2088 3145 2145 retinenda
3177 2087 3466 2144 simulacra

1867 2187 2324 2259 propugnaculum
2346 2186 2464 2250 fuit,
2493 2188 2608 2241 hazc
2624 2185 2805 2240 omnia
2833 2185 3084 2255 antiquos
3104 2201 3209 2239 non
3238 2182 3462 2252 fugisse,

1866 2284 1963 2339 sed
2003 2283 2093 2337 illo
2145 2282 2562 2336 simulacrorum
2609 2279 2755 2335 cultu
2813 2278 3121 2348 imperitum
3167 2278 3358 2349 vulgus
3412 2278 3465 2333 in

1865 2374 2051 2432 ofﬁcio
2072 2383 2128 2429 et
2154 2374 2413 2445 religione
2440 2371 2849 2449 continendum.
2884 2370 2990 2427 Sed
3020 2369 3121 2425 hoc
3148 2369 3329 2439 seipso
3357 2368 3467 2424 ruit

1866 2475 1921 2522 ct
1945 2466 2225 2522 evertitur.
2278 2464 2416 2533 Quid
2465 2464 2608 2519 enim
2636 2463 2781 2534 plebi
2817 2461 3157 2533 quantumvis
3201 2461 3466 2531 imperita:

1866 2557 2267 2614 formidandum
2314 2573 2387 2612 ex
2445 2556 2669 2611 deorum
2720 2554 3028 2610 simulacris
3076 2553 3320 2624 spoliatis
3374 2561 3467 2610 aut

1866 2649 2127 2721 direptis?
2153 2649 2290 2718 Quid
2322 2647 2673 2704 metuendum
2697 2664 2760 2703 ex
2791 2646 3008 2703 Saturni
3037 2645 3196 2712 falce,
3231 2645 3349 2701 Jani
3381 2646 3463 2701 bi-

1865 2744 2043 2814 cipitis
2089 2743 2242 2798 clave
2287 2741 2540 2806 dentata,
2585 2739 2737 2796 Jovis
2765 2738 2972 2805 fomite,
3001 2750 3167 2794 caestu
3211 2738 3461 2806 Junonis,

1865 2834 2121 2891 Minervae
2140 2834 2315 2905 galea,
2343 2834 2561 2889 Cereris
2588 2832 2861 2899 mammis,
2894 2841 2950 2888 et
2977 2831 3190 2887 cieteris
3217 2830 3465 2902 hujusce-

1866 2928 2014 2986 modi
2053 2927 2297 2983 ridiculis
2326 2926 2552 2982 deorutn
2599 2924 2940 2996 insignibus?
2967 2924 3103 2993 Quid
3135 2924 3250 2980 hzrc
3278 2935 3332 2981 et
3361 2925 3464 2980 alia

1867 3021 2026 3091 longe
2081 3020 2321 3091 turpiora
2365 3028 2618 3089 poterant
2665 3017 2732 3072 ad
2792 3016 3131 3073 retinendam
3185 3015 3461 3072 hominum

1866 3115 2180 3186 religionem
2226 3113 2514 3169 conferre?
2560 3113 2788 3167 Tantum
2839 3110 3081 3182 profecto
3120 3112 3294 3176 abest,
3330 3122 3386 3166 ut
3411 3110 3466 3166 id

192 3226 403 3297 pissimis
447 3228 642 3283 usibus
671 3226 954 3292 servierat,
985 3224 1284 3279 materiem.
1339 3222 1470 3291 Quis
1517 3222 1658 3277 enim
1705 3222 1757 3276 in

1868 3208 2146 3274 acciderit,
2164 3209 2290 3277 quin
2309 3208 2487 3279 potuis
2510 3206 2760 3263 homines
2775 3205 3111 3277 ttullolegttm
3128 3206 3464 3261 severiorum

192 3320 401 3375 animum
433 3320 659 3376 inducat
686 3330 742 3374 ut
772 3320 930 3373 deum
956 3317 1105 3371 illum
1130 3331 1253 3373 esse
1277 3315 1568 3382 existimet,
1595 3330 1755 3387 quem

185 3408 281 3481 ipse
304 3428 362 3467 ex
393 3412 567 3467 haece
593 3412 816 3467 materia
849 3409 1148 3467 fabricavit.

244 3502 389 3574 Urget
410 3492 691 3560 A'rnobius
714 3505 989 3560 neminem
1017 3518 1140 3559 esse
1169 3503 1240 3557 ita
1269 3503 1519 3558 insanum
1552 3503 1640 3572 qui
1675 3504 1754 3558 si-

184 3595 381 3651 mulacri
428 3596 666 3667 alicujus
714 3604 898 3667 partes
928 3596 1217 3666 separatim
1259 3594 1462 3666 positas
1506 3595 1669 3661 colat,
1699 3603 1756 3651 et

184 3690 369 3746 adoret.
393 3692 504 3747 Cur
520 3707 653 3764 ergo
677 3691 883 3747 ethnici
914 3691 1036 3747 illas
1057 3692 1215 3746 simul
1246 3692 1565 3760 conjunctas
1587 3705 1755 3745 vene-

179 3785 448 3843 rabantur?
497 3787 616 3843 Non
649 3787 907 3858 majorem
956 3798 1105 3843 certe
1130 3788 1451 3855 conjunctaz,
1482 3803 1640 3858 quam
1667 3786 1752 3843 di-

180 3881 321 3945 visre,
349 3881 449 3936 vim
471 3881 709 3936 divinam
738 3881 956 3938 habent.
982 3880 1101 3938 Huc
1116 3880 1325 3937 accedit
1363 3880 1506 3951 quod
1554 3882 1598 3935 si
1631 3881 1752 3953 quis

185 3970 228 4026 in
261 3973 553 4045 Olympiaci
589 3973 759 4035 Jovis.
816 3984 907 4027 aut
938 3973 1162 4029 alterius
1208 3974 1483 4030 simulacri
1536 3975 1752 4029 intimas

186 4075 343 4134 partes
371 4067 660 4134 introierit,
682 4067 809 4137 quid
844 4076 1039 4137 praeter
1068 4067 1314 4133 laminas,
1344 4067 1427 4122 vel
1451 4066 1579 4137 ligni
1610 4068 1752 4121 saxi—

184 4172 269 4227 que
310 4170 509 4228 partes,
564 4160 783 4230 plumbo
827 4157 1053 4226 suﬁ'uso,
1087 4169 1177 4214 aut
1222 4159 1458 4225 catenis,
1493 4161 1665 4227 nucis,
1699 4169 1780 4237 et,

185 4251 359 4306 ansulis
374 4267 494 4307 com
504 4261 709 4323 pactas,
729 4263 780 4307 et
800 4262 1205 4323 coagmentatas
1219 4253 1544 4321 conspiciet?
1560 4252 1752 4309 Nonne

185 4341 353 4399 videbit
377 4355 562 4416 caput,
590 4354 855 4411 ventrem,
879 4346 1122 4416 aliasque
1152 4357 1330 4416 partes
1354 4346 1500 4402 intus
1528 4362 1746 4414 vacuas,

185 4433 359 4504 inanes,
400 4450 567 4511 atque
607 4439 991 4508 imperfectas?
1040 4440 1145 4496 Sed
1184 4456 1245 4495 ea
1294 4456 1521 4497 cernere
1564 4442 1608 4497 si
1641 4458 1748 4497 non

188 4525 333 4597 liceat,
366 4546 550 4586 nonne
576 4531 754 4587 cernit
778 4543 960 4602 partes
987 4531 1263 4588 simulacri
1285 4544 1539 4591 externas
1560 4535 1748 4593 nidore

1864 3311 2036 3365 metu,
2084 3317 2185 3356 nec
2233 3301 2358 3356 ullis
2419 3300 2697 3372 suppliciis
2739 3316 2769 3355 a
2810 3299 3109 3356 sceleribus
3150 3310 3205 3353 et
3249 3298 3465 3370 ﬂagitiis

1860 3394 2137 3464 potuerint
2168 3392 2452 3449 'hactenus
2478 3385 2742 3450 cohiberi.
2776 3392 3061 3448 Postremo
3093 3391 3368 3447 Arnobius
3398 3390 3465 3447 de

1863 3486 2152 3544 sacrificiis
2176 3485 2434 3558 deinceps
2459 3486 2726 3558 agendum
2743 3484 3031 3557 signiﬁcat,
3062 3495 3117 3542 et
3144 3484 3281 3541 libro
3300 3484 3462 3542 finem

1858 3578 2108 3650 imponit.

2460 3732 2750 3774 ARTICULUS
2779 3733 2873 3773 νιι.

2351 3850 2576 3915 Analysis
2599 3849 2711 3901 libri
2736 3854 2955 3915 septimi.

1929 3974 2164 4031 Primum
2206 3974 2383 4031 hocin
2412 3977 2550 4033 lihro
2594 3977 2863 4033 Arnobius
2907 3978 3168 4035 Varronis
3207 3980 3443 4035 auctori-

1859 4076 1988 4129 tate,
2020 4083 2084 4122 ac
2132 4066 2330 4124 deinde
2377 4069 2587 4124 ratione
2633 4070 2827 4140 probat
2858 4069 2999 4124 nulla
3055 4070 3159 4126 diis
3211 4071 3453 4129 facienda

1855 4175 1977 4217 esse
2022 4162 2308 4218 sacriﬁcia.
2359 4162 2438 4217 Dii
2486 4163 2684 4233 quippe
2725 4163 2840 4218 sive
2886 4163 2999 4218 veri
3030 4162 3300 4232 dicantur,
3343 4166 3455 4221 sive

1854 4267 2114 4325 corporea
2163 4256 2387 4310 materia
2415 4257 2722 4325 compositi,
2762 4257 2877 4312 sive
2904 4256 3181 4313 hominum
3211 4274 3372 4314 manu
3400 4269 3457 4316 ct

1852 4359 1968 4406 arte
1999 4350 2146 4417 facti,
2182 4351 2326 4406 nulla
2367 4351 2632 4407 sacriﬁcia
2670 4351 3008 4409 desiderant.
3040 4353 3165 4410 Veri
3214 4355 3357 4410 enim
3406 4355 3453 4410 si

1852 4443 1942 4510 qui
1968 4442 2072 4498 sint
2100 4487 2113 4511 ,
2148 4445 2279 4499 tales
2324 4460 2447 4501 esse
2474 4445 2695 4512 debent,
2729 4446 2943 4517 qualem
2974 4447 3255 4505 christiani
3291 4447 3449 4505 adse~

1852 4546 1982 4589 runt
2001 4550 2123 4592 esse
2155 4552 2337 4593 rerum
2382 4541 2622 4594 omnium
2652 4538 2958 4609 dominum,
2993 4543 3445 4615 omnipotentem,

185 4622 378 4679 etfumo
406 4624 737 4688 decolorari,
765 4627 897 4691 situ,
924 4625 1191 4697 rubigine,
1218 4643 1281 4683 ac
1326 4630 1628 4698 putredine,
1659 4642 1749 4687 aut
1775 4635 1829 4695 ])
1852 4634 2013 4696 atque
2062 4628 2359 4700 ingenitum
2412 4630 2601 4686 Deum.
2634 4631 2735 4700 Qui
2768 4649 2897 4689 vero
2938 4636 3073 4692 tales
3122 4647 3283 4702 sunt,
3318 4637 3450 4693 nihil

184 4710 498 4772 diuturnitate
530 4732 784 4771 corruere
803 4759 818 4783 ,
849 4726 1009 4787 atque
1035 4735 1062 4772 a
1106 4719 1366 4784 muribus,
1399 4720 1601 4787 blattis,
1629 4738 1748 4777 ara-

187 4806 280 4860 neis
302 4818 355 4863 et
382 4810 788 4879 hirundinibus,
829 4810 1060 4883 aliisque
1104 4813 1441 4870 auimalculis
1469 4816 1656 4873 fcedcri
1684 4833 1749 4874 ac

184 4897 487 4968 coinquinari
508 4904 533 4955 ?

240 4989 403 5059 Erras,
431 4994 749 5066 inquiebant
785 4996 1009 5054 ethnici.
1042 4998 1154 5053 Non
1189 4998 1598 5056 simulacrorum
1633 5019 1745 5057 tua.

186 5083 365 5151 teriam,
397 5087 497 5143 sed
537 5088 748 5145 deosin
777 5091 1106 5164 simulacris,
1154 5105 1276 5162 post
1300 5109 1510 5150 sacram
1558 5110 1745 5150 eorum

183 5172 550 5237 dedicationem
593 5182 931 5251 habitantes,
973 5186 1222 5241 colimus.
1269 5186 1339 5241 At
1380 5203 1477 5243 vos
1508 5189 1629 5258 ipsi,
1659 5206 1747 5244 re-

185 5275 308 5337 ponit
341 5277 614 5332 Arnobius
633 5320 649 5342 ,
679 5279 913 5349 gentiles
942 5289 1050 5336 tota
1076 5282 1270 5337 erratis
1310 5281 1412 5336 via.
1446 5283 1546 5339 Cui
1574 5284 1747 5339 enim-

186 5376 290 5420 vero
315 5371 572 5426 credibile
599 5372 692 5433 iiet
721 5372 854 5428 deos
876 5414 891 5437 ,
922 5374 1235 5430 ccelestibus
1263 5374 1461 5431 relictis
1490 5375 1707 5431 sedibus
1730 5419 1746 5445 ,

187 5456 228 5510 in
251 5461 545 5519 simulacris
588 5465 865 5533 habitare,
899 5477 1057 5540 atque
1094 5469 1271 5538 aliqua
1302 5484 1488 5525 eorum
1534 5471 1749 5527 dedica-

187 5548 305 5609 tione
341 5556 406 5610 ad
448 5572 514 5611 ea
562 5558 908 5615 inhabitanda
948 5561 1237 5631 compelli?
1266 5561 1469 5617 Deinde
1500 5564 1543 5618 si
1584 5564 1638 5618 in
1667 5564 1749 5620 eis

184 5655 371 5715 semper
410 5659 698 5718 maneant,
741 5651 873 5706 nihil
904 5650 1003 5708 hac
1032 5652 1361 5709 habitatione
1388 5655 1661 5712 miserius.
1690 5657 1748 5712 Si

183 5736 239 5791 ab
259 5739 331 5796 eis
391 5743 680 5813 aliquando
738 5744 1029 5811 recedant,
1089 5746 1352 5802 incertum
1415 5748 1598 5819 utique
1647 5749 1750 5805 erit

182 5834 369 5908 quando
425 5837 711 5895 simulacra
761 5839 975 5897 adorari
1029 5840 1282 5898 debeant.
1334 5842 1444 5900 Sed
1493 5844 1743 5916 agedum.

1853 4722 2065 4793 penitus
2094 4738 2159 4778 ex
2192 4732 2408 4780 terrena
2454 4728 2674 4783 materia
2705 4728 2996 4798 accipiunt,
3027 4746 3136 4798 quo
3173 4740 3268 4786 aut
3295 4732 3448 4787 alauo

1851 4826 1958 4881 tur,
1988 4827 2079 4870 aut
2122 4816 2480 4874 delectentur.
2521 4819 2676 4875 Nulla
2729 4820 2889 4891 igitur
2918 4822 3303 4879 sacriﬁciorum
3345 4824 3449 4879 diis

1850 4908 2214 4965 faciendorum
2232 4926 2390 4967 causa
2416 4921 2595 4982 potest
2619 4911 2837 4967 adferri.
2868 4912 2982 4968 Non
3011 4914 3152 4968 enim
3176 4914 3260 4970 his
3282 4914 3449 4969 sacri-

1851 5003 1987 5058 ﬁciis
2014 5005 2353 5070 nutriuntur;
2416 5004 2849 5075 quandoquidem
2903 5006 3161 5077 quidquid
3218 5008 3448 5063 nutritur

1850 5096 2079 5152 mortale
2107 5105 2207 5153 est.
2241 5096 2378 5165 Quid
2417 5112 2578 5164 vero,
2611 5096 2756 5168 quod
2786 5112 2850 5152 ex
2884 5097 2997 5166 his,
3045 5114 3164 5170 quae
3190 5100 3447 5157 altaribus

1850 5188 2226 5257 admoventur,
2251 5189 2383 5244 nihil
2413 5189 2484 5245 ad
2511 5190 2643 5246 deos
2670 5190 2948 5261 pervenit?

1927 5282 2045 5339 Non
2080 5282 2371 5355 voluptatis
2399 5283 2563 5339 etiam
2591 5299 2756 5340 causa
2786 5284 2892 5341 diis
2916 5284 3109 5341 hostia:
3145 5284 3444 5342 caeduntur.

1853 5376 2092 5432 Mortalis
2121 5376 2388 5448 siquidem
2418 5377 2592 5433 adhuc
2608 5388 2711 5446 est,
2742 5380 2833 5451 qui
2862 5378 3166 5450 hujusntodi
3198 5378 3447 5436 adﬁcitur

1851 5470 2231 5527 delectatione.
2286 5472 2417 5539 Quae
2461 5488 2592 5528 vero
2643 5473 2695 5528 in
2739 5473 3080 5530 innoxiorum
3131 5474 3443 5531 animalium

1852 5562 2208 5629 mactatione,
2252 5578 2283 5618 a
2309 5578 2412 5634 qua
2457 5566 2619 5621 etiam
2672 5565 2890 5620 homine
2932 5580 3076 5636 saepe
3124 5565 3439 5632 abhorrent,

1850 5663 2027 5727 potest
2047 5655 2147 5713 dits
2176 5672 2296 5714 esse
2319 5658 2606 5728 voluptatis
2636 5658 2928 5714 illecebra?

1926 5750 2208 5820 Popularis
2220 5753 2440 5824 quidem
2462 5768 2528 5809 ac
2550 5752 2787 5824 vulgaris
2808 5752 2996 5823 Opinio
3015 5760 3136 5809 erat
3162 5751 3444 5810 sacriﬁciis

1853 5844 2080 5902 deorum
2114 5846 2246 5906 iram
2279 5848 2500 5920 placari.
2535 5846 2640 5904 Sed
2670 5846 2767 5901 irtc
2799 5854 3005 5914 motus,
3033 5845 3140 5903 diis
3170 5847 3441 5920 indignus,
