4158 6264
646 274 752 355 ssi

1851 290 2302 361 DISSEBTATIO
2318 288 2325 292 ’
2339 292 2618 361 PRxEVIA

3834 300 3935 359 588

647 413 698 466 in
754 409 1110 467 immortalem
1154 410 1393 466 animum
1441 410 1639 468 cadere
1683 427 1790 468 non
1836 422 2037 484 potest.
2072 414 2506 479 DeturAaltera
2554 417 2709 472 alteri
2757 418 2934 474 hostia
2980 419 3629 492 immolatur?Numqnid
3659 436 3762 477 una
3813 423 3935 477 huic

648 517 825 563 tamen
866 504 997 560 deos
1029 505 1304 573 iracundia
1342 507 1598 576 percelli,
1645 507 1755 563 illis
1791 524 1922 563 sane
1958 524 2065 564 non
2116 518 2241 564 ante

644 608 967 669 occupatum
1014 598 1286 653 iracundia
1327 600 1568 654 animum
1616 600 1957 656 immolanda:
1987 609 2115 656 sunt
2144 599 2242 655 ho-

644 691 779 746 sliat.
810 691 927 748 Non
972 692 1116 757 enim
1151 694 1259 751 illis
1290 694 1431 750 sicut
1457 692 1588 750 feris
1611 695 1877 752 etbelluis
1906 694 2026 751 oﬁie
2056 705 2111 751 et
2131 696 2239 751 cibi

645 782 928 851 nll'erendi,
959 800 1027 840 ne
1059 800 1246 840 eorum
1282 785 1358 840 ira
1392 784 1653 859 furorque
1694 787 2018 843 concitetur.
2052 787 2241 859 Neque

643 877 804 933 etiam
847 889 1131 948 postquam
1168 888 1386 950 propter
1416 878 1891 945 homunculorum.
1921 883 1964 935 si
1998 880 2113 936 ﬁeri
2144 897 2241 952 po-

644 980 781 1039 test,
815 972 1168 1030 oﬁ'ensionem
1201 975 1279 1029 ira
1312 974 1692 1033 incenduntur.
1721 974 1854 1032 Nam
1880 987 2237 1047 praeterquam

643 1065 786 1136 quod
816 1065 952 1121 nihil
981 1082 1044 1122 ea
1072 1067 1140 1122 de
1170 1083 1228 1122 re
1266 1067 1339 1122 dii
1391 1084 1643 1138 umquam
1675 1078 2011 1133 statuerunt,
2041 1068 2237 1123 nemini

646 1158 961 1228 probabitur
990 1144 1087 1215 eos
1116 1168 1347 1216 mactata
1374 1172 1428 1216 et
1454 1160 1633 1216 oblata
1670 1161 1849 1232 aliqua
1889 1159 2117 1232 pecude,
2146 1159 2241 1215 adt

646 1251 780 1305 iram
812 1265 1036 1321 ponere,
1076 1262 1168 1305 aut
1209 1251 1524 1322 injuriarum
1575 1266 1796 1307 suarum
1828 1253 2071 1310 oblivisci
2105 1268 2121 1308 :
2150 1261 2242 1308 aut

646 1343 730 1398 his
755 1345 1054 1409 sacriﬁciis,
1087 1354 1355 1414 tamquam
1381 1354 1532 1415 pacta
1557 1344 1806 1401 mercede
1831 1345 1961 1401 dare
1992 1354 2239 1416 peccato-

646 1457 763 1494 rum
807 1442 861 1494 in
908 1456 967 1501 se
1014 1442 1428 1497 commissorum
1479 1442 1715 1497 veniam.
1762 1442 2045 1499 Cresceret
2096 1444 2238 1499 enim

646 1534 934 1591 multitudo
984 1537 1321 1606 peccantium
1361 1535 1664 1604 hominum,
1694 1536 1737 1591 si
1767 1538 1846 1592 sic
1866 1536 2075 1593 venalis
2098 1545 2243 1592 esset

646 1628 871 1685 deorum
900 1630 1295 1699 ignoscentium
1325 1630 1519 1702 gratia.
1565 1629 1682 1685 Huc
1708 1631 1936 1698 accedit,
1968 1629 2113 1700 quod
2144 1629 2243 1685 ini-

647 1738 810 1793 quum
840 1721 1048 1778 videtur
1075 1724 1340 1780 innocens
1386 1723 1584 1779 animal
1627 1739 1723 1795 pro
1753 1725 1971 1781 homine
2000 1724 2161 1780 noxio
2188 1733 2244 1780 et

650 1828 933 1887 peccatore
958 1818 1153 1883 occidi,

720 1909 829 1965 Nec
857 1923 938 1966 est
959 1921 1129 1975 certe,
1161 1910 1304 1981 quod
1333 1910 1454 1982 quis
1483 1920 1672 1981 arguat
1695 1911 1899 1966 hostias
1920 1911 2023 1966 diis
2053 1911 2243 1966 immo-

649 2002 767 2066 lari;
788 2011 842 2056 ut
860 2018 948 2058 res
971 2003 1207 2055 tribuant
1226 2016 1535 2073 prosperas,
1556 2014 1611 2058 et
1628 2002 1882 2058 adversas
1906 2015 2242 2059 removeant.

650 2096 783 2151 Nam
829 2106 1187 2168 praeterquam
1238 2095 1381 2167 quod
1455 2097 1753 2156 doctissimi
1806 2098 1945 2157 inter
2001 2098 2246 2154 ethnicos

651 2190 956 2262 philosophi
1009 2190 1118 2246 lato
1175 2192 1355 2245 omnia
1416 2189 1531 2246 ﬁeri
1595 2191 2036 2261 arbitrabantur,
2091 2202 2246 2249 certe

650 2286 694 2337 si
752 2300 917 2355 penes
962 2283 1096 2339 deos
1141 2285 1212 2339 sit
1261 2284 1495 2339 secunda
1550 2294 1606 2340 et
1652 2286 1879 2341 adversa
1939 2286 2248 2342 hominibus

654 2377 905 2444 tribuere,
940 2390 1038 2431 cur
1069 2386 1176 2431 tam
1206 2376 1417 2447 ingrato
1456 2376 1638 2432 animo
1668 2378 1851 2433 sinunt
1898 2377 2161 2448 plurimos
2184 2391 2248 2432 ac

653 2470 765 2525 fere
796 2469 1123 2537 innumeros,
1156 2468 1247 2540 qui
1288 2469 1561 2540 perpetuis
1604 2469 1885 2525 sacriﬁciis
1926 2478 1983 2525 et
2018 2470 2249 2524 victimis

652 2577 774 2616 aras
800 2561 1018 2625 illorum
1046 2569 1295 2626 onerant,
1330 2560 1396 2615 ad
1424 2570 1698 2617 extremas
1724 2562 2001 2633 angustias
2028 2561 2200 2631 redigi
2224 2559 2248 2612 Ί

654 2652 858 2708 Deinde
902 2667 1032 2707 vero
1060 2651 1206 2707 dictu
1235 2650 1530 2707 absurdum
1560 2662 1646 2708 est
1681 2652 1814 2708 deos
1857 2652 2246 2714 sacriﬁciorum

653 2746 827 2816 pretio
859 2744 1120 2801 beneﬁcia
1153 2760 1249 2799 sua
1293 2744 1549 2800 vendere.
1586 2745 1743 2801 Dives
1781 2745 1923 2801 enim
1955 2745 2047 2816 qui
2076 2745 2248 2815 pluri-

654 2854 770 2894 tnas
815 2846 1079 2899 mactaret
1104 2836 1329 2905 hostias,
1365 2838 1516 2908 plura
1546 2836 1768 2894 deberet
1795 2853 1825 2892 a
1854 2838 1958 2893 diis
1990 2836 2249 2893 beneﬁcia

652 2933 938 3003 accipere,
982 2931 1131 2989 nulla
1184 2947 1313 2986 vero
1361 2940 1456 2986 aut
1495 2931 1819 3001 paucissima
1870 2945 2114 3002 pauper,
2161 2929 2252 3000 qui

653 3025 902 3094 exiguum
936 3023 1061 3078 thus
1087 3021 1327 3077 oﬁ'erret.
1358 3021 1630 3077 Praeterea
1656 3022 1700 3076 si
1729 3019 1836 3076 duo
1867 3021 2075 3092 populi,
2104 3020 2251 3081 bello

653 3116 1014 3182 decertantes,
1052 3114 1242 3171 eadem
1283 3115 1495 3185 penitus
1540 3114 1643 3169 diis
1684 3114 1926 3169 facerent
1964 3114 2248 3181 sacriﬁcia,

2342 520 2499 578 grata
2530 518 2642 573 est,
2671 511 2776 565 alia
2804 510 2961 566 alteri
2993 506 3450 581 injucunda?Cur
3478 514 3602 569 huic
3632 529 3828 581 mares,
3860 514 3934 569 illi

2344 603 2558 671 feminae
2588 604 2980 672 sacriﬁcantur,
3011 622 3134 662 cum
3162 607 3309 662 nulla
3337 608 3408 663 sit
3435 609 3488 663 in
3526 607 3631 663 diis
3657 622 3822 663 sexus
3854 606 3937 663 di-

2344 695 2563 750 stinctio
2583 694 2606 749 ?
2621 694 2730 751 Cur
2742 695 2849 754 diis
2868 698 3081 767 superis
3097 697 3227 763 albi,
3248 696 3434 754 inferis
3450 714 3578 759 vero
3608 699 3713 755 atri
3739 699 3936 756 coloris

2344 787 2559 842 victima
2608 788 2872 844 creditur?
2912 789 3185 864 Numquid
3225 806 3363 846 unus
3404 791 3555 846 color
3598 791 3702 848 diis
3741 795 3935 863 magis,

2343 895 2502 952 quam
2524 882 2663 937 alius
2688 894 2872 954 gratus
2908 900 3031 940 esse
3064 885 3303 955 postest?
3341 886 3479 954 Quid
3510 901 3659 952 vero,
3691 886 3834 956 quod
3860 887 3937 941 dii

2344 971 2519 1040 inferi,
2577 976 3029 1045 quemadmodum
3074 980 3296 1045 Manes,
3338 978 3472 1033 nulli
3519 979 3677 1034 sunt?
3703 978 3811 1035 Sed
3839 994 3937 1036 eos

2343 1080 2463 1123 esse
2488 1068 2849 1125 concedamus
2884 1085 2898 1124 :
2925 1071 2968 1126 si
3000 1070 3191 1126 hostiae
3221 1071 3388 1142 nigra:
3409 1071 3517 1126 illis
3546 1072 3811 1142 placeant,
3839 1089 3940 1129 cur

2343 1158 2655 1219 earumdem
2703 1160 3000 1218 hostiarum
3027 1162 3243 1231 dentes,
3290 1179 3436 1229 ossa,
3466 1179 3614 1231 caro,
3655 1181 3751 1221 cur
3789 1166 3936 1232 thus,

2343 1248 2445 1312 lac.
2471 1252 2673 1319 oleum,
2722 1264 2777 1311 et
2818 1255 2919 1315 alia
2947 1296 2963 1315 .
2988 1271 3109 1326 quae
3138 1256 3240 1313 atri
3270 1272 3376 1313 non
3404 1265 3530 1313 sunt
3558 1258 3774 1322 coloris,
3808 1259 3941 1329 ipsis

2343 1344 2678 1403 oﬁeruutur?
2707 1348 2817 1404 Nec
2844 1349 2958 1405 vult
2985 1350 3255 1432 prnobius
3283 1351 3385 1407 sibi
3419 1352 3730 1423 responderi
3757 1354 3944 1425 aliqua

2345 1443 2736 1501 consuetudine
2775 1444 3006 1501 diversis
3045 1444 3150 1502 diis
3189 1444 3431 1503 diversas
3466 1447 3707 1503 victimas
3730 1447 3949 1503 sacriﬁ-

2347 1532 2478 1588 cari.
2511 1533 2628 1591 Non
2655 1535 2799 1593 enim
2819 1537 3109 1608 inquiritur
3125 1546 3305 1605 utrum
3334 1538 3605 1605 homines,
3635 1540 3731 1597 sed
3755 1549 3947 1596 utrum

2347 1625 2421 1681 dii
2443 1628 2774 1687 sanciverint
2795 1629 3028 1700 aliquam
3054 1629 3291 1693 hostiam
3322 1631 3415 1686 uni
3436 1630 3541 1687 deo
3556 1632 3747 1702 magis,
3779 1647 3948 1703 quam

2348 1720 2505 1776 alteri
2562 1721 2874 1789 convenire,
2930 1731 2984 1777 et
3027 1731 3207 1779 utrum
3258 1722 3477 1794 ipsimet
3525 1723 3603 1779 illi
3642 1723 3716 1779 dii
3785 1732 3950 1795 pacto

2273 1820 2321 1881 Β
2349 1828 2413 1868 ac
2454 1823 2723 1871 convento
2759 1813 3112 1871 sacriﬁcanda
3156 1817 3406 1873 animalia
3456 1817 3601 1873 inter
3646 1828 3709 1873 se
3744 1814 3957 1874 divise-

2352 1908 2485 1963 rint.

2424 2001 2690 2057 l’rmterea
2717 2016 2825 2072 quo
2844 2001 2968 2072 jure
2996 2001 3192 2057 dicitur
3218 2001 3420 2057 Telluri
3463 2003 3621 2058 matri
3656 2002 3953 2074 soropham

2349 2092 2621 2163 gravidam
2646 2135 2661 2157 ,
2692 2093 2943 2149 Minerva:
2970 2094 3164 2165 virgini
3196 2094 3463 2165 virginem
3496 2095 3720 2151 vitulam
3747 2111 3954 2153 conve-

2353 2184 2469 2239 nire
2515 2184 2702 2240 eadem
2758 2185 2971 2241 ratione
3020 2184 3339 2241 conﬁcietur
3368 2185 3631 2255 ,_mus_icos
3686 2187 3956 2258 Apollini,

2350 2273 2658 2345 Esculapio
2677 2275 2938 2340 medicos,
2969 2275 3153 2331 fabros
3179 2275 3443 2343 Vulcano,
3462 2285 3520 2333 et
3540 2276 3809 2334 Mercurio
3828 2278 3959 2336 elo-

2351 2376 2578 2438 quentes
2607 2368 2752 2425 viros
2777 2383 3101 2441 congruere,
3135 2379 3298 2441 atque
3342 2370 3466 2428 ideo
3512 2370 3610 2427 hos
3641 2370 3779 2438 illis,
3809 2372 3959 2429 sicut

2352 2461 2637 2533 scrophatn
2668 2462 2893 2531 Telluri,
2925 2473 2979 2527 et
3016 2463 3273 2533 Minerva;
3297 2465 3540 2535 vitulam,
3573 2466 3955 2523 immolandos.

2424 2555 2766 2626 Objiciebant
2799 2570 2931 2611 vero
2954 2554 3154 2613 ethnici
3195 2556 3298 2613 diis
3325 2558 3501 2622 bonis,
3535 2567 3592 2612 ut
3625 2560 3866 2628 prosint.
3900 2568 3961 2615 et

2353 2649 2510 2707 malis
2538 2665 2604 2706 ne
2621 2658 2873 2716 noceant,
2895 2649 3329 2719 sacriﬁcandum.
3351 2649 3665 2721 Respondet
3679 2650 3959 2707 Arnobius

2353 2743 2488 2809 deos
2522 2760 2709 2800 omnes
2739 2752 2926 2801 natura
2975 2758 3070 2798 sua
3098 2743 3274 2800 bonos
3305 2758 3427 2799 esse
3454 2743 3676 2800 debere.
3703 2743 3960 2814 Quapro-

2356 2846 2472 2906 pter
2496 2852 2618 2893 cum
2667 2836 2847 2892 nullus
2883 2836 3017 2892 deus
3060 2847 3250 2893 natura
3280 2852 3375 2892 sua
3405 2837 3473 2892 sit
3506 2838 3700 2906 malus,
3737 2838 3962 2895 etiamsi

2355 2927 2502 2985 nullo
2531 2926 2737 2984 honore
2775 2928 2844 2995 ab
2886 2927 3196 2984 hominibus
3242 2927 3550 2997 adﬁciatur,
3594 2929 3736 2985 male
3763 2940 3964 2987 tamen

2354 3023 2464 3087 illis
2492 3022 2696 3078 idcirco
2728 3022 2906 3078 facere
2935 3030 3028 3076 aut
3060 3036 3260 3089 nocere
3298 3022 3562 3093 nequibit.
3607 3023 3723 3079 Huc
3772 3033 3961 3080 autem

2354 3115 2584 3182 accedit,
2609 3114 2752 3187 quod
2783 3115 2828 3171 si
2861 3129 2985 3172 vera
3014 3115 3083 3169 sit
3122 3115 3239 3172 haec
3267 3116 3607 3172 ethnicorum
3638 3117 3841 3188 opinio,
3881 3132 3956 3173 ex

654 3210 829 3265 neutri
855 3225 1072 3276 eorum,
1103 3224 1204 3267 nec
1252 3209 1412 3265 etiam
1447 3208 1609 3265 alicui
1637 3209 1755 3265 sine
1783 3207 2044 3281 injustitia
2090 3223 2248 3281 opem
2278 3219 2325 3285 ί]
2354 3225 2418 3265 ea
2465 3211 2711 3281 sequitur
2746 3210 2947 3279 bonum
2993 3209 3176 3270 deum.
3211 3210 3257 3265 si
3299 3210 3481 3267 debita
3523 3210 3603 3266 illi
3633 3211 3810 3268 bestia
3844 3226 3958 3267 non

655 3303 799 3359 ferre
824 3314 1066 3374 possent.

728 3398 911 3468 Neque
940 3398 1135 3468 potiori
1177 3397 1387 3452 ratione
1414 3396 1685 3453 adseritur
1707 3395 1970 3451 sacriﬁcia
2011 3395 2118 3453 diis
2146 3395 2244 3450 ho-

656 3491 836 3557 noris,
885 3499 1048 3559 atque
1094 3489 1486 3560 ampliﬁcandae
1527 3490 1743 3551 illorum
1782 3488 2035 3559 potentia:
2076 3490 2248 3559 gratia

654 3588 793 3642 ﬁeri.
824 3585 1019 3655 Quian
1048 3587 1189 3641 enim
1232 3584 1372 3641 idem
1412 3584 1478 3639 de
1523 3584 1737 3639 caeteris
1778 3582 2053 3637 hominum
2083 3582 2249 3639 actio-

654 3682 810 3736 nibus
838 3679 1082 3735 dicatur?
1110 3678 1245 3748 Quid
1276 3678 1517 3750 insuper,
1548 3676 1693 3765 quod
1723 3676 1943 3732 honoris
1966 3685 2022 3731 et
2044 3685 2235 3745 poten-

657 3776 745 3828 tite
775 3772 1123 3843 ampliﬁcatio
1165 3772 1431 3835 homines,
1470 3782 1527 3827 ut
1558 3781 1681 3841 pote
1707 3770 1949 3826 inﬁrmos
1987 3779 2043 3826 et
2075 3770 2249 3825 ambi-

658 3867 847 3934 tiosos,
879 3882 985 3922 non
1013 3881 1143 3920 vero
1172 3864 1306 3920 deos
1336 3865 1590 3936 spectat?

728 3959 949 4034 Fatetur
977 3968 1156 4028 tamen
1181 3958 1453 4027 Arnobius
1484 3957 1748 4029 ponerem
1784 3956 2093 4025 habendum
2126 3972 2253 4021 vero

659 4055 769 4123 Deo
789 4095 804 4121 ,
836 4053 928 4125 qui
956 4053 1093 4125 sient
1123 4053 1199 4110 ira
1228 4066 1333 4121 non
1380 4049 1645 4117 ardescit,
1680 4052 1752 4113 ita
1783 4066 1883 4109 nec
1923 4050 2121 4117 collato
2150 4049 2252 4105 ho-

658 4164 792 4219 nore
837 4145 1057 4219 gaudet,
1091 4160 1191 4201 nec
1234 4155 1429 4215 negato
1470 4143 1800 4214 indignatur,
1856 4158 2031 4213 neque
2065 4142 2255 4207 alienis

658 4239 1051 4309 adulationibus
1080 4254 1139 4307 se
1164 4238 1424 4309 majorem
1455 4237 1573 4303 ﬁeri
1607 4236 1897 4303 existimat.
1941 4234 2094 4299 Adde
2125 4249 2256 4297 vero

661 4334 795 4405 nihil
828 4334 1054 4391 honoris
1093 4332 1195 4407 diis
1223 4330 1487 4388 accedere
1530 4346 1601 4386 ex
1626 4329 1875 4397 mactatis
1912 4327 2254 4397 animalibus,

661 4443 887 4499 quorum
907 4425 1055 4497 fumo
1075 4425 1385 4497 simulacra,
1408 4439 1471 4479 ac
1499 4422 1761 4495 sanguine
1777 4431 1831 4479 et
1847 4432 2038 4494 putore
2059 4420 2255 4492 templa

658 4531 820 4593 atque
843 4520 1030 4585 altaria
1058 4518 1492 4591 coinquinantur.

2352 3315 2637 3372 mactetur,
2685 3306 2800 3361 ﬁeri
2828 3306 3052 3371 malum,
3083 3306 3243 3362 deum
3288 3321 3419 3362 vero
3447 3308 3671 3373 malum,
3705 3306 3846 3363 facto
3870 3323 3962 3363 sa-

2350 3400 2553 3456 criﬁcio
2597 3399 2794 3455 bonum
2828 3400 2965 3455 ﬁeri.
2998 3399 3129 3467 Quis
3167 3409 3350 3456 autem
3378 3414 3524 3456 sanae
3554 3401 3754 3456 mentis
3784 3399 3957 3456 homo

2351 3493 2547 3549 dixerit
2569 3503 2817 3549 naturam
2848 3492 2943 3547 Dei
2970 3493 3208 3547 mutari?

2423 3584 2689 3642 Caeterum
2711 3585 2956 3656 quamvis
2992 3584 3071 3641 las
3104 3584 3217 3651 ﬁeri
3247 3595 3429 3656 posset
3469 3596 3527 3641 ut
3565 3585 3705 3641 tauri
3742 3583 3963 3658 aliaque

2352 3679 2602 3734 animalia
2634 3678 2738 3734 diis
2760 3679 3191 3746 immolarentur,
3210 3680 3335 3750 quid
3363 3680 3443 3735 eis
3467 3680 3773 3736 conducere
3796 3678 3947 3734 vale-

2354 3772 2485 3827 bant
2512 3771 2793 3839 innutnera
2826 3770 3185 3838 farciminum,
3220 3770 3468 3843 pultium,
3498 3773 3755 3841 liberum,
3783 3782 3843 3829 et
3864 3773 3965 3828 fri-

2355 3865 2591 3923 tillarum
2625 3880 2847 3937 genera,
2879 3864 2948 3923 ab
2989 3874 3211 3923 auctore
3256 3875 3442 3923 nostro
3470 3876 3807 3931 enumerata,
3834 3882 3964 3937 quae

2356 3958 2409 4015 in
2445 3958 2783 4017 ethnicorum
2835 3959 3108 4030 mysteriis
3152 3974 3215 4015 ac
3258 3959 3541 4016 sacriﬁciis
3581 3959 3906 4027 adhibentur
3932 3960 3962 4016 ἲ

2357 4049 2622 4121 Numquid
2648 4066 2710 4109 ea
2739 4052 2941 4119 omnia,
2970 4066 3090 4121 quae
3117 4051 3364 4109 obscuris
3391 4050 3734 4121 nominibus,
3763 4062 3819 4107 ut
3847 4067 3953 4107 au-

2356 4148 2595 4216 gustiora
2626 4143 2824 4209 forent.
2855 4145 3214 4216 appellantur,
3246 4146 3471 4202 deorum
3500 4148 3678 4218 palato
3702 4157 3876 4219 grata,
3903 4158 3968 4205 et

2360 4242 2633 4314 languenti
2665 4242 2946 4301 stomacho
2984 4243 3134 4297 utilia
3174 4245 3337 4299 sunt?
3362 4244 3473 4300 Cur
3499 4245 3586 4299 illa
3618 4244 3706 4300 vel
3730 4261 3964 4317 separa-

2359 4337 2489 4403 tim;
2506 4337 2588 4392 vel
2616 4335 2776 4391 modo
2796 4335 2984 4402 cruda,
3018 4336 3180 4395 modo
3202 4349 3376 4405 cocta,
3409 4338 3495 4394 vel
3527 4354 3649 4397 assa
3677 4355 3966 4411 apponun-

2364 4439 2469 4485 tur.

2432 4522 2633 4581 Thuris
2660 4539 2874 4596 quoque
2896 4540 3082 4581 eorum
3115 4526 3224 4581 aris
3246 4525 3498 4583 adolendi
3517 4542 3622 4581 non
3654 4526 3845 4582 melior
3874 4536 3965 4584 est

733 4613 887 4687 Ωυοά
915 4615 959 4683 Si
991 4612 1169 4669 adhuc
1199 4610 1552 4677 nihilominus
1572 4609 1893 4678 comend-'15.,
1925 4609 2027 4669 hoc
2053 4608 2257 4683 anima-
2283 4625 2339 4689 Π
2364 4618 2518 4675 ratio.
2554 4617 2766 4675 Recens
2811 4619 3012 4690 qnippe
3057 4629 3141 4676 est
3170 4620 3305 4675 ritus
3338 4620 3448 4683 ille,
3479 4630 3533 4676 et
3560 4621 3795 4691 antiquis
3825 4632 3966 4675 tem-

663 4710 793 4779 lintn
822 4722 1015 4775 cruore
1042 4706 1177 4765 deos
1215 4703 1496 4771 honorari,
1529 4719 1625 4771 cur
1662 4704 1741 4771 eis
1774 4719 1877 4771 non
1912 4704 2258 4767 immolantur

663 4799 957 4877 elephanti.
1003 4798 1219 4871 cameli,
1251 4798 1470 4865 leones,
1501 4796 1696 4869 aquila:
1716 4840 1731 4864 ,
1783 4798 2027 4865 ciconim,
2057 4808 2112 4857 et
2154 4798 2257 4867 alia

664 4894 917 4965 animalia
948 4893 1104 4965 longe
1134 4891 1407 4964 plurima?
1447 4889 1560 4959 Nec
1587 4890 1917 4963 respondere
1939 4891 2094 4963 juvat
2128 4891 2260 4959 deos

664 4988 730 5053 iis
759 4994 985 5057 tantum,
1022 5001 1141 5057 qua:
1183 4985 1250 5047 ad
1300 4986 1497 5049 victum
1539 4984 1694 5063 nobis
1740 4984 1969 5054 benigne
1998 4985 2257 5057 suppedi-

666 5088 800 5151 tant,
843 5078 1136 5157 honestari.
1164 5076 1299 5149 Nam
1326 5086 1382 5147 et
1406 5078 1701 5153 cuminum,
1733 5078 2074 5153 nasturtium,
2107 5095 2257 5149 rapa,

666 5185 719 5228 et
748 5173 848 5226 alia
880 5174 1081 5236 omnia,
1120 5188 1240 5243 quae
1272 5182 1459 5241 nostra
1490 5179 1616 5239 sunt
1639 5172 1755 5239 ltSui
1783 5213 1797 5239 ,
1828 5171 2019 5243 iisdem
2061 5172 2164 5235 diis
2195 5171 2259 5229 liv

669 5269 767 5337 tari
794 5267 1088 5337 debebunt.
1148 5266 1350 5337 Deinde
1393 5267 1439 5331 si
1482 5268 1753 5338 ﬁngantur
1803 5282 1999 5335 canes,
2039 5277 2132 5325 aut
2158 5267 2260 5329 alia

670 5363 919 5433 animalia
941 5402 956 5429 ,
988 5376 1142 5429 usum
1184 5360 1459 5431 accepisse
1486 5359 1707 5427 rationis
1727 5402 1742 5426 ,
1769 5371 1929 5430 atque
1956 5358 2262 5421 hominibus

671 5465 919 5529 tauqqain
950 5455 1055 5529 iiiis
1097 5454 1208 5519 suis
1237 5469 1323 5521 eat
1374 5453 1570 5523 ﬁnibus
1596 5453 1831 5521 aluntur,
1866 5452 2063 5519 oﬂ'erre
2097 5462 2152 5511 et
2178 5467 2265 5511 sa-

669 5549 913 5617 criﬁcare
935 5591 948 5615 ,
979 5564 1158 5615 nonne
1187 5548 1432 5611 homines
1462 5547 1513 5601 in
1542 5546 1626 5607 sui
1657 5548 2038 5617 contumeliam
2066 5547 2263 5619 potius,

670 5657 833 5712 quam
867 5640 1128 5696 honorem
1159 5640 1211 5694 id
1241 5638 1443 5709 factum
1472 5639 1798 5705 censerent?

746 5738 916 5810 Ureet
943 5738 1160 5809 insuper
1198 5736 1491 5815 Arnobius,
1537 5736 1760 5801 deorum
1808 5737 1949 5799 sicut
1977 5754 2141 5801 unum
2167 5754 2262 5810 ge-

673 5848 796 5902 nus,
831 5834 901 5891 ita
929 5842 1033 5895 una
1063 5847 1185 5899 esse
1213 5830 1377 5897 debet
1400 5832 1704 5901 sententia;
1734 5846 1832 5895 cur
1856 5846 1987 5904 ergo
2014 5833 2107 5891 uni
2138 5848 2265 5902 una,

2360 4710 2581 4781 poribus
2613 4712 2941 4783 incognitus.
2969 4712 3335 4780 Quamobrem
3367 4723 3460 4767 aut
3490 4714 3697 4768 inutilis
3748 4713 3964 4770 censeri

2362 4804 2542 4870 debet,
2588 4817 2680 4861 aut
2710 4822 3003 4876 peccavere
3050 4808 3211 4877 prisci
3260 4807 3530 4875 homines,
3559 4807 3753 4879 quibus
3805 4824 3968 4862 nunt-

2361 4914 2521 4969 quatn
2541 4914 2638 4953 usu
2662 4901 2876 4956 venisse
2897 4910 3126 4956 constat.
3152 4901 3291 4967 Quid
3316 4917 3462 4970 vero,
3487 4901 3628 4970 quod
3654 4901 3811 4956 thure
3832 4901 3965 4956 dato

2362 4991 2467 5047 diis
2514 4992 2738 5047 honoris
2785 4992 2987 5064 aliquid
3038 4994 3196 5049 tribui
3244 5002 3443 5049 trustra
3466 4993 3781 5064 jactitatur?
3816 4992 3965 5048 Nihil

2365 5086 2564 5154 qnippe
2588 5083 2711 5139 thus
2739 5092 2841 5151 est,
2889 5083 2990 5141 nisi
3020 5084 3198 5139 viscus
3225 5100 3292 5140 ex
3322 5085 3640 5155 quibusdam
3671 5084 3965 5140 corticibus

2366 5174 2660 5246 proﬂuens.
2686 5174 2795 5229 Cur
2835 5190 2965 5245 ergo
3011 5190 3076 5230 ex
3129 5175 3252 5230 aliis
3303 5176 3591 5231 arboribus
3619 5175 3956 5257 coalescens,

2364 5269 2497 5338 ipsis
2524 5268 2773 5329 similiter
2798 5282 2906 5325 non
2933 5267 3262 5323 incenditur?
3281 5270 3360 5322 An
3383 5268 3507 5339 quia
3539 5284 3646 5323 non
3679 5269 3750 5323 ita
3777 5267 3964 5322 suavis

2365 5373 2449 5423 est
2470 5362 2689 5423 odoris?
2717 5360 2856 5430 Quid
2889 5360 3049 5417 inde?
3069 5360 3336 5433 Numquid
3362 5362 3488 5429 diis,
3507 5359 3962 5433 quemadmodum

2371 5459 2700 5522 hominibus;
2742 5456 2834 5513 alii
2878 5456 3075 5512 odores
3110 5456 3245 5527 grati
3272 5468 3420 5519 sunt,
3468 5458 3557 5511 alii
3609 5458 3857 5511 insuaves
3907 5464 3965 5510 et

2369 5550 2685 5620 injncundi?
2726 5548 2943 5607 Minime
2970 5548 3209 5620 quidem.
3240 5548 3374 5604 Nam
3402 5548 3691 5605 fatentibus
3720 5548 3969 5619 philoso-

2370 5646 2491 5717 phis
2515 5645 2584 5699 dii
2615 5645 2919 5714 incorporei
2940 5655 3088 5709 sunt,
3113 5644 3394 5717 nullasque
3421 5661 3582 5700 nares
3608 5645 3829 5712 habent,
3860 5659 3965 5702 nec

2372 5746 2599 5811 possunt
2618 5738 2730 5794 ullo
2756 5738 2929 5794 thuris
2957 5746 3049 5792 aut
3074 5737 3181 5793 alio
3209 5737 3381 5794 odore
3405 5737 3650 5795 mulceri.

2446 5830 2663 5901 Frustra
2710 5832 2896 5902 etiam,
2938 5845 3004 5886 ac
3048 5830 3191 5887 nulla
3243 5830 3449 5903 pariter
3495 5830 3704 5887 ratione
3747 5828 3970 5894 adducti
