4158 6264
648 322 749 384 591

1869 297 2326 383 otssemarto
2366 319 2643 380 PH/EVIA

3853 320 3954 378 599.

652 450 810 510 atque
839 451 990 501 ossa,
1022 445 1115 493 aut
1144 437 1195 492 in
1227 435 1534 506 hujnsmodi
1578 452 1754 492 rerum
1793 436 2035 493 habitare
2067 450 2236 493 mate-
2268 441 2316 499 Λ
2346 449 2564 508 postea,
2610 453 2917 507 temporum
2958 438 3230 508 designari
3269 439 3550 507 ordinem,
3585 441 3630 495 is
3659 447 3808 496 certe
3855 455 3952 493 nec

654 534 757 589 ria.
790 531 942 587 Nunc
970 531 1194 586 doctore
1236 539 1385 586 tanto
1428 532 1480 586 in
1527 532 1639 586 vias
1680 533 1918 587 veritatis
1963 533 2242 599 inductus,

652 627 828 682 omnia
872 625 972 680 ista
1019 642 1140 695 qua:
1182 627 1320 688 sint,
1360 627 1509 692 scio,
1551 627 1709 696 digna
1737 627 1803 682 de
1828 627 2004 698 dignis
2031 629 2205 682 sentio
2229 669 2242 690 ,

650 720 1027 775 contumeliam
1053 720 1252 774 nomini
1279 720 1477 776 nullam
1507 722 1640 776 facio
1661 722 1873 786 divino;
1900 733 1955 778 et
1980 724 2104 794 quid
2132 725 2244 778 cui-

648 828 754 882 que
792 811 1050 866 debeatur
1095 812 1181 866 vel
1220 828 1497 882 personm,
1543 814 1625 868 vel
1666 815 1869 884 capiti,
1914 816 2245 871 inconcussis

647 904 919 974 gradibus.
950 915 1111 976 atque
1138 906 1551 962 auctoritatibus
1581 909 1754 964 tribuo
1785 909 2043 981 (Arnob,
2072 912 2158 964 lib.
2193 928 2238 977 t,

648 1015 766 1067 pag.
793 996 864 1050 22
889 1006 944 1052 et
963 997 1033 1051 25
1131 1019 1148 1050 ι

717 1090 890 1145 Tanto
916 1092 1094 1161 itaque
1117 1092 1318 1147 lumine
1343 1136 1356 1157 ,
1388 1101 1638 1162 tantaque
1663 1093 1858 1149 Cltristi
1883 1095 2049 1165 gratia
2079 1096 2244 1150 dona-

649 1193 731 1238 tus
749 1227 761 1246 ,
785 1199 847 1238 ac
869 1185 1095 1238 somniis
1117 1184 1279 1238 etiam
1309 1186 1548 1254 pulsatus
1565 1228 1580 1251 ,
1607 1185 1866 1255 pristinos
1884 1203 2097 1242 errores
2122 1187 2238 1257 eju-

647 1276 831 1340 raudi,
864 1285 918 1331 et
943 1275 1293 1330 cltristiauam
1345 1279 1660 1347 religionem
1705 1280 1914 1348 publice
1959 1280 2240 1349 proﬁteudi

649 1375 861 1425 veniam
885 1370 953 1425 ab
978 1371 1147 1427 Sicca:
1170 1372 1426 1442 episcopo
1451 1373 1624 1442 petiit.
1649 1373 1755 1427 Sed
1785 1375 1906 1444 quia
1940 1375 2083 1428 illam
2115 1391 2244 1429 sem-

647 1481 754 1533 per,
792 1475 848 1517 ut
883 1465 957 1518 ait
986 1463 1379 1537 Hieronymus,
1423 1481 1484 1520 ac
1527 1466 1756 1536 publicis
1797 1467 1908 1522 suis
1950 1469 2001 1522 in
2044 1468 2242 1522 scholis

643 1566 798 1612 antea
820 1557 1238 1628 impugnauerat,
1261 1557 1326 1611 ad
1355 1557 1498 1613 illius
1527 1558 1917 1629 professionem
1944 1560 2242 1630 Episc0pns

643 1666 764 1704 cum
790 1651 936 1721 prius
960 1650 1246 1706 admittere
1269 1651 1438 1705 noluit
1455 1694 1468 1718 ,
1495 1667 1654 1720 quam
1681 1652 1906 1707 sincera:
1929 1653 2044 1724 ejus
2072 1654 2243 1724 pinni-

644 1746 823 1797 tentiae
847 1753 997 1798 certo
1025 1743 1229 1798 certior
1255 1744 1425 1798 lactus
1452 1742 1658 1798 fuisset.
1692 1743 1855 1799 Morte
1885 1745 2042 1816 igitur
2070 1749 2239 1816 impa-

2355 535 2494 588 ullns
2537 535 2672 588 alius
2711 533 3028 588 difﬁtebitor
3071 534 3218 588 illum
3251 535 3350 589 sibi
3383 550 3488 589 non
3517 529 3947 597 contradixisse,

2351 627 2643 696 verbisque
2687 626 2829 681 illius
2871 626 3051 695 potius
3093 626 3382 694 standum,
3425 642 3546 698 qua:
3593 626 3642 681 in
3675 625 3949 698 genuino,

2351 735 2510 790 quam
2537 735 2655 790 qua}
2680 721 2730 773 in
2764 720 2944 776 alieno
2975 735 3140 790 opere
3171 721 3408 791 scripsit.

2421 811 2527 868 Sed
2569 815 2691 882 quia
2736 814 2822 867 ille
2865 814 2914 867 in
2948 830 3047 869 suo
3077 813 3144 869 de
3174 814 3530 884 scriptoribus
3560 811 3951 869 ecclesiasticis

2345 906 2589 974 catalogo
2625 906 2757 960 dixit
2786 907 3002 976 quidem
3037 907 3258 961 Arnobii
3293 906 3462 962 nostri
3495 907 3696 971 libros,
3743 906 3953 961 Diocle-

2349 997 2495 1051 tiano
2522 997 2850 1067 imperante,
2887 1000 3095 1062 editos,
3131 1017 3236 1052 non
3269 1009 3446 1055 autem
3476 1013 3583 1069 quo
3612 998 3825 1069 imperii
3854 998 3954 1054 litt-

2342 1088 2431 1155 jus
2455 1106 2617 1152 anno,
2651 1091 2700 1144 id
2722 1107 2749 1144 a
2782 1092 2937 1146 nobis
2963 1092 3268 1146 accuratius
3297 1091 3675 1162 inquirendum
3700 1101 3804 1146 est.
3834 1091 3950 1146 Non

2342 1181 2558 1237 aliunde
2584 1194 2760 1238 autem
2795 1185 3018 1250 melius;
3048 1200 3209 1255 quam
3235 1199 3299 1239 ex
3324 1182 3515 1239 iisdem
3551 1183 3824 1253 ipsiusmet
3851 1200 3952 1237 an-

2346 1275 2513 1330 ctoris
2546 1277 2716 1331 nostri
2749 1277 2898 1332 libris
2931 1288 3108 1347 potest
3139 1278 3406 1348 dignosci.
3456 1280 3527 1332 At
3567 1278 3762 1348 prioris
3796 1278 3953 1332 initio

2344 1371 2485 1426 hunc
2526 1372 2615 1427 ille
2659 1373 2893 1444 loquitur
2933 1374 2984 1428 in
3026 1373 3282 1428 modum:
3314 1371 3610 1426 «Trecenti
3653 1382 3778 1426 sunt
3820 1371 3952 1427 anni

2344 1463 2531 1526 ferme,
2562 1466 2737 1520 minus
2765 1466 2846 1520 vel
2880 1465 2997 1534 plus
3028 1467 3230 1537 aliquid
3256 1507 3270 1529 ,
3300 1482 3366 1520 ex
3399 1480 3507 1536 quo
3535 1465 3797 1535 empimus
3825 1480 3956 1520 esse

2344 1559 2626 1612 christiani
2648 1601 2663 1621 .
2693 1568 2747 1614 et
2776 1569 3041 1615 terrarum
3077 1560 3129 1614 in
3161 1560 3294 1614 orbe
3321 1559 3531 1614 censeri
3564 1555 3819 1630 (Arnob,
3852 1557 3950 1611 lib.

2345 1668 2394 1715 ι,
2428 1668 2546 1723 pag.
2578 1651 2678 1723 9).
2710 1674 2727 1706 ›
2757 1654 3039 1709 Manifeste
3081 1651 3281 1709 autem'
3306 1655 3430 1709 inde
3470 1653 3761 1725 colligitur,
3803 1652 3953 1723 quod

2344 1762 2534 1802 omnes
2577 1748 2734 1803 facile
2773 1748 3107 1814 concedunl,
3146 1747 3246 1802 hos
3275 1747 3442 1803 libros
3483 1747 3550 1801 ab
3593 1761 3658 1802 eo
3695 1758 3954 1802 exaratos

644 1837 782 1891 tiens
812 1837 1082 1892 Arnobius
1103 1879 1115 1900 ,
1149 1847 1310 1907 atque
1341 1848 1393 1890 ut
1427 1837 1532 1890 voti
1562 1853 1783 1907 compos
1813 1854 1972 1908 quam
2009 1841 2238 1909 primum
2273 1839 2320 1898 B
2346 1843 2486 1898 circa
2529 1843 2636 1898 500
2674 1842 2878 1898 Christi
2919 1859 3147 1897 annum.
3180 1825 3287 1898 Sed
3321 1841 3461 1896 ttulla
3491 1840 3669 1894 adhuc
3697 1850 3846 1895 certa
3879 1840 3950 1894 il-

641 1929 824 1995 licrct,
861 1929 1097 1984 animum
1135 1929 1201 1982 ad
1245 1929 1557 1984 scribendos
1602 1929 1701 1983 hos
1743 1930 1908 1985 libros
1955 1931 2234 2001 adjunxit,

641 2022 814 2092 iisque
853 2031 1122 2092 tamquam
1157 2022 1378 2077 totidem
1410 2023 1528 2076 lidei
1565 2039 1674 2077 suae
1706 2025 1931 2093 publicis
1960 2025 2237 2081 obsidibus

640 2117 817 2185 datis,
851 2118 914 2171 ad
949 2118 1343 2186 optatissimam
1375 2116 1683 2172 christiana:
1716 2119 1990 2190 religionis
2029 2121 2236 2190 profes-

641 2211 846 2265 sionem
883 2209 1093 2280 publice
1137 2209 1450 2264 mittendam
1506 2210 1806 2278 admissus,
1841 2213 2008 2267 sacris
2039 2214 2234 2270 nostris

639 2303 914 2374 mysteriis
939 2303 1008 2357 ab
1035 2301 1226 2357 eodem
1257 2301 1514 2373 episcopo
1541 2303 1778 2358 initiatus
1805 2315 1906 2360 cst.
1936 2305 2040 2361 Sed
2071 2323 2235 2376 pnes-

641 2407 717 2452 tat
745 2397 1126 2469 Hieronymum
1161 2397 1337 2452 adhuc
1366 2397 1479 2452 haec
1509 2409 1817 2453 narrantem
1845 2399 2062 2455 audire:
2093 2421 2109 2452 ι
2137 2401 2235 2455 Ar-

639 2493 830 2546 nobius
859 2493 1059 2556 rhetor,
1091 2495 1270 2549 clarus
1303 2495 1352 2549 in
1383 2494 1561 2550 Africa
1606 2496 1856 2562 habetur,
1894 2497 1984 2568 qui
2023 2514 2142 2552 cmn
2183 2499 2234 2551 in

639 2588 854 2642 civitate
884 2587 1049 2643 Sicca:
1076 2588 1142 2643 ad
1174 2589 1588 2644 declamandum
1618 2588 1846 2658 juvenes
1879 2589 2145 2656 erudiret,
2182 2599 2237 2645 et

638 2680 813 2736 adhuc
840 2681 1092 2736 ethnicus
1122 2682 1188 2736 ad
1215 2681 1593 2737 credulitatem
1622 2682 1852 2738 somniis
1881 2683 2236 2752 compellere-

639 2787 745 2841 tur,
771 2793 946 2848 neque
968 2779 1035 2832 ab
1059 2777 1330 2848 Episc0po
1359 2778 1672 2846 impetraret
1695 2779 1854 2832 tidem
1875 2819 1888 2842 ,
1913 2795 2070 2848 quam
2099 2794 2240 2833 sem-

637 2887 733 2939 per
771 2870 1219 2943 impngnaverat,
1262 2871 1603 2926 elucubravit
1643 2871 1905 2926 adversus
1948 2871 2231 2941 pristinam

637 2962 948 3032 religionem
993 2962 1450 3017 luculentissimos
1492 2964 1690 3026 libros,
1734 2973 1788 3017 et
1835 2963 2047 3018 tandem
2091 2963 2236 3019 velut

637 3056 955 3125 quibusdam
986 3055 1260 3110 obsidibus
1293 3057 1504 3126 pietatis
1537 3055 1711 3112 lanius
1750 3055 2053 3126 impetravit
2085 3055 2235 3127 (Ilie-

636 3165 861 3219 ronym.,
888 3150 940 3203 in
961 3151 1138 3203 chron.
1165 3152 1232 3202 ad
1253 3167 1374 3202 ann.
1400 3149 1541 3204 “2.532
1561 3147 1604 3220 ).
1634 3150 1765 3216 Qua:
1795 3166 1921 3204 vero
1952 3159 2135 3219 pestea
2167 3150 2234 3204 ab

2341 1935 2514 1990 lorum
2543 1946 2676 1990 zetas
2705 1937 2772 1990 ibi
2805 1935 3140 2006 designatur.
3170 1933 3398 2002 Quidam
3427 1934 3609 2004 itaque
3637 1932 3954 1988 existimant

2343 2029 2490 2083 illam
2535 2045 2598 2084 ex
2653 2029 2736 2083 his
2762 2029 3096 2100 deprehendi
3129 2043 3286 2098 posse
3316 2028 3485 2098 ipsius
3515 2026 3729 2082 verbis:
3761 2045 3779 2078 ι
3809 2026 3952 2082 Nos-

2343 2134 2421 2178 tra
2462 2123 2678 2191 quidem
2711 2123 2912 2192 scripta
2945 2137 3041 2177 cur
3071 2122 3283 2192 ignibus
3313 2129 3628 2176 meruerunt
3651 2119 3808 2174 dari?
3836 2119 3952 2175 Cur

2342 2215 2646 2270 immaniter
2673 2214 3048 2269 conventicula
3090 2214 3269 2268 dirui?
3301 2211 3458 2286 (Lib.
3488 2213 3556 2279 4,
3590 2230 3708 2284 pag.
3746 2210 3889 2282 15:2)
3924 2231 3941 2262 ι

2340 2306 2470 2362 Nam
2515 2306 2604 2360 ubi
2641 2306 2908 2361 Eusebius
2949 2307 3016 2362 de
3050 2306 3366 2361 Diocletiani
3400 2315 3587 2360 contra
3620 2305 3952 2360 christianos

2340 2400 2614 2455 saavientis
2645 2399 2977 2468 temporibus
3005 2399 3276 2468 disputat:
3309 2417 3327 2448 ι
3353 2397 3512 2453 Tunc
3537 2397 3683 2452 :edcs
3712 2413 3894 2452 sacras
3925 2417 3943 2449 ›

2342 2493 2508 2564 inquit
2533 2491 2772 2567 (Euseb.,
2799 2492 2891 2546 lib.
2918 2508 3044 2557 vin,
3074 2490 3271 2546 Hister.
3298 2491 3499 2554 eccles.,
3525 2507 3642 2561 cap.
3666 2506 3758 2545 vm
3779 2533 3791 2556 ,
3821 2508 3947 2563 pag.

2338 2586 2445 2641 293
2467 2586 2509 2658 ),
2536 2605 2554 2637 ‹
2578 2587 2694 2640 solo
2720 2585 2949 2650 tentari,
2982 2601 3044 2640 ac
3075 2584 3312 2640 funditus
3341 2585 3575 2639 subverti
3597 2627 3610 2645 ,
3643 2600 3825 2640 sacros
3859 2586 3948 2639 di-

2342 2681 2588 2734 vinarum
2619 2679 3021 2748 Scripturarum
3054 2677 3220 2732 libros
3250 2677 3300 2730 in
3342 2676 3520 2732 medio
3560 2675 3678 2732 foro
3720 2670 3950 2731 Concre-

2340 2775 2474 2828 mari
2503 2774 2671 2828 oculis
2705 2773 2907 2827 uestris
2934 2772 3186 2827 vidimus.
3215 2792 3234 2823 ι
3266 2770 3390 2826 Haec
3417 2781 3598 2826 autem
3628 2771 3762 2825 facta
3794 2782 3946 2831 sunt,

2339 2866 2477 2920 sicut
2503 2865 2628 2918 alibi
2669 2865 3074 2930 annotavitnus,
3120 2863 3448 2918 Diocletiano
3471 2860 3544 2916 IX
3565 2905 3578 2924 ,
3611 2861 3943 2916 Maximiano

2338 2959 2430 3014 νη
2451 3001 2465 3025 ,
2499 2968 2592 3012 aut
2622 2969 2677 3012 ut
2705 2959 2944 3013 nonnulli
2976 2967 3201 3013 censent
3235 2957 3564 3012 Diocletiano
3589 2955 3698 3010 γιη
3717 3001 3730 3019 ,
3757 2966 3814 3012 et
3835 2955 3953 3010 Ma-

2338 3051 2576 3104 ximiano
2607 3049 2674 3104 VI
2697 3093 2710 3115 ,
2743 3049 3058 3105 consulibus
3079 3093 3093 3116 ,
3127 3052 3226 3104 hoc
3255 3059 3340 3104 est
3360 3091 3373 3113 ,
3405 3064 3547 3102 anno
3575 3047 3772 3103 Christi
3803 3048 3948 3115 505,

2338 3147 2423 3200 vel
2450 3145 2555 3201 διε).
2582 3143 2835 3217 (Dissert.
2870 3145 2922 3198 in
2954 3143 3078 3198 Luc.
3112 3143 3289 3206 Cecil.,
3323 3160 3437 3214 cap.
3468 3143 3533 3209 8,
3563 3151 3660 3197 art.
3688 3142 3776 3212 5).
3806 3141 3947 3197 Tum

636 3258 702 3296 eo
732 3251 848 3296 acta
881 3243 1008 3310 sint,
1042 3242 1198 3297 nobis
1227 3242 1418 3297 invidit
1447 3251 1539 3297 aut
1570 3241 1760 3312 injuria
1791 3253 2114 3312 temporum,
2149 3254 2241 3298 aut
2268 3240 2312 3300 C
2344 3243 2484 3296 enim
2515 3241 2618 3295 lata
2651 3241 2765 3308 lege
2791 3240 3057 3294 sancitum
3089 3240 3216 3303 fuit,
3252 3248 3308 3292 nt
3347 3240 3484 3292 Sacri
3527 3237 3948 3292 cltristianornm

637 3335 958 3403 scriptorum
1005 3336 1352 3405 negligentia.
1401 3340 1469 3389 At
1511 3345 1658 3391 certe
1697 3337 1820 3406 quia
1863 3346 1970 3390 tam
2019 3336 2228 3391 ardenti

635 3425 814 3481 studio
837 3425 1184 3481 christianam
1210 3427 1526 3498 religionem
1559 3427 1899 3497 amplexatus
1921 3437 2024 3491 est,
2051 3428 2232 3482 nullus

637 3519 879 3591 profecto
902 3521 1020 3575 dari
1047 3521 1260 3575 videtur
1285 3521 1592 3592 ambigendi
1624 3524 1794 3586 locus,
1825 3522 1952 3592 quin
1981 3521 2232 3577 erunibus

635 3615 794 3686 plane
823 3614 1147 3670 satisfecerit
1173 3615 1284 3670 veri
1317 3615 1499 3686 piique
1526 3615 1806 3670 christiani
1835 3614 2048 3670 ofliciis.

707 3707 824 3775 Quo
852 3717 1028 3763 autem
1060 3709 1289 3779 praecise
1321 3718 1566 3778 tempore
1597 3709 1696 3764 hos
1725 3708 1814 3762 ille
1856 3709 2026 3763 libros
2064 3709 2234 3778 scrip-

635 3800 797 3866 serit,
831 3800 884 3855 in
915 3801 1342 3856 controversiam
1375 3801 1931 3872 disceptationentquc
1959 3803 2026 3855 ab
2051 3802 2232 3857 erudi-

635 3893 860 3949 tissimis
897 3896 1072 3950 aetatis
1105 3906 1308 3950 nostra:
1339 3896 1703 3964 scriptoribus
1734 3905 1976 3950 vocatur.
2021 3895 2230 3950 Prolata

635 3988 913 4044 enimvero
939 4005 970 4044 a
1001 3989 1156 4044 nobis
1187 3989 1499 4062 Hieronymi
1532 3990 1692 4045 verba
1714 4033 1728 4057 ,
1764 3990 1815 4044 in
1850 3989 2110 4045 chronica
2140 3977 2231 4045 cu-

635 4082 859 4138 sebiauo
900 4084 1142 4151 proxime
1173 4085 1372 4154 scripta
1406 4094 1532 4141 sunt
1565 4095 1684 4153 post
1719 4095 1898 4140 notata
1936 4087 2230 4141 vicennalia

635 4175 990 4238 Constantini,
1017 4177 1348 4234 Nicomedia:
1370 4195 1516 4233 anno
1538 4178 1737 4235 Christi
1763 4222 1776 4244 ,
1809 4180 1883 4234 nti
1915 4180 2098 4244 aiunt,
2125 4179 2233 4236 526

635 4270 928 4326 celebrata.
954 4269 1152 4327 Contra
1183 4282 1361 4329 tamen
1389 4273 1527 4328 idem
1557 4274 1671 4344 ipse
1700 4274 2060 4347 Hieronymus
2088 4276 2228 4339 aliis,

635 4378 754 4431 qua:
795 4375 953 4418 antea
996 4365 1310 4432 retulimus,
1353 4365 1533 4420 verbis
1574 4365 1716 4420 haud
1756 4366 1987 4421 obscure
2026 4366 2229 4436 signiﬁ-

635 4471 760 4510 care
785 4455 996 4512 videtur
1021 4458 1242 4513 eosdem
1272 4458 1441 4512 libros
1469 4457 1538 4512 ab
1564 4458 1806 4514 Arnobio
1835 4469 1943 4514 tum
1975 4460 2026 4514 in
2055 4460 2228 4515 lucem

635 4546 811 4602 editos
831 4589 846 4613 ,
879 4564 999 4602 cum
1035 4549 1394 4605 Diocletianus
1425 4550 1684 4606 Romanis
1713 4552 2036 4622 imperabat.
2069 4553 2227 4624 Atqui

2337 3333 2584 3399 codices,
2613 3343 2706 3387 ant
2730 3333 2883 3387 sicuti
2911 3333 2962 3386 in
2991 3333 3093 3387 vita
3123 3329 3316 3386 Felicis
3342 3331 3580 3402 episeopi
3611 3331 3948 3386 tubiacensis

2339 3427 2591 3498 legimus,
2643 3427 2756 3481 libri
2806 3427 3005 3495 deiﬁci,
3057 3426 3165 3497 igni
3216 3433 3270 3479 et
3321 3425 3552 3479 flammis
3598 3423 3944 3481 traderentur

2337 3520 2536 3590 (Optat.
2571 3519 2772 3584 Mitem,
2798 3535 2913 3574 nov.
2947 3519 3095 3586 edit.,
3129 3536 3250 3589 pag.
3279 3517 3386 3572 227
3413 3519 3452 3588 ),
3480 3517 3805 3588 illorumque
3833 3517 3948 3572 Ec-

2335 3615 2513 3671 clesia:
2533 3657 2548 3681 ,
2582 3613 2666 3668 vel
2697 3613 2835 3668 sicut
2865 3623 3052 3668 auctor
3083 3622 3269 3668 noster
3299 3611 3446 3682 loqui
3475 3619 3649 3677 amat,
3699 3625 3943 3666 conven-

2338 3708 2494 3764 ticula
2535 3707 2894 3763 diruerentnr.
2940 3709 3010 3762 At
3047 3722 3112 3762 ex
3157 3707 3271 3772 his,
3305 3721 3425 3776 qua:
3455 3705 3523 3760 ab
3555 3705 3858 3776 Augustino
3889 3717 3944 3761 et

2336 3803 2680 3858 Thcodoreto
2710 3803 3126 3865 conﬁrmantur,
3161 3801 3404 3856 nonnulli
3432 3799 3623 3855 conﬁci
3650 3816 3810 3873 posse
3841 3817 3944 3871 pu-

2336 3903 2450 3948 tant
2479 3895 2773 3950 Arnobium
2807 3892 3154 3949 conﬁciendis
3181 3892 3333 3947 libris
3363 3891 3476 3947 suis
3505 3893 3608 3948 hoc
3636 3892 3754 3963 ipso
3792 3908 3944 3947 anno

2336 4001 2554 4058 operam
2595 3986 2810 4042 dedisse
2853 3986 3151 4058 (August.,
3193 3985 3282 4039 lib.
3325 3999 3432 4050 vn,
3476 3983 3539 4038 de
3577 3983 3730 4056 Bapt.
3769 3996 3941 4042 contr.

2337 4081 2555 4149 Donat.,
2588 4099 2704 4152 cap.
2731 4082 2796 4147 2,
2827 4097 2950 4153 pag.
2977 4081 3116 4146 187;
3147 4089 3191 4134 et
3218 4077 3396 4133 Breric
3440 4076 3665 4142 ;Collat.
3689 4096 3802 4133 cum
3832 4076 3942 4132 Do-

2337 4189 2442 4231 nat.
2467 4221 2482 4244 ,
2515 4195 2632 4249 cap.
2663 4178 2761 4241 15,
2793 4193 2911 4248 pag.
2946 4174 3088 4242 569,
3118 4184 3166 4229 et
3206 4173 3312 4229 573
3333 4188 3348 4237 ;
3373 4170 3679 4226 Tlteodorct.
3706 4214 3718 4237 ,
3754 4173 3840 4226 lib.
3884 4189 3939 4238 v,

2336 4271 2476 4327 Hist.
2511 4273 2714 4336 eodem,
2746 4289 2861 4340 cap.
2894 4270 2986 4333 59,
3018 4285 3138 4341 pag.
3171 4265 3336 4339 248).

2407 4365 2513 4422 Sed
2542 4365 2623 4420 bis
2650 4365 2739 4419 alii
2761 4371 3042 4437 opponunt
3073 4362 3272 4417 nullam
3300 4361 3368 4416 de
3397 4363 3517 4433 lege
3549 4371 3738 4417 contra
3766 4361 3941 4417 chris-

2335 4458 2599 4512 tianorutn
2637 4453 3008 4512 conventicula
3049 4463 3104 4510 et
3144 4454 3312 4509 libros
3351 4453 3509 4519 data,
3551 4454 3643 4509 sed
3683 4453 3752 4509 de.
3789 4469 3942 4508 com-

2335 4550 2504 4605 bustis
2538 4549 2690 4605 libris
2727 4559 2784 4604 et
2821 4547 3209 4605 conventiculis
3245 4548 3449 4603 eversis
3489 4547 3681 4602 factam
3723 4547 3792 4600 ab
3833 4550 3938 4600 Ar-

635 4642 995 4698 Diocletianns
1038 4644 1226 4716 viginti
1270 4645 1487 4701 circiter
1526 4661 1731 4710 annos,
1767 4647 1834 4702 ab
1876 4647 2072 4702 Christi
2117 4649 2224 4703 sci-
2255 4645 2307 4705 D
2333 4645 2490 4699 nobio
2531 4643 2883 4700 mentionem.
2928 4643 3057 4699 Esto
3096 4653 3275 4698 tamen
3303 4686 3316 4706 ,
3364 4641 3416 4696 in
3440 4640 3642 4708 luiunt,
3692 4639 3758 4695 ad
3809 4655 3931 4696 eam

635 4737 764 4793 licet
789 4753 931 4792 anno
951 4738 1090 4804 εδδ,
1123 4738 1188 4793 ad
1217 4755 1416 4793 annum
1445 4740 1579 4804 304,
1608 4755 1863 4811 regnasse
1891 4740 2224 4804 perhibetur.

634 4828 824 4886 Nonne
859 4846 987 4902 ergo
1020 4830 1381 4903 Hieronymus
1411 4831 1510 4886 hos
1541 4832 1705 4886 libros
1735 4843 1860 4887 ante
1891 4831 2226 4888 Constantini

635 4925 935 4980 vicennalia
978 4926 1092 4982 sive
1122 4942 1323 4980 annum
1351 4926 1458 4982 3‘26
1498 4927 1566 4982 ab
1611 4928 1850 4983 Arnobio
1891 4927 2066 4984 editos
2107 4943 2226 4984 esse

635 5017 928 5073 arbitratus
957 5020 1076 5073 est?
1100 5018 1268 5075 Nobis
1307 5028 1486 5075 tamen
1515 5020 1731 5076 videtur
1768 5037 1925 5090 posse
1965 5021 2228 5094 Hierony-

635 5124 781 5163 mum
826 5109 927 5164 sibi
971 5111 1070 5180 ipsi
1117 5111 1274 5165 facile
1315 5113 1611 5168 conciliari.
1659 5113 1789 5168 Nam
1836 5115 1886 5166 in
1918 5114 2224 5168 Eusebiano

634 5201 891 5257 chronico
913 5214 1033 5272 post
1056 5213 1237 5257 notata
1261 5201 1594 5260 Constantini
1618 5204 1917 5262 vicennalia
1944 5207 2055 5276 ipse
2077 5207 2224 5277 adje-

635 5294 741 5350 cit:
774 5314 792 5346 ‹
819 5295 935 5350 Huc
977 5310 1146 5365 usque
1190 5296 1466 5351 historiam
1507 5298 1696 5352 scribit
1739 5298 2027 5363 Eusebius,
2068 5299 2224 5352 Pam.

636 5387 766 5458 pbili
814 5388 1066 5460 martyris
1111 5389 1549 5457 contubernalis,
1591 5391 1676 5445 cui
1718 5408 1820 5446 nos
1860 5392 1957 5447 ista
1994 5392 2227 5462 subjeci-

635 5496 778 5536 mus.
807 5500 826 5533 ι
853 5481 990 5536 Tum
1033 5487 1412 5536 continenter:
1457 5481 1740 5545 Arnobius,
1788 5484 1990 5555 inquit,
2036 5484 2226 5548 rhetor,

635 5583 742 5630 etc.
786 5573 974 5630 Nonne
1011 5586 1190 5630 antem
1231 5573 1335 5628 dici
1381 5584 1558 5643 potest
1586 5567 1702 5630 lucc
1729 5577 1846 5646 ejus
1879 5579 2038 5632 verba
2072 5595 2230 5649 snpcv

636 5666 874 5724 rioribus
905 5667 1118 5723 Eusebii
1147 5667 1388 5738 subjecta
1421 5667 1622 5730 fuisse,
1655 5684 1722 5722 ne
1753 5669 1898 5724 illius
1925 5686 2232 5726 sermonem

638 5760 1090 5828 interrumperet,
1121 5774 1219 5814 nec
1248 5759 1321 5814 ibi
1352 5776 1531 5816 veram
1561 5760 1828 5816 indicasse
1859 5763 2077 5817 Arnobii
2109 5773 2237 5819 teta—

642 5862 771 5916 tem.
805 5851 861 5907 Si
891 5851 1012 5923 quis
1039 5867 1170 5906 vero
1201 5850 1357 5906 nobis
1386 5853 1602 5924 objiciat
1645 5855 1712 5910 ab
1751 5870 1816 5910 co
1855 5854 1959 5919 ibi,
2005 5856 2145 5911 sicut
2183 5864 2237 5912 et

2329 4736 2693 4806 spectaverit,
2723 4751 2902 4790 nonne
2931 4734 3118 4789 similis
3143 4742 3300 4788 antea
3342 4732 3517 4787 fuerat
3557 4731 3749 4786 Justiui
3789 4748 3940 4786 mar-

2333 4830 2466 4903 tyris
2487 4846 2608 4885 cum
2631 4828 2920 4900 gentilibus
2942 4827 3009 4883 de
3031 4841 3307 4920 sqcrorinn
3340 4825 3599 4880 librorum
3627 4835 3937 4879 nostrorum

2330 4922 2726 4993 proscriptione
2749 4917 3142 4992 eXpostulatiO?
3169 4945 3188 4972 ι
3209 4918 3385 4989 Opera
3411 4937 3429 4970 ι
3458 4918 3531 4972 ait
3558 4939 3575 4969 ι
3601 4927 3654 4973 et
3683 4917 3939 4972 instinctu

2327 5017 2592 5072 malorum
2613 5015 2916 5071 daemonum
2943 5014 3133 5069 mortis
3153 5012 3474 5084 supplicium
3494 5011 3752 5067 adversus
3770 5012 3939 5067 libro-

2329 5127 2448 5166 rum
2480 5109 2758 5181 llystasi-is
2781 5120 2873 5164 aut
2897 5107 3117 5180 Sybilla:
3136 5149 3150 5174 ,
3178 5114 3272 5160 aut
3299 5104 3681 5175 prophetarum
3708 5105 3942 5160 lectores

2327 5203 2679 5260 conSIitutum
2721 5210 2842 5267 est,
2886 5211 2942 5255 ut
2981 5215 3076 5270 per
3119 5199 3366 5253 timorem
3403 5197 3652 5253 homines
3691 5198 3757 5252 ab
3796 5197 3939 5283 illis,

2329 5295 2618 5368 quominus
2652 5293 2857 5364 seripta
2886 5309 2946 5348 ea
2981 5294 3220 5363 legentes
3241 5334 3255 5358 ,
3289 5307 3468 5346 rerum
3506 5291 3766 5345 bonarum
3797 5291 3940 5344 noti-

2331 5393 2460 5445 tiam
2495 5390 2834 5462 percipiant,
2869 5388 2963 5444 sed
2990 5388 3042 5442 in
3071 5387 3332 5442 servitute
3357 5401 3545 5441 eorum
3577 5386 3936 5449 retineantur,

2331 5484 2743 5539 absterreantur
2774 5481 2990 5554 (Justin.
3028 5479 3270 5550 Martyr.,
3304 5480 3523 5550 Apolog.
3555 5496 3600 5542 I,
3631 5496 3747 5550 pag.
3773 5477 3935 5549 82).)

2406 5575 2546 5644 Quid
2579 5592 2730 5639 vero,
2765 5575 2908 5644 quod
2938 5574 3198 5645 Origenes
3231 5575 3511 5628 memoriae
3546 5572 3779 5643 prodidit
3813 5581 3939 5624 ante

2335 5670 2558 5726 Arnobii
2601 5670 2768 5724 nostri
2812 5679 3087 5739 tempora,
3133 5681 3297 5740 atque
3338 5669 3628 5724 Maximino
3656 5685 3800 5723 anno
3826 5668 3936 5724 255

2338 5771 2623 5834 regnante,
2653 5763 2901 5817 incensas
2931 5760 3099 5817 fuisse
3123 5761 3409 5828 ecclesias,
3438 5770 3598 5832 atque
3627 5761 3851 5826 idcirco,
3885 5769 3946 5815 ut

2341 5856 2575 5914 auctoris
2602 5858 2770 5912 nostri
2803 5855 2982 5913 verbis
3012 5865 3250 5922 utamur,
3281 5855 3458 5910 diruta
3492 5854 3657 5910 fuisse
3683 5853 3941 5911 christia-
