4166 6256
225 315 324 372 395

1467 314 1530 370 IN
1569 311 1955 380 ARNOBIUM,
1997 312 2150 369 CAP.
2194 315 2256 370 ll.

3401 316 3504 374 594

219 446 405 486 norum
454 430 871 487 conventicula?
920 449 938 480 ι
968 428 1182 486 Scimus
1213 449 1232 482 δ
1281 430 1456 502 inquit
1505 431 1803 502 Origenes,
1833 434 1885 492 Α
1908 427 2093 484 codice
2119 428 2296 498 regio.
2329 443 2360 482 a
2391 443 2500 500 quo
2530 429 2704 499 prima
2735 429 2925 500 pagina
2948 429 3132 486 avulsa
3157 438 3276 500 est,
3310 431 3501 487 titulus

223 544 241 580 ι
270 526 413 595 apud
443 543 540 582 nos
568 536 724 582 terra:
751 535 958 581 motum
988 525 1186 582 factum
1215 526 1268 580 in
1297 525 1430 580 locis
1451 526 1772 596 quibusdam
1793 567 1809 593 ,

215 627 270 672 ct
303 618 479 674 factas
507 618 670 674 fuisse
691 618 954 690 quasdam
987 618 1205 684 ruinas;
1237 617 1306 672 ita
1339 627 1396 672 ut
1418 617 1506 684 qui
1532 628 1687 673 erant
1715 618 1813 672 im-

189 713 287 784 ‘pii
315 724 469 769 extra
499 714 657 769 fidem
680 755 696 778 ,
723 729 945 770 causam
978 723 1139 769 terra:
1170 721 1348 767 motus
1373 712 1618 768 dicerem
1663 713 1808 766 cbri-

210 806 454 872 stianos,
502 814 724 876 propter
765 804 908 876 quod
949 816 1005 861 et
1037 805 1439 874 persecutiones
1483 820 1654 873 passae
1685 813 1812 859 sunt

211 897 458 954 ecclesia:
504 907 558 955 et
603 899 836 955 inseusa:
879 908 1006 955 sunt
1032 898 1305 971 (0rigen.,
1348 907 1550 953 tractat.
1579 913 1709 964 vui,
1758 899 1811 952 in

210 990 429 1059 Μαίη,
466 1010 588 1065 pag.
619 993 749 1064 88).
777 1011 796 1045 ι
837 992 976 1062 Quid
1021 1007 1152 1064 ergo
1199 1003 1344 1048 vetat
1379 991 1666 1063 quominus
1704 991 1811 1044 Ar-

212 1087 409 1143 nobius
448 1087 518 1143 de
559 1087 666 1154 his,
706 1103 828 1159 qua:
866 1088 1026 1161 longe
1071 1097 1232 1146 antea
1276 1103 1376 1146 nec
1421 1088 1590 1144 semel
1635 1087 1810 1144 conti-

210 1193 402 1257 gerant
431 1184 809 1257 intelligatur?

283 1279 396 1335 Nec
425 1279 654 1334 multum
685 1287 1037 1350 promovent,
1067 1280 1158 1351 qui
1184 1277 1494 1350 opinionem
1524 1277 1669 1333 illam
1700 1287 1814 1332 sta—

210 1371 371 1428 bilire
399 1373 646 1428 nituntur
687 1372 836 1428 hisce
875 1373 1100 1428 Arnobii
1141 1373 1358 1429 verbis:
1402 1391 1419 1424 ε
1445 1370 1644 1427 λΕωιὶε
1683 1370 1813 1425 urbs

207 1465 390 1522 Roma
420 1465 576 1535 cujus
599 1480 721 1521 esse
751 1465 806 1520 in
834 1466 1122 1522 annalibus
1145 1465 1434 1521 indicitur?
1455 1464 1644 1520 Annos
1667 1463 1816 1518 ducit

207 1559 606 1632 quinquaginta
635 1567 691 1615 et
714 1559 865 1616 mille
883 1599 899 1624 ,
921 1568 1014 1614 aut
1041 1575 1146 1614 non
1179 1559 1402 1614 multum
1430 1558 1498 1612 ab
1526 1557 1610 1612 his
1637 1556 1813 1611 minus

208 1655 368 1728 (Lib.
393 1672 460 1724 ll,
489 1673 611 1726 pag.
636 1655 758 1724 94).
785 1675 804 1708 ι
827 1655 1066 1710 Primum
1095 1655 1277 1719 enim,
1303 1653 1436 1708 nihil
1462 1651 1536 1707 ibi
1566 1651 1658 1707 ille
1681 1650 1814 1706 certi

209 1749 415 1821 fixique
444 1750 703 1822 temporis
744 1749 944 1820 aliquid
978 1748 1183 1803 statuit.
1219 1747 1345 1804 Alto
1372 1744 1570 1801 deinde
1597 1744 1811 1800 silentio

1913 536 2058 574 nunc
2109 522 2418 592 przeligitur.
2473 521 2580 576 Sed
2630 522 2683 576 iit
2733 521 2837 578 line
2886 523 3010 577 libri
3062 524 3254 594 primi,
3321 525 3506 590 tertii,

1915 613 2118 684 quinti,
2153 624 2206 669 et
2237 615 2451 684 septimi
2482 614 2710 685 legimus
2738 635 2750 668 :
2783 614 2995 669 Arnobii
3033 615 3160 670 liber
3190 617 3419 686 explicit.
3444 617 3505 674 In

1915 708 2088 777 quarti
2119 723 2247 764 vero
2271 709 2376 764 line
2401 727 2416 764 :
2443 709 2646 764 Arnovii
2674 711 2892 764 oratoris
2916 710 3005 764 lib.
3038 720 3247 776 quartus
3274 710 3505 780 explicit.

1915 801 1996 856 Ad
2017 803 2236 858 secundi
2257 804 2492 874 denique
2513 805 2717 860 calcem
2745 805 2986 859 :Arnovii
3005 805 3245 861 adversus
3261 804 3510 861 Nationes

1917 894 2045 950 liber
2069 898 2323 953 secundus
2351 899 2576 968 explicit.
2607 898 2663 954 In
2700 899 2872 969 prima
2912 913 3040 954 vero
3067 909 3120 954 et
3150 900 3383 954 secunda
3409 915 3510 956 eo-

1916 1002 2033 1041 rum
2065 1004 2286 1045 romana
2320 989 2588 1056 editione,
2641 991 2948 1058 basileana,
2978 992 3364 1060 antuerpiana,
3398 999 3509 1047 ste-

1916 1080 2227 1147 wechiana,
2277 1082 2547 1152 parisina,
2600 1083 2913 1138 beraldiaua
2968 1084 3332 1138 inscribuntur
3361 1101 3374 1136 :
3408 1085 3510 1137 Ar-

1915 1176 2052 1230 nobii
2105 1178 2346 1234 adversus
2395 1190 2564 1250 gentes
2593 1180 2708 1234 libri
2755 1192 2961 1252 septem.
3009 1174 3067 1234 lu
3115 1181 3299 1235 ultima
3352 1195 3512 1249 porro

1917 1271 2165 1343 Lugduni
2194 1273 2519 1330 Batavorum
2548 1274 2819 1346 divulgata
2847 1295 2861 1329 :
2897 1275 3106 1330 Arnobii
3136 1275 3249 1344 Afri
3275 1275 3519 1329 adversus

1916 1377 2088 1439 gentes
2121 1368 2239 1423 libri
2273 1379 2483 1441 septem.
2511 1369 2656 1425 Nulli
2685 1380 2862 1426 autem
2894 1369 3203 1425 dubitamus
3228 1371 3358 1440 quin
3394 1370 3512 1425 haec

1919 1463 2105 1518 ultima
2160 1465 2441 1535 inscriptio
2493 1466 2562 1521 ab
2610 1466 2939 1539 Hieronymo
2985 1467 3266 1536 desumpta
3326 1471 3426 1536 sit,
3479 1485 3512 1523 a

1917 1572 2022 1624 quo
2051 1559 2241 1613 eadem
2286 1559 2580 1630 cpigrapbe
2610 1561 2778 1616 semel
2807 1571 2968 1632 atque
2998 1563 3191 1616 iterum
3221 1562 3514 1618 exhibetur

1917 1647 1938 1721 (
1963 1647 2288 1722 Hierongnt.,
2310 1652 2372 1705 de
2416 1652 2607 1719 Script.
2651 1654 2828 1708 eecles.
2849 1696 2861 1718 ,
2895 1654 2922 1724 §
2953 1655 3043 1720 89;
3077 1667 3123 1709 et
3150 1657 3297 1724 epist.
3323 1655 3414 1723 84,
3444 1657 3515 1710 ad

1921 1739 2234 1812 Magnum).
2269 1742 2326 1798 In
2368 1743 2737 1814 manuscripto
2779 1755 2955 1800 tamen
3003 1745 3191 1801 codice
3232 1748 3412 1818 regio,
3462 1757 3519 1803 et

211 1844 563 1916 prmtermisit
589 1843 679 1912 qui
707 1842 967 1914 qualesve
996 1839 1541 1906 fuerinthiannales,
1563 1853 1628 1893 ac
1649 1852 1810 1906 quam
1843 1835 2088 1898 Baltero
2140 1837 2294 1908 cujus
2345 1837 2687 1916 Stewecbiqs
2731 1840 3010 1907 meminit,
3077 1840 3336 1910 scriptum
3392 1853 3508 1896 est:

213 1938 431 1995 illorum
462 1947 714 1995 auctores
738 1947 1032 2010 sequantur
1055 1951 1320 1992 annorum
1347 1935 1418 1991 ab
1445 1934 1577 1990 urbe
1597 1932 1814 1989 condita

212 2033 708 2102 computandorum
743 2033 1030 2088 rationem.

287 2127 358 2179 At
390 2125 817 2195 incompertum,
866 2126 1105 2194 inquies,
1155 2125 1232 2180 illi
1279 2139 1400 2180 esse
1427 2139 1535 2178 non
1564 2130 1808 2194 poterat,

213 2229 327 2287 quo
375 2232 514 2272 anno
556 2217 702 2286 jacta
761 2217 963 2271 fuerint
1005 2216 1194 2272 Romae
1227 2215 1598 2271 fundamenta.
1633 2212 1810 2269 Probe

210 2309 480 2380 siquidem
531 2318 756 2365 noverat
807 2325 914 2364 non
963 2310 1120 2380 longe
1170 2320 1459 2380 antequam
1509 2305 1810 2362 scribendis

211 2403 369 2458 libris
415 2403 526 2457 suis
571 2418 788 2456 manum
840 2402 1207 2469 admovisset,
1259 2401 1604 2456 millesimum
1651 2398 1811 2469 regiae

209 2493 359 2549 illius
402 2494 550 2548 urbis
589 2509 786 2549 annum
829 2495 930 2550 sub
977 2494 1208 2562 Philippi
1247 2493 1507 2562 imperio,
1552 2491 1652 2546 hoc
1691 2500 1807 2558 est,

208 2589 449 2654 Christi,
481 2590 556 2643 uti
600 2589 776 2653 aiunt,
808 2589 914 2646 247
943 2598 1036 2643 aut
1059 2588 1203 2654 248,
1248 2587 1414 2643 fuisse
1454 2586 1806 2642 celebratum.

204 2685 352 2750 Cum
377 2699 504 2755 ergo
531 2683 658 2740 dicit
685 2703 699 2739 ε
734 2685 832 2739 Aut
863 2701 962 2738 non
986 2683 1198 2738 multum
1228 2685 1292 2737 ab
1323 2684 1402 2738 his
1431 2683 1632 2748 minus,
1667 2680 1807 2735 haud

209 2783 456 2838 obscure
490 2781 750 2852 signiﬁcat
778 2797 838 2836 se
867 2796 1010 2835 anno
1033 2779 1138 2836 296
1171 2780 1257 2835 vel
1285 2779 1414 2848 9.97,
1448 2777 1611 2834 hosce
1642 2776 1808 2833 libros

206 2877 482 2948 publicam
519 2875 765 2931 emisisse
800 2876 853 2931 in
886 2875 1081 2931 lucem.

278 2968 480 3024 Contra
512 2978 688 3024 tamen
717 2968 806 3023 alii
840 2968 940 3023 hos
966 2967 1182 3022 nonnisi
1211 2973 1335 3036 post
1365 2963 1806 3022 trecentesimum

203 3060 411 3118 ChriSIi
457 3075 656 3116 annum
705 3061 881 3116 editos
930 3060 1096 3116 fuisse
1146 3060 1272 3116 inde
1320 3060 1613 3129 colligunt,
1663 3055 1806 3127 quod

204 3154 336 3210 alibi
384 3155 453 3210 ab
491 3171 558 3210 eo
596 3153 796 3210 ethnici
851 3153 1114 3210 adversus
1151 3153 1476 3208 christianos
1511 3151 1590 3206 sic
1624 3150 1807 3219 dispu-

1919 1930 2162 1986 adversus
2189 1933 2436 1988 nationes.
2472 1933 2577 1990 Sed
2609 1936 2785 2004 potior
2809 1935 3023 1990 videtur
3052 1935 3245 2003 lectio,
3278 1936 3517 1991 adversus

1920 2031 2124 2094 gentes,
2176 2040 2336 2095 quam
2395 2026 2756 2098 Hieronymus
2805 2028 2859 2082 in
2906 2028 3068 2098 longe
3120 2029 3518 2100 antiquioribus

1919 2118 2297 2188 manuscriptis
2325 2120 2602 2177 codicibus
2630 2121 2770 2176 baud
2802 2123 2966 2178 dubie
2992 2123 3217 2192 legerat.
3247 2123 3517 2179 Caeterum

1916 2209 2040 2279 quia
2072 2211 2356 2282 utriusque
2398 2213 2772 2284 inscriptionis
2805 2214 2948 2270 idem
2981 2226 3067 2271 est
3096 2230 3320 2284 sensus,
3354 2215 3424 2272 de
3452 2232 3518 2272 ea

1922 2301 2186 2374 longioris
2211 2304 2601 2375 disputationis
2631 2307 2783 2363 ﬁlum
2823 2318 3014 2365 texere
3061 2310 3249 2366 inutile
3292 2327 3515 2382 prorsus

1885 2385 1888 2388 ”
1916 2396 2057 2451 foret
2081 2412 2146 2452 ac
2166 2401 2520 2468 superfluum.

1987 2491 2068 2546 Ex
2114 2501 2340 2564 utroque
2381 2504 2559 2550 autem
2612 2496 2704 2551 illo
2753 2497 2912 2553 titulo
2958 2498 3118 2554 facile
3162 2499 3516 2573 intelligimus

1916 2600 2022 2638 non
2049 2583 2193 2640 aliud
2224 2587 2415 2642 horum
2451 2587 2712 2644 librorum
2745 2601 3124 2662 argumentum
3152 2635 3169 2659 ,
3204 2610 3303 2650 nec
3346 2595 3514 2652 alium

1914 2675 1968 2730 in
2001 2676 2066 2730 iis
2094 2679 2500 2734 conscribendis
2521 2681 2749 2736 Arnobii
2777 2697 2999 2753 sc0pum
3026 2683 3296 2755 finemque
3324 2687 3515 2757 fuisse,

1913 2769 2014 2824 nisi
2044 2782 2101 2826 ut
2128 2783 2182 2827 et
2211 2771 2401 2828 falsam
2429 2774 2712 2844 gentilium
2732 2818 2747 2844 ,
2793 2788 2847 2831 et
2876 2776 3299 2834 cbristianorum
3327 2796 3512 2836 veram

1912 2879 2032 2920 esse
2075 2866 2392 2936 religionem
2439 2869 2862 2926 demonstraret.
2914 2871 3102 2944 Neque
3157 2875 3223 2928 ad
3275 2874 3325 2929 id
3383 2892 3508 2946 pro-

1911 2956 2149 3013 baudum
2179 2959 2421 3029 pluribus
2448 2976 2584 3030 Opus
2613 2971 2698 3016 est
2724 2965 3054 3033 argumentis
3077 3003 3092 3027 ,
3135 2965 3278 3035 quod
3309 2967 3395 3021 vel
3439 2985 3509 3023 ex

1910 3065 1972 3104 ea
2004 3050 2115 3106 sola
2134 3093 2150 3119 ,
2180 3067 2340 3122 quam
2372 3051 2642 3119 dedimus,
2672 3055 2987 3110 eorumdetn
3015 3055 3278 3111 librorum
3300 3059 3512 3130 analysi

1911 3143 2161 3200 omnibus
2187 3145 2684 3201 manifestissimum
2713 3161 2836 3202 esse
2865 3148 3047 3218 debet.

205 3248 946 3304 tasseinducunturztAnte
970 3246 1394 3317 quadringentos
1416 3259 1590 3299 annos
1621 3241 1808 3313 religio
1838 3248 1882 3310 ρ
1985 3235 2211 3302 Quidam
2260 3253 2391 3292 vero
2442 3247 2732 3310 utrumque
2775 3255 2882 3294 non
2951 3241 3066 3311 pari
3128 3256 3383 3297 successu
3445 3244 3516 3300 ab

204 3352 386 3396 vestra
419 3356 526 3395 non
558 3339 657 3395 fuit
689 3339 902 3410 (lbid.).
930 3360 949 3392 ι
976 3337 1108 3393 Nam
1138 3339 1184 3393 si
1214 3348 1338 3394 ante
1370 3335 1806 3393 trecentesimum

203 3432 402 3488 Christi
432 3447 628 3487 annum
658 3431 881 3502 perfecti
911 3431 1134 3487 fuissent
1158 3430 1211 3485 hi
1239 3430 1378 3496 libri,
1403 3430 1457 3484 in
1480 3431 1559 3485 eis
1585 3427 1673 3483 ille
1700 3442 1806 3482 non

204 3536 324 3582 ante
355 3527 785 3598 quadringentos,
828 3523 923 3581 sed
963 3534 1088 3579 ante
1138 3533 1412 3580 trecentos
1448 3537 1619 3578 annos
1657 3520 1803 3576 chri-

205 3620 438 3674 stianam
477 3619 793 3690 religionem
822 3634 929 3673 non
971 3617 1138 3673 fuisse
1166 3613 1521 3688 proculdubio
1555 3613 1801 3670 dixisset.

204 3711 376 3767 Nobis
404 3712 617 3783 quidem
657 3729 762 3768 non
811 3712 940 3768 latet
971 3713 1291 3783 quibusdam
1321 3712 1495 3766 visum
1525 3708 1805 3765 oscitantia

202 3805 417 3860 librarii
441 3822 531 3875 pro
553 3806 826 3874 trecentis,
854 3807 1250 3878 quadringentos
1279 3805 1530 3874 positum.
1553 3802 1660 3859 Sed
1689 3801 1804 3856 hate

202 3897 521 3966 conjectura
545 3899 740 3954 nullius
766 3898 1113 3970 manuscripti
1141 3897 1345 3953 codicis
1364 3940 1379 3961 ,
1410 3909 1496 3952 aut
1528 3893 1805 3967 scriptoris

201 3989 520 4046 testimonio
564 4001 617 4047 et
659 3992 978 4047 auctoritate
1007 3990 1376 4047 confirmatur.
1412 3987 1547 4055 Quid
1579 4001 1726 4054 vero,
1759 3986 1804 4041 si

201 4082 407 4139 ethnici
452 4083 737 4139 maluerint
765 4084 1022 4154 majorem
1047 4126 1061 4151 ,
1089 4092 1147 4139 ut
1170 4083 1327 4145 solet,
1355 4097 1514 4153 quam
1543 4081 1802 4136 minorem

200 4178 447 4245 proferre
500 4191 761 4232 annorum
817 4178 1138 4232 numerum?
1187 4174 1322 4230 Tum
1376 4171 1619 4244 profecto
1674 4171 1804 4226 nihil

199 4270 328 4327 inde
356 4272 492 4327 certi
521 4271 768 4326 concludi
796 4272 1014 4342 poterit.

271 4363 562 4419 Variantes
606 4379 766 4434 porro
811 4365 944 4420 istas
988 4362 1056 4420 de
1101 4363 1290 4419 horum
1336 4360 1598 4417 librorum
1643 4366 1804 4414 aetate

199 4457 522 4529 opiniones,
566 4472 628 4512 ac
669 4457 864 4529 quibus
901 4458 1166 4513 rationum
1208 4455 1502 4512 momentis
1543 4453 1798 4518 nitantur,

198 4550 593 4607 examinandas
615 4551 713 4607 tibi
740 4553 1119 4622 proposuimus
1141 4594 1155 4618 ,
1183 4560 1241 4606 ut
1264 4549 1316 4606 ei
1345 4566 1465 4621 qua:
1492 4565 1622 4604 vero
1650 4546 1801 4602 video

1915 3329 2152 3386 Arnobio
2183 3329 2380 3385 factum
2409 3333 2720 3401 opinantur.
2764 3332 2950 3404 Longe
2980 3334 3124 3388 enim
3155 3335 3392 3400 felicius,
3427 3337 3513 3392 in-

1910 3423 2102 3495 quiunt
2120 3467 2133 3492 ,
2161 3433 2320 3495 atque
2342 3425 2618 3482 efficacius
2639 3427 2872 3482 ethnicaa
2895 3428 3177 3499 religionis
3201 3428 3517 3498 falsitatem,

1911 3533 2068 3588 quam
2098 3518 2406 3575 christiana:
2436 3521 2716 3576 veritatem
2759 3523 3018 3578 ostendit.
3079 3522 3248 3594 Cujus
3295 3524 3515 3590 quidem

1911 3612 2052 3668 hanc
2083 3623 2270 3683 putant
2315 3629 2437 3670 esse
2477 3615 2775 3683 rationem,
2813 3618 2934 3688 quia
2966 3615 3240 3682 Arnobio,
3285 3616 3518 3689 aliisque

1910 3707 2200 3779 gentilibus
2221 3751 2235 3773 ,
2263 3708 2330 3763 ad
2348 3708 2704 3764 christianam
2734 3710 2893 3764 fidem
2922 3711 3217 3765 novissime
3243 3709 3513 3778 adductis,

1911 3803 2082 3858 multo
2110 3802 2321 3859 facilius
2365 3803 2467 3859 fuit
2508 3805 2706 3875 impios
2736 3805 3146 3876 absurdosque,
3204 3821 3339 3872 quos
3389 3823 3516 3878 per-

1913 3896 2051 3954 fecte
2094 3909 2396 3963 noverant,
2448 3899 2582 3955 ritus
2625 3909 2682 3955 et
2705 3915 2922 3956 errores
2954 3901 3200 3955 funditus
3227 3912 3510 3970 evertere,

1911 4005 2069 4060 quam
2116 3989 2432 4044 christiana:
2476 3991 2742 4046 doctrina:
2781 3991 2937 4060 cujus
2980 3992 3233 4061 mysteria
3275 3993 3511 4048 nondum

1910 4085 2040 4140 satis
2067 4093 2340 4155 comperta
2369 4083 2671 4149 habebant,
2702 4085 3080 4140 demonstrare
3108 4087 3413 4142 veritatem.

1985 4177 2182 4234 Verum
2237 4177 2362 4249 quid
2421 4177 2706 4248 prohibet,
2755 4177 3041 4247 quominus
3089 4177 3124 4232 ii
3167 4177 3270 4249 ipsi
3315 4180 3513 4250 quibus

1908 4287 2058 4329 sacra
2089 4281 2271 4326 nostra
2302 4271 2559 4343 mysteria
2589 4270 2826 4326 nondum
2855 4281 3094 4326 reserata
3144 4282 3268 4327 sunt
3287 4313 3301 4336 ,
3343 4288 3511 4342 gene—

1909 4367 2108 4423 ralibus
2146 4366 2514 4439 argumentis,
2559 4382 2655 4423 seu
2698 4365 3150 4437 quemadmodum
3195 4365 3509 4426 scholastici

1909 4460 2220 4532 loquuntur,
2276 4461 2654 4518 credibilitatis
2718 4462 2968 4530 motivis,
3021 4464 3304 4518 veritatem
3360 4463 3510 4519 chri-

1908 4553 2096 4606 stiana:
2135 4552 2412 4624 religionis
2459 4554 2810 4610 invictissime
2855 4555 3136 4611 adstruant
3179 4571 3243 4611 ac
3282 4555 3510 4612 demon-

199 4645 346 4700 bitur
371 4645 629 4711 similior,
680 4654 828 4700 tuum
878 4643 1120 4715 praebeas
1144 4657 1450 4698 assensum.
1483 4639 1649 4695 Nobis
1679 4651 1805 4694 vero
1831 4653 1886 4717 Ῑ)
1910 4646 2120 4700 strent?
2151 4646 2221 4702 At
2267 4645 2402 4701 infra
2443 4646 2936 4703 demonstrabimus
2985 4648 3129 4704 illam
3173 4649 3241 4702 ab
3282 4657 3508 4706 auctore

199 4737 333 4792 nihil
364 4738 572 4793 certius
603 4749 657 4792 et
686 4736 1021 4807 exploratius
1047 4734 1306 4790 hactenus
1332 4732 1619 4792 succurrit,
1644 4745 1802 4801 quam

198 4830 505 4886 Arnobium
537 4829 717 4886 citatis
757 4829 1038 4900 superius,
1079 4837 1132 4883 et
1181 4825 1302 4882 aliis
1349 4827 1466 4895 ejus
1505 4822 1683 4879 verbis
1736 4821 1803 4877 de

197 4926 412 4981 crudeli
454 4924 873 4980 cbristianorum
903 4922 1190 4978 vexatione
1213 4961 1228 4987 ,
1277 4920 1345 4976 de
1373 4917 1670 4974 combustis
1703 4930 1800 4971 eo-

197 5034 324 5075 rum
351 5019 508 5075 libris
526 5062 542 5087 ,
573 5028 627 5075 et
655 5019 863 5074 eversis
893 5017 1138 5073 ecclesiis
1159 5014 1482 5072 collineasse
1502 5011 1569 5067 ad
1592 5025 1798 5094 memo-

195 5122 383 5168 ratum
415 5111 734 5168 Diocletiani
765 5111 1005 5166 edictum
1027 5152 1043 5174 ,
1085 5123 1149 5164 ac
1179 5106 1405 5179 proinde
1451 5105 1594 5160 illius
1636 5103 1804 5159 libros

197 5207 349 5263 circa
375 5223 574 5262 annum
607 5205 814 5261 Christi
845 5207 951 5262 505
983 5204 1181 5274 publici
1231 5203 1401 5258 laetos
1437 5200 1603 5255 fuisse
1639 5197 1802 5270 juris.

195 5300 350 5356 Nihil
386 5309 564 5356 tamen
595 5299 858 5354 audemus
884 5308 1035 5354 certo
1065 5296 1450 5368 pronuntiare,
1480 5293 1642 5365 idque
1669 5291 1804 5346 alio-

195 5410 326 5452 rum
354 5393 560 5466 judicio
587 5394 748 5466 plane
780 5393 1155 5464 relinquimus.

815 5524 1105 5566 ABTICULUS
1141 5525 1198 5564 ll.

195 5626 280 5680 De
307 5641 430 5679 vera
445 5629 620 5678 horum
645 5622 1234 5685 librorum‘inscriptione,
1259 5627 1408 5732 atque
1421 5624 1729 5683 argumento,
1749 5623 1802 5668 et

258 5700 431 5732 mrum
452 5691 566 5732 illud
590 5696 730 5732 recte
746 5689 808 5732 ah
822 5687 934 5732 Arni
955 5689 1035 5732 bio
1046 5692 1298 5732 tractetur.
1347 5697 1374 5728 ρ
1397 5682 1671 5732 illiusstvlo.
1689 5695 1800 5732 eru-

258 5700 431 5742 utrum
452 5691 566 5740 illud
590 5696 730 5756 recte
746 5689 808 5738 ab
821 5687 934 5756 Arni
953 5682 1298 5756 bio__t'_ractetur.
1310 5682 1671 5756 deillitisstylo,
1689 5695 1800 5732 eru-

253 5756 480 5818 ditione,
507 5767 564 5804 ac
587 5753 740 5803 totius
761 5751 929 5815 aperis
952 5752 1002 5800 in
1024 5747 1174 5798 libros
1196 5753 1249 5797 et
1269 5747 1426 5810 capita
1450 5747 1777 5796 distinctione.

241 5880 454 5941 Nullus
499 5880 554 5935 in
605 5877 976 5950 manuscripto
1027 5875 1226 5938 horum
1266 5873 1495 5935 Aruobii
1525 5873 1796 5952 librorum

506 5973 786 6040 Punct.
825 5971 905 6035 V.

1910 4747 2099 4796 nostro
2153 4740 2417 4796 vindicari
2474 4741 2816 4797 validissimis
2871 4741 3140 4798 rationum
3189 4742 3506 4809 momentis,

1908 4848 2029 4905 quae
2053 4831 2122 4888 ab
2149 4848 2215 4886 eo
2244 4831 2514 4890 ducuntur
2533 4850 2601 4889 ex
2625 4834 2766 4889 veris
2785 4834 2984 4889 Christi
3011 4833 3508 4904 discipulorumque

1907 4926 2026 4998 ejus
2055 4925 2364 4992 miraculis,
2412 4941 2476 4980 ex
2507 4925 2809 4981 admirabili
2841 4941 2970 4980 sane
2997 4940 3060 4980 ac
3091 4940 3229 4994 pene
3274 4924 3508 4981 incredi-

1905 5021 1998 5076 bili
2029 5034 2329 5094 martyrum
2373 5019 2844 5076 inuumerabilium
2887 5019 3190 5074 constantia
3214 5059 3230 5084 ,
3256 5029 3418 5090 atque
3438 5033 3506 5072 ex

1907 5116 2190 5171 celerrima
2238 5115 2516 5187 religionis
2562 5113 2904 5178 chriSIianae,
2957 5129 3078 5184 quae
3121 5114 3210 5169 diu
3249 5124 3405 5169 antea
3437 5114 3506 5170 ab

1906 5213 2079 5266 sacris
2099 5209 2312 5265 vatibus
2338 5209 2603 5279 promissa
2630 5205 2804 5263 fuerat
2821 5250 2834 5271 ,
2859 5223 2957 5278 per
2977 5208 3288 5264 universum
3315 5207 3502 5263 orbem

1907 5312 2171 5360 terrarum
2219 5303 2622 5373 propagatione.
2674 5300 2940 5358 Caeterum
2995 5317 3102 5357 non
3155 5303 3290 5357 adeo
3346 5301 3502 5355 inco-

1905 5397 2052 5468 gnita
2097 5395 2333 5450 Arnobio
2385 5393 2604 5450 fuerunt
2654 5394 2832 5450 omnia
2877 5392 3184 5450 cbri5tiautb
3226 5391 3504 5463 religionis

1908 5489 2197 5562 mysteria.
2227 5487 2355 5557 quin
2384 5493 2561 5553 recte,
2595 5486 2672 5541 uti
2721 5501 2820 5542 suo
2869 5486 2989 5540 loco
3013 5484 3246 5549 dicetur,
3278 5483 3346 5538 de
3376 5499 3505 5538 vera

1912 5585 2004 5640 Dei
2029 5591 2244 5646 natura,
2284 5581 2352 5638 de
2380 5581 2599 5638 Christo
2627 5597 2758 5638 vero
2790 5580 2880 5634 Dei
2919 5579 3063 5643 filio,
3095 5588 3370 5633 servatore
3401 5592 3505 5632 no-

1908 5687 2044 5744 stro,
2079 5675 2309 5746 aliisque
2354 5673 2628 5730 nonnullis
2657 5673 2796 5728 illius
2820 5670 3030 5742 placitis
3071 5677 3126 5723 et
3169 5668 3506 5723 documentis

1908 5756 2293 5844 disputaverit.
2341 5769 2471 5826 Eam
2517 5766 2870 5840 proculdubio
2893 5764 2964 5821 ob
2994 5779 3209 5822 causam
3242 5763 3507 5834 Hieronya

1908 5881 2032 5925 mus
2079 5864 2510 5928 luculentissima
2554 5863 2672 5936 ejus
2717 5858 2872 5919 libros
2925 5859 3193 5934 appellat;
3226 5857 3353 5930 quia
3401 5869 3511 5912 non

3041 5949 3120 6020 18
