4158 6264
599 330 708 402 595

1869 308 2321 380 DlSSER'l‘ATIO
2358 307 2641 370 PREVIA

602 461 784 518 minus
830 450 1137 509 luculenter
1188 445 1471 505 veritatem
1541 440 1851 497 christiana:
1917 434 2191 507 religionis
2220 444 2273 503 Α
2297 429 2615 485 divisionem
2669 424 2865 481 laetam
3233 419 3594 518 Hieronymus
3634 428 3765 518 vero
3806 412 3892 518 .de

606 547 866 611 adstruit,
908 556 1070 616 quam
1111 540 1342 598 ethnicae
1382 534 1674 591 falsitatem
1703 529 1934 587 destruit
1962 526 2189 601 (Hiero-

606 664 748 724 nym.
766 688 780 711 ,
809 644 862 697 in
891 642 1068 697 chron.
1099 637 1168 691 ad
1188 650 1312 724 ann.
1341 628 1528 705 2542).

677 744 748 798 At
773 745 978 809 quanto
996 732 1166 804 magis
1192 722 1294 785 hos
1319 726 1554 784 auctoris
1580 723 1752 780 nostri
1776 720 1945 777 libros
1972 724 2193 788 propter

603 837 1041 905 argumentorum
1067 825 1175 879 vim
1204 830 1257 878 et
1287 818 1496 893 pondus
1538 817 1748 874 extollit
1796 813 2156 884 Hieronymus
2174 852 2190 878 ,

602 900 753 984 tanto
783 924 952 995 magis
982 919 1100 991 ejus
1130 914 1401 975 scribendi
1438 924 1502 969 ac
1540 907 1797 983 loquendi
1849 900 2066 961 modum
2112 901 2196 957 vi-

602 1025 835 1092 tuperat.
854 1013 933 1071 Ad
948 1008 1228 1069 Paulinum
1250 1008 1393 1066 enim
1410 1007 1527 1062 lucc
1541 1002 1753 1074 scripsit
1772 1002 1827 1056 in
1844 1000 2006 1056 verba
2030 1017 2043 1052 :
2065 998 2197 1052 «Ar-

598 1091 795 1172 nobius
809 1105 1113 1179 inaequalis,
1132 1111 1188 1160 et
1202 1102 1402 1158 nimius
1418 1106 1500 1154 est
1516 1139 1531 1165 ,
1550 1097 1755 1165 absque
1774 1092 1956 1164 operis
1970 1091 2053 1147 sui
2072 1103 2196 1163 par-

602 1210 792 1267 titione
821 1200 1101 1261 confusus.
1134 1219 1152 1251 ι
1185 1197 1376 1273 (Epist.
1406 1193 1497 1260 49,
1522 1210 1576 1265 p.
1606 1188 1755 1262 567).
1785 1186 1892 1245 Sed
1922 1184 2198 1255 displicuit

601 1300 889 1363 recentiori
903 1296 1112 1354 cuidam
1126 1294 1267 1349 inter
1279 1287 1645 1346 heterodoxos
1660 1280 1908 1352 scriptori
1924 1278 2057 1334 illud
2074 1278 2200 1334 Hie-

600 1395 810 1470 ronymi
824 1391 1083 1466 judicium
1101 1429 1116 1455 ,
1152 1401 1215 1441 ac
1233 1392 1357 1455 post
1378 1381 1535 1435 allata
1552 1379 1669 1431 haec
1688 1374 1859 1446 ipsius
1874 1371 2037 1427 verba
2069 1382 2198 1424 eon-

598 1461 842 1554 t'rariam,
863 1483 1014 1557 quasi
1046 1495 1114 1537 ex
1140 1476 1374 1548 tripode,
1399 1472 1477 1529 sic
1500 1470 1603 1526 fert
1623 1466 1948 1523 sententiam
1978 1483 1990 1518 :
2022 1480 2041 1516 ι
2068 1461 2199 1517 Mihi

601 1584 835 1640 disertus
864 1584 1052 1633 auctor
1078 1570 1350 1629 Arnobius
1370 1566 1602 1626 videtur,
1626 1571 1683 1618 et
1700 1560 1792 1631 qui
1818 1564 2198 1629 argumentum

598 1694 755 1737 suum
784 1684 971 1732 contra
997 1668 1229 1744 gentiles
1256 1666 1391 1722 adeo
1418 1670 1669 1719 accurate
1702 1668 1758 1714 et
1789 1656 2050 1712 concinne
2069 1664 2197 1721 per-

600 1770 873 1837 tractarit,
911 1775 970 1822 ut
997 1766 1254 1820 adversus
1285 1761 1420 1815 istos
1440 1756 1671 1812 meliora
1695 1751 1801 1807 dici
1823 1763 2013 1820 posse,
2037 1757 2199 1817 quam

604 1884 724 1942 quae
748 1866 814 1922 ab
832 1862 1065 1933 antiquis
1083 1860 1163 1916 sic
1184 1858 1324 1912 bene
1336 1854 1605 1922 diSputata
1626 1854 1773 1911 sunt,
1791 1846 1882 1900 vix
1907 1842 2141 1897 videam.
2173 1854 2196 1890 δ
2238 1848 2305 1921 ‘Bz

603 1931 1710 2035 (uomat.,rfmu.meotog.,tn..,cap.
1730 1937 1855 2003 1,5,
1865 1931 2206 2035 μηλιδί).

602 2028 711 2112 Sed
728 2052 840 2118 die,
859 2061 1063 2122 quaeso,
1087 2042 1298 2101 erudite
1316 2037 1588 2107 theologe,
1608 2033 1826 2090 ubinam
1838 2028 2204 2097 ilieronymns

597 2147 795 2205 dixerit
822 2149 1193 2215 argumentum
1223 2133 1356 2190 illud
1381 2132 1448 2187 ab
1473 2127 1714 2185 Arnobio
1738 2140 1846 2180 non
1868 2130 2120 2177 accurate
2148 2127 2205 2174 et

597 2241 861 2301 concinne
878 2231 1228 2310 pertractari?
1263 2226 1372 2284 Cur
1388 2227 1555 2282 libros
1592 2223 1708 2294 eius
1744 2216 2203 2275 luculentissimes

598 2334 855 2409 appellat,
876 2309 980 2387 nisi
996 2329 1117 2400 quia
1137 2340 1234 2381 suo
1249 2319 1582 2379 stabiliendae
1600 2314 1908 2373 christiana:
1918 2309 2200 2381 religionis

598 2404 876 2504 proposito
911 2419 1372 2481 abundantissime
1420 2410 1720 2469 satisfecit?
1765 2404 2035 2477 Numquid
2066 2418 2200 2459 vero

598 2498 799 2598 negare
824 2530 979 2593 putes
1004 2517 1156 2573 iitum
1170 2515 1228 2569 in
1242 2508 1523 2568 suislibris
1543 2520 1667 2563 esse
1682 2504 1887 2575 absque
1908 2500 2094 2570 operis
2113 2498 2198 2553 sui

597 2595 891 2693 partitione
905 2613 1214 2672 confusum?
1236 2610 1424 2665 Nonne
1444 2607 1497 2660 in
1522 2606 1698 2677 primo
1719 2612 1773 2658 et
1790 2597 2034 2656 secundo
2056 2595 2199 2650 libro

594 2687 795 2784 ubique
819 2711 1017 2782 passim
1039 2704 1245 2761 occurit
1266 2701 1358 2756 illa
1381 2696 1665 2755 confusio?
1691 2694 1948 2749 Fatemur
1968 2687 2195 2760 quidem

595 2810 650 2864 in
698 2805 842 2863 libro
864 2802 1033 2859 tertio
1060 2804 1378 2869 argumenta
1402 2793 1537 2848 satis
1554 2789 1841 2850 concinne,
1862 2793 1917 2840 et
1936 2790 2197 2839 accurate

596 2897 875 2967 distingui.
910 2892 1107 2949 Verum
1138 2891 1193 2944 in
1242 2887 1310 2941 iis
1356 2883 1607 2939 omnibus
1636 2879 1835 2935 clarior
1863 2876 2046 2946 utique
2072 2885 2196 2943 par~

596 2994 718 3049 titio
756 2987 1121 3045 desideratur.
1149 2980 1344 3036 Testes
1387 2990 1578 3033 omnes
1626 2971 1876 3044 appello,
1933 2972 2198 3040 quotquot

598 3084 701 3141 hos
742 3082 915 3137 libros
956 3075 1333 3149 perlegerunt,
1384 3082 1449 3126 ae
1493 3069 1596 3123 nisi
1647 3067 1785 3121 hanc
1823 3062 2195 3120 confusionem

598 3180 933 3248 agnoscant,
985 3169 1108 3223 illos
1155 3162 1441 3220 aristarchi
1493 3160 1661 3216 nostri
1710 3159 1870 3230 lynce
1921 3154 2195 3227 perspica~

597 3270 774 3324 ciores
800 3263 984 3320 oculos
1008 3259 1211 3315 habere
1242 3255 1552 3312 fatebimur.

669 3358 836 3416 Nobis
866 3371 1029 3429 porro
1055 3353 1337 3423 theologus
1378 3367 1408 3403 a
1453 3342 1610 3404 nobis
1650 3345 1896 3401 laudatus
1919 3341 2191 3412 explicet,

600 3455 727 3529 quid
758 3453 932 3508 diserti
963 3449 1178 3505 nomine
1209 3445 1508 3515 intelligat:
1535 3445 1580 3497 si
1602 3440 1824 3496 doctum
1854 3452 1918 3493 ac
1936 3436 2189 3507 peritum,

600 3527 677 3607 illi
707 3545 1002 3602 Arnobium
1052 3542 1317 3597 disertum
1367 3546 1491 3593 esse
1539 3535 1681 3590 ultro
1728 3530 2114 3594 concedimus;
2150 3527 2198 3581 si

604 3643 751 3700 clare
772 3656 840 3696 ac
868 3638 1033 3710 polite
1066 3637 1375 3706 loquentem
1401 3673 1416 3698 ,
1446 3632 1493 3686 si
1516 3630 1725 3686 bonum
1753 3626 2039 3682 latinitatis
2068 3636 2196 3677 auc-

607 3747 810 3800 torem,
840 3742 1123 3803 negamus.
1159 3726 1290 3782 Nam
1332 3724 1643 3795 scriptionis
1686 3720 1830 3776 illius
1872 3732 2045 3790 genus
2091 3726 2199 3770 non

610 3827 772 3885 modo
818 3823 1117 3895 inaequale,
1174 3820 1399 3876 nimium
1457 3826 1515 3873 et
1564 3814 1875 3871 redundans
1930 3820 2043 3877 est,
2102 3808 2199 3864 sed

609 3921 771 3977 etiam
810 3917 1076 3973 incultum
1098 3956 1115 3982 ,
1162 3913 1332 3979 rude,
1366 3909 1671 3982 impolitum
1693 3948 1707 3970 ,
1749 3914 1913 3977 atque
1940 3902 2202 3959 obsoletis

608 4009 1017 4084 «pampluribus
1034 4006 1221 4063 verbis
1251 4005 1442 4060 durum
1464 4012 1518 4059 et
1539 4014 1814 4072 asperum.
1830 3996 2002 4069 liuius
2023 4004 2201 4051 autem

612 4107 901 4175 incompta:
926 4102 1298 4171 inornatneque
1346 4098 1600 4153 dictionis
1627 4094 1899 4165 duplicem
1957 4090 2203 4147 nonnulli

609 4196 845 4253 afferunt
914 4194 1206 4250 “lienem.
1256 4191 1469 4256 Primo,
1531 4189 1654 4260 quia
1704 4185 1977 4244 Arnobius
2030 4182 2205 4254 patria

611 4294 740 4350 Afer
764 4309 885 4350 cum
910 4302 1088 4357 esset,
1121 4289 1418 4346 africanum
1441 4285 1705 4358 ‘loquentii
1750 4284 1964 4340 modum
2012 4294 2078 4337 eo
2120 4279 2204 4333 Pa-

611 4387 765 4443 cilius
790 4395 1029 4443 sectatus
1055 4395 1139 4440 est
1158 4427 1174 4453 ,
1221 4398 1328 4454 quo
1364 4383 1523 4437 citius
1562 4381 1730 4436 libros
1756 4393 1884 4434 suos
1911 4378 2203 4448 perlicere,

615 4496 817 4551 eosque
845 4479 969 4535 ﬁdei
998 4493 1144 4546 ante,
1173 4486 1233 4532 ut
1268 4476 1380 4547 jam
1422 4475 1760 4539 notavimus,
1809 4471 2027 4526 obsides
2077 4468 2208 4522 dare

615 4574 849 4631 volebat.
880 4572 1159 4640 Secundo,
1190 4571 1306 4626 haec
1337 4571 1451 4640 ipsa
1476 4580 1573 4624 eos
1617 4568 1848 4623 celerius
1888 4561 2203 4619 absolvendi

2295 522 2534 579 Arnobio
2561 530 2748 576 nostro
2778 519 2832 573 in
2860 532 2956 573 sua
2999 516 3069 573 ad
3096 516 3342 588 Magnum
3372 511 3602 584 epistola
3630 508 3849 577 scripsit
3874 522 3892 563 :

2302 639 2321 672 ‹
2356 619 2576 689 Septem
2606 616 2776 672 libros
2802 615 3063 671 adversus
3104 623 3323 685 gentes,
3371 610 3707 678 totidemque
3730 602 3899 660 disci-

2296 712 2452 784 pulus
2463 711 2582 782 ejus
2597 710 2908 766 Lactantius
2919 707 3180 765 condidit.
3204 722 3227 760 ι
3250 705 3272 779 (
3287 705 3618 776 Ηίσοηςπι.,
3635 700 3784 773 epist.
3800 697 3897 767 83,

2298 823 2419 879 pago
2446 805 2550 861 658
2572 804 2630 899 )g

2369 899 2524 956 Nulla
2549 892 2726 955 autem
2750 899 2805 954 in
2832 900 3047 969 capita,
3098 895 3383 965 nullasque
3421 894 3477 949 in
3528 889 3798 948 sectioncs
3842 884 3902 940 hi

2298 993 2423 1049 libri
2446 992 2721 1048 distributi
2747 1006 3002 1063 umquam
3027 990 3273 1045 fuerunt.
3296 993 3363 1043 At
3380 987 3502 1041 haec
3524 984 3745 1057 quidem
3765 995 3904 1036 con-

2295 1087 2487 1157 juncta
2526 1085 2951 1156 continuataque
3001 1096 3257 1139 sermone
3308 1077 3584 1136 scribendi
3634 1077 3777 1131 ratio
3813 1075 3904 1129 vi-

2299 1181 2457 1236 detur
2484 1196 2593 1235 non
2628 1195 2813 1251 parum
2855 1180 2925 1234 ad
2970 1193 3092 1234 eam
3147 1176 3442 1233 contulisse
3487 1171 3902 1236 confusionem,

2300 1284 2459 1343 quam
2506 1273 2666 1341 paulo
2709 1282 2837 1327 ante
2882 1272 3208 1326 notavimus.
3258 1266 3673 1339 Quaproptersi
3699 1264 3821 1336 quis
3846 1262 3907 1317 in

2301 1381 2436 1421 nova
2464 1366 2641 1436 aliqua
2670 1366 2863 1420 horum
2893 1364 3155 1419 librorum
3186 1362 3428 1419 editione
3454 1374 3552 1416 eos
3570 1400 3589 1427 ,
3618 1357 3764 1430 quod
3792 1369 3910 1411 non

2302 1459 2376 1513 ita
2404 1458 2624 1514 difﬁcile
2648 1466 2762 1526 est,
2815 1458 2867 1512 in
2906 1457 3084 1527 capita
3130 1464 3224 1510 aut
3269 1454 3541 1511 sectione:
3580 1450 3909 1517 distribuat,

2302 1552 2350 1607 is
2377 1565 2509 1607 sane
2532 1559 2590 1607 et
2627 1551 2753 1607 huic
2792 1549 3100 1607 confusioni
3141 1548 3470 1615 medebitur,
3500 1555 3556 1603 et
3580 1544 3798 1602 taedium
3827 1543 3911 1598 la-

2301 1644 2601 1717 boremque
2630 1645 2846 1702 lectoris
2875 1644 3171 1717 plurimum
3196 1641 3520 1699 sublevabit.

2902 1794 3195 1835 ARTICULUS
3232 1794 3309 1833 lll.

2310 1916 2387 1968 De
2420 1917 2599 1966 horum
2630 1916 2867 1968 librorum
2905 1917 3198 1978 integritate
3244 1928 3311 1978 ac
3349 1921 3519 1978 textus
3552 1912 3916 1977 corruptione;

2372 1986 2553 2043 utrum,
2582 1986 2635 2030 et
2657 1992 2685 2028 a
2708 1981 2889 2042 quibus
2913 1976 3050 2043 plura
3074 1977 3318 2043 Arnobius
3337 1976 3669 2043 delibaverit:
3696 1976 3758 2026 an
3779 1986 3917 2040 qua:-

2368 2042 2481 2091 dam
2506 2039 2774 2105 seripturas
2796 2039 2949 2093 sacra:
2976 2042 3257 2092 testimonia
3278 2039 3525 2090 citaverit.

2379 2169 2650 2241 [ntegrum
2699 2186 2762 2227 ac
2811 2171 2971 2243 plane
3026 2169 3324 2241 perfectum
3370 2170 3475 2225 hoc
3522 2169 3749 2225 Arnobii
3777 2183 3922 2241 opus

2308 2262 2371 2317 ad
2420 2278 2519 2318 nos
2556 2279 2661 2347 non
2707 2265 2974 2335 pervenit.
3006 2266 3054 2320 Α
3084 2264 3260 2320 doctis
3306 2264 3571 2334 siquidem
3621 2265 3755 2321 viris
3802 2264 3922 2336 jam

2307 2356 2654 2412 observatum
2683 2367 2769 2413 est
2806 2358 2859 2412 in
2891 2358 3037 2412 illius
3068 2358 3174 2413 line
3199 2358 3403 2428 aliquid
3434 2357 3769 2423 desiderari,
3818 2366 3922 2414 aut

2306 2448 2723 2515 detruncatum,
2774 2459 2867 2506 aut
2911 2448 3258 2505 librariorum
3333 2450 3540 2506 incuria
3608 2450 3917 2522 omissum,

2305 2550 2398 2595 aut
2443 2541 2614 2612 quod,
2647 2540 2789 2597 {uada
2834 2542 3077 2612 priorum
3125 2542 3375 2596 codicum
3422 2543 3773 2612 corruptione
3813 2541 3924 2598 de-

2305 2632 2495 2700 letum,
2530 2633 2635 2703 legi
2693 2634 2926 2705 amplius
2979 2649 3086 2689 non
3127 2635 3321 2704 potuit.
3356 2632 3465 2690 Nos
3524 2649 3654 2690 vero
3677 2633 3787 2705 jam
3820 2634 3927 2690 ob-

2304 2726 2639 2780 servavimus
2680 2727 2913 2796 primam
2983 2726 3343 2797 manuscripti
3393 2725 3599 2783 codicis
3644 2728 3775 2799 regii
3823 2743 3925 2798 pa-

2303 2819 2485 2889 ginam
2570 2819 2837 2875 sublatam
2916 2818 3107 2875 fuisse.
3155 2819 3213 2874 In
3269 2819 3436 2875 totius
3480 2829 3663 2875 autem
3734 2821 3925 2889 operis

2303 2910 2410 2966 fine
2458 2911 2660 2983 aliquid
2715 2912 2967 2968 similiter
3016 2914 3484 2984 praetermissum,
3534 2920 3627 2967 aut
3670 2913 3925 2968 avulsum

2302 3018 2423 3058 esse
2450 3003 2573 3059 inde
2599 3003 2779 3075 colligi
2833 3013 3043 3073 potest,
3097 3004 3242 3076 quod
3289 3005 3362 3059 ibi
3412 3004 3686 3060 Arnobius
3738 3004 3928 3061 varias

2307 3097 2647 3151 ethnicorum
2693 3096 2968 3165 historias,
3000 3113 3134 3168 quas
3164 3097 3548 3153 miraculorum
3573 3099 3759 3169 plenas
3787 3114 3927 3155 ven-

2298 3189 2574 3255 ditabant,
2622 3188 2743 3246 fuse
2783 3190 3095 3263 iuvicteque
3145 3192 3374 3259 refellit;
3427 3194 3496 3248 ad
3543 3209 3663 3250 eam
3723 3193 3929 3250 nihilo-

2229 3265 2273 3326 C
2306 3280 2514 3348 minus,
2561 3296 2722 3351 quam
2775 3282 2897 3352 ipse
2927 3296 2995 3336 ex
3025 3280 3292 3351 Capitolio
3339 3282 3447 3337 ictu
3501 3281 3743 3338 fulminis
3790 3300 3924 3355 per-

2299 3371 2484 3437 culso,
2508 3383 2564 3428 et
2604 3372 2817 3443 dejecta
2850 3373 3000 3429 Jovis
3032 3382 3207 3429 statua
3240 3373 3341 3430 sibi
3368 3374 3646 3447 objecerat
3671 3376 3784 3445 (lib.
3822 3393 3922 3446 vn,

2301 3482 2422 3538 pag.
2451 3462 2615 3538 245),
2651 3465 2788 3520 nihil
2832 3482 3058 3537 prorsus
3106 3467 3423 3538 respondet.
3475 3469 3733 3538 Quamvis
3773 3470 3927 3527 enim

2302 3571 2402 3611 suo
2451 3557 2517 3612 ad
2564 3557 2810 3629 priorem
2864 3554 3146 3615 historiam
3196 3576 3490 3632 responso,
3546 3563 3679 3620 alias
3731 3579 3928 3622 omnes

2303 3648 2541 3705 funditus
2594 3655 2763 3707 everti
2812 3654 2946 3708 satis
3000 3663 3189 3723 aperte
3235 3653 3533 3727 signiﬁcet;
3586 3657 3708 3729 quia
3740 3666 3927 3715 tamen

2304 3754 2529 3801 czeteras
2559 3761 2750 3803 omnes
2776 3763 2809 3802 a
2842 3762 2902 3803 se
2941 3752 3245 3820 propositas
3290 3750 3602 3821 singillatim
3644 3754 3927 3823 confutet,

2308 3837 2399 3891 vix
2430 3837 2525 3891 ulli
2564 3838 2846 3909 probabile
2895 3839 2987 3894 liet
3034 3840 3176 3895 hanc
3219 3841 3392 3896 solam
3439 3843 3507 3899 ab
3556 3843 3652 3899 illo
3704 3843 3927 3914 penitus

2307 3936 2563 3990 intactam
2607 3950 2765 4003 esse,
2822 3934 3047 4007 ulloque
3090 3937 3518 4008 praetermissam
3570 3937 3772 4010 absque
3800 3953 3921 3995 res-

2309 4041 2499 4097 ponso.

2382 4121 2684 4187 Praeterea,
2744 4122 2839 4177 ille
2872 4132 2995 4192 post
3045 4122 3210 4177 diluta
3242 4134 3296 4178 et
3339 4139 3535 4180 eversa
3565 4123 3926 4182 Ethnicorutn

2310 4223 2653 4284 argumenta,
2698 4228 2767 4269 ex
2801 4214 3177 4281 hujuscemodi
3230 4215 3472 4272 historiis
3520 4218 3727 4288 petita,
3780 4217 3930 4274 solet

2312 4307 2544 4377 aliquam
2595 4315 2791 4361 contra
2814 4306 2940 4361 illos
2986 4315 3043 4362 et
3073 4322 3172 4376 pro
3201 4306 3526 4364 Christianis
3557 4311 3758 4368 elicere
3787 4325 3927 4367 con-

2311 4398 2629 4453 clusionem.
2663 4401 2732 4454 At
2764 4400 2936 4457 sicubi
2968 4417 3202 4471 unquam
3224 4443 3245 4470 ,
3272 4417 3339 4457 eo
3366 4412 3515 4459 certe
3553 4403 3673 4460 loco
3703 4404 3756 4460 id
3799 4404 3925 4461 fieri

2313 4489 2527 4557 debuit,
2578 4491 2669 4547 ubi
2701 4510 2864 4563 quam
2904 4495 3135 4565 gentiles
3186 4495 3574 4553 validissimam
3628 4498 3926 4570 putabant,

2313 4587 2842 4655 argumentationem
2869 4586 3164 4655 diluendo,
3205 4587 3356 4645 libris
3404 4589 3516 4644 suis
3558 4590 3717 4647 linem
3750 4591 3929 4662 impo-

611 4667 886 4725 festinatio
931 4664 1207 4736 prohibuit
1253 4678 1415 4729 sane,
1464 4656 1752 4733 quominus
1800 4656 1892 4713 ille
1934 4658 2201 4713 sermonis

2304 4679 2435 4733 suit.
2462 4677 2852 4735 Verumtamen
2898 4679 2941 4733 si
2989 4681 3109 4750 quis
3159 4679 3211 4734 id
3254 4681 3357 4752 ipsi
3384 4680 3451 4736 ad
3480 4680 3645 4737 libros
3669 4697 3799 4739 suos
3824 4656 3929 4739 ab-

618 4762 901 4834 elegantise
921 4770 974 4816 et
995 4759 1270 4815 munditiae
1291 4758 1490 4828 ubique
1509 4756 1773 4811 studeret.
1799 4752 1996 4825 Negari
2027 4763 2204 4807 tamen

618 4870 725 4911 non
757 4863 932 4925 potest
961 4852 1190 4924 pbrrima
1216 4851 1413 4923 passim
1458 4858 1749 4905 occurrere
1794 4858 1952 4916 apte,
2000 4845 2205 4915 polite,

617 4951 891 5019 eleganter
936 4956 992 5003 et
1029 4945 1297 5002 rhetorice
1340 4944 1517 5009 dicta,
1564 4957 1627 4998 ac
1652 4941 1986 5013 gravissimis
2012 4948 2210 4995 ornata

617 5047 987 5115 illustrataque
1010 5043 1193 5099 verbis
1221 5050 1276 5097 et
1303 5038 1602 5096 sententiis.

690 5140 965 5197 Summam
990 5154 1121 5193 vero
1147 5135 1504 5193 eruditionem
1548 5135 1604 5190 lu
1642 5132 1722 5188 eis
1754 5132 1962 5201 passim
2009 5129 2209 5200 ubique

620 5234 1023 5291 disseminatam
1077 5230 1286 5302 magnis
1337 5228 1583 5299 plerique
1643 5225 1875 5281 ederunt
1932 5221 2202 5278 laudibus.

618 5328 722 5385 Sed
766 5326 1040 5384 fatendum
1073 5335 1155 5380 est
1199 5338 1317 5378 eam
1357 5322 1527 5392 magis
1548 5319 1616 5375 ad
1642 5335 1732 5375 res
1748 5319 2012 5391 profanas
2041 5332 2202 5389 quam

619 5433 832 5489 sacras,
880 5428 1101 5490 eo,quo
1152 5415 1421 5480 diximus,
1481 5412 1645 5468 modo
1692 5422 1971 5483 spectare,
2006 5412 2089 5465 uti
2130 5418 2205 5467 ex

619 5513 755 5571 infra
782 5511 1118 5583 disputandis
1139 5509 1231 5565 liet
1256 5506 1505 5564 omnibus
1533 5506 1662 5560 satis
1689 5503 2056 5561 manifestum.

691 5604 882 5660 Totum
924 5614 1098 5660 autem
1127 5616 1262 5673 opus
1287 5600 1354 5654 ab
1383 5599 1614 5669 ipsemet
1642 5598 1880 5653 Arnobio
1907 5607 2114 5669 septem
2144 5598 2198 5652 in

618 5700 784 5756 libros
808 5688 1179 5752 diviSumii’uit.
1212 5692 1379 5762 ’ρηοιί
1420 5689 1635 5762 quidem
1683 5702 1803 5743 cum
1854 5689 2201 5760 manuscripti

617 5794 847 5859 codicis,
899 5799 1009 5845 tum
1050 5787 1389 5859 Hieronymi.
1416 5784 1735 5842 auctoritate
1779 5784 2203 5841 luculentissime

620 5883 892 5958 probatur.
924 5881 1044 5937 alam
1086 5881 1229 5936 enim
1283 5880 1337 5933 in
1390 5888 1578 5935 vetere
1622 5875 1771 5948 regio
1821 5874 2007 5936 codice
2062 5876 2201 5933 hanc

2313 4768 2601 4825 solvendus
2656 4771 2931 4824 festinanti
2982 4772 3253 4827 excidisse
3307 4772 3631 4839 contendat,
3692 4774 3820 4830 huic
3875 4774 3929 4832 si

2312 4863 2453 4918 istud
2482 4872 2626 4919 recte
2647 4862 2996 5010 Srobaverit,
3029 4880 3137 4944 non
3184 4866 3592 4922 reluctabimur.
3626 4867 3731 4924 Sed
3772 4870 3927 4940 prius

2315 4958 2623 5010 meminisse
2684 4957 2810 5010 ebet
2842 4959 3080 5010 Arnobio
3112 4961 3177 5010 ad
3209 4960 3640 5010 conclusionem-
3668 4976 3734 5010 ex
3760 4960 3925 5010 dictis

2315 4958 2623 5012 meminisse
2647 4957 2810 5012 debet
2842 4959 3080 5013 Arnobio
3112 4961 3177 5013 ad
3209 4960 3641 5029 conclusionem,
3668 4976 3735 5017 ex
3760 4960 3925 5020 dictis

2317 5052 2431 5106 suis
2462 5050 2530 5105 ibi
2560 5050 2887 5117 eruendam,
2926 5068 3032 5108 non
3073 5053 3241 5109 multa
3275 5058 3520 5126 profecto
3569 5070 3705 5126 opus
3755 5055 3927 5114 fuisse

2316 5160 2466 5200 mora
2494 5153 2548 5199 et
2574 5144 2941 5200 cunctatione.

2386 5236 2626 5308 Longum
2656 5236 2876 5309 insuper
2900 5230 3263 5310 fragmentum
3285 5281 3302 5306 ,
3350 5239 3559 5296 duabus
3587 5250 3642 5297 et
3689 5243 3925 5312 amplius

2313 5330 2524 5400 paginis
2554 5330 3005 5398 comprehensum
3028 5373 3044 5396 ,
3076 5332 3308 5404 legimus
3339 5333 3465 5389 libri
3497 5334 3717 5391 secundi
3745 5336 3923 5408 initio,

2312 5423 2382 5476 ab
2444 5424 2527 5477 his
2572 5423 2754 5478 verbis
2799 5441 2811 5476 :
2865 5423 2935 5478 Et
2985 5441 3085 5479 non
3141 5430 3372 5481 omnium
3426 5429 3664 5483 virtutum
3712 5447 3920 5501 amore,

2310 5532 2484 5587 usque
2503 5517 2571 5572 ad
2591 5518 2715 5572 illa:
2748 5519 3079 5589 impendeant
3101 5521 3375 5576 creditur-is
3403 5522 3515 5596 (lib.
3551 5540 3618 5589 tt,
3650 5541 3771 5598 pag.
3802 5525 3920 5598 45),

2311 5606 2455 5675 «Iuntl
2504 5608 2557 5661 in
2604 5611 2975 5680 manuscripto
3014 5611 3207 5667 codice
3232 5621 3297 5667 et
3320 5614 3566 5685 antiquis
3594 5612 3923 5674 editionibus

2313 5698 2704 5769 transpositam
2750 5699 2949 5759 fuerat.
2982 5700 3062 5759 lbi
3094 5718 3332 5776 namque
3366 5720 3429 5761 ea
3460 5706 3640 5763 omnia
3670 5724 3789 5780 quas
3827 5709 3923 5765 ha-

2318 5791 2533 5859 bentur,
2568 5792 2794 5851 Arnobii
2849 5798 3017 5853 textui
3056 5798 3210 5854 nullo
3241 5801 3405 5871 plane
3433 5801 3596 5858 modo
3619 5803 3917 5863 cohaerent.

2314 5885 2678 5955 Quamobrem
2722 5889 2776 5945 in
2818 5890 3024 5949 ultimis
3072 5890 3409 5953 editionibus
3440 5895 3653 5969 singula
3689 5914 3918 5972 quaeque
