4166 6256
273 248 378 306 597

1545 246 1613 304 IN
1653 240 2022 304 ARNOBIUM.
2064 241 2218 300 CAP.
2260 241 2322 297 ll.

3452 244 3561 305 598

269 366 392 421 loco
421 379 523 422 suo
542 366 675 422 satis
692 364 943 436 apposite
962 364 1210 421 restituta
1226 365 1499 432 videntur,
1526 363 1610 420 his
1632 363 1873 434 exceptis
1900 369 1954 425 Α
1982 380 2001 412 ‹
2040 360 2410 432 Numquamne
2426 358 2563 415 illud
2591 358 2865 431 vulgatam
2915 361 3233 430 perstrinxit
3255 374 3414 418 aures
3441 379 3566 420 ves-

266 458 453 515 verbis
485 477 500 514 :
534 469 590 512 ut
617 474 718 514 non
755 459 811 513 in
854 468 1063 513 cunctos
1090 459 1260 513 lumen
1286 468 1332 512 et
1361 457 1686 529 pratenderit
1714 457 1863 525 vim,

269 566 319 613 et
349 559 638 628 periculum
682 558 1020 630 ignorationis
1061 560 1343 626 amaverit;
1393 574 1512 630 qum
1540 558 1759 630 quidem
1811 557 1869 614 in

266 653 595 724 quibusdam
620 650 951 710 editionibus
977 655 1174 711 omissa
1194 697 1208 721 ,
1239 663 1295 711 et
1323 655 1375 709 in
1405 652 1596 709 ultima
1625 652 1866 709 editione

267 746 400 801 loco
420 742 599 801 adhuc
624 742 803 801 alieno
830 747 1034 802 inserta
1056 762 1218 803 nemo
1243 745 1491 802 fortassis
1527 744 1863 802 difﬁtebitur.

265 835 462 894 Nonne
489 848 672 894 autem
700 837 754 892 id
800 838 1007 895 indicio
1049 839 1193 895 haud
1235 840 1395 911 plane
1435 839 1668 896 obscuro
1712 839 1867 894 nobis

266 940 356 988 est
379 931 596 987 illorum
621 973 638 998 ,
665 931 758 1002 qui
788 930 996 987 ultimis
1021 935 1219 988 horum
1250 933 1512 990 librorum
1541 931 1868 989 editionibus

267 1022 605 1094 praefuerunt
625 1066 642 1091 ,
675 1024 896 1093 prOpria
940 1023 1265 1080 auctoritate
1310 1025 1501 1080 factam
1527 1023 1696 1081 fuisse
1721 1038 1866 1095 prte—

269 1126 543 1187 posteram
573 1117 722 1173 illius
745 1116 1033 1189 fragmenti
1060 1120 1477 1175 resritutionem.

344 1209 506 1266 Aliud
534 1224 698 1281 porro
728 1219 857 1266 ante
898 1211 1065 1266 linem
1115 1209 1239 1265 libri
1284 1210 1500 1283 septimi
1530 1220 1870 1283 segmentum

266 1304 339 1363 ab
365 1306 452 1361 his
477 1305 659 1362 verbis
683 1323 698 1361 :
723 1304 850 1361 Non
873 1306 1009 1361 imus
1035 1306 1277 1376 inﬁcias,
1330 1321 1501 1378 usque
1532 1306 1600 1363 ad
1645 1307 1733 1362 illa
1783 1307 1868 1361 in-

266 1398 484 1454 clusive
512 1416 531 1451 :
562 1397 687 1454 Post
713 1400 982 1466 advectos,
1017 1408 1148 1467 etc.,
1195 1400 1249 1454 in
1279 1401 1646 1471 manuscripto
1682 1398 1869 1455 codice

265 1487 428 1563 regio
452 1500 509 1548 et
531 1492 918 1563 antiquissimis
947 1492 1278 1550 editionibus
1307 1492 1614 1562 exhibetur,
1661 1495 1716 1548 in
1762 1508 1869 1564 quo

264 1584 467 1657 plura,
522 1600 639 1656 qua:
686 1586 839 1657 prius
885 1585 1145 1657 dispersis
1189 1587 1243 1641 in
1270 1587 1404 1643 locis
1426 1586 1570 1643 dicta
1617 1585 1866 1655 fuerant,

266 1680 499 1736 totidem
544 1680 727 1736 verbis
780 1682 975 1737 iterum
1020 1681 1292 1751 descripta
1326 1691 1470 1736 sunt.
1501 1680 1866 1752 QuaprOpter.

1974 464 2089 511 tras
2145 474 2159 510 :
2216 454 2546 524 Sapientiam
2614 454 2849 510 hominis
2904 456 3184 510 stultitiam
3238 470 3359 512 esse
3415 458 3563 525 apud

1970 549 2139 603 Deum
2171 565 2190 599 ι
2224 546 2465 619 (Arnob.,
2496 546 2587 600 lib.
2610 562 2680 614 ιι,
2728 562 2848 618 pag.
2882 547 3034 617 46.)?
3084 548 3366 618 Sumptum
3414 548 3563 606 enim

1970 641 2236 712 aliquibus
2267 639 2406 696 haud
2438 629 2710 697 immerito
2760 641 3056 707 videbitur,
3102 658 3169 698 ex
3201 643 3284 698 his
3310 640 3459 697 Pauli
3487 644 3560 699 ad

1970 733 2278 791 Corinthios
2309 735 2523 791 verbis:
2560 735 2829 807 Sapientia
2852 737 3005 808 hujus
3033 738 3211 792 mundi
3241 739 3459 793 stultitia
3482 747 3562 794 est

1948 829 2111 900 .apud
2156 828 2324 883 Deum
2355 829 2409 899 (ἰ
2447 830 2516 883 ad
2555 828 2813 894 Corinth,
2843 844 2882 894 ι,
2908 831 3022 900 l9).
3048 828 3348 900 Utcumque
3380 840 3565 888 autem

1970 936 2058 976 res
2082 935 2143 975 se
2170 921 2400 985 habeat,
2433 921 2526 975 vix
2554 921 2726 976 ullum
2770 921 2917 977 aliud
2948 922 3002 976 in
3030 923 3285 978 omnibus
3331 925 3563 978 Arnobii

1972 1014 2125 1070 libris
2152 1014 2518 1070 testimonium
2553 1014 2814 1083 invenies,
2844 1028 2914 1071 ex
2945 1030 3099 1071 sacra
3126 1017 3403 1087 Scriptura
3434 1018 3567 1073 toti-

1971 1107 2093 1163 dem
2122 1107 2293 1177 ipsius
2313 1106 2515 1174 verbis,
2549 1107 2634 1162 vel
2662 1108 2900 1163 auctoris
2928 1109 3148 1166 nomine
3176 1109 3423 1164 citatum.
3454 1109 3563 1166 No-

1972 1199 2071 1254 luit
2098 1200 2297 1271 itaque,
2322 1210 2508 1270 aperta
2524 1199 2771 1269 ejusdem
2798 1215 2970 1257 sacra:
2996 1186 3290 1273 Scriptura:
3318 1205 3563 1260 auctori-

1973 1302 2103 1361 tate,
2156 1296 2416 1353 adversus
2445 1297 2689 1355 ethnicos
2743 1299 3035 1367 dimicare,
3090 1305 3341 1373 quamvis
3382 1303 3474 1359 alii
3507 1306 3568 1361 in

1973 1388 2160 1444 iisdem
2209 1391 2468 1448 adversus
2517 1393 2641 1449 illos
2686 1394 3141 1465 disputationibus
3206 1384 3435 1454 feliciter
3480 1399 3572 1455 usi

1972 1481 2099 1537 sint.
2135 1483 2297 1540 Suam
2326 1488 2525 1558 quippe
2571 1488 2834 1545 adversus
2879 1488 3128 1547 homines
3182 1492 3328 1547 illam
3376 1507 3568 1565 asper-

1974 1586 2187 1645 nantes,
2217 1593 2437 1648 operam
2471 1581 2697 1651 perdere
2723 1582 2866 1638 haud
2897 1584 3057 1640 dubie
3077 1586 3387 1642 verebatur.

2041 1667 2406 1736 Quamobrem
2454 1674 2712 1745 pleraque
2756 1677 2937 1731 omnia
2988 1675 3186 1733 Christi
3219 1680 3478 1735 miracula
3512 1683 3571 1737 in

267 1772 614 1830 Stewecbius
632 1772 689 1828 in
714 1787 811 1829 sua
838 1773 1032 1829 borum
1061 1773 1285 1829 Arnobii
1315 1771 1575 1829 librorum
1603 1773 1863 1841 editione,
1896 1770 1946 1830 B
1970 1763 2097 1816 ηονί
2147 1762 2479 1820 Τθειείῐηεῐιῑί
2530 1765 2682 1822 libris
2728 1767 3001 1840 descripta
3024 1813 3039 1836 ,
3087 1785 3195 1826 non
3228 1780 3335 1826 tam
3364 1788 3431 1827 ex
3458 1774 3570 1829 illis

265 1884 334 1924 ea
384 1868 564 1923 omnia
614 1867 683 1922 ad
737 1868 917 1939 operis
962 1867 1170 1924 calcem
1220 1867 1430 1937 reiecit.
1462 1866 1524 1922 ln
1577 1867 1868 1937 postremis

267 1977 402 2018 vero
447 1961 778 2018 editionibus
836 1962 1054 2032 penitus
1122 1962 1325 2017 omissa
1386 1952 1541 2017 sunt.
1590 1960 1701 2016 Sed
1746 1960 1865 2015 haec

266 2054 496 2109 omissio
524 2052 730 2121 notari,
787 2064 879 2111 aut
913 2054 1064 2109 illius
1102 2053 1282 2124 aliqua
1327 2053 1517 2110 saltem
1544 2053 1684 2108 ratio
1712 2051 1867 2108 reddi

265 2151 520 2207 debebat.

344 2243 561 2313 Quaeret
580 2243 812 2300 fortasse
836 2243 1033 2314 aliquis
1052 2256 1148 2298 cur
1173 2241 1425 2298 librarius
1446 2250 1553 2297 tam
1575 2241 1865 2297 absurdum

263 2338 631 2409 fragmentum
662 2339 718 2393 in
747 2337 971 2393 Arnobii
1004 2346 1211 2393 textum
1256 2335 1532 2392 intrudere
1560 2349 1726 2390 ausus
1770 2335 1864 2390 sit.

266 2431 379 2486 Sed
408 2428 787 2501 hujuscemodi
822 2429 1146 2486 temeritatis
1191 2440 1411 2484 causam
1456 2426 1701 2499 proferre
1726 2425 1868 2482 dim-

263 2524 534 2581 cillimum
574 2533 675 2581 est.
706 2522 900 2581 Nonne
931 2534 1113 2581 tamen
1138 2523 1285 2580 haud
1310 2524 1494 2595 inepte
1521 2523 1626 2579 dici
1669 2523 1868 2593 poterit

264 2615 562 2687 quamdam
582 2617 639 2671 in
668 2617 834 2688 priori
854 2616 1155 2672 arnobiano
1184 2615 1396 2683 codice,
1429 2617 1497 2673 ex
1523 2630 1631 2687 quo
1660 2615 1867 2687 primus

263 2711 526 2766 librarius
571 2726 725 2767 suum
777 2713 1150 2783 transcripsit,
1205 2710 1381 2769 fuisse
1428 2710 1718 2780 lacunam,
1774 2720 1868 2766 aut

259 2804 432 2861 verba
464 2812 767 2872 vetustate,
814 2817 913 2862 aut
955 2808 1065 2863 alio
1111 2807 1295 2879 aliquo
1325 2820 1455 2864 casu
1496 2807 1710 2876 deleta,
1743 2822 1865 2879 quas

260 2895 364 2952 ille
407 2913 624 2969 quoquo
670 2897 885 2955 tandem
938 2898 1104 2955 modo
1149 2900 1404 2971 supplere
1450 2899 1650 2968 voluit,
1684 2910 1741 2955 ut
1768 2914 1864 2955 co-

262 2988 444 3045 dicem
466 3005 622 3046 suum
645 2991 853 3062 majore
879 2993 1146 3049 venderet
1167 2995 1343 3064 pretio
1364 3037 1379 3062 ,
1410 3003 1467 3050 et
1493 2993 1746 3049 omnibus
1776 2994 1863 3048 in-

264 3093 479 3155 tegrum
515 3100 641 3142 esse
678 3084 1076 3157 persuaderet?
1112 3082 1191 3142 Ut
1235 3096 1294 3142 ut
1321 3085 1426 3153 sit,
1457 3085 1574 3142 hzec
1597 3100 1709 3142 non
1741 3099 1865 3143 esse

263 3177 489 3233 Arnobii
512 3177 795 3234 monuisse
821 3177 1074 3234 sufﬁciat.

339 3269 583 3326 Plurima
605 3279 785 3326 autem
808 3272 861 3326 in
884 3272 1076 3327 eodem
1099 3271 1322 3328 Arnobii
1344 3282 1496 3328 textu
1518 3270 1635 3327 loca
1662 3271 1861 3342 passim

262 3372 597 3430 occurrunt,
634 3377 665 3416 a
692 3362 918 3418 librario
946 3364 1214 3420 oscitante
1240 3374 1297 3420 et
1324 3366 1512 3437 ignem
1554 3364 1696 3421 laede
1735 3379 1862 3421 cor-

262 3467 446 3528 rupta.
472 3454 582 3512 Sed
608 3470 673 3510 ea
696 3456 1008 3527 singulatim
1028 3472 1318 3513 recensere
1346 3468 1456 3513 tam
1482 3458 1642 3514 nobis
1668 3457 1856 3527 facile,

262 3566 429 3624 quam
458 3548 579 3604 aliis
604 3548 902 3605 molestum
940 3548 1085 3605 haud
1112 3549 1273 3607 dubie
1298 3549 1457 3607 foret.
1488 3552 1534 3606 Α
1556 3561 1671 3606 tam
1700 3551 1858 3621 longa

260 3648 451 3716 itaque
477 3645 689 3700 illorum
717 3646 1128 3702 enumeratione
1166 3661 1309 3702 nunc
1350 3662 1416 3703 eo
1445 3646 1717 3703 lubentius
1756 3645 1857 3702 ab-

263 3738 571 3804 stinemus,
614 3750 721 3807 quo
768 3736 999 3793 inferius
1044 3739 1313 3810 praecipua
1340 3750 1519 3796 errata
1549 3739 1859 3811 corrigendi

261 3840 325 3887 et
378 3827 702 3886 emerrdandi
751 3830 1108 3902 Opportunior
1154 3831 1446 3889 identidem
1497 3830 1713 3890 dabitur
1758 3849 1856 3893 oc-

318 4012 636 4071 Observare
660 4015 878 4071 interim
894 4015 1047 4087 juvat
1073 4029 1177 4073 nec
1197 4030 1401 4088 paucos
1421 4059 1436 4086 ,
1465 4032 1568 4074 nec
1592 4019 1858 4091 ignobiles

196 4132 207 4137 ·
257 4111 311 4167 in
338 4106 426 4163 his
446 4107 598 4163 libris
625 4109 694 4164 ab
717 4109 958 4165 Amobio
989 4121 1240 4167 anetores
1260 4111 1436 4167 citari.
1466 4113 1537 4167 At
1560 4128 1628 4167 ex
1648 4112 1858 4169 duobus

258 4201 526 4273 imprimis
544 4242 562 4266 ,
588 4200 854 4258 (Hect-one
882 4213 936 4258 et
956 4202 1244 4259 Clemente
1266 4203 1636 4260 Alexandrino
1661 4246 1676 4273 ,
1720 4219 1858 4275 quo-

258 4308 378 4350 rem
409 4295 643 4365 primum
688 4295 886 4351 alicubi
931 4310 1227 4366 cupresso,
1280 4296 1514 4352 alterum
1564 4312 1857 4369 suppresso

259 4390 721 4458 nmﬁnclaudat,
760 4390 991 4461 plurima
1018 4392 1296 4447 delibavit.
1324 4391 1496 4460 Quam
1525 4395 1693 4449 multa
1727 4407 1858 4450 vero

186 4500 191 4507 '
260 4486 624 4543 «Cicerone
644 4486 1015 4557 decerpserit,
1057 4488 1237 4545 disces
1297 4488 1381 4545 his
1437 4489 1748 4562 Hieronymi
1788 4491 1856 4546 ad

1973 1855 2491 1931 deprompta,quam
2513 1876 2580 1917 ex
2602 1871 2773 1927 certa,
2792 1864 3066 1919 constanti
3095 1879 3158 1920 ac
3182 1866 3392 1936 publica
3426 1867 3569 1924 fama

1970 1960 2025 2007 et
2054 1954 2295 2009 omnium
2327 1955 2671 2011 confessione
2698 1957 2925 2027 probata
2950 1960 3219 2030 proponit.
3248 1963 3319 2017 At
3344 1960 3566 2033 alicubi,

1972 2053 2033 2099 ut
2054 2044 2107 2100 id
2129 2046 2309 2113 obiter
2333 2048 2706 2117 observemus,
2735 2049 2804 2106 de
2826 2051 3053 2121 panibus
3083 2069 3114 2109 a
3140 2053 3361 2110 Christo
3388 2058 3572 2114 multi-

1972 2139 2185 2209 plicatis
2206 2142 2285 2198 sic
2316 2143 2595 2214 loquitur:
2621 2162 2641 2197 ι
2666 2143 3020 2217 Sequentium
3043 2162 3103 2203 se
3118 2148 3285 2204 millia
3307 2152 3565 2224 quinque,

1970 2233 2210 2305 quinque
2239 2238 2502 2292 saturavit
2530 2238 2778 2308 panibus,
2815 2255 2878 2296 ac
2910 2256 2977 2296 ne
3008 2256 3132 2298 esse
3163 2245 3447 2316 prmstigize
3476 2247 3566 2301 in—

1970 2325 2208 2382 credulis
2243 2327 2353 2383 illis
2382 2329 2701 2386 viderentur
2727 2341 2781 2388 et
2801 2331 2952 2388 duris
2972 2376 2987 2401 ,
3013 2334 3095 2389 bis
3124 2349 3376 2392 senarum
3405 2354 3564 2408 spor-

1969 2427 2143 2475 tarum
2175 2423 2328 2478 sinus
2375 2425 2725 2496 reliquiarum
2783 2426 3135 2495 fragminibus
3190 2432 3500 2502 aggerebat.
3539 2454 3561 2487 ι

1969 2510 2110 2587 (Lib.
2142 2530 2179 2579 ι,
2215 2533 2333 2589 pag.
2367 2518 2487 2590 26).
2519 2517 2589 2576 At
2621 2520 2676 2575 in
2709 2521 2947 2577 Mattbmi
2981 2523 3254 2595 Marcique
3272 2524 3569 2600 Evangelio

1968 2606 2196 2677 legimus
2226 2626 2240 2662 :
2275 2610 2483 2682 Septem
2523 2630 2778 2684 panes....
2804 2625 2851 2669 et
2888 2618 3024 2688 quod
3050 2620 3304 2689 superfuit
3331 2621 3395 2676 de
3419 2622 3566 2694 frag-

1970 2700 2153 2756 mentis
2194 2702 2420 2758 tulerunt
2464 2716 2656 2778 septem
2696 2717 2897 2776 sporta;
2946 2711 3150 2779 plenas.
3172 2710 3326 2781 Apud
3360 2713 3565 2771 Lucam

1971 2809 2100 2849 vero
2123 2813 2138 2850 ε
2165 2796 2401 2868 Acceptis
2422 2800 2643 2870 quinque
2671 2803 2887 2871 panibus
2905 2841 2919 2856 .
2942 2842 2957 2857 .
2981 2844 2993 2858 .
3016 2846 3030 2860 .
3083 2815 3131 2859 et
3179 2806 3437 2860 sublatum
3489 2816 3568 2864 est

1971 2887 2108 2960 quod
2134 2893 2390 2960 superfuit
2414 2889 2521 2945 illis
2556 2893 2765 2963 cophini
2795 2894 3083 2949 duodecim.
3139 2893 3383 2970 Denique
3422 2899 3567 2971 apud

1969 2979 2233 3037 Joannem
2260 3001 2273 3038 :
2306 2982 2632 3055 Collega-unt
2654 3002 2774 3057 ergo
2793 3028 2808 3053 ,
2857 3000 2905 3043 et
2930 2988 3268 3059 impleverunt
3294 2992 3565 3048 duodecim

1970 3075 2216 3147 cophinos
2243 3078 2648 3148 fragmentornm
2671 3096 2738 3135 ea:
2756 3080 2979 3151 quinque
3003 3083 3218 3151 panibus
3244 3084 3564 3140 hordeaceis.

1891 3172 1937 3237 ο
1964 3166 2181 3238 (Matth.
2210 3185 2303 3237 xv,
2329 3170 2400 3226 54
2429 3179 2486 3226 et
2513 3186 2661 3241 seq.;
2695 3171 2887 3240 Mora,
2919 3188 3030 3240 vm,
3059 3174 3094 3230 6
3114 3184 3169 3231 et
3189 3191 3376 3248 seqq.;
3406 3177 3567 3247 Luc.,

1965 3278 2046 3331 ιιι,
2078 3263 2178 3328 l7;
2209 3262 2369 3320 Joan.
2391 3307 2406 3331 ,
2434 3281 2486 3320 v1
2515 3306 2531 3331 ,
2566 3265 2679 3336 i5).
2709 3267 2871 3336 Atqui
2900 3276 3108 3336 septem
3141 3279 3364 3339 Spartae,
3388 3281 3446 3327 ut
3473 3271 3569 3327 ali-

1964 3354 2056 3425 qui
2085 3366 2436 3424 annotarunt,
2469 3357 2611 3428 plus,
2645 3372 2807 3428 quam
2847 3359 3133 3416 duodecim
3176 3361 3441 3432 cophinos
3466 3379 3565 3419 ea.

1964 3447 2201 3516 piebant.
2238 3448 2373 3506 Vide
2396 3465 2530 3522 ergo
2560 3462 2740 3507 utrum
2770 3453 3044 3511 Arnobius
3069 3498 3084 3521 ,
3123 3470 3245 3511 cum
3278 3458 3393 3513 haec
3420 3460 3559 3515 scri-

1898 3548 1901 3549 '
1962 3538 2139 3608 heret,
2164 3544 2445 3596 memoriae
2476 3541 2662 3613 lapsu,
2693 3557 2892 3600 nomen
2921 3556 3215 3618 aperturum
3245 3563 3346 3621 pro
3369 3549 3562 3622 c0pbi-

1997 3648 2153 3690 orum
2184 3634 2258 3691 ibi
2287 3635 2547 3707 posuerit.

2573 3770 2867 3813 Αιιτιευιυε
2888 3773 2962 3813 ιν.

2146 3889 2225 3942 De
2245 3893 2533 3957 quibusdam
2555 3897 2807 3948 erroribus
2835 3896 3056 3951 Arnobio
3088 3902 3364 3969 adscriptis.

2047 4016 2261 4075 Nemini
2309 4032 2456 4079 certe
2498 4025 2693 4081 mirum
2743 4025 2915 4082 videri
2964 4028 3187 4086 deberet
3234 4032 3557 4104 Arnobium,

1959 4112 2197 4169 nondum
2226 4115 2462 4183 perfecta
2488 4115 2693 4172 divinae
2720 4116 3015 4190 Scriptura:
3053 4137 3443 4198 sncrorumque
3470 4140 3561 4185 re-

1960 4205 2173 4276 ligionis
2196 4218 2396 4263 nostra:
2433 4211 2813 4281 mysteriorum
2846 4213 3033 4269 notitia
3067 4214 3453 4290 informatum,
3496 4222 3553 4277 in

1960 4300 2241 4372 quosdam,
2272 4318 2394 4357 cum
2426 4303 2526 4359 hos
2552 4304 2717 4360 libros
2746 4309 3133 4379 componebat,
3160 4311 3448 4384 impegisse
3473 4331 3560 4372 er-

1960 4408 2142 4449 rorum
2165 4397 2433 4466 scopulos.
2452 4395 2646 4453 Utrum
2664 4408 2841 4456 autem
2856 4402 2979 4472 jure
3000 4404 3085 4459 vel
3112 4406 3306 4477 injuria
3335 4408 3553 4467 illorum

1958 4497 2261 4554 accusetur,
2294 4491 2710 4560 cxpendendum
2742 4502 2845 4548 est.
2879 4494 3096 4551 Primus
3140 4500 3319 4569 itaque
3347 4500 3399 4555 in
3433 4517 3551 4557 mc—

260 4576 511 4649 Iagnum
536 4578 719 4634 verbis
750 4596 765 4632 :
798 4580 940 4645 Quos
959 4621 975 4648 ,
1011 4581 1237 4637 Δηιοὺῆ
1262 4582 1460 4649 libros,
1494 4583 1540 4638 si
1580 4584 1746 4656 legere
1766 4600 1855 4638 vo-
1881 4580 2104 4646 Ddium
2134 4580 2359 4651 prodeat
2389 4583 2875 4657 llieronymus,qui
2900 4588 2967 4643 ad
2990 4584 3419 4662 Tranquillinum
3441 4593 3558 4650 hmc

263 4672 458 4739 lueris,
511 4670 841 4744 dialogorum
899 4670 1195 4751 Ciceronis,
1250 4674 1505 4731 videlicet
1561 4675 1629 4732 de
1657 4676 1860 4733 Natura

258 4764 487 4821 deontm
514 4767 572 4820 in
594 4771 665 4822 eis
690 4768 934 4842 ἐπετόμην
982 4770 1203 4840 reperies
1254 4768 1597 4843 (Hieronym.
1621 4814 1636 4833 .
1699 4773 1853 4841 epist.

262 4874 492 4926 nanti,
538 4862 609 4915 ad
649 4860 866 4933 310912.,
914 4878 1034 4934 pag.
1064 4860 1215 4936 656).
1248 4861 1379 4930 Quae
1420 4875 1602 4919 autem
1633 4878 1698 4921 ex
1726 4863 1858 4919 Cle—

262 4966 448 5011 mente
491 4955 858 5012 Aiexandrino
900 4968 1088 5013 auctor
1118 4970 1305 5014 nOSter
1335 4958 1549 5025 hausit,
1582 4973 1644 5015 ea
1678 4975 1746 5015 ex
1776 4961 1857 5030 ip-

262 5048 378 5104 sius
417 5047 486 5103 ad
514 5046 733 5104 Gnaeos
774 5048 1142 5105 admonitione
1173 5060 1446 5106 mutuatus
1490 5059 1593 5107 est.
1640 5051 1860 5122 Singula

261 5156 459 5213 porro,
490 5156 613 5213 qua:
636 5158 703 5198 ex
736 5152 967 5215 atroque
986 5143 1251 5215 scriptore
1280 5159 1407 5201 suos
1437 5143 1490 5199 in
1517 5144 1686 5200 libros
1714 5151 1865 5199 tran-

261 5236 447 5300 stulit,
495 5248 619 5291 eum
656 5236 800 5291 infra
845 5250 873 5290 a
926 5237 1080 5294 nobis
1124 5235 1450 5307 exponenda
1496 5238 1635 5302 sint,
1682 5236 1764 5290 his
1791 5251 1861 5291 ne

259 5328 458 5385 eadem
480 5337 793 5399 repetamus
811 5370 828 5397 ,
850 5344 999 5385 nunc
1020 5328 1373 5387 recensendis
1396 5327 1858 5402 supersedendum

260 5423 539 5480 «ﬁmus.

332 5517 493 5574 Nulla
516 5524 694 5574 autem
724 5516 808 5574 his
847 5518 902 5573 in
924 5517 1080 5575 libris
1105 5533 1360 5590 expressa
1377 5560 1393 5585 ,
1421 5528 1514 5573 aut
1541 5517 1706 5572 citato
1734 5528 1865 5571 auc-

260 5609 978 5675 mismminmtesﬁmonia
999 5627 1170 5668 sacrae
1191 5610 1481 5684 Scriptura:
1498 5605 1743 5681 protulit,
1760 5608 1864 5664 nisi

257 5705 397 5763 illud
428 5704 575 5777 quod
600 5718 709 5760 non
731 5712 847 5759 tam
874 5720 940 5760 ex
966 5719 1126 5761 sacro
1155 5706 1336 5778 aliquo
1360 5706 1626 5776 scriptore
1647 5746 1662 5772 ,
1698 5717 1865 5773 quam

258 5816 327 5859 ex
377 5799 618 5872 quodam
666 5797 874 5869 vulgari
924 5812 1176 5858 sermone
1204 5797 1508 5871 profectum
1546 5796 1859 5870 signiﬁcat:

1962 4676 2175 4744 scripsit
2200 4676 2252 4730 in
2284 4677 2445 4734 verba
2471 4694 2486 4734 :
2524 4699 2543 4733 ι
2578 4678 2692 4751 Ego
2719 4680 3010 4752 Origenem
3042 4697 3260 4756 prOpler
3289 4688 3554 4744 eruditio-

1963 4782 2085 4822 nem
2117 4768 2195 4822 sic
2222 4768 2489 4824 interdum
2523 4771 2804 4842 legendum
2834 4775 3089 4841 arbitror,
3120 4781 3391 4847 quomodo
3420 4779 3557 4835 Ter—

1964 4860 2278 4930 tullianum,
2322 4861 2623 4931 Novatum,
2672 4866 3004 4934 Arnobium,
3050 4869 3452 4939 Apollinarem,
3505 4883 3565 4929 et

1962 4954 2248 5009 nonnullos
2288 4954 2684 5011 ecclesiasticos
2722 4958 3056 5028 scriptores;
3109 4971 3163 5015 ut
3193 4964 3330 5017 bona
3362 4977 3554 5019 corum

1963 5048 2253 5120 seligamns
2276 5092 2290 5116 ,
2323 5050 2663 5121 vitemusque
2689 5054 2963 5108 contraria
2988 5095 3005 5122 ,
3047 5054 3202 5124 juxta
3233 5058 3554 5128 Apostolu‘m

1966 5143 2231 5199 dicentem
2257 5162 2270 5197 :
2304 5144 2493 5199 Omnia
2523 5145 2772 5216 probate,
2813 5148 2954 5219 quod
2986 5150 3185 5206 bonum
3214 5160 3299 5207 cst
3319 5142 3501 5208 tenete
3530 5173 3550 5206 ι

1966 5234 2324 5310 (Hieronym.,
2358 5239 2506 5309 epist.
2541 5237 2645 5307 56,
2676 5241 2744 5294 ad
2772 5237 3060 5312 Tranquill.
3086 5287 3100 5314 ,
3134 5262 3255 5319 pag.
3292 5246 3441 5318 589).
3476 5246 3558 5303 Ita

1965 5344 2095 5386 sane
2121 5330 2352 5386 eximius
2379 5331 2468 5386 ille
2493 5331 2576 5386 vir
2602 5331 2847 5403 qumdam
2872 5336 2924 5390 in
2945 5338 3167 5393 Arnobii
3197 5340 3394 5405 nostri,
3419 5340 3561 5396 sicut

1970 5433 2024 5477 et
2052 5422 2277 5477 aliorum
2306 5424 2662 5493 quorumdam
2704 5427 2855 5484 libris
2889 5430 3131 5487 cavenda
3162 5445 3284 5488 esse
3310 5446 3409 5488 nos
3437 5448 3559 5490 mo-

1969 5514 2123 5569 deste
2150 5513 2451 5571 admonuit.

2038 5606 2238 5664 Verum
2292 5609 2624 5667 recentiores
2664 5612 2885 5684 quidam
2914 5628 3028 5671 non
3056 5626 3169 5671 tam
3194 5618 3372 5689 aequi,
3402 5626 3566 5688 atque

1967 5699 2347 5773 Hieronymus,
2378 5704 2431 5759 in
2460 5704 2712 5773 antiquos
2754 5715 2978 5766 nostros
3032 5707 3333 5777 scriptores
3379 5708 3573 5778 animi,

1966 5793 2223 5854 audacter
2262 5796 2539 5883 inﬁrmant
2562 5794 2864 5866 Amulium
2884 5816 3018 5871 non
3034 5801 3097 5864 in
3108 5800 3545 5872 qualescumque
3565 5844 3582 5874 ,
