4158 6264
588 259 696 319 399

1809 249 2260 310 DlSSERTATlO
2300 248 2579 307 PRIEVIA

3771 240 3871 298 400

579 377 682 434 sed
713 377 952 432 omnium
983 373 1333 446 gravissimos
1381 369 1640 427 incidisse
1683 383 1921 426 errores.
1951 370 2033 425 Ab
2067 369 2176 424 lle—
2208 368 2261 427 Α
2285 370 2593 439 nuscriptus
2636 364 2839 432 codex,
2884 365 2937 420 in
2987 365 3403 435 locupletissima
3441 360 3870 420 christianissimi

581 471 740 526 raldo
770 467 1032 538 siquidem
1067 464 1422 522 intolerabilis
1456 463 1618 534 plane
1659 463 1978 532 ignorantia:
2005 473 2058 519 et
2089 479 2180 519 er-

579 565 727 621 roris
768 563 970 618 idcirco
1008 561 1424 626 condemnatur,
1459 559 1605 630 quod
1637 558 1900 613 adversus
1941 558 2175 629 gentiles

577 655 927 727 disputando,
949 655 1183 709 fateatur
1210 667 1270 708 se
1299 652 1512 707 nescire
1543 652 1632 722 qui
1663 652 1772 705 veri
1805 651 1912 706 sint
1937 651 2030 704 dii.
2053 650 2177 704 llaec

577 761 762 806 autem
811 759 938 804 sunt
979 745 1202 802 Arnobii
1233 745 1299 799 ad
1329 745 1760 818 etlmicoslverba
1795 762 1808 796 :
1850 764 1868 796 ι
1901 743 2002 812 Qui
2029 753 2174 810 sunt,

576 843 823 915 inquitis,
855 843 927 898 dii
951 841 1106 897 veri?
1147 840 1214 897 Ut
1241 840 1514 895 communi
1534 840 1706 906 _vobis
1733 848 1787 892 et
1810 837 2040 908 simplici
2066 853 2179 893 res-

576 939 916 1012 pondeamus
947 935 1110 992 verbo
1141 953 1154 990 :
1205 934 1324 989 Non
1373 934 1572 988 scimus
1608 952 1626 984 ι
1664 931 1922 1003 (Arnob.,
1959 931 2046 984 lib.
2080 946 2172 994 vn,

576 1052 701 1106 pag.
730 1033 886 1104 211).
920 1032 1089 1098 Quem
1130 1031 1183 1084 in
1221 1029 1396 1084 loeum
1447 1026 1747 1082 Hernldus:
1789 1045 1806 1076 ‹
1845 1025 2172 1090 Enimvero,

572 1125 671 1191 ait,
696 1126 816 1180 haec
844 1123 1110 1195 ignoratio
1133 1121 1432 1177 tolerabilis
1464 1136 1571 1174 non
1600 1128 1702 1185 est,
1732 1127 1895 1189 atque
1919 1116 2042 1171 hinc
2065 1132 2175 1186 ap-

569 1229 730 1291 paret
747 1219 1067 1282 Arnobium,
1093 1233 1214 1272 cum
1238 1215 1338 1270 hos
1361 1215 1530 1270 libros
1552 1213 1834 1278 scriberet,
1864 1213 1915 1265 in
1936 1210 2060 1265 ﬁdei
2089 1210 2173 1265 vel

571 1313 862 1385 praecipuis
891 1311 1160 1382 capitibus
1188 1308 1357 1364 fuisse
1382 1307 1713 1378 hospitem.»
1745 1305 1894 1360 Itane
1923 1317 2056 1358 vero
2075 1304 2174 1356 Ar-

570 1406 770 1460 nobius
821 1420 929 1460 non
983 1411 1189 1458 tantum
1233 1401 1286 1455 in
1315 1416 1424 1455 uno
1451 1415 1518 1454 ex
1551 1397 1837 1469 praecipuis
1893 1393 2173 1464 religionis

568 1497 872 1568 capitibus,
915 1496 1012 1551 sed
1059 1495 1303 1550 omnium
1353 1492 1523 1562 primo
1551 1507 1614 1546 ac
1644 1488 2016 1554 fundamento,
2049 1501 2172 1540 cum

567 1589 740 1646 hosce
772 1590 937 1645 libros
963 1589 1275 1654 conﬁceret,
1303 1601 1488 1642 errare
1521 1583 1730 1654 potuit?
1763 1581 1924 1650 Quid,
1970 1596 2066 1634 oro
2098 1589 2169 1644 te,

571 1692 689 1738 toto
717 1683 819 1738 hoc
846 1684 896 1736 in
929 1697 1097 1751 Opere
1125 1679 1267 1734 aliud
1291 1679 1421 1749 agit.
1459 1678 1561 1732 nisi
1595 1687 1653 1730 ut
1679 1675 1848 1730 falsos
1877 1691 1999 1730 esse
2039 1691 2172 1744 gen-

2283 465 2426 532 regis
2470 461 2640 517 nostri
2693 459 3021 516 bibliotheca
3065 471 3401 528 asservatus,
3447 459 3625 530 ibique
3653 472 3872 514 numero

2282 555 2408 611 olim
2443 555 2601 620 1544,
2637 569 2778 608 nunc
2808 552 2971 620 3975',
3006 564 3242 610 rimatus.
3275 553 3332 608 1n
3357 568 3423 607 eo
3450 565 3628 607 autem
3661 560 3868 620 septem

2281 648 2508 704 Arnobii
2537 649 2691 703 libris
2711 647 3001 718 adjunctus
3029 657 3114 703 est
3141 647 3357 702 Minucii
3382 646 3576 701 Felicis
3597 645 3868 711 Octavius,

2283 752 2556 812 tamquam
2588 754 2809 798 octavus
2859 742 3081 797 Arnobii
3113 741 3272 797 liber.
3302 742 3414 808 Qua
3443 741 3510 796 de
3533 757 3590 795 re
3621 749 3782 808 atque
3805 737 3872 793 de

2282 837 2506 907 hujusce
2532 837 2883 907 manuscripti
2909 837 3114 892 codicis
3139 837 3457 906 antiquitate
3488 836 3619 891 satis
3641 837 3692 890 in
3713 849 3871 905 supe-

2280 931 2414 986 riori
2461 932 2843 988 dissertatione
2893 929 3554 1004 disputaviinus(Dissert.
3586 931 3638 985 in
3669 929 3869 985 Minuc.

2285 1024 2490 1096 0ctav.,
2518 1045 2634 1100 cap.
2669 1027 2845 1095 2,arl.
2876 1026 2958 1100 2).
3006 1027 3358 1082 Observatum
3411 1035 3587 1081 autem
3640 1041 3670 1080 a
3717 1025 3870 1080 nobis

2285 1119 2484 1176 ibidem
2521 1123 2617 1176 luit
2657 1123 2885 1193 plurima
2918 1123 2969 1176 in
3001 1124 3104 1178 hoc
3138 1121 3325 1176 codice
3358 1119 3555 1192 passim
3585 1134 3872 1175 occurrere

2277 1210 2481 1268 librarii
2528 1213 2695 1270 latine
2749 1229 2971 1284 prorsus
3011 1215 3301 1270 nescientis
3331 1224 3533 1268 errata.
3567 1211 3673 1269 Sed
3703 1213 3755 1267 in
3788 1211 3872 1266 his

2278 1304 2501 1361 Arnobii
2535 1306 2690 1361 libris
2719 1307 2876 1378 longe
2899 1308 3264 1378 frequentiora
3285 1315 3434 1374 sunt,
3449 1323 3510 1362 ac
3533 1306 3870 1376 potissimum

2279 1399 2330 1453 in
2357 1401 2586 1472 propriis
2606 1411 2698 1456 aut
2724 1403 2902 1458 minus
2929 1403 3139 1458 usitatis
3165 1401 3475 1457 nominibus
3501 1399 3870 1457 describendis

2277 1492 2526 1550 indoctus
2556 1495 2642 1549 ille
2668 1496 2841 1550 scriba
2873 1497 3069 1566 saepius
3097 1498 3442 1567 crassiusqne
3469 1495 3694 1551 erravit.
3744 1493 3866 1548 lnu-

2276 1585 2385 1640 tilis
2411 1599 2592 1643 autem
2618 1605 2799 1659 operae
2838 1589 2981 1645 foret
3009 1590 3377 1659 longissimam
3434 1603 3682 1643 errorum
3728 1587 3868 1641 illius

2276 1679 2590 1735 seriemlhic
2617 1691 2882 1737 retexere.
2915 1681 3078 1737 Multa
3115 1683 3257 1737 enim
3290 1681 3375 1735 illa
3404 1691 3582 1736 errata
3612 1683 3661 1734 in
3699 1678 3872 1734 vario-

565 1776 742 1831 tilium
767 1776 920 1840 deos,
938 1784 992 1829 et
1020 1790 1182 1828 unum
1210 1773 1516 1836 dumtaxat,
1541 1786 1700 1840 quem
1731 1768 2035 1832 christiani,
2065 1767 2170 1821 illis
2200 1786 2249 1846 Β
2277 1787 2393 1826 rum
2419 1773 2582 1840 notis,
2608 1786 2657 1828 et
2691 1775 2860 1829 multo
2887 1775 3036 1844 plura
3061 1775 3115 1829 in
3143 1775 3411 1828 variarum
3441 1772 3732 1827 lectionum
3758 1771 3876 1826 eol-

569 1870 825 1924 omnibus
878 1866 1266 1922 commentitiis
1320 1866 1534 1935 penitus
1579 1860 2165 1930 rejecﬁs,adorabant,

569 1961 745 2018 Deum
780 1961 1154 2016 demonstret?
1187 1958 1378 2012 Nonne
1401 1956 1524 2011 inde
1552 1954 1958 2011 evidentissime
1986 1962 2168 2006 Osten-

566 2053 651 2110 dit
669 2037 1009 2109 Christianos
1027 2055 1181 2125 plane
1212 2050 1482 2106 immerito
1514 2048 1653 2104 hanc
1682 2048 1751 2102 ob
1782 2062 1898 2102 rem
1930 2043 2166 2100 absEth-

567 2148 709 2203 nicis
727 2148 929 2214 vexari,
945 2159 1000 2204 et
1017 2147 1163 2202 omni
1184 2145 1569 2217 suppliciorum
1589 2143 1752 2198 etiam
1771 2141 2167 2211 dirissimorum

570 2257 774 2314 genere
798 2240 978 2296 al‘lici?

645 2333 852 2396 Deinde
881 2349 1011 2389 vero
1037 2349 1158 2390 cum
1190 2332 1423 2389 ethnicis
1451 2329 1912 2402 interrogantibus
1941 2328 2032 2399 qui
2063 2329 2172 2382 sint

571 2430 688 2488 veri
739 2430 811 2484 dii
839 2472 854 2495 ,
899 2425 1174 2485 Arnobius
1223 2426 1517 2498 respondet
1548 2442 1606 2482 se
1636 2423 1867 2490 nescire,
1902 2424 2170 2478 rationem

569 2525 832 2579 continuo
856 2523 1050 2588 reddit,
1084 2523 1207 2592 quia
1233 2521 1352 2576 illos
1375 2535 1665 2591 numquam
1696 2520 1922 2573 viderat.
1949 2517 2026 2570 Ex
2053 2515 2171 2570 eth-

571 2620 710 2674 nicis
739 2625 919 2672 autem
953 2632 1012 2672 se
1040 2616 1312 2671 audivisse
1364 2614 1561 2670 fatetur
1591 2630 1686 2670 eos
1713 2627 1832 2668 esse
1858 2626 2018 2682 quam
2053 2609 2173 2679 plu-

567 2711 740 2767 rimos
762 2727 776 2768 :
801 2712 892 2780 qui
924 2709 1141 2781 quidem
1162 2750 1177 2773 ,
1210 2710 1253 2762 si
1283 2709 1517 2777 uSpiam,
1550 2716 1610 2762 ut
1637 2705 1839 2762 ethnici
1868 2704 2170 2774 opinaban-

567 2818 677 2870 tur,
727 2807 990 2870 existant;
1043 2805 1126 2861 vel
1167 2804 1213 2859 si
1255 2805 1368 2859 veri
1396 2804 1538 2867 sint,
1592 2810 1650 2857 ut
1692 2800 1995 2866 Terentius,
2030 2799 2172 2853 haud

567 2900 734 2956 dubie
765 2899 956 2962 Varro,
985 2897 1168 2962 credit,
1199 2897 1399 2952 debent
1445 2895 1688 2966 proiecto
1723 2894 1858 2949 tales
1886 2906 2008 2948 esse
2038 2907 2172 2962 qua-

568 2992 652 3048 les
691 2992 1063 3057 nominantur,
1100 2990 1358 3060 iugeniti,
1392 2989 1581 3043 mterni
1603 3029 1617 3053 ,
1652 2985 1786 3041 nihil
1822 2996 2052 3040 terrenae
2078 2999 2174 3039 vo-

568 3084 796 3154 luptatis
847 3093 1165 3156 appetentes
1190 3127 1205 3151 ,
1233 3082 1494 3153 aequalis
1521 3090 1604 3135 est
1636 3080 1777 3134 Deus
1800 3079 2170 3148 omnipotens,

2272 1864 2532 1920 lectaneis
2556 1909 2570 1932 ,
2616 1867 2668 1920 in
2703 1867 2888 1921 ultima
2919 1865 3111 1922 horum
3145 1866 3404 1921 librorum
3431 1865 3672 1921 editione
3697 1862 3876 1936 publi-

2272 1958 2448 2026 catis,
2502 1968 2777 2014 notantur.
2824 1958 2944 2014 Alia
2993 1969 3169 2014 tamen
3212 1960 3283 2014 ibi
3320 1959 3684 2029 praetermissa
3716 1957 3876 2014 nobis

2271 2053 2490 2108 eosdem
2515 2053 2683 2110 libros
2715 2053 2907 2123 majori
2947 2070 3077 2109 cura
3115 2054 3420 2124 legentibus
3469 2061 3872 2120 occurrerunt,

2271 2161 2392 2216 qua:
2421 2155 2627 2216 postea,
2655 2147 2743 2200 tibi
2772 2161 2833 2202 se
2857 2148 3072 2202 occasio
3099 2147 3271 2212 dabit,
3295 2145 3673 2202 indicabimus.

2341 2239 2547 2295 Praeter
2577 2238 2722 2294 hunc
2747 2241 3175 2310 manuscriptum
3219 2239 3465 2294 codicem
3494 2248 3725 2304 testatur
3752 2239 3874 2296 Ste-

2272 2333 2516 2387 wechius
2545 2332 2708 2387 alium
2745 2343 2998 2387 vetustum
3018 2374 3034 2400 ,
3067 2344 3115 2387 et
3143 2341 3275 2387 nota:
3303 2335 3542 2400 perbene:
3570 2331 3870 2404 (Stcweclt.,

2272 2430 2421 2501 epist.
2455 2428 2523 2482 ad
2549 2427 2738 2500 Lect.),
2770 2428 3039 2499 quondam
3071 2428 3123 2482 in
3150 2428 3326 2484 Flacci
3374 2427 3598 2501 Illyrici,
3629 2443 3692 2484 ac
3722 2428 3877 2485 dein-

2273 2538 2404 2592 ceps
2434 2521 2651 2578 llenrici
2676 2521 2869 2577 Petraei
2895 2530 3162 2592 potestate
3189 2522 3376 2587 fuisse,
3401 2537 3464 2577 ex
3485 2521 3638 2591 cujus
3659 2522 3875 2575 varian-

2275 2617 2416 2672 tibus
2465 2615 2790 2672 lectionibus
2809 2655 2824 2679 ,
2857 2632 2887 2670 a
2913 2615 3205 2671 Francisco
3234 2615 3412 2670 Modio
3440 2615 3702 2684 Brugensi
3724 2613 3873 2670 J.-C.

2274 2709 2518 2764 collectis
2544 2718 2598 2764 et
2623 2709 2690 2764 ad
2723 2725 2784 2764 se
2811 2708 3012 2771 missis,
3047 2707 3273 2763 Arnobii
3304 2718 3512 2764 textum
3541 2707 3766 2762 inlinitis
3795 2708 3880 2764 lo-

2275 2803 2354 2858 cis
2383 2818 2441 2856 se
2469 2803 2813 2867 correxisse,
2861 2801 3154 2873 magnique
3191 2803 3453 2858 momenti
3490 2805 3712 2857 lacunas
3745 2818 3882 2872 snp-

2276 2894 2510 2965 plevisse
2541 2895 2885 2950 testiﬁcatur.
2912 2899 2980 2950 At
3002 2895 3071 2952 de
3103 2895 3263 2966 hujus
3285 2895 3409 2950 libri
3433 2938 3448 2962 ,
3494 2911 3654 2966 quem
3687 2896 3882 2951 videre

2277 2990 2431 3046 nobis
2459 3006 2568 3044 non
2602 2991 2777 3058 licuit,
2811 2991 3134 3060 antiquitate
3164 2999 3220 3047 et
3246 2990 3516 3062 elegantia
3563 2991 3698 3046 nihil
3727 3001 3884 3046 certo

2276 3093 2519 3141 statuere
2565 3100 2874 3156 possumus.
2906 3084 3068 3141 Facta
3100 3095 3278 3141 tamen
3323 3085 3718 3141 Stewechianae
3745 3087 3886 3141 alia-

565 3198 731 3253 quem
760 3181 1036 3237 christiani
1063 3195 1252 3235 omnes
1283 3179 1459 3233 SCiunl
1484 3186 1647 3244 illiille
1678 3175 1986 3244 ίηῑθηίὲυηι
2031 3171 2173 3241 Ουῖίί
2202 3184 2246 3246 C
2279 3197 2507 3252 rumque
2538 3181 2701 3252 hujus
2721 3182 2903 3252 operis
2925 3181 3225 3237 editionum
3257 3181 3550 3236 collatione
3574 3181 3888 3252 deprehen-

572 3291 705 3345 ergo
754 3275 870 3330 haec
913 3274 1180 3330 adversus
1229 3271 1478 3329 ethnicos
1519 3268 1834 3340 disputatio,
1874 3282 1936 3321 ac
1967 3276 2174 3321 naturae

579 3369 778 3424 divin-.1:
807 3367 1098 3439 explicatio
1128 3365 1292 3421 habet
1331 3363 1670 3418 intolerabile
1692 3403 1706 3426 ,
1740 3371 1833 3416 aut
1859 3358 2091 3414 hominis
2119 3359 2172 3413 in

570 3463 862 3536 prt'ecipuis
909 3462 1032 3519 ﬁdei
1079 3461 1346 3533 capitibus
1391 3459 1613 3513 omnino
1663 3455 1931 3527 hospitis?
1983 3453 2175 3508 Nonne

572 3573 704 3614 vera
743 3566 827 3612 est
877 3557 965 3612 illa
1001 3555 1095 3611 Dei
1140 3551 1530 3624 omnipotentis
1576 3551 1726 3615 idea,
1758 3548 2048 3618 explicatio
2073 3588 2088 3611 ,
2121 3555 2178 3601 et

571 3649 914 3719 descriptio?
955 3648 1127 3704 Porro
1153 3656 1334 3703 autem
1363 3659 1550 3719 sanam
1583 3657 1705 3699 esse
1735 3642 1974 3697 auctoris
2006 3638 2176 3694 nostri

573 3745 645 3801 de
676 3745 787 3800 Deo
820 3743 1110 3814 divinaque
1156 3751 1348 3797 natura
1381 3737 1692 3808 opinionem
1724 3735 1859 3789 inira
1891 3732 2174 3789 evidenter

574 3835 949 3894 ostendemus.
1697 3847 1701 3852 ·

649 3933 739 3995 At,
791 3929 1024 4000 inquies,
1078 3928 1211 3984 dicit
1255 3944 1313 3984 se
1355 3942 1461 3983 non
1507 3926 1650 3982 scire
1676 3924 1768 3996 qui
1800 3923 1910 3979 sint
1935 3920 2049 3977 veri
2079 3919 2174 3983 dii,

575 4026 706 4098 quid
739 4025 839 4080 hac
869 4026 1034 4097 igitur
1064 4024 1366 4094 ignorantia
1413 4023 1590 4078 minus
1639 4018 2018 4074 tolerandum?
2071 4013 2180 4071 Sed

575 4118 698 4190 quis
722 4134 829 4173 non
856 4117 1054 4184 videat,
1071 4115 1230 4181 hanc,
1257 4125 1314 4170 ut
1340 4115 1511 4177 aiunt,
1533 4129 1655 4169 esse
1672 4115 1905 4167 oratoris
1931 4109 2174 4180 ﬁguram,

575 4212 722 4283 quia,
759 4211 1039 4268 rhetorum
1059 4226 1228 4277 more,
1255 4226 1319 4265 ex
1342 4210 1573 4278 ipsamet
1593 4206 2024 4262 adversariorum
2050 4218 2180 4258 con-

576 4308 816 4362 fessione
865 4306 1029 4363 falsos
1085 4305 1370 4374 nullosque
1399 4320 1523 4360 esse
1551 4302 1832 4374 gentilium
1860 4301 1992 4356 deos
2017 4314 2177 4354 coar-

575 4399 714 4469 guit,
738 4415 799 4452 ac
821 4399 1051 4468 proinde
1078 4397 1279 4452 nemini
1312 4411 1412 4451 nec
1438 4395 1538 4450 sibi
1567 4394 1860 4464 cognitam,
1886 4408 2004 4464 qua:
2034 4391 2177 4446 nulla

576 4505 703 4546 esse
725 4499 959 4560 poterat,
988 4489 1204 4544 illorum
1232 4487 1593 4543 divinitatem.

2277 3273 2456 3328 dimus
2509 3273 2656 3330 hunc
2710 3275 2989 3338 codicem.
3033 3274 3178 3341 alio,
3229 3289 3337 3345 quo
3372 3275 3453 3329 usi
3484 3289 3669 3329 sumus
3691 3275 3889 3332 codice

2279 3369 2450 3440 regio.
2486 3384 2594 3424 non
2621 3384 2745 3425 esse
2772 3369 2942 3426 multo
2969 3368 3358 3426 correctiorem
3379 3411 3397 3437 ,
3430 3369 3737 3440 iisdemque
3767 3371 3888 3426 lere

2279 3476 2497 3531 semper
2547 3471 2763 3519 scatere
2806 3461 3060 3528 mendis,
3111 3460 3303 3516 foedari
3361 3461 3888 3532 transpositionibus

2280 3565 2335 3611 et
2363 3554 2764 3622 additionibus,
2804 3570 2870 3612 ac
2904 3555 3142 3612 hiatibus
3182 3573 3437 3614 mancum
3483 3571 3605 3613 esse
3645 3565 3701 3613 et
3739 3555 3890 3612 hiul-

2281 3664 2424 3705 cum.

2352 3742 2430 3797 Ex
2479 3743 2658 3813 priore
2693 3751 2874 3798 autem
2911 3743 3284 3814 manuscripto
3311 3743 3500 3800 codice
3529 3744 3679 3816 regio
3710 3744 3887 3815 prima

2281 3835 2477 3891 horum
2529 3835 2756 3891 Arnobii
2811 3835 3072 3892 librorum
3113 3837 3279 3891 editio
3324 3836 3511 3892 Romae
3538 3852 3682 3892 anno
3711 3837 3884 3904 1542,

2283 3932 2430 3986 curis
2472 3930 2655 3985 Fausti
2705 3929 2883 3986 Sabaei
2927 3929 3166 3985 Brixiani
3196 3931 3460 3985 adornata
3489 3939 3594 3992 est,
3626 3943 3787 4002 atque
3814 3946 3889 3986 ex

2283 4038 2346 4079 ea
2378 4021 2493 4079 fere
2514 4037 2705 4077 omnes
2729 4030 2914 4091 postea
2942 4021 3281 4092 prodierunt.
3303 4022 3551 4078 Secunda
3577 4039 3708 4080 vero
3737 4022 3889 4078 Basi-

2284 4118 2383 4174 lea:
2414 4119 2556 4188 apud
2587 4119 2940 4188 Frobenium,
2967 4135 3110 4175 anno
3139 4119 3298 4187 1546,
3320 4135 3549 4176 excussa
3580 4121 3679 4175 l‘uit
3705 4119 3888 4177 studio

2283 4208 2611 4280 Sigismundi
2656 4211 2869 4268 Gelenii
2899 4255 2913 4279 ,
2962 4212 3053 4283 qui
3087 4211 3268 4280 plures
3299 4213 3600 4276 superioris
3625 4213 3887 4269 editionis

2284 4319 2501 4360 errores
2529 4305 2598 4360 ab
2628 4306 2694 4361 iis
2715 4347 2730 4373 ,
2786 4305 2876 4377 qui
2909 4305 2961 4359 in
2995 4305 3241 4376 legendis
3287 4306 3483 4376 priscis
3515 4305 3888 4364 caracteribus

2284 4399 2564 4455 exercitati
2608 4415 2717 4454 non
2751 4410 2942 4466 erant,
2976 4400 3030 4455 in
3062 4400 3287 4455 Arnobii
3326 4412 3529 4457 textum
3553 4400 3798 4458 intrusos
3824 4416 3888 4457 se

2284 4495 2588 4550 correxisse
2639 4497 2891 4550 afﬁrmat.
2935 4494 3071 4550 Cinn
3114 4511 3246 4552 vero
3273 4497 3367 4552 ille
3399 4507 3576 4553 taceat
3602 4506 3784 4552 utrum
3812 4513 3886 4553 ex

655 4583 760 4640 Alii
787 4582 1031 4653 profecto
1065 4581 1278 4652 plurimi
1310 4590 1437 4635 sunt
1464 4595 1679 4637 errores
1705 4580 1774 4635 de
1793 4579 1990 4652 quibus
2010 4579 2179 4633 Ληιοο
2206 4593 2260 4656 D
2286 4586 2658 4656 manuscripto
2723 4587 2914 4644 codice
2961 4588 3144 4661 aliqua
3202 4600 3405 4646 ιρχιυη,
3464 4591 3836 4648 emendaverit
3866 4637 3882 4662 ’

543 4668 545 4670 ’
577 4675 704 4734 hius
736 4676 1057 4745 postulatur.
1102 4674 1353 4728 nimirum
1383 4672 1452 4729 de
1481 4688 1692 4728 summo
1722 4673 1830 4726 Deo
1855 4714 1870 4738 ,
1923 4671 1989 4726 de
2038 4669 2181 4725 illius

577 4773 685 4838 ira,
716 4769 785 4826 de
812 4771 990 4825 anima
1036 4767 1294 4835 hominis,
1323 4767 1391 4823 de
1423 4776 1663 4839 peccato,
1696 4765 1765 4821 de
1790 4765 1967 4821 carnis
1996 4780 2177 4820 resur-

574 4865 844 4934 rectione,
874 4863 942 4920 de
966 4864 1140 4935 panis
1163 4863 1471 4933 impiorum,
1501 4861 1570 4918 de
1590 4849 1927 4933 publicarum
1951 4859 2176 4915 calami-

582 4969 753 5015 tatum
785 4975 968 5023 causa,
992 4960 1221 5030 aliisque
1251 4957 1526 5028 religionis
1551 4955 1859 5012 chriStiante
1881 4954 2177 5010 documen-

582 5055 674 5109 tis.
708 5053 815 5110 Sed
845 5065 1022 5108 utrum
1045 5053 1166 5124 jure
1208 5051 1289 5106 vel
1331 5051 1524 5106 merito
1552 5050 1633 5105 vel
1666 5049 1937 5105 immerito
1984 5047 2177 5102 horum

580 5148 825 5201 omnium
880 5161 1126 5200 errormn
1173 5153 1451 5213 arguatur,
1477 5157 1576 5197 nos
1599 5141 1736 5196 inl‘ra
1763 5140 1922 5194 solito
1942 5139 2177 5194 candore

581 5236 1042 5299 examinabimus,
1087 5235 1175 5290 ubi
1219 5234 1287 5291 de
1338 5233 1525 5289 iisdem
1569 5232 1674 5287 illis
1703 5247 1872 5287 sacrae
1901 5229 2176 5300 religionis

580 5342 784 5388 nostra:
810 5329 1151 5403 dogmatibus
1177 5338 1232 5385 et
1261 5328 1595 5400 argumentis
1643 5325 1948 5398 disputandi
2000 5323 2177 5395 aptior

579 5424 736 5482 locus
757 5425 912 5480 nobis
940 5438 1062 5481 sese
1090 5421 1299 5478 olferet.

1188 5530 1484 5572 ARTICULUS
1515 5531 1562 5570 ν.

576 5635 662 5689 De
689 5639 834 5688 vat-iis
879 5637 1051 5690 horum
1075 5637 1310 5752 libroruin
1337 5637 1584 5752 coldicibus
1615 5642 1956 5704 manuscriptis
1988 5649 2042 5693 et
2065 5642 2175 5694 edia

1283 5713 1380 5751 toni
1419 5715 1490 5751 us.

1283 5713 1490 5751 IOIIIDUS.

2284 4697 2465 4738 nonne
2515 4680 2640 4737 inde
2686 4681 2866 4752 colligi
2913 4692 3088 4752 potest
3123 4682 3267 4739 hunc
3299 4685 3472 4754 ipsum
3501 4684 3615 4740 suis
3643 4693 3883 4739 tantum-

2283 4774 2446 4830 modo
2476 4774 2807 4845 conjccturis
2831 4783 3070 4830 tentasse
3095 4775 3360 4830 medicam
3393 4777 3458 4833 iis
3485 4776 3744 4832 adhibere
3769 4791 3885 4831 ma.

2284 4867 2456 4923 num?
2486 4866 2695 4922 Rursus
2722 4881 2853 4921 vero
2885 4865 2937 4920 lti
2968 4867 3190 4922 Arnobii
3218 4867 3342 4924 libri
3371 4885 3436 4924 ex
3462 4870 3651 4926 iisdem
3677 4871 3883 4930 Frobe-

2283 4962 2460 5016 nianis
2503 4961 2643 5033 typis
2694 4975 2836 5016 anno
2889 4961 3062 5028 1560,
3111 4962 3162 5016 in
3194 4963 3383 5018 eadem
3414 4965 3578 5034 urbe,
3607 4981 3672 5022 ac
3696 4976 3883 5038 postea

2282 5055 2507 5111 Parisiis
2529 5069 2671 5109 anno
2705 5054 2866 5118 1570,
2900 5055 2950 5108 in
2977 5055 3169 5128 vulgus
3189 5058 3463 5112 exierunt.

2357 5147 2677 5204 Theodorus
2702 5147 2934 5204 subinde
2966 5150 3228 5206 Canterus
3272 5167 3464 5207 novam
3516 5154 3763 5222 illorum,
3813 5157 3883 5213 ad

2285 5241 2634 5312 manuscripti
2682 5240 2849 5309 regii,
2897 5251 2953 5296 ut
2996 5242 3086 5298 ille
3131 5243 3231 5310 ait,
3264 5245 3422 5300 Iidem
3451 5289 3466 5312 ,
3500 5257 3553 5302 et
3581 5247 3882 5308 Clementis

2285 5334 2645 5392 Alexandrini
2673 5335 2876 5389 auxilio
2893 5337 3238 5406 castigatam,
3258 5337 3550 5396 editionem
3569 5342 3881 5413 Antuerpite

2287 5431 2427 5501 apud
2476 5429 2806 5498 Plautinum,
2844 5445 2988 5485 anno
3032 5430 3192 5497 l582,
3234 5447 3487 5489 excusam
3520 5435 3718 5506 publici
3740 5437 3881 5507 juris

2284 5524 2435 5580 fecit.
2469 5523 2696 5579 Fatetur
2723 5535 2900 5580 autem
2932 5539 2993 5579 se
3033 5525 3352 5596 aliquando.
3393 5527 3481 5583 tibi
3512 5528 3734 5585 meliora
3772 5545 3881 5586 non

2286 5620 2680 5692 suppetabant,
2733 5620 2910 5676 varias
2959 5619 3200 5685 Gelenii,
3241 5639 3401 5694 quem
3427 5623 3758 5694 conjecturis
3797 5633 3880 5680 ta-

2286 5730 2412 5772 men
2461 5713 2687 5770 nimium
2716 5711 3009 5772 indulsisse
3055 5715 3260 5787 arguit,
3314 5725 3558 5776 secutum
3603 5717 3876 5793 fuissele-

577 5802 804 5886 LUnus
831 5814 1037 5884 tantum
1062 5807 1219 5870 nobis
1244 5815 1496 5880 superest
1521 5806 1718 5870 horum
1765 5809 2025 5874 librorum
2053 5829 2174 5872 ma-
2251 5824 2284 5869 ο
2317 5810 2508 5872 tiones.
