4166 6256
308 349 410 405 401

1568 349 1634 406 ΙΝ
1675 349 2026 409 ARNOBIUM
2051 395 2066 420 ,
2107 352 2259 410 CAP.
2300 356 2364 412 ll.
2399 355 2403 357 ’

3515 357 3627 416 402

382 465 594 524 Dehinc
637 466 1049 538 quadragesimo
1080 476 1201 539 post
1228 467 1555 539 divulgatam
1581 466 1770 522 Romae
1799 468 1912 539 pri-
1940 481 1993 542 Α
2017 470 2342 539 summulas,
2384 471 2580 544 quibus
2609 473 2934 543 explanatur
2960 471 3226 531 obscurus
3253 472 3481 531 Arnobii
3505 483 3621 531 tex-

306 574 456 614 mam
507 561 699 616 horum
726 561 987 617 librorum
1017 563 1332 628 editionem,
1369 578 1512 617 anno
1532 560 1732 617 Christi
1761 563 1919 617 trimi-

306 669 435 708 rum
467 655 622 721 1585,
659 653 878 710 Fulvius
911 655 1141 712 Ursinus
1165 657 1324 710 aliam
1359 655 1409 709 in
1439 654 1628 710 eadem
1658 655 1790 710 urbe
1817 671 1914 710 cu-

306 747 454 800 ravit
505 748 556 801 in
605 747 780 802 lucem
837 747 1088 818 proferri.
1134 747 1318 802 Palam
1369 757 1548 802 autem
1587 747 1826 802 declarat
1854 762 1915 804 se

307 837 532 894 Joannis
564 839 822 908 Baptista:
853 841 1117 912 sighicelli
1141 883 1155 906 ,
1210 849 1266 895 et
1303 841 1449 896 Petri
1478 839 1759 895 Chiaconii
1799 841 1913 895 his-

308 937 433 1005 pani
483 935 961 990 entendatiOnibus
1005 936 1268 1006 adjutum,
1303 936 1356 990 in
1389 951 1452 990 ea
1483 935 1742 1006 plurimas
1771 933 1909 991 Ger-

307 1041 642 1090 manorum,
704 1027 796 1096 qui
848 1025 1070 1082 Arnobii
1126 1037 1330 1082 textum
1379 1025 1608 1081 inﬁnitis
1637 1025 1771 1081 locis
1811 1041 1910 1097 pro

303 1118 460 1173 libitu
501 1130 556 1174 et
614 1118 840 1173 arbitrio
897 1129 1275 1188 corruperant,
1307 1117 1720 1188 depravationes
1747 1130 1908 1188 atque

304 1214 715 1268 immutationes
770 1213 1096 1268 correxisse.
1148 1211 1291 1267 Nihil
1344 1221 1522 1267 tamen
1569 1212 1622 1267 in
1671 1213 1906 1268 auctoris

301 1316 510 1361 textum
553 1321 615 1361 se
659 1305 935 1376 recepisse
989 1315 1238 1373 testatur,
1272 1304 1373 1359 nisi
1403 1303 1544 1374 quod
1576 1304 1906 1360 nianifcsns-

295 1404 440 1458 sime
489 1413 648 1473 atque
679 1403 783 1457 ulla
812 1405 1016 1472 absone
1046 1403 1415 1458 controversia
1448 1417 1637 1457 verum
1664 1412 1802 1463 erat.
1839 1418 1902 1458 ac

293 1497 598 1550 multorum
630 1496 1041 1566 comprobatum
1095 1495 1318 1566 judicio.
1379 1496 1510 1563 Qua:
1540 1512 1671 1550 vero
1695 1512 1800 1550 non
1827 1496 1900 1550 ita

289 1601 450 1646 certa
483 1592 824 1655 videbantur,
856 1609 917 1648 ea
949 1592 1218 1663 adjunctis
1245 1593 1312 1646 ad
1343 1593 1682 1663 conjecturas
1709 1593 1899 1648 conﬁr-

289 1685 521 1741 mandas
553 1685 812 1740 brevibus
839 1685 1161 1756 quibusdam
1189 1683 1754 1739 animadversionihus
1774 1726 1790 1751 ,
1842 1684 1895 1738 in

289 1795 384 1833 ora
417 1790 638 1835 notasse
666 1781 1001 1851 paginarum.

2023 571 2128 630 tus,
2162 579 2485 630 erroresque
2511 567 2626 635 ejus
2657 575 2930 621 notantur.

2091 657 2348 712 Desidrrii
2377 657 2592 712 lleraldi
2631 675 2792 730 opera
2825 667 2879 713 et
2907 659 3088 714 studio
3138 676 3276 716 nova
3321 663 3510 717 horum
3541 664 3616 721 li-

2017 749 2235 804 brorum
2264 750 2428 804 editio
2457 751 2696 815 Parisiis,
2726 767 2870 807 anno
2914 754 3074 820 1605,
3097 754 3162 808 ad
3193 757 3512 824 Romanam,
3541 761 3621 814 uti

2017 843 2105 897 ille
2131 843 2385 910 loquitur,
2417 850 2701 916 castigata,
2727 855 2780 900 et
2805 846 3124 916 quibusdam
3157 849 3290 902 locis
3313 864 3381 904 ex
3409 867 3610 905 manu-

2013 936 2218 1005 scripto
2259 935 2408 1006 regio
2435 948 2590 992 aucta
2641 947 2696 992 et
2723 939 3006 994 emendata
3057 940 3325 1012 divulgata
3354 954 3458 998 est.
3494 945 3609 1000 Sed

2013 1028 2102 1083 ille
2128 1029 2297 1100 majus
2351 1031 2399 1084 in
2449 1031 2590 1085 notis
2619 1032 2941 1094 scribendis,
2972 1049 3130 1102 quam
3179 1037 3230 1090 iu
3263 1037 3609 1096 emendando

2010 1123 2228 1178 Aruobii
2263 1133 2431 1186 textu,
2468 1125 2644 1194 posuit
2667 1124 2925 1181 studium.
2947 1125 3056 1182 Nos
3083 1141 3262 1186 autem
3285 1145 3605 1189 commone—

2009 1213 2137 1269 facit
2166 1231 2225 1272 se
2271 1216 2336 1271 ad
2387 1217 2439 1271 id
2499 1218 2786 1287 impulsum
2839 1217 3025 1286 fuisse,
3082 1221 3204 1291 quia
3258 1223 3472 1292 plurimi
3505 1239 3605 1279 suo

2009 1315 2254 1376 tempore
2304 1309 2676 1364 instaurandis
2717 1313 3125 1366 humanioribus
3170 1313 3362 1368 litteris
3389 1331 3456 1370 eo
3483 1317 3606 1370 feli-

2005 1398 2232 1465 ciorem,
2262 1415 2368 1470 quo
2423 1401 2703 1471 majorem,
2737 1402 2906 1457 sacris
2939 1419 3070 1458 vero
3118 1413 3173 1458 et
3221 1405 3607 1462 ecclesiasticis

2004 1491 2338 1548 illustrantlis
2380 1506 2470 1550 aut
2503 1497 2808 1559 minimum,
2838 1507 2930 1551 aut
2962 1499 3166 1553 nullum
3209 1499 3446 1555 laborem
3495 1501 3600 1555 im-

2002 1587 2322 1658 penderant.
2352 1589 2678 1644 Persuasum
2729 1591 2910 1662 itaque
2942 1593 3131 1646 habuit
3180 1593 3338 1663 longe
3366 1595 3602 1649 utilioris

2000 1692 2125 1735 esse
2153 1695 2332 1750 opera:
2375 1680 2441 1735 ad
2475 1681 2682 1736 edenda
2711 1691 2767 1736 et
2812 1684 3150 1753 explananda
3198 1694 3443 1740 veterum
3493 1687 3598 1740 Ec-

1998 1770 2178 1826 clesia:
2219 1771 2438 1826 Patrum
2477 1774 2678 1843 scripta
2707 1786 3028 1830 convertere
3061 1777 3322 1832 animum.
3354 1778 3596 1834 Primum

362 1872 506 1927 Duas
559 1872 868 1929 Gebharms
919 1873 1355 1928 Elmenhorsﬁus
1404 1873 1564 1944 hujus
1593 1873 1888 1930 Amobiani
1921 1892 1968 1951 Β
1996 1861 2178 1932 itaque
2207 1863 2276 1918 de
2320 1864 2658 1934 publicandis
2689 1875 2745 1921 et
2793 1867 3144 1923 emendandis
3187 1869 3504 1926 Tertulliani
3529 1873 3596 1926 li-

286 1965 472 2035 operis
517 1964 806 2029 editiones,
842 1981 1002 2020 unam
1029 1964 1351 2030 Haunoviw,
1385 1981 1527 2021 anno
1550 1966 1712 2031 1605,
1743 1966 1888 2023 alte-

287 2071 407 2111 ram
436 2055 622 2125 majori
653 2055 966 2111 charactere
983 2057 1351 2124 etVolumine,
1383 2056 1676 2126 Hamhurgi
1697 2099 1712 2122 ,
1743 2071 1887 2110 anno

288 2148 469 2213 1610,
519 2148 830 2218 divulgavit.
880 2148 992 2203 Nos
1019 2159 1199 2204 autem
1227 2151 1465 2204 monitos
1495 2150 1546 2203 in
1578 2150 1742 2218 priori
1772 2148 1886 2204 edi-

290 2242 441 2297 tione
463 2240 586 2296 facit
615 2239 813 2314 (Epist.
831 2243 898 2295 ad
913 2241 1140 2313 Lector.)
1158 2259 1236 2307 se,
1255 2242 1432 2298 adhuc
1453 2243 1881 2307 adolescentem,

282 2336 374 2392 his
401 2335 626 2391 edendis
659 2337 812 2391 libris
842 2337 1172 2406 impendisse
1196 2354 1442 2408 operam,
1474 2353 1537 2391 ac
1565 2351 1665 2392 suo
1696 2352 1883 2392 exem-

279 2431 421 2502 plari
448 2446 568 2484 cum
595 2429 768 2484 Fulvii
798 2429 981 2486 Ursini
1017 2429 1254 2485 editione
1311 2429 1602 2501 diligenter
1646 2429 1842 2484 collato
1863 2471 1877 2495 ,

280 2539 382 2579 eos
406 2522 707 2579 reddidisse
731 2523 1057 2578 ornatiores.
1078 2522 1231 2593 Quod
1260 2532 1438 2577 autem
1463 2524 1690 2592 qualeve
1719 2520 1884 2577 fuerit

281 2619 421 2675 illud
451 2619 739 2689 exemplar,
777 2619 990 2688 penitus
1016 2618 1240 2673 silet.At
1271 2619 1325 2671 in
1356 2617 1561 2690 prmvio
1585 2616 1651 2670 ad
1680 2631 1878 2671 secun-

277 2714 409 2769 dam
458 2714 746 2770 editionem
783 2715 991 2769 monito
1016 2713 1257 2769 declarat
1288 2728 1345 2768 se
1373 2715 1425 2768 in
1454 2729 1514 2769 ea
1545 2711 1877 2768 recensenda

277 2825 438 2863 usum
468 2808 636 2863 fuisse
659 2816 871 2864 vetusto
898 2809 1088 2864 codice
1111 2807 1388 2862 Francisci
1414 2806 1588 2862 Saba-i
1621 2805 1874 2868 Brixiani,

274 2920 424 2960 anno
471 2904 645 2969 1552,
686 2905 926 2960 romanis
966 2905 1108 2976 typis
1150 2902 1316 2956 edito.
1361 2900 1462 2956 Ubi
1485 2916 1617 2957 vero
1641 2899 1727 2955 hic
1753 2915 1876 2955 cor-

273 3010 471 3068 ruptus
497 3005 637 3063 crat,
663 2997 729 3052 ad
757 3007 1042 3068 excerptas
1070 3012 1200 3050 mss.
1234 3005 1289 3051 et
1307 2995 1592 3050 doctorum
1615 2993 1874 3050 emenda-

273 3094 452 3148 tiones
482 3108 543 3146 se
573 3090 879 3162 confugisse
903 3133 916 3155 ,
976 3098 1138 3161 atquc
1186 3089 1270 3143 his
1310 3087 1649 3142 adminiculis
1707 3086 1874 3141 libros

271 3185 499 3241 Arnobii
530 3183 827 3238 innumeris
854 3182 1021 3236 nzevis
1051 3196 1307 3253 purgasse
1338 3191 1646 3244 asseverat;
1686 3179 1756 3233 ita
1789 3188 1871 3232 ta-

1993 1956 2104 2012 bris
2132 1959 2412 2029 cogitavit.
2443 1959 2548 2016 Sed
2598 1960 2801 2015 laboris
2851 1962 3218 2032 magnitudine
3269 1963 3588 2034 deterritus,

1992 2051 2180 2105 maluit
2205 2051 2262 2106 in
2289 2053 2601 2109 arnobianis
2625 2057 2802 2111 facere
2833 2056 3132 2126 periculum
3172 2076 3217 2111 ει
3249 2059 3423 2131 Atque
3448 2076 3592 2127 rem,

1993 2143 2186 2214 inquit,
2219 2147 2292 2200 ita
2315 2161 2435 2200 sum
2468 2147 2691 2202 adorsus
2714 2158 2794 2214 ut,
2828 2160 3086 2204 currente
3113 2165 3321 2216 mense,
3346 2151 3414 2207 ah
3433 2154 3588 2208 iusti-

1990 2244 2104 2290 tuto
2135 2251 2299 2308 opere
2331 2239 2590 2304 secundo,
2624 2240 2689 2294 ad
2721 2240 2843 2296 libri
2894 2241 3099 2297 calcem
3152 2245 3472 2313 perductum
3499 2260 3589 2301 me

1987 2333 2252 2386 senserim
2284 2353 2303 2385 ι
2338 2332 2507 2406 (epist.
2534 2334 2808 2406 dedicat.).

2059 2423 2252 2479 Postea
2280 2441 2425 2482 anno
2456 2426 2617 2493 1651,
2654 2426 2705 2480 hi
2736 2436 2946 2496 septem
2985 2431 3223 2485 auctoris
3261 2432 3430 2487 nostri
3455 2432 3562 2487 libr

1985 2514 2235 2585 Lugduni
2268 2516 2620 2583 Batavorum,
2643 2533 2764 2574 eum
2792 2521 3102 2587 recensione,
3134 2524 3208 2577 uti
3243 2525 3293 2578 in
3323 2524 3478 2580 titulo
3498 2526 3582 2580 in-

1985 2611 2260 2678 scribitur,
2304 2611 2414 2665 Viri
2440 2614 2784 2681 celeberrimi,
2817 2625 2864 2670 et
2911 2617 3122 2687 integris
3165 2618 3390 2672 omnium
3449 2636 3590 2674 com-

1983 2709 2248 2762 mentariis
2301 2709 2556 2779 publicati
2611 2710 2844 2765 fuerunt.
2877 2712 2982 2766 Sed
3038 2714 3249 2768 tametsi
3290 2713 3584 2769 reticeatur

1983 2799 2142 2871 hujus
2168 2802 2266 2856 viri
2299 2818 2516 2867 nomen,
2565 2803 2802 2870 Thysius
2831 2803 3185 2859 nihilominus
3213 2805 3354 2860 hanc
3378 2805 3578 2861 editio-

1981 2911 2103 2950 nem
2137 2912 2202 2951 ex
2238 2905 2388 2966 parte
2426 2912 2751 2969 procurasse
2795 2899 3016 2953 dicitur.
3043 2898 3098 2952 lu
3129 2915 3190 2953 ea
3221 2915 3382 2969 porro
3405 2915 3580 2971 quan-

1981 2989 2182 3042 tumvis
2211 2991 2453 3044 omnium
2481 2992 2886 3045 accuratissima
2917 2991 3244 3060 venditetur,
3269 2994 3450 3062 plures
3477 2993 3578 3049 de-

1979 3082 2372 3151 prehendimus
2419 3100 2527 3138 non
2560 3085 2734 3138 solum
2769 3086 3227 3157 typographorum
3253 3086 3454 3158 lapsus,
3478 3088 3577 3144 sed

1976 3175 2220 3246 qua-dam
2249 3179 2411 3231 etiam
2449 3178 2614 3232 verba
2646 3179 2884 3244 poanilus
2912 3181 3132 3234 omissa.

268 3295 399 3335 men
424 3289 479 3333 nt
504 3293 631 3332 raro
658 3277 803 3331 illius
847 3276 1013 3331 textui
1069 3275 1272 3346 aliquid
1327 3273 1638 3329 inseruerit.
1670 3273 1870 3340 Aperte
1899 3290 1943 3353 ρ
2047 3267 2250 3324 Ultima
2281 3269 2493 3324 illorum
2524 3271 2690 3326 editio
2720 3289 2746 3323 a
2781 3271 2991 3327 Priorio
3017 3272 3274 3345 Cypriani
3294 3273 3574 3345 operibus,

268 3373 630 3428 nihilominus
659 3369 897 3425 declarat
939 3369 1165 3440 plurima
1209 3367 1384 3422 adhuc
1423 3380 1707 3438 superesse
1735 3364 1868 3419 falsa

267 3477 320 3520 et
345 3473 602 3534 Corrupto
635 3465 773 3530 loca,
802 3480 920 3534 qua:
947 3463 1187 3534 quidem,
1214 3477 1333 3516 cum
1361 3461 1477 3515 sine
1506 3459 1744 3514 melioris
1771 3473 1868 3513 co-

268 3558 410 3613 dicis
436 3573 540 3629 ope
567 3558 790 3628 intelligi
824 3565 1114 3627 nequeant,
1136 3571 1197 3609 ea
1228 3557 1427 3610 intacta
1454 3565 1507 3607 et
1535 3551 1868 3608 felicioribus

271 3653 504 3723 ingeniis
532 3652 852 3723 corrigenda
883 3650 1120 3721 reliquit.
1148 3649 1254 3705 Sed
1284 3649 1373 3704 ille
1399 3647 1554 3702 nobis
1585 3665 1690 3701 non
1723 3646 1867 3700 indi-

272 3759 364 3802 Cat
393 3748 478 3815 qui
510 3747 705 3802 fuerint
735 3747 953 3801 eodices
995 3746 1102 3810 illi,
1130 3761 1194 3800 ex
1225 3743 1417 3815 quibus
1446 3753 1716 3812 excerpta:
1742 3752 1867 3796 sunt

274 3841 448 3895 varia:
476 3841 573 3894 illa:
602 3840 884 3896 lectiones.
918 3841 985 3894 At
1011 3855 1139 3894 mss.
1166 3849 1222 3894 et
1242 3838 1524 3892 doctorum
1560 3837 1865 3892 nominibus

265 3937 408 3992 nihil
435 3936 576 3990 aliud
611 3947 805 4006 prmter
837 3937 998 4006 regite
1026 3933 1368 3989 bibliothecae
1396 3931 1662 3998 codicem,
1691 3942 1744 3986 et
1769 3949 1861 3987 su-

264 4031 576 4102 perioribus
619 4030 945 4084 editionibns
991 4027 1308 4097 praefectos,
1343 4034 1504 4097 atque
1529 4026 1864 4080 observatio-

263 4143 398 4182 num
450 4124 803 4197 quorumdam
855 4133 1103 4179 auctores
1149 4121 1481 4194 signiﬁcasse
1512 4119 1862 4192 proculdubio

263 4221 503 4276 videtur.

339 4317 515 4374 Aliam
562 4315 870 4371 eorumdem
919 4316 1181 4371 librorum
1206 4314 1524 4378 editionem,
1549 4311 1860 4382 Antuerpize

260 4427 412 4466 anno
441 4410 580 4464 1604
621 4410 962 4480 publicatam,
997 4410 1350 4465 Godeschalci
1375 4408 1662 4465 Stewechii
1693 4407 1861 4463 labori

261 4505 534 4559 debemus
557 4501 648 4572 (In
680 4503 826 4571 epist.
856 4503 1078 4558 dedicat.
1103 4502 1341 4573 Angusta!
1360 4500 1704 4569 Trevirorum,
1726 4516 1860 4556 anno

267 4597 457 4666 1587).
511 4595 659 4651 Hanc
707 4596 797 4649 ille
843 4597 1009 4652 variis
1051 4596 1373 4651 lectionibus
1406 4595 1608 4652 veteris
1643 4611 1862 4651 manus-

1974 3376 2118 3416 anno
2148 3361 2286 3417 1666
2315 3363 2523 3431 adjecta
2556 3375 2660 3419 est.
2693 3363 2894 3420 Verum
2922 3381 3043 3420 cum
3078 3365 3193 3422 bmc
3222 3369 3360 3424 sicut
3401 3378 3455 3426 et
3483 3386 3576 3426 su-

1974 3453 2156 3522 perior
2176 3454 2246 3509 ad
2275 3456 2524 3526 antiquas
2550 3457 2835 3512 dumtaxat
2859 3458 3126 3514 editiones
3150 3459 3574 3529 adornataesiut,

1973 3549 2165 3604 iisdem
2221 3550 2577 3620 proculdubio
2634 3551 2864 3624 aliisque
2914 3555 3071 3608 novis
3115 3557 3572 3627 typographorum

1971 3641 2182 3696 mendis
2210 3643 2461 3711 vitiisque
2487 3643 2890 3715 adsperguntur
2918 3661 2981 3699 ac
3002 3645 3443 3717 coinquinantur.

2041 3736 2303 3802 Quamvis
2347 3753 2479 3803 ergo
2526 3739 2722 3809 singuli
2750 3740 2950 3810 quique
2978 3741 3292 3806 editionem,
3319 3747 3403 3800 cui
3433 3761 3574 3818 pne-

1970 3831 2093 3885 fecti
2125 3833 2292 3897 luere,
2326 3833 2616 3903 plurinunn
2659 3835 2943 3902 extollant,
2968 3844 3131 3907 atque
3164 3837 3399 3894 inﬁnitas
3430 3841 3571 3895 alio-

1968 3939 2086 3978 rum
2143 3923 2380 3979 maculas
2432 3925 2630 3980 eluisse
2661 3926 2919 3982 audacter
2946 3929 3307 3993 adseverent,
3355 3941 3572 3987 constat

1969 4015 2319 4071 nihilominus
2349 4017 2555 4071 nullam
2613 4017 2680 4071 ad
2730 4033 2830 4073 nos
2864 4021 3173 4088 pervenisse
3202 4022 3360 4091 plane
3387 4022 3568 4094 perfe-

1967 4121 2134 4176 ctam,
2168 4120 2222 4165 et
2269 4112 2522 4166 omnibus
2573 4113 2815 4168 numeris
2845 4114 3171 4169 absolutam.
3202 4115 3347 4170 Talis
3379 4127 3564 4173 autem

1967 4220 2259 4276 numquam
2317 4203 2507 4260 conﬁci
2553 4207 2772 4276 poterit.
2823 4208 2922 4261 nisi
2976 4217 3176 4278 printer
3206 4221 3568 4267 memoratum

1965 4315 1995 4355 a
2025 4299 2182 4354 nobis
2215 4299 2355 4368 regis
2383 4299 2553 4353 nostri
2582 4299 3036 4362 christianissimi,
3069 4318 3133 4357 ac
3160 4303 3302 4358 forte
3331 4304 3566 4360 alterum

1965 4394 2392 4462 manuscriptum
2431 4393 2676 4450 codicem
2702 4437 2718 4462 ,
2770 4395 2864 4449 alii
2904 4411 2934 4449 a
2968 4395 3202 4453 librariis
3258 4402 3566 4458 accuratius

1964 4494 2152 4563 scripti
2206 4496 2570 4566 reperiantur.
2599 4497 2655 4554 Si
2693 4499 2784 4569 qui
2834 4513 2963 4554 vero
2991 4513 3058 4554 ex
3111 4500 3565 4558 bibliothecarum

1965 4587 2154 4643 forulis
2207 4590 2403 4647 alicubi
2453 4593 2571 4647 erui
2629 4594 2855 4663 possint,
2894 4610 3016 4648 cum
3047 4596 3210 4650 editis
3261 4596 3564 4668 diligentis-

263 4690 468 4759 cripti,
525 4689 682 4742 sicuti
732 4689 1181 4755 observavimus,
1214 4689 1453 4745 altlodio
1495 4691 1703 4755 missis,
1751 4705 1858 4745 non
1888 4681 2101 4759 Dsime
2148 4683 2506 4754 componendi
2556 4697 2721 4751 sunt;
2754 4696 2916 4757 atque
2967 4697 3025 4741 ut
3082 4689 3303 4744 tollatur
3357 4699 3558 4758 textus,

266 4791 480 4836 tantum
531 4781 829 4836 auctiorem
884 4782 1068 4837 multis
1113 4783 1165 4836 in
1209 4783 1378 4850 locis,
1415 4784 1512 4839 sed
1557 4784 1860 4840 emendatis

262 4876 433 4929 etiam
485 4876 782 4930 innumeris
827 4876 1104 4951 erroribus
1156 4877 1434 4933 meliorem
1467 4892 1527 4932 se
1558 4877 1753 4933 fecisse
1783 4878 1860 4932 af-

265 4972 473 5026 ﬁrmat.
512 4971 762 5025 Diversas
784 4980 963 5026 autem
991 4971 1104 5026 sive
1126 4971 1249 5026 libri
1279 4988 1439 5026 manu
1466 4971 1700 5038 exarati,
1747 4973 1861 5029 sive

257 5064 493 5116 aliarum
544 5062 840 5116 editionum
897 5063 1155 5119 lectiones
1227 5064 1542 5134 paginarum
1613 5065 1863 5136 ascripsit

256 5156 499 5224 margini
530 5174 542 5210 :
595 5164 756 5226 atque
802 5156 942 5212 idem
973 5200 988 5224 ,
1045 5158 1497 5228 quemadmodum
1532 5160 1622 5216 ille
1653 5170 1856 5228 monet,

256 5251 512 5304 facturus
540 5258 656 5304 erat
679 5251 730 5304 in
757 5250 842 5310 iis.
890 5266 1009 5321 qua:
1043 5251 1226 5306 Ursini
1247 5252 1410 5307 editio
1444 5253 1582 5309 bene
1612 5256 1860 5310 restituta

258 5357 384 5413 pra:
410 5356 465 5396 se
495 5343 616 5407 fert,
642 5344 686 5397 si
707 5353 903 5397 tantum
936 5346 1106 5398 aliena
1125 5362 1157 5399 a
1184 5347 1288 5400 suis
1319 5346 1408 5400 ille
1431 5347 1738 5412 secrevisset,
1772 5365 1857 5402 ne-

254 5450 364 5507 que
412 5436 583 5488 omnia
613 5476 628 5502 ,
685 5446 739 5489 ut
794 5452 886 5490 sua
908 5477 922 5502 ,
957 5453 1061 5490 uno
1091 5440 1366 5508 eodemque
1381 5439 1506 5508 jure
1540 5451 1858 5510 usurpasset.

255 5535 431 5584 Anno
456 5539 635 5585 autem
671 5529 834 5596 1654,
867 5531 1114 5586 Leander
1140 5532 1208 5586 de
1235 5534 1436 5588 Sancto
1451 5533 1677 5588 Martino
1705 5534 1862 5590 Ordi-

257 5625 349 5680 nis
373 5666 389 5687 ,
422 5626 590 5680 sancti
644 5624 917 5680 Benedicti
953 5626 1250 5682 monachus
1276 5667 1291 5691 ,
1334 5636 1390 5682 et
1426 5631 1860 5700 congregationis

253 5718 560 5788 anglicanre
591 5719 832 5787 ejusdem
865 5720 1068 5773 ordinis
1087 5735 1285 5790 praeses
1302 5722 1594 5791 generalis,
1615 5724 1860 5778 eamdem

256 5810 558 5869 Stewechii
588 5813 884 5868 editionem
904 5814 1059 5868 novis
1079 5815 1216 5887 typis
1231 5815 1393 5869 Duaci
1418 5816 1601 5872 recudi
1623 5819 1858 5872 curavit.

257 5905 372 5957 Sed
395 5905 443 5956 ei
476 5905 602 5958 nihil
634 5906 826 5972 adierit
859 5907 1020 5964 aliud,
1053 5921 1210 5975 quam
1240 5908 1513 5978 paratitla,
1550 5924 1646 5964 seu
1667 5909 1859 5965 breves

1964 4775 2141 4848 quoad
2207 4777 2320 4832 ﬁeri
2355 4778 2574 4847 poterit,
2610 4778 2883 4845 confusio,
2914 4779 2967 4832 in
3001 4780 3174 4850 capita
3207 4791 3264 4836 et
3292 4783 3564 4839 seetiones

1965 4871 2240 4938 distingui,
2263 4873 2519 4944 claraque
2543 4873 2781 4944 capitum
2815 4882 2870 4927 et
2908 4873 3211 4932 sectionum
3240 4886 3562 4948 argumenta

1965 4968 2197 5038 proferri
2227 4966 2448 5026 debent.

2541 5100 2838 5142 ABTICULUS
2877 5101 2952 5142 γι.

2058 5217 2136 5269 De
2159 5221 2400 5269 variorum
2425 5221 2473 5270 in
2497 5222 2588 5270 hos
2609 5220 2762 5272 libros
2783 5224 2909 5273 notis
2932 5230 2985 5273 et
3007 5223 3454 5274 observationibus.

2037 5349 2228 5404 Plures
2266 5349 2578 5406 arnobianis
2621 5350 2774 5406 libris
2801 5350 3028 5407 edendis
3057 5351 3354 5422 praepositi,
3397 5359 3561 5423 atque

1965 5443 2054 5498 alii
2105 5444 2264 5497 etiam
2297 5444 2397 5498 viri
2445 5444 2588 5500 docti
2645 5454 2803 5500 notas
2833 5446 2886 5499 in
2914 5459 3008 5500 eos
3052 5454 3106 5500 et
3155 5445 3562 5502 observationes

1964 5535 2269 5592 ediderunt.
2305 5538 2544 5592 Primum
2585 5537 2731 5593 enim
2764 5537 2988 5593 Latinus
3010 5538 3253 5593 Latinius
3276 5554 3474 5610 paucas
3505 5540 3565 5596 in

1965 5629 2088 5684 illos
2114 5645 2236 5683 cum
2266 5631 2440 5686 varias
2462 5631 2721 5686 lectiones
2752 5640 2860 5684 tum
2891 5630 3300 5687 observationes
3324 5642 3377 5686 et
3407 5640 3566 5688 notas

1966 5722 2183 5792 reliquit
2242 5721 2436 5795 (Latin.
2487 5723 2717 5778 bibliotlt.
2773 5737 2906 5775 sacr.
2966 5732 3013 5775 et
3065 5726 3299 5794 profan.,
3355 5724 3563 5793 p.98).

1965 5812 2074 5872 Sed
2107 5814 2239 5869 nihil
2269 5815 2416 5872 aliud
2442 5816 2594 5872 nobis
2615 5813 2831 5869 exhibet
2868 5831 3036 5888 quam
3069 5830 3193 5871 suas
3219 5815 3567 5884 aliorumque

1962 5907 2331 5980 quorumdam
2359 5907 2714 5979 conjecturas.
2746 5907 3020 5970 Meursius
3051 5907 3248 5967 deinde
3277 5921 3420 5964 anno
3441 5915 3579 5963 aeta-
