4158 6264
567 343 675 401 40⁸5

1811 330 2263 395 DISSERTATIO
2299 331 2579 393 PREVIA

3756 339 3860 396 ωδ

562 457 639 515 tis
671 470 782 512 suae
833 451 1050 509 decimo
1096 464 1263 516 nono,
1291 448 1489 506 Christi
1518 456 1697 505 autem
1726 447 1886 513 1598,
1924 447 2169 503 Criticum
2196 455 2251 519 Α
2274 457 2430 507 extra
2463 450 2661 518 aleam,
2692 459 2748 507 et
2776 450 3011 510 auctoris
3041 454 3393 524 propositum,
3420 468 3522 513 nec
3548 466 3717 525 pauca
3738 457 3859 526 qui-

562 551 938 614 arnobiunum,
988 544 1239 613 Lugduni
1265 543 1592 598 Batavorum
1639 544 1779 615 typis
1822 543 2163 599 elzevirianis

461 680 467 689 ο
564 648 896 713 impressum
925 638 1111 695 edidit.
1144 635 1254 691 Nos
1297 644 1477 691 autem
1510 636 1743 691 monitos
1771 634 1899 691 facit
1925 651 1986 692 se
2023 632 2166 691 Can—

566 747 713 806 tero,
744 735 836 807 qui
890 732 1080 789 eadem
1142 729 1524 796 meditabatur,
1575 728 1676 783 nisi
1705 728 1822 799 ejus
1874 727 2164 800 permissu,

565 829 769 902 praeire
800 825 1060 891 uoluisse,
1098 837 1163 877 ne
1194 821 1385 876 falcem
1410 836 1562 877 snam
1588 822 1639 876 in
1668 822 1896 877 alienam
1925 837 2161 878 messem

569 920 827 991 iniecisse
872 926 1208 989 argueretur.
1264 913 1344 968 Eo
1394 931 1556 985 porro
1583 914 1636 969 in
1679 930 1845 985 opere
1900 930 2008 970 non
2060 916 2170 971 alio

568 1014 684 1070 fere
714 1010 1042 1075 collineavit,
1084 1023 1243 1080 quam
1290 1017 1346 1062 ut
1399 1007 1681 1062 arnobiani
1732 1017 1913 1064 textus
1953 1025 2168 1066 errores

573 1106 779 1177 absque
821 1103 931 1158 ullo
959 1100 1148 1157 codice
1177 1099 1404 1169 inedito,
1434 1099 1531 1155 sed
1561 1100 1778 1171 pr0prio
1805 1111 1995 1168 marte,
2020 1103 2171 1173 juve-

572 1196 776 1268 nitique
806 1194 1023 1266 ingenio
1078 1192 1415 1248 emendaret.
1455 1191 1681 1247 Fatetur
1711 1203 1889 1249 tamen
1918 1209 1949 1249 a
1976 1210 2034 1250 se
2064 1196 2163 1249 im-

573 1301 795 1364 petrare
840 1302 949 1343 non
984 1286 1269 1357 potuisse,
1311 1285 1438 1355 quin
1487 1284 1658 1340 labori
1693 1286 1954 1355 intentus,
2001 1303 2173 1359 eoque

573 1382 850 1448 incitatus,
892 1378 1185 1449 aliquando
1227 1387 1379 1433 extra
1427 1378 1735 1448 propositos
1762 1391 2080 1436 excurreret
2110 1381 2174 1435 li-

571 1478 759 1532 mites.
786 1475 955 1543 Quam
988 1470 1133 1526 felici
1163 1482 1345 1528 autem
1376 1487 1628 1527 successu
1648 1472 1700 1527 id
1722 1474 1914 1545 egerit,
1946 1474 2175 1544 probant

574 1582 727 1626 certe
759 1574 838 1621 tot
858 1563 1057 1621 eruditi
1086 1564 1404 1635 scriptores,
1436 1566 1525 1633 qui
1556 1575 1744 1636 postea
1773 1568 2173 1639 manuscripto-

573 1678 697 1719 rum
727 1659 931 1716 auxilio
985 1658 1271 1713 innumera
1308 1666 1488 1712 textus
1515 1658 1754 1714 auctoris
1781 1660 1952 1715 nostri
1981 1662 2175 1717 menda

578 1766 637 1813 et
696 1754 920 1811 vulnera
978 1766 1173 1807 sanare
1238 1749 1461 1818 conati,
1532 1749 1683 1806 illum
1738 1752 1917 1808 adhuc
1976 1754 2175 1810 errori-

2270 543 2394 600 dem
2427 559 2549 616 qua:
2569 545 2636 601 ad
2664 545 3071 616 grammaticam
3102 555 3307 603 tantum
3335 548 3629 618 pertinent,
3658 560 3713 603 et
3738 549 3858 619 qui-

2270 638 2373 693 bus
2398 639 2593 694 similia
2638 640 2951 696 arnobianis
2975 639 3137 697 verba
3169 641 3491 715 quandoque
3516 642 3860 699 exhibentur.

2269 729 2483 788 Erroris
2512 745 2729 803 quoque
2754 742 3036 789 auctorem
3064 743 3306 788 nostrum
3350 749 3752 806 nonnumquam
3776 749 3862 790 ar-

2276 839 2440 895 guere
2468 840 2577 881 non
2606 837 2845 892 veretur,
2876 840 2944 881 an
2988 826 3182 881 merito
3204 824 3290 881 vel
3318 824 3539 897 injuria,
3567 838 3751 897 postea
3781 828 3863 883 vi-

2274 915 2539 977 debimus.
2583 917 2865 974 Postremo
2910 919 3142 990 ingenue
3190 918 3479 974 conﬁtetur
3525 918 3752 990 plurima
3803 935 3866 989 se

2274 1009 2727 1079 prmtcrmisisse,
2778 1027 2898 1082 qua:
2954 1011 3127 1081 falsa,
3177 1018 3431 1080 corrupta
3501 1020 3556 1065 et
3633 1011 3863 1068 obscura

2275 1114 2420 1161 sunt.
3015 1109 3025 1121 ‘

2346 1196 2582 1271 Longior
2626 1214 2755 1256 vero
2812 1208 2897 1257 est
2945 1199 2999 1259 in
3040 1198 3155 1253 suis
3201 1195 3761 1253 animadversionibus
3812 1205 3868 1256 et

2276 1294 2416 1351 notis
2451 1293 2735 1360 llcraldus,
2768 1293 2863 1349 sed
2918 1292 3255 1363 frequentius
3307 1306 3471 1363 quam
3518 1290 3868 1347 Elmenhors-

2279 1390 2404 1458 tius,
2430 1390 2499 1447 ab
2524 1392 2760 1447 auctoris
2812 1389 3088 1461 propesito
3129 1387 3448 1460 digreditur.
3501 1385 3558 1441 In
3612 1386 3693 1442 his
3720 1387 3868 1444 enim

2288 1484 2412 1539 data
2443 1484 2593 1539 citati
2621 1500 2650 1539 a
2681 1499 2741 1540 se
2780 1483 3005 1553 alicujus
3048 1480 3327 1552 scriptoris
3375 1481 3680 1545 occasione,
3730 1481 3869 1535 ultra

2279 1577 2477 1633 laudati
2507 1587 2686 1634 textus
2727 1576 3163 1633 emendationem
3190 1575 3277 1629 vel
3320 1574 3735 1645 explicationem
3782 1575 3866 1628 ni-

2279 1669 2449 1724 mium
2492 1669 2749 1735 excurrit,
2782 1668 3042 1740 pluraque
3087 1667 3330 1738 congerit
3361 1666 3427 1722 ad
3456 1666 3605 1723 clara
3647 1666 3871 1722 Arnobii

2280 1764 2444 1820 verba
2474 1764 2737 1818 inutiliter
2765 1762 3104 1833 explicanda.
3135 1760 3321 1832 Neque
3347 1769 3525 1817 tamen
3554 1760 3875 1832 negabimus

575 1850 679 1907 bus
744 1844 1151 1920 quamplurimis
1223 1841 1583 1898 deformatum
1636 1844 1943 1915 relinquere
2000 1848 2173 1904 coacti
2207 1862 2255 1923 Β
2281 1858 2334 1913 in
2361 1858 2468 1914 illis
2488 1872 2635 1928 sape
2660 1860 2776 1928 eius
2814 1856 3171 1915 eruditionem
3195 1871 3261 1911 eo
3284 1856 3454 1927 magis
3481 1856 3737 1919 emicare,
3766 1870 3876 1927 quo

573 1954 724 2001 sunt.

647 2034 984 2104 Quapropter
1029 2031 1075 2085 is
1105 2029 1433 2086 arnobianus
1474 2029 1718 2097 criticus,
1746 2045 1776 2084 a
1805 2030 2039 2088 Meursio
2057 2033 2169 2090 elu-

571 2125 871 2191 cubratus,
916 2121 1265 2179 Theodorum
1312 2120 1605 2177 Canterum
1652 2138 1761 2178 non
1805 2124 2072 2181 deterruit
2108 2127 2176 2183 ab

575 2220 801 2278 edendis
833 2217 887 2273 in
920 2216 1146 2273 Arnoin
1196 2216 1365 2271 libros
1418 2216 1560 2271 notis
1590 2227 1645 2273 et
1680 2216 2174 2288 observationibus,

578 2333 713 2390 quas
734 2326 913 2379 antea,
941 2314 1015 2369 uti
1034 2313 1286 2379 diximus,
1309 2311 1585 2383 divulgare
1611 2309 1952 2368 decreverat.
1976 2312 2176 2371 Eruen-

579 2411 694 2467 dati
732 2419 912 2465 autem
961 2423 990 2462 a
1027 2421 1108 2475 se,
1157 2415 1250 2461 aut
1296 2405 1621 2461 emendandi
1664 2415 1844 2462 textus
1897 2409 2176 2464 arnobiani

578 2505 849 2562 rationem
891 2501 943 2558 in
977 2501 1056 2558 eis
1086 2500 1279 2565 reddit,
1315 2514 1379 2555 ac
1404 2501 1573 2555 multa
1599 2498 1822 2567 indicat,
1852 2517 1971 2572 quae
1998 2503 2176 2558 Arno-

582 2599 704 2655 bius
752 2613 819 2653 ex
862 2595 1147 2651 Clemente
1179 2593 1548 2649 Alexandrino
1596 2594 1933 2665 potissimum
1962 2594 2178 2652 desum-

582 2692 709 2764 psit.
761 2690 938 2745 Pauca
982 2698 1163 2742 autem
1215 2685 1489 2756 explicat,
1547 2696 1776 2757 utroque
1828 2685 2028 2743 fatetur
2073 2690 2179 2743 alia

583 2788 747 2858 longe
778 2784 1011 2856 plurima
1040 2795 1357 2852 superesse,
1403 2794 1523 2850 quae
1571 2777 1875 2849 copiosiore
1914 2781 2179 2852 interpre-

581 2882 789 2936 tatione
832 2876 1159 2945 indigebant.
1206 2872 1378 2941 Quam
1408 2874 1478 2926 ob
1523 2885 1741 2926 causam
1783 2872 2179 2944 amplissimum

582 2977 643 3032 in
673 2976 775 3030 hos
804 2969 1029 3027 Arnobii
1053 2969 1221 3023 libros
1240 2966 1691 3022 commentarium
1718 2963 1868 3021 brevi
1906 2982 1967 3021 se
1999 2967 2177 3022 edito.

579 3085 702 3124 rum
731 3066 1000 3139 pollicitus
1033 3072 1136 3118 est.
1166 3061 1272 3117 Sed
1318 3069 1494 3116 utrum
1537 3058 1698 3113 fidem
1732 3057 2058 3124 liberaverit,
2087 3068 2179 3114 aut

585 3178 683 3218 cur
736 3156 1018 3230 promissis
1063 3170 1169 3210 non
1216 3154 1450 3221 steterit,
1484 3153 1638 3208 nobis
1684 3152 1945 3209 hactenus
1974 3153 2178 3211 incom-

582 3262 819 3325 pertum.

659 3343 891 3416 Scripsit
920 3344 1084 3399 etiam
1127 3338 1467 3397 Slewechius
1494 3337 1724 3410 duplicis
1751 3339 1965 3410 generis
1996 3338 2049 3393 in
2077 3355 2171 3393 au-

589 3440 761 3498 ctoris
785 3435 959 3492 nostri
989 3434 1156 3489 libros
1186 3431 1702 3497 animadversiones,
1732 3446 1960 3500 quarum
1993 3431 2179 3500 primm

586 3537 657 3590 ab
674 3550 741 3589 eo
762 3531 990 3605 syllabus
1031 3528 1330 3592 electorum,
1356 3524 1609 3580 secunda:
1634 3522 1791 3577 electa
1816 3524 2174 3595 appellantur.

588 3627 643 3682 In
677 3623 1064 3698 posterioribus
1083 3622 1234 3692 plura
1258 3616 1479 3674 Arnobii
1509 3618 1668 3673 verba
1686 3626 1743 3672 et
1769 3618 2065 3671 sententias
2093 3618 2179 3673 vel

588 3740 657 3778 ex
686 3720 901 3791 ingenio
929 3727 984 3772 et
1010 3716 1397 3778 membraneis,
1437 3711 1514 3767 uti
1557 3711 1650 3777 ait,
1683 3709 1961 3765 codicibus
1996 3726 2182 3765 emen-

587 3816 719 3869 dare
744 3824 798 3868 et
827 3811 1119 3875 illustrare,
1143 3810 1228 3861 vel
1248 3804 1474 3859 aliorum
1507 3804 1829 3875 scriptorum
1862 3804 2182 3859 auctoritate

586 3907 912 3963 conﬁrmare
945 3916 1041 3972 pro
1072 3898 1212 3954 virili
1261 3906 1412 3969 parte
1459 3911 1555 3950 sua
1587 3893 1898 3950 connititur.
1930 3894 2181 3966 Syllabus

588 4015 722 4056 vero
752 3997 1049 4053 electorum
1100 4001 1183 4048 est
1232 3989 1396 4045 totius
1451 3990 1652 4060 aperis,
1686 3999 1745 4042 ut
1794 3987 1907 4042 lucc
1962 3988 2067 4042 fert
2100 3989 2181 4043 in-

585 4095 835 4164 scriptio,
868 4086 1274 4158 compendium,
1305 4084 1449 4155 quod
1499 4082 1629 4138 nihil
1663 4096 1843 4138 tamen
1885 4081 2051 4151 aliud,
2078 4084 2180 4140 nisi

587 4182 943 4258 quorumdam
975 4180 1267 4235 verborqu
1294 4177 1734 4246 exolicationem,
1760 4183 1815 4230 et
1840 4174 2099 4231 nonnulla
2125 4176 2180 4232 in

587 4280 673 4335 bis
703 4276 928 4333 Arnobii
958 4275 1111 4329 libris
1139 4280 1326 4326 notatu
1354 4270 1513 4340 digna
1545 4267 1789 4326 exhibet.

660 4369 1125 4442 Quemadmodum
1159 4378 1292 4420 vero
1324 4361 1761 4418 Elincnborstius
1800 4360 1933 4416 duas
1983 4362 2183 4434 publici

591 4468 730 4541 juris
787 4465 913 4521 fecit
965 4460 1280 4517 eorumdem
1323 4456 1550 4513 Arnohii
1604 4455 1864 4511 librorum
1896 4456 2181 4525 editiones,

494 4544 515 4551 ‘
590 4565 669 4621 ita
696 4557 1118 4628 uniuscujusque
1166 4551 1330 4608 variis
1361 4550 1503 4605 notis
1535 4551 1869 4605 illustrandae
1898 4566 2036 4607 onus
2061 4568 2181 4608 sus-

592 4658 759 4729 cepit.
786 4654 843 4707 ln
873 4651 1041 4725 prima
1071 4628 1250 4702 autem
1282 4645 1522 4701 editione
1576 4645 1906 4699 brevissimis
1955 4654 2181 4699 annota-

589 4750 831 4808 tionibus
863 4743 1039 4799 varias
1070 4749 1248 4797 textus
1294 4736 1519 4793 Arnobli
1561 4736 1818 4790 lectiones
1849 4735 2068 4802 indicat,
2092 4745 2185 4791 aut

590 4846 710 4917 ejus
751 4840 893 4897 dicta
942 4837 1120 4893 citatis
1166 4847 1308 4903 smpe
1356 4830 1582 4884 aliorum
1619 4837 1894 4884 auctorum
1924 4829 2095 4896 libris,
2130 4839 2185 4885 et

590 4954 717 4994 raro
743 4932 924 4990 verbis
953 4928 1309 4985 corroborare
1355 4923 1594 4978 molitur.
1643 4924 1983 4993 Quapropter
2012 4922 2064 4976 in
2097 4938 2183 4977 se-

587 5031 765 5089 cunda
794 5027 1031 5083 editione
1073 5021 1225 5085 alias,
1259 5018 1344 5073 liis
1374 5017 1643 5089 plerisque
1671 5015 1923 5069 omnibus
1951 5016 2178 5083 relictis,

594 5120 912 5193 divulgavit.
942 5117 1225 5171 Lectorem
1248 5124 1378 5166 vero
1394 5124 1548 5164 sutnn
1581 5110 1834 5162 admonet
1860 5122 1920 5162 se
1947 5108 2000 5161 in
2027 5108 2182 5161 novis

587 5222 695 5278 illis
726 5210 1202 5273 observationibus
1252 5205 1302 5260 id
1348 5203 1684 5276 pOtissimum
1727 5201 1926 5275 egisse,
1950 5209 2009 5255 ut
2056 5215 2182 5255 sen-

590 5329 711 5370 sum
737 5305 998 5371 auctoris,
1028 5301 1118 5358 ubi
1148 5298 1431 5355 obscurior
1452 5306 1557 5363 est,
1587 5304 1693 5349 tam
1736 5294 1993 5360 breviter,
2018 5308 2180 5363 quam

589 5418 777 5480 aperte
821 5399 1117 5471 exiilicaret
1160 5404 1213 5450 et
1262 5393 1712 5462 interpretaretur
1758 5388 1849 5464 (In
1895 5390 2087 5443 monito
2113 5388 2181 5442 ad

590 5498 843 5568 Lecton).
876 5493 984 5550 Sed
1037 5485 1280 5561 quamvis
1317 5483 1566 5540 brevitati
1621 5497 1680 5537 se
1722 5482 1989 5537 studuisse
2019 5485 2183 5553 proli-

593 5602 811 5661 teatur,
877 5594 1091 5643 constat
1143 5594 1322 5637 tamen
1373 5580 1425 5632 in
1474 5574 2027 5630 animadversionibus
2078 5574 2185 5629 illis

592 5684 766 5745 multa
796 5677 1027 5737 inveniri
1074 5684 1472 5746 supervacanea
1521 5677 1682 5737 atque
1730 5664 1959 5731 inutilia,
1991 5666 2186 5735 quibus

595 5796 688 5838 res
719 5772 1037 5834 clariSsimte
1069 5784 1131 5825 ac
1162 5768 1483 5833 notissimae,
1500 5763 1607 5819 ulla
1634 5761 1837 5830 absque
1868 5760 2187 5818 necessitate

601 5875 945 5943 exponuntur
972 5860 1497 5930 conﬁrmanturque.
1546 5855 1706 5912 Plura
1735 5852 1896 5913 etiam
1948 5853 2189 5925 reperies

2279 1951 2538 2016 breviori,
2572 1950 2729 2006 sicuti
2756 1950 3014 2015 diximus,
3059 1948 3317 2020 temporis
3363 1948 3649 2004 intervallo
3703 1956 3874 2004 totum

2282 2057 2419 2114 opus
2446 2057 2506 2099 se
2537 2043 2835 2114 perfecisse
2860 2042 3124 2099 adseruit.

2355 2136 2500 2192 Duos
2526 2136 2859 2208 Bulengerus
2906 2138 2958 2191 in
2989 2135 3288 2192 Arnobium
3345 2135 3664 2208 Eclogarum
3706 2135 3878 2192 libros

2281 2232 2513 2296 Tolosae,
2543 2246 2687 2288 anno
2718 2229 2883 2297 1613,
2917 2230 3103 2285 edidit.
3136 2228 3193 2284 lu
3225 2229 3397 2301 primo
3436 2228 3597 2289 variis
3630 2224 3739 2283 tam
3787 2243 3876 2284 sa-

2282 2337 2520 2388 crorum,
2550 2337 2709 2393 quam
2742 2323 3146 2393 propltanorum
3200 2322 3522 2392 scriptorum
3550 2320 3878 2376 testimoniis

2285 2414 2536 2486 quaedam
2567 2413 2772 2469 stabilit
2799 2429 2863 2470 ac
2891 2412 3196 2481 confirmat,
3224 2428 3346 2485 quae
3375 2413 3430 2467 in
3460 2411 3683 2468 Arnobii
3727 2412 3879 2470 libris

2286 2508 2486 2577 scripta
2517 2506 2746 2577 legimus
2785 2506 2852 2560 de
2889 2506 3023 2570 Deo,
3053 2505 3173 2576 ejus
3215 2504 3504 2571 attributis,
3532 2513 3588 2561 et
3626 2504 3876 2561 humana:

2282 2600 2477 2655 animas
2507 2599 2825 2670 incorporea
2855 2598 3256 2669 immortalique
3293 2608 3501 2652 natura.
3532 2596 3641 2653 Sed
3681 2612 3881 2669 magno

2282 2691 2497 2749 silentio
2532 2692 2681 2762 plura
2708 2691 2811 2745 alia
2859 2690 3119 2762 praeteriit
3176 2705 3302 2760 qua:
3330 2690 3411 2746 vel
3440 2689 3602 2765 paulo
3628 2690 3876 2758 liberius,

2283 2784 2367 2839 vel
2418 2785 2703 2841 obscurius
2755 2783 2824 2838 ab
2875 2783 2968 2838 illo
3015 2783 3155 2840 dicta
3210 2783 3375 2840 fuisse
3430 2783 3583 2841 multi
3634 2799 3875 2857 conque-

2283 2884 2502 2930 l'llllllll‘.

2357 2965 2606 3022 Secundo
2636 2966 2970 3038 Bulengerus
3000 2981 3100 3022 suo
3128 2966 3180 3022 in
3236 2966 3375 3023 libro
3403 2967 3517 3025 haec
3546 2969 3678 3023 citat
3704 2969 3880 3024 Arno-

2284 3059 2357 3114 bii
2398 3060 2599 3116 verba:
2638 3079 2658 3113 r
2701 3059 2905 3115 Ridetis
2958 3061 3291 3131 temporibus
3333 3059 3524 3130 priscis
3552 3059 3747 3116 Persas
3770 3059 3876 3116 ilu-

2284 3154 2426 3209 vium
2455 3152 2713 3221 coluisse,
2745 3152 3057 3208 memoralia
3092 3163 3148 3207 ut
3195 3152 3432 3207 indicant
3479 3154 3712 3224 scripta;
3745 3172 3763 3206 ι
3790 3163 3879 3209 at-

2208 3260 2254 3322 ρ
2283 3264 2389 3318 que
2440 3248 2601 3302 etiam
2654 3247 2742 3302 illa
2770 3265 2783 3300 :
2815 3266 2834 3298 ι
2866 3245 2937 3302 Ει
2985 3245 3123 3302 inter
3163 3246 3415 3317 Assyrios
3442 3257 3498 3302 et
3539 3246 3874 3315 Bactrianos,

2283 3340 2422 3395 Nino
2446 3338 2679 3410 quodam
2720 3339 3115 3411 Zoroastreqne
3147 3340 3490 3406 ductoribus,
3518 3357 3625 3396 non
3670 3350 3879 3397 tantum

2282 3436 2428 3492 ferro
2458 3436 2826 3502 dimicaretur,
2855 3446 2910 3490 et
2956 3436 3180 3501 viribus,
3206 3450 3392 3490 verum
3438 3438 3602 3491 etiam
3659 3437 3882 3508 magicis

2289 3540 2344 3587 et
2386 3530 2761 3586 Chaldaeorum
2785 3546 2850 3584 ex
2903 3530 3197 3585 reconditis
3239 3529 3539 3600 disciplinis
3576 3551 3594 3583 ι
3628 3529 3874 3605 (Arnob.,

2287 3624 2376 3678 lib.
2411 3640 2483 3687 vr,
2517 3641 2569 3692 p.
2624 3621 2767 3687 l96;
2802 3634 2855 3676 et
2899 3621 2989 3675 lib.
3040 3638 3078 3688 ι,
3104 3639 3156 3690 ρ.
3210 3621 3287 3691 5).
3328 3620 3422 3676 His
3449 3606 3577 3677 vero
3603 3622 3882 3678 dumtaxat

2286 3716 2508 3771 Arnohii
2537 3716 2736 3781 verbis,
2764 3724 3035 3785 tamquam
3058 3713 3216 3779 huius
3243 3712 3467 3768 secundi
3498 3712 3617 3768 libri
3650 3715 3730 3768 sui
3762 3717 3881 3770 the-

2289 3819 2433 3865 mate
2461 3820 2515 3864 et
2542 3820 2863 3879 argumento
2885 3806 3195 3880 propositis,
3228 3807 3394 3862 multa
3424 3808 3654 3878 undique
3675 3808 3880 3879 colligit

2286 3912 2341 3959 et
2394 3903 2699 3958 accumulat
2740 3902 2805 3957 de
2856 3901 3058 3967 Persis,
3102 3899 3291 3965 Medis,
3348 3899 3580 3966 Parthis,
3612 3902 3870 3973 Assyriis,

2285 3994 2621 4068 Babyloniis,
2663 3993 2853 4066 Magis,
2909 3992 3199 4060 Clialdzeis,
3249 3993 3565 4064 illorumque
3613 3995 3873 4062 moribus,

2286 4090 2392 4146 diis
2423 4098 2478 4146 et
2515 4090 2703 4154 sacris,
2737 4104 2856 4160 qua:
2892 4105 2921 4142 a
2951 4087 3193 4142 Barnaba
3228 4087 3501 4143 Brissonio
3553 4089 3607 4141 in
3658 4103 3757 4143 suo
3809 4089 3879 4145 de

2287 4182 2515 4251 imperio
2543 4181 2830 4237 Persarum
2858 4180 2996 4235 libro
3020 4184 3223 4235 omissa
3246 4179 3483 4236 fuerunt.
3501 4179 3607 4237 Sed
3628 4182 3748 4252 quis
3769 4198 3879 4239 non

2294 4274 2444 4330 videt
2469 4274 2584 4329 lucc
2612 4275 2793 4328 omnia
2822 4289 2928 4327 non
2958 4273 3130 4343 magis
3161 4272 3453 4328 Arnobium
3487 4283 3728 4330 nostrum
3751 4291 3879 4346 spc-

2288 4376 2457 4433 ctare,
2505 4382 2665 4437 quam
2712 4364 3047 4422 Clementem
3097 4363 3565 4435 Alexandrinum,
3612 4377 3667 4421 ct
3713 4369 3877 4424 alium

2287 4460 2582 4529 quemlibet
2609 4460 2930 4530 scriptorem
2955 4500 2971 4525 ,
2999 4458 3088 4529 qui
3112 4457 3326 4525 eadem,
3349 4467 3510 4530 atque
3529 4459 3688 4514 etiam
3719 4462 3881 4533 longe

2287 4552 2440 4626 plura
2469 4550 2537 4606 de
2567 4552 2760 4607 iisdem
2793 4551 3011 4622 populis
3042 4553 3315 4606 memoria:
3346 4550 3736 4621 prodiderunt?
3762 4553 3881 4609 Huc

2207 4660 2261 4720 D
2287 4645 2516 4712 accedit,
2548 4644 2693 4715 quod
2744 4660 2806 4699 ea
2853 4645 3035 4699 omnia
3088 4660 3207 4714 quae
3238 4644 3379 4699 idem
3412 4644 3745 4716 Bulengerus
3767 4663 3879 4703 non

2290 4743 2406 4798 sine
2439 4739 2625 4795 labore
2650 4748 2705 4794 et
2733 4738 2933 4809 vigiliis
2962 4753 3022 4794 se
3047 4739 3369 4809 compilasse
3397 4738 3546 4805 dicit,
3580 4739 3714 4793 nihil
3762 4739 3880 4796 fere

2288 4833 2354 4889 ad
2394 4832 2605 4886 illorum
2636 4830 2935 4885 aliorumve
2985 4829 3210 4884 Arnobii
3242 4829 3533 4885 verborum
3564 4829 3878 4887 conducunt

2289 4935 2384 4981 aut
2404 4923 2845 4994 explicationem,
2869 4932 2962 4975 aut
2983 4922 3413 4992 intelligentiam.

2359 5018 2530 5073 Porro
2557 5027 2735 5071 autem
2787 5031 2853 5070 ex
2901 5016 2984 5068 his
3028 5030 3148 5084 qua:
3196 5030 3224 5068 a
3278 5014 3433 5070 nobis
3462 5015 3595 5072 citra
3624 5024 3705 5071 tot
3734 5016 3880 5073 viro-

2286 5130 2427 5180 rum,
2457 5126 2685 5184 quorum
2718 5109 2931 5165 labores
2960 5118 3013 5163 et
3060 5108 3421 5164 eruditionem
3469 5109 3768 5175 laudamus,
3799 5110 3877 5164 vi,

2284 5206 2676 5279 tttpcrationem
2709 5203 2995 5258 observata
3039 5213 3197 5267 sunt,
3244 5217 3401 5256 nemo
3432 5218 3581 5267 sane,
3613 5204 3687 5257 uti
3719 5213 3875 5273 puta-

2287 5316 2430 5366 mus,
2463 5298 2782 5356 diliitehitur
2822 5297 2973 5368 plura
3003 5295 3057 5350 in
3103 5295 3329 5351 Arnohii
3359 5294 3513 5351 libris
3553 5295 3782 5351 obscura
3814 5312 3878 5353 ac

2286 5393 2611 5451 difﬁcillima
2648 5392 2716 5447 de
2742 5392 2908 5444 variis
2937 5388 3099 5444 rebus
3151 5388 3467 5459 propbanis,
3500 5402 3565 5445 ae
3608 5390 3877 5461 principue

2286 5488 2579 5545 christiana
2629 5486 2895 5555 religione
2936 5525 2950 5550 ,
3007 5482 3285 5554 sacrisque
3343 5484 3488 5539 illius
3538 5483 3877 5554 dogmatibus

2288 5584 2405 5640 loca
2436 5582 2683 5652 reperiri,
2722 5596 2841 5650 qua:
2874 5578 2942 5634 ab
2970 5578 3221 5633 omnibus
3261 5580 3649 5648 praetermissa.
3673 5580 3880 5650 majore

2289 5688 2496 5743 tamen,
2526 5689 2683 5746 qnam
2734 5682 2930 5729 caetera
2985 5672 3165 5726 omnia
3220 5673 3566 5743 expositione
3614 5673 3876 5744 indigent.

2287 5768 2370 5825 Ad
2402 5783 2463 5824 ea
2490 5767 2657 5838 igitur
2685 5761 3004 5836 explicanda
3036 5771 3091 5819 et
3134 5761 3525 5831 conﬁrmanda,
3550 5771 3641 5817 aut
3683 5765 3886 5835 impro-

2295 5860 2473 5920 banda
2518 5869 2573 5917 et
2602 5856 2902 5929 reﬁcienda
2943 5857 3109 5914 totius
3140 5853 3335 5923 nostri,
3365 5855 3759 5927 qualecumque
3797 5858 3888 5926 sit,
