4158 6264
268 340 372 399 405

1503 325 1568 384 IN
1606 323 1985 397 ARNOBIUH,
2027 324 2179 384 CAP.
2220 322 2312 380 ιιι.

3447 311 3552 368 406

262 455 464 528 ingenii
501 454 728 521 viribus,
756 466 821 509 ac
866 452 1028 509 solito
1069 464 1221 508 more
1271 457 1460 506 nostro
1509 459 1564 504 et
1613 448 1855 505 candore
1885 459 1936 518 Α
1961 465 2065 522 que
2093 439 2356 512 nitantur,
2380 453 2435 503 et
2458 447 2525 502 ad
2559 444 2719 502 ﬁdem
2758 442 2902 500 illius
2933 439 3296 512 abrogandam
3321 444 3548 494 conten-

264 549 648 607 connitendum
677 558 783 606 est.

893 685 1126 745 CAPUT
1166 687 1252 744 lll.

265 827 433 883 Novo:
458 826 514 882 in
551 824 768 880 Arnobii
797 823 954 878 libros
977 823 1372 886 observationes.
1400 838 1462 877 ac
1490 823 1716 893 primum
1740 838 1862 876 exa-

336 921 568 975 minatur
596 918 776 988 quibus
805 917 1119 986 argumentis
1146 916 1402 971 Arnobius
1431 915 1696 972 veritatem
1724 916 1861 970 chri-

335 1014 520 1072 stiana:
547 1011 814 1082 religionis
841 1009 1175 1064 demonstrat.

905 1183 1189 1225 Αιιτιειιιυε
1229 1184 1268 1226 1.

263 1310 522 1372 Quomodo
546 1309 794 1360 Arnobius
816 1309 1098 1358 christiana:
1122 1307 1382 1368 religionis
1407 1309 1666 1372 veritatem
1687 1341 1702 1367 ,
1725 1308 1864 1372 prius

321 1388 354 1424 a
395 1373 614 1436 pluribus
654 1380 896 1436 assertam
927 1410 940 1431 ,
985 1385 1079 1436 nec
1115 1372 1304 1436 vindice
1327 1370 1652 1436 indigentem
1673 1409 1688 1432 ,
1718 1370 1864 1424 variis

325 1433 514 1488 Christi
538 1434 979 1499 discipulorumque
1007 1434 1114 1498 ejus
1139 1433 1383 1483 miraculis
1409 1434 1642 1484 vindicet.

342 1609 654 1677 Prtecipuus
684 1607 908 1662 Arnobii
954 1607 1004 1660 in
1038 1606 1339 1661 scribendis
1367 1605 1470 1672 his,
1499 1607 1572 1660 uti
1606 1605 1861 1678 vidimus,

270 1703 431 1758 libris
482 1717 671 1772 scopus
704 1701 930 1772 ﬁnisque
960 1699 1073 1762 fuit,
1111 1709 1168 1754 ut
1221 1700 1528 1754 christiana:
1588 1701 1866 1768 religionis

265 1796 558 1852 veritatem
591 1793 754 1847 variis
789 1795 1120 1862 argumentis
1153 1801 1258 1845 tam
1314 1790 1672 1860 evidentibus,
1706 1808 1864 1861 quam

262 1890 431 1944 certis
466 1896 520 1942 et
567 1885 954 1940 invictissitnis.
994 1885 1409 1938 demonstraret.

273 1980 618 2036 sanctissima
661 1979 802 2032 illius
849 1977 1101 2048 mysteria
1135 1986 1188 2030 et
1220 1976 1540 2031 documenta
1567 1976 1674 2029 sint
1718 1975 1866 2029 altis-

268 2078 428 2142 sima,
463 2089 788 2142 omnemque
822 2072 1070 2125 lnuname
1095 2069 1299 2125 mentis
1327 2080 1542 2138 captum
1566 2077 1859 2142 superent,

274 2168 402 2222 nulli
432 2177 614 2220 tamen
653 2179 799 2218 sanae
849 2164 1047 2217 mentis
1097 2161 1298 2215 homini
1357 2162 1579 2215 dubium
1622 2176 1741 2216 esse
1773 2175 1866 2229 po-

267 2271 374 2316 test
429 2262 560 2332 quin
591 2260 822 2330 plurima
866 2257 1022 2311 nobis
1045 2263 1334 2325 suppetant
1362 2255 1661 2309 certissima
1702 2255 1868 2308 ratio-

272 2370 397 2409 num
451 2360 751 2416 momenta,
784 2352 1072 2420 pluresque
1119 2359 1314 2418 praesto
1360 2349 1487 2414 sint,
1514 2363 1646 2418 quas
1694 2346 1868 2416 philo-

270 2448 426 2518 δορὴί
458 2447 736 2517 appellare
775 2445 952 2499 solent
1012 2443 1527 2509 demonstrationes,
1577 2443 1769 2512 quibus
1800 2442 1868 2495 il-

275 2543 385 2596 lius
428 2541 627 2594 veritas
659 2582 673 2603 ,
725 2549 886 2609 atque
942 2536 1076 2592 adeo
1138 2536 1476 2606 supersitiosi
1529 2535 1869 2590 ethnicorum

275 2635 462 2690 cultus
489 2633 694 2688 falsitas
723 2631 1166 2687 manifestissime
1196 2630 1601 2699 comprobetur.
1633 2629 1734 2682 Eas
1770 2643 1868 2682 au-

277 2740 390 2784 tem
434 2729 687 2798 Theologi
736 2727 1005 2781 scolastici
1057 2727 1247 2779 motiva
1296 2724 1650 2778 credibilitatis
1678 2737 1870 2778 vocare

273 2820 603 2886 maluerunt,
631 2836 752 2889 qua:
778 2817 992 2888 quidem
1017 2820 1185 2886 prima
1215 2826 1338 2868 sunt
1364 2814 1642 2884 "religionis
1672 2823 1871 2868 nostrze

271 2905 623 2959 fundamenta
666 2915 718 2958 et
748 2904 907 2957 bases
931 2943 945 2967 ,
977 2902 1170 2971 quibus
1200 2901 1408 2971 positis,
1437 2900 1501 2953 ad
1549 2902 1725 2953 omnia
1754 2898 1871 2969 ejus

275 3001 534 3071 mysteria
566 3043 579 3064 ,
627 2997 1026 3068 quantumlibet
1073 2995 1302 3049 obseura
1333 3037 1346 3059 ,
1395 2994 1704 3048 ﬁrmissime
1753 3008 1871 3049 cre-

274 3090 449 3146 denda
483 3093 793 3145 necessario
819 3088 1146 3156 impellimur
1177 3101 1240 3141 ac
1267 3088 1529 3156 cogimur.

343 3182 420 3235 Ex
473 3181 556 3236 eis
603 3196 734 3234 vero
773 3181 1018 3250 quaedam
1069 3179 1262 3248 selegit
1307 3177 1578 3231 Arnobius
1609 3219 1624 3242 ,
1672 3177 1866 3247 illaque

1965 544 2128 598 tionis
2156 543 2320 597 unita
2350 540 2694 595 animositate
2747 535 3076 605 conspirent.
3117 554 3136 587 ι
3172 530 3550 588 Defensionem

1964 637 2148 706 itaque
2202 634 2344 689 illius
2392 648 2452 687 se
2498 631 2805 701 suscepisse
2831 629 2979 695 dicit,
3008 642 3116 685 non
3160 625 3286 682 ideo
3310 622 3551 696 quidem,

1965 728 2108 800 quod
2135 729 2248 796 ipsa
2289 725 2590 796 patrocinio
2644 723 2821 778 alieno
2869 729 3043 790 egeat,
3075 717 3170 774 sed
3218 731 3287 772 ne
3327 715 3417 770 illa
3449 715 3550 768 im-

1964 822 2147 893 probis
2169 818 2668 882 calumniatoribus,
2699 813 3128 884 capitalibusque
3147 810 3266 880 ejus
3295 807 3548 874 inimicis,

1965 915 2252 985 aliquando
2300 914 2534 968 cessisse
2577 910 2874 966 videretur.
2901 905 3268 968 Examinanda
3316 905 3496 974 itaque
3521 918 3554 958 a

1967 1009 2126 1063 nobis
2148 1017 2276 1063 sunt
2303 1007 2391 1061 illa
2415 1013 2749 1073 argumenta,
2780 1002 2976 1070 quibus
2999 999 3112 1056 haec
3139 998 3230 1058 ille
3258 997 3455 1054 asserit
3497 1011 3561 1052 ac

1968 1102 2325 1158 demonstrat.

2044 1197 2284 1250 Primum
2315 1203 2492 1248 autem
2523 1193 2592 1247 ab
2627 1207 2694 1248 eo
2717 1189 3019 1247 desumitur
3046 1203 3113 1243 ex
3139 1185 3366 1250 Christi,
3393 1184 3560 1240 disci-

1966 1289 2330 1359 pulorumque
2357 1286 2472 1357 ejus
2522 1286 2819 1352 miraculis,
2849 1300 2969 1353 qua:
3001 1281 3240 1353 profecto
3272 1293 3381 1334 non
3409 1277 3556 1344 ﬁcta,

1969 1387 2063 1441 sed
2109 1401 2234 1440 vera
2265 1403 2278 1446 ;
2312 1400 2418 1438 non
2459 1383 2620 1445 clam,
2655 1381 2749 1436 sed
2805 1388 3026 1450 aperte;
3059 1392 3165 1434 non
3197 1391 3304 1430 uno
3331 1372 3555 1430 eodem-

1969 1495 2072 1550 que
2101 1494 2316 1547 semper
2341 1477 2519 1542 modo,
2549 1475 2643 1528 sed
2687 1473 2986 1529 innumeris
3018 1486 3155 1542 pene
3199 1467 3375 1523 modis
3403 1482 3419 1532 ;
3444 1479 3554 1520 non

1968 1588 2078 1628 uno
2125 1573 2177 1626 in
2240 1572 2390 1636 loco,
2415 1569 2512 1624 sed
2560 1570 2612 1623 in
2641 1569 2891 1622 omnibus
2928 1564 3110 1622 mundi
3154 1561 3394 1629 partibus
3421 1558 3562 1614 edita

1969 1666 2202 1720 fuerant.
2239 1665 2342 1718 Tot
2371 1663 2648 1718 enimvero
2667 1668 2922 1728 tantaque
2951 1654 3211 1712 miracula
3237 1653 3356 1707 sine
3381 1658 3559 1706 extra-

1971 1775 2072 1815 neo
2090 1757 2439 1819 adminiculo,
2470 1765 2563 1810 aut
2596 1755 2742 1810 illius
2773 1748 3135 1821 superstitiosi
3165 1747 3343 1802 cultus
3371 1743 3563 1797 obser-

1897 1867 1944 1927 B
1971 1854 2206 1916 vatione,
2243 1851 2419 1922 palam
2456 1859 2511 1905 et
2554 1858 2680 1903 ante
2727 1847 2967 1902 omnium
2996 1841 3184 1896 oculos
3208 1836 3417 1903 eﬁ'ecta,
3452 1835 3564 1888 veri

1972 1956 2180 2001 tantum
2214 1945 2328 2008 Dei,
2361 1943 2448 2012 qui
2484 1956 2583 1996 nec
2610 1939 2721 1994 l‘alli
2767 1953 2866 1993 nec
2893 1937 3082 1992 fallere
3111 1939 3308 2004 potest,
3336 1929 3560 1995 virtute,

1975 2055 2084 2095 non
2122 2053 2252 2092 sane
2298 2036 2362 2090 ad
2405 2035 2693 2090 falsitatem
2733 2032 2988 2101 aliquam,
3019 2027 3116 2084 sed
3165 2026 3233 2081 ad
3278 2024 3564 2079 veritatem

1974 2131 2382 2198 adstruendam,
2415 2129 2528 2184 ﬁeri
2569 2137 2815 2198 possunt.
2861 2124 3024 2194 Atqui
3053 2133 3258 2178 certum
3286 2126 3368 2174 est
3405 2116 3493 2174 illa
3532 2129 3565 2169 a

1972 2226 2192 2281 Christo
2239 2224 2466 2294 ejusque
2503 2221 2719 2277 nomine
2759 2220 2895 2275 facta
2927 2217 3116 2283 fuisse,
3155 2224 3213 2270 ut
3248 2212 3567 2283 comproba-

1972 2327 2058 2372 ret
2104 2315 2340 2372 fundataa
2365 2329 2397 2368 a
2427 2330 2486 2370 se
2514 2313 2793 2382 religionis
2821 2311 3130 2376 veritatem,
3164 2307 3404 2376 aliasque
3444 2320 3561 2364 om-

1973 2424 2070 2464 nes
2097 2409 2262 2464 falsas
2315 2407 2570 2464 radicitus
2595 2407 2937 2474 exstirparet.
2981 2403 3165 2473 itaque
3215 2399 3364 2455 hisce
3395 2399 3561 2454 mira-

1974 2502 2112 2558 culis
2135 2501 2383 2572 quilibet,
2424 2501 2587 2556 stulta
2614 2497 2980 2554 obstinatione
3009 2511 3116 2552 non
3143 2493 3358 2565 penitus
3387 2492 3564 2547 obcae-

1974 2593 2103 2656 cati,
2136 2593 2418 2648 veritatem
2460 2590 2771 2646 christianos
2823 2587 3100 2660 religionis
3134 2599 3444 2656 agnoscere
3471 2599 3565 2638 vo.

1974 2687 2151 2744 lentes
2174 2687 2421 2740 nolentes
2441 2694 2728 2755 coguntur.

2049 2777 2276 2834 Arnobii
2308 2786 2488 2832 autem
2519 2777 2688 2846 ipsius
2714 2777 2853 2831 hanc
2880 2788 3002 2830 esse
3021 2771 3567 2844 argumentationem,

1977 2873 2022 2926 si
2059 2871 2296 2938 dubites,
2327 2885 2398 2924 ex
2441 2869 2610 2939 ipsius
2655 2868 2836 2924 verbis
2879 2868 3062 2939 accipe
3095 2884 3108 2920 :
3148 2884 3165 2916 ι
3201 2864 3353 2920 Nulla
3395 2863 3569 2932 major

1975 2975 2060 3020 est
2101 2963 2492 3035 comprobatio,
2525 2976 2687 3032 quam
2727 2969 3002 3031 gestarum
3058 2958 3128 3014 ab
3172 2973 3261 3026 eo,
3299 2977 3318 3010 ι
3349 2954 3566 3011 Christo

1977 3063 2206 3126 scilicet,
2235 3078 2253 3112 ι
2291 3060 2424 3115 ﬁdes
2447 3073 2832 3126 rerum,quam
2862 3057 3116 3112 virtutum
3150 3053 3378 3119 novitas,
3404 3065 3565 3122 quam

1977 3155 2155 3210 omnia
2184 3154 2326 3208 victa
2373 3152 2611 3217 decreta,
2644 3150 3014 3219 dissolutoque
3065 3147 3273 3218 fatalia,
3301 3161 3422 3216 quae
3473 3160 3565 3214 po-

279 3273 434 3329 duxit
474 3290 540 3327 ex
567 3271 768 3327 Christi
810 3271 1306 3341 discipulorumque
1329 3269 1444 3339 ejus
1473 3270 1766 3332 miraculis,
1802 3285 1868 3323 ex

1980 3249 2087 3318 puli
2133 3257 2429 3318 gentesque
2458 3261 2556 3301 suo
2600 3245 2716 3315 geri
2765 3243 2866 3299 sub
2908 3242 3130 3307 lumine,
3174 3240 3324 3295 nullo
3350 3239 3562 3294 dissen-

275 3368 672 3424 crudelissimis
698 3375 993 3438 martyrum
1027 3365 1325 3434 suppliciis,
1357 3363 1421 3416 ad
1467 3363 1867 3417 acerbissimam

276 3476 446 3530 usque
493 3471 724 3514 mortem
776 3459 1214 3513 constantissime
1275 3455 1555 3520 toleratis,
1612 3464 1774 3526 atque
1803 3471 1868 3510 ex

273 3553 587 3608 christiana:
616 3551 878 3606 doctrina:
919 3566 1018 3621 per
1047 3551 1358 3604 universum
1389 3558 1652 3602 terrarum
1684 3547 1869 3601 orbem

272 3645 558 3700 celerrima
598 3644 1007 3713 propagatione.
1043 3645 1110 3694 At
1154 3641 1291 3705 hinc,
1320 3639 1512 3709 quibus
1560 3646 1740 3692 tamen
1769 3639 1870 3692 alia

279 3739 573 3810 adiungere
623 3747 857 3808 poterat,
910 3736 976 3790 ad
1021 3735 1293 3806 religionis
1345 3745 1542 3788 nostra:
1586 3736 1869 3790 veritatem

283 3824 720 3890 manifestissime
765 3831 1245 3888 demonstrandam
1293 3830 1424 3884 satis
1454 3845 1720 3900 superque
1769 3830 1868 3884 sibi

277 3927 533 3983 sufﬁcere
556 3928 696 3981 haud
723 3926 993 3981 immerito
1020 3925 1314 3979 arbitratus
1336 3933 1440 3977 est.

351 4023 590 4076 Primum
644 4031 822 4074 autem
871 4029 1056 4089 aperte
1085 4018 1342 4083 declarat,
1380 4031 1438 4070 se
1483 4015 1547 4069 ad
1576 4030 1636 4069 ea
1668 4024 1872 4069 retrac-

276 4117 444 4174 tanda
467 4132 572 4171 non
604 4115 728 4170 ideo
758 4124 993 4168 mentem
1023 4110 1316 4180 appulisse,
1351 4107 1494 4178 quod
1522 4107 1868 4161 Christianam

277 4212 599 4281 religionem
650 4207 752 4262 hac
797 4222 890 4260 sua
945 4220 1105 4273 opera
1139 4214 1231 4256 aut
1261 4201 1580 4256 defensione
1633 4200 1872 4268 indigere

276 4304 576 4362 crediderit
604 4302 846 4374 (Arnob.,
875 4299 963 4352 lib.
991 4315 1063 4360 ιιι,
1101 4297 1325 4368 p.100).
1357 4295 1678 4350 Persuasum
1710 4295 1873 4364 siqui-

277 4400 398 4454 dem
435 4397 667 4450 habebat
700 4395 803 4448 hoc
849 4404 1220 4463 argumentum
1253 4390 1320 4444 ab
1363 4391 1575 4445 eximiis
1603 4390 1871 4444 excellen-

275 4491 530 4559 tibusquc
573 4488 725 4552 viris,
783 4498 906 4555 puta
959 4485 1170 4539 Justino
1217 4492 1474 4554 martyre,
1509 4483 1869 4553 Athenagora,

277 4583 585 4653 Theophila
632 4581 994 4643 Antiocheno,
1027 4578 1276 4643 Tatiano,
1301 4578 1579 4631 Clemente
1633 4577 1872 4631 Alexan-

1978 3342 2146 3396 tiente
2176 3340 2380 3404 videre,
2405 3354 2524 3408 quae
2555 3352 2656 3392 nec
2687 3337 2788 3407 ipsi
2813 3334 3016 3390 audent
3041 3333 3292 3389 falsitatis
3314 3346 3563 3402 arguere,

1974 3449 2203 3506 quorum
2231 3434 2498 3503 antiquas,
2517 3447 2614 3486 seu
2638 3431 2837 3502 patrias
2864 3428 3278 3500 legesvanitatis
3300 3440 3419 3480 esse
3449 3425 3565 3496 ple-

1977 3533 2250 3598 nissimas,
2285 3541 2447 3600 atque
2477 3529 2806 3584 inanissima:
2835 3522 3237 3596 superstitionis
3268 3521 3507 3576 ostendit
3539 3542 3558 3574 ι

1977 3628 2219 3700 (Arnob.,
2262 3627 2348 3682 lib.
2384 3644 2421 3691 ι,
2448 3645 2501 3696 p.
2532 3626 2603 3680 24
2631 3635 2678 3680 et
2702 3615 2890 3696 seqq.).
2921 3620 3084 3676 Vides
3135 3635 3266 3677 sane
3295 3618 3565 3690 quomodo

1974 3723 2070 3778 ille
2105 3721 2410 3778 rectissime
2451 3719 2737 3777 concludat
2766 3717 2995 3789 publicis
3021 3714 3222 3772 Christi
3268 3712 3564 3780 miraculis,

1977 3831 2100 3886 qua:
2124 3814 2359 3885 gentiles
2387 3812 2635 3868 falsitatis
2661 3826 2886 3882 arguere
2935 3822 3225 3879 numquam
3253 3811 3562 3875 potuerunt,

1976 3931 2085 3969 non
2139 3912 2446 3967 christiana:
2495 3920 2700 3964 tantum
2752 3905 3026 3977 religionis
3055 3903 3233 3959 adseri
3259 3901 3561 3965 veritatem,

1975 4007 2070 4063 sed
2103 4005 2332 4060 cthnieaa
2358 4003 2519 4057 etiam
2570 4000 2862 4056 falsitatem
2895 3995 3301 4053 evidentissime
3329 3989 3565 4061 probari.

2047 4100 2204 4154 Tanti
2250 4112 2382 4152 vero
2415 4094 2670 4166 ponderis
2723 4101 2806 4148 est
2858 4092 2959 4146 hoc
2987 4095 3386 4160 argumentum,
3416 4094 3476 4139 ut
3499 4098 3566 4140 eo

1974 4193 2195 4264 penitus
2242 4189 2474 4245 convicti
2515 4185 2744 4257 gentiles
2797 4200 2957 4255 quam
2991 4181 3225 4253 plurimi,
3253 4179 3453 4235 relictis
3478 4193 3568 4248 pa-

1976 4289 2098 4344 triis
2128 4282 2621 4355 superstitionibus,
2659 4288 2713 4336 et
2741 4279 2904 4349 impio
2931 4277 3156 4332 deorum
3183 4288 3402 4330 suorum
3421 4272 3568 4327 cultu

1979 4381 2207 4452 rejectu,
2233 4392 2429 4432 nomen
2467 4373 2776 4431 christianze
2799 4370 3043 4440 religioni
3071 4378 3264 4440 sponte
3284 4365 3565 4422 dederint:

1983 4497 2002 4530 ι
2046 4477 2303 4538 Virtutes,
2344 4491 2362 4523 ι
2421 4470 2646 4534 etenim,
2692 4486 2711 4520 ι
2745 4467 2846 4522 sub
2884 4465 3056 4520 oculis
3110 4464 3319 4534 positae,
3353 4479 3371 4512 ι
3405 4459 3569 4515 verba

1977 4569 2156 4623 adhuc
2193 4575 2319 4621 sunt
2345 4564 2567 4620 Arnobii
2604 4581 2622 4614 ι
2653 4571 2713 4618 et
2738 4559 2976 4617 inaudita
3020 4558 3106 4613 illa
3137 4559 3218 4612 vis
3245 4571 3450 4622 rerum,
3481 4554 3570 4610 vel

277 4647 462 4738 drino',
493 4675 561 4730 de
593 4674 788 4743 quibus
819 4688 912 4726 nos
958 4671 1008 4724 in
1039 4669 1408 4740 superioribus
1449 4669 1752 4740 Apparatus
1779 4684 1872 4722 no-
1900 4671 1954 4732 1)
1981 4677 2097 4732 quae
2126 4661 2194 4715 ab
2244 4660 2362 4729 ipso
2411 4657 2565 4712 fiebat
2608 4656 2809 4727 palam,
2844 4652 2929 4708 vel
2971 4651 3039 4706 ab
3070 4651 3187 4721 ejus
3229 4647 3569 4722 prteconibus

282 4770 380 4824 stri
419 4768 593 4832 libris,
642 4782 778 4835 aque
807 4764 965 4818 etiam
996 4779 1025 4816 a
1054 4761 1409 4825 Tertulliano,
1437 4760 1690 4831 Origene,
1725 4760 1874 4816 aliis-

281 4878 386 4931 que
436 4860 679 4929 pluribus
728 4858 940 4912 abundc
997 4864 1326 4919 tractaturo;
1360 4863 1520 4924 atque
1572 4853 1748 4908 doctis
1797 4862 1875 4907 tot

283 4967 671 5023 tantorumque
733 4952 970 5004 virorum
1019 4948 1236 5017 scriptis
1299 4963 1361 5002 ac
1413 4945 1872 5000 lucubrationibus

279 5048 635 5102 christianam
668 5045 985 5114 religionem
1015 5059 1041 5094 a
1077 5042 1224 5094 falsis
1249 5038 1585 5094 ethnicorum
1618 5039 1872 5092 crimina-

279 5143 520 5198 tionibus
567 5139 887 5208 plenissime
938 5135 1284 5189 vindicatam.
1337 5134 1478 5200 Quin
1537 5133 1703 5186 immo
1774 5149 1873 5204 pro

281 5248 434 5293 certo
462 5251 682 5304 semper
714 5233 977 5286 habuerat
999 5232 1146 5286 illam
1180 5230 1287 5284 ullo
1316 5229 1433 5284 sine
1458 5228 1670 5283 vindice
1700 5235 1755 5282 et
1781 5228 1875 5282 de-

282 5333 504 5387 fensore
532 5332 741 5384 ﬁrmam
790 5339 844 5382 et
891 5327 1266 5381 inconcussam
1314 5338 1373 5380 se
1403 5325 1514 5394 ipsa
1567 5333 1731 5389 stare,
1776 5339 1875 5378 nec

281 5425 408 5478 ullis
454 5437 712 5492 umquam
760 5419 1124 5489 quorumlibet
1170 5416 1601 5470 adversariorum
1651 5429 1870 5469 suorum

284 5517 511 5580 viribus,
558 5513 785 5575 artibus,
839 5511 1001 5574 dolis,
1055 5509 1320 5564 machinis
1357 5522 1517 5577 posse
1567 5507 1876 5563 labefactari

285 5619 348 5664 ut
387 5606 619 5663 convelli
650 5623 664 5659 :
700 5624 719 5657 ι
758 5605 886 5664 Suis
913 5603 1106 5674 (enim)
1134 5602 1242 5664 illa,
1276 5603 1469 5670 inquit,
1513 5611 1763 5658 contenta
1795 5613 1877 5659 est

285 5702 514 5765 viribus,
545 5710 602 5754 et
629 5699 873 5753 veritatis
927 5696 1156 5766 propriae
1201 5693 1604 5750 fundaminibus
1651 5695 1872 5760 nititur;

285 5811 390 5850 nec
441 5794 702 5863 spoliatur
728 5792 779 5846 vi
830 5805 948 5854 sua,
982 5789 1191 5844 etiamsi
1225 5787 1431 5842 nullum
1482 5787 1676 5843 habeat
1703 5786 1877 5842 vindi-

283 5903 411 5944 cem
437 5903 452 5953 ;
476 5889 642 5944 immo
665 5886 710 5942 si
759 5885 953 5954 linguae
983 5897 1174 5940 omnes
1205 5893 1389 5939 contra
1415 5881 1631 5950 faciant,
1659 5890 1875 5939 contra-

1975 4751 2348 4808 celebrabatur
2377 4750 2428 4804 in
2466 4747 2599 4803 orbe
2627 4755 2761 4812 toto,
2793 4759 2857 4799 ea
2895 4741 3130 4798 subdidit
3177 4741 3568 4812 appetitionum

1983 4849 2250 4912 ﬂammas,
2291 4854 2348 4900 et
2375 4844 2440 4898 ad
2489 4842 2647 4898 unius
2673 4839 3008 4896 credulitatis
3049 4835 3339 4891 adsensum
3387 4840 3569 4888 mente

1978 4959 2079 4997 una
2111 4953 2444 4997 concurrere
2486 4946 2675 5007 gentes
2702 4942 2757 4990 et
2785 4932 3012 5002 pepulos
3060 4929 3205 4997 fecit,
3235 4940 3289 4984 et
3324 4925 3568 4982 moribus

1978 5034 2370 5092 dissimillimas
2398 5030 2644 5086 nationes
2673 5045 2692 5078 ι
2728 5025 2970 5093 (Αντιοιιη
2999 5023 3092 5076 lib.
3116 5038 3175 5088 ιι,
3205 5039 3258 5088 p.
3293 5018 3407 5090 50).
3435 5017 3567 5086 Quis

1978 5138 2157 5182 autem
2191 5125 2316 5182 inde
2345 5139 2448 5179 non
2493 5119 2784 5192 perspiciat
2805 5115 3041 5172 inaudita
3076 5114 3334 5170 hactenus
3364 5110 3570 5167 Christi

1980 5221 2478 5292 discipulorumque
2506 5214 2624 5286 ejus
2671 5211 2931 5267 miracula
2963 5207 3198 5280 tanti-ad
3237 5204 3568 5277 probandam

1980 5316 2104 5371 ﬁdei
2145 5313 2451 5367 christiana:
2493 5307 2774 5362 veritatem
2807 5304 2973 5359 fuisse
3021 5301 3249 5364 roboris,
3285 5307 3569 5366 tanta-quae

1980 5405 2317 5464 efﬁcacitatis
2343 5447 2358 5470 ,
2392 5412 2450 5458 ut
2484 5403 2798 5456 innumeros
2844 5394 3116 5462 homines,
3149 5401 3261 5446 toto
3302 5399 3568 5446 terrarum

1981 5501 2113 5558 orbe
2149 5493 2721 5568 dispersos,-huicque
2768 5488 3082 5547 christianos
3122 5483 3368 5556 religioni
3409 5491 3567 5538 antea

1979 5606 2202 5664 prorsus
2253 5588 2552 5660 oppositos,
2594 5585 2664 5642 ad
2701 5597 2821 5640 eam
2850 5577 3226 5639 lubentissime
3273 5575 3565 5644 suscipien-

1979 5689 2100 5744 dam
2124 5688 2446 5743 adduxerim.
2467 5685 2491 5738 7

2050 5784 2183 5851 Quae
2209 5793 2392 5839 autem
2419 5779 2625 5835 fuerint
2661 5776 2753 5832 illa
2793 5771 2996 5830 Christi
3019 5768 3299 5837 miracula,
3330 5764 3567 5823 breviter

1990 5876 2264 5934 Arnobius
2295 5881 2544 5934 recenset
2588 5870 2720 5940 (1b.,
2771 5885 2825 5939 ρ.
2868 5863 2986 5935 26).
3037 5862 3335 5934 Quoslibet,
3377 5858 3569 5932 inquit,
