4158 6264
265 311 379 370 409

1517 315 1585 372 ΙΝ
1622 311 2004 384 ARNOBIUM,
2041 311 2193 371 CAP.
2234 311 2322 369 111.

3447 324 3552 383 410

260 432 340 485 nti
372 430 449 486 ait
496 428 793 498 Arnobius,
826 443 1117 503 numquam
1160 433 1276 490 ausi
1323 442 1445 491 sunt
1472 433 1718 509 (Arnob.,
1741 434 1780 487 t.
1812 448 1852 500 l,
1883 432 1935 495 Α
2031 430 2204 486 Tanto
2242 432 2507 487 horumce
2544 442 2989 504 argumentorum
3030 434 3273 506 pondere
3303 439 3550 509 oppressi

259 546 318 599 p.
351 528 444 594 53,
475 536 523 581 et
551 525 738 598 seqq).

1964 526 2194 596 gentiles
2220 540 2288 582 eo
2335 526 2547 583 tandem
2579 527 2805 584 insania:
2833 538 2887 584 et
2938 530 3284 605 impudentia:
3312 531 3553 591 devene-

336 620 471 676 Post
498 620 617 676 haec
641 631 845 687 autem,
874 621 1193 680 audaciores
1221 623 1370 690 facti,
1396 601 1721 694 objiciebant
1741 622 1859 679 haec
1961 627 2102 683 rant,
2140 628 2196 673 ut
2226 617 2341 674 haec
2389 619 2649 674 miracula
2693 635 2721 673 a
2748 604 2971 676 Christo
2999 622 3223 694 magicis
3251 622 3459 680 artibus
3485 640 3552 682 ac

257 712 378 783 ipsa
437 712 700 768 miracula
740 714 808 770 ab
861 716 1228 786 evangelistis,
1271 717 1499 787 aliisque
1547 717 1858 773 auctoribus

255 808 464 878 scripta
492 806 662 864 fuisse
691 808 1042 877 mendaciter,
1076 822 1169 867 aut
1195 813 1248 867 in
1279 814 1601 868 immensum
1628 829 1856 884 exagge-

256 913 403 959 rata.
435 902 577 971 Quin
608 903 775 959 immo
804 905 977 976 plura,
1015 906 1181 978 inquit
1201 907 1515 974 'Arnobius,
1544 918 1598 963 et
1625 904 1851 973 Christi,

255 1006 313 1052 et
340 996 731 1068 discipulorum
783 998 902 1069 ejus
950 999 1208 1057 miracula
1238 1001 1307 1055 ab
1355 1000 1423 1055 iis
1474 1010 1599 1057 sunt
1629 1002 1853 1068 omissa,

253 1106 365 1147 nec
395 1094 575 1147 omnia
606 1093 805 1149 litteris
854 1094 1097 1150 mandari
1129 1103 1435 1164 potuerunt.
1468 1096 1523 1151 Si
1578 1111 1699 1165 qua:
1725 1109 1854 1150 vero
1914 1159 1925 1168 ~

253 1184 386 1238 aliis
412 1185 466 1239 in
500 1185 740 1255 scriptis,
774 1185 825 1239 id
870 1195 973 1250 est,
1006 1186 1360 1256 proculdubio
1388 1187 1440 1240 in
1479 1185 1853 1257 pseudoevan-

252 1275 419 1344 geliis
459 1275 766 1347 posteritati
809 1276 1182 1333 commendata
1212 1278 1477 1348 leguntur,
1505 1278 1618 1332 base
1646 1277 1853 1333 daemo-

257 1385 395 1424 num
445 1379 537 1424 aut
591 1370 870 1425 hominum
920 1371 1028 1427 illis
1075 1372 1329 1427 similium
1385 1372 1761 1428 malevolentia
1799 1381 1854 1426 et

249 1463 547 1520 fraudibus
587 1463 789 1531 addita,
818 1465 1167 1535 interpolata,
1196 1474 1399 1520 mutata
1429 1464 1851 1543 detruncataque

245 1556 515 1623 fuerunt,
557 1567 633 1624 ut,
663 1557 707 1612 si
761 1556 875 1614 fieri
906 1568 1108 1628 posset,
1162 1569 1271 1614 tam
1305 1558 1638 1614 mirabilium
1670 1565 1853 1628 gesto-

242 1666 385 1708 rum
414 1651 685 1706 elevarent
713 1650 1113 1707 auctoritatem.
1142 1650 1283 1722 Quid
1314 1667 1465 1719 vero,
1498 1649 1642 1722 quod
1667 1649 1848 1722 genti-

248 1742 343 1797 les
374 1741 503 1798 nihil
528 1751 717 1796 contra
748 1756 1027 1797 sacrorum
1070 1743 1396 1812 scriptorum
1439 1752 1745 1797 nostrorum
1786 1739 1849 1795 ii—

1962 710 2404 782 praestigiis'facta
2427 713 2593 768 fuisse
2620 711 2780 767 nobis
2806 714 3043 783 obiicere
3074 731 3181 771 non
3216 717 3500 773 timuerint
3531 736 3548 774 :

1967 819 1986 852 ς
2016 801 2201 872 Magus
2240 802 2379 871 fuit,
2418 824 2438 857 ›
2471 821 2658 861 eorum
2697 806 2861 862 verba
2894 817 3019 862 sum
3062 809 3130 864 ab
3156 809 3395 865 Arnobio
3437 827 3550 867 me-

1961 907 2167 951 morata
2198 939 2213 962 ,
2256 916 2276 949 ι
2307 898 2660 954 clandestinis
2710 899 2918 955 artibus
2948 904 3128 956 omnia
3161 902 3251 957 illa
3301 903 3548 974 perfecit,

1960 986 2338 1060 Egyptiornm
2387 1007 2455 1046 ex
2500 992 2676 1064 adytis
2726 995 3056 1065 Angelorum
3105 997 3404 1067 potentium
3451 1014 3551 1054 no-

1956 1084 2122 1149 mina,
2155 1094 2209 1140 et
2237 1094 2471 1140 remotas
2517 1085 2725 1141 furatus
2773 1098 2857 1142 est
2903 1088 3216 1160 disciplinas
3254 1109 3273 1143 ι
3306 1090 3546 1164 (Arnob.,
3622 1088 3626 1095 ’

1956 1174 1994 1230 ι.
2024 1191 2061 1238 ι,
2088 1192 2140 1245 ρ.
2170 1176 2287 1248 25).
2312 1176 2417 1232 Sed
2457 1178 2573 1233 haec
2601 1188 2756 1233 vetus
2780 1180 3063 1250 gentilium
3090 1181 3419 1250 criminatio,
3448 1198 3550 1239 sae-

1954 1268 2079 1338 pius
2106 1272 2357 1339 repetita,
2390 1286 2607 1342 semper
2633 1271 2907 1328 confutata
2930 1284 3035 1331 est.
3067 1274 3200 1343 Quis
3224 1277 3367 1332 enim
3391 1275 3547 1349 igno-

1956 1372 2039 1419 rat
2068 1363 2198 1419 illnd
2226 1364 2442 1419 Christo
2470 1381 2498 1419 a
2527 1365 2732 1421 Iudaeis
2753 1367 3045 1437 obiectum,
3069 1369 3211 1440 quod
3241 1369 3548 1428 Beelzebub

1954 1456 2173 1512 nomine
2198 1457 2463 1513 daemonia
2484 1458 2729 1529 ejiceret.
2758 1459 2930 1527 Quam
2968 1460 3188 1531 quidem
3218 1461 3548 1519 calumniam

1951 1548 2053 1602 etsi
2083 1550 2327 1605 Christus
2354 1550 2605 1607 dominus
2632 1552 2847 1608 abunde
2893 1555 3226 1612 confutasset
3248 1597 3264 1621 ,
3311 1572 3431 1613 eam
3462 1566 3549 1613 ta-

1955 1657 2076 1697 men
2108 1643 2309 1699 ethnici
2357 1654 2545 1715 postea
2589 1656 2776 1701 contra
2833 1650 2951 1718 ejus
2999 1648 3297 1720 discipulos
3325 1652 3547 1709 immani

1930 1752 2179 1806 ‘prorsus
2205 1748 2260 1792 et
2285 1739 2621 1795 intoleranda
2667 1742 2979 1797 temeritate
3024 1742 3280 1799 refricare
3308 1759 3414 1800 non
3446 1745 3548 1802 du-

244 1835 381 1889 dem
414 1834 525 1889 ullo
553 1834 717 1889 modo
742 1834 1100 1904 objiciebant,
1132 1834 1274 1905 quod
1327 1834 1588 1891 adversus
1638 1834 1849 1890 illorum
1881 1840 1929 1900 Β
1956 1831 2286 1887 bitaverunt.
2312 1831 2445 1888 Nam
2479 1842 2540 1888 ut
2579 1834 2717 1890 alios
2741 1835 2880 1890 bene
2902 1835 3100 1891 multos
3131 1848 3541 1908 praetereamus,

244 1930 550 2000 scriptores
580 1929 693 2000 pari
723 1929 887 1984 immo
917 1929 1113 1999 potiori
1139 1928 1264 1999 jure
1287 1928 1447 1999 olijici
1488 1943 1594 1982 non
1624 1928 1848 1998 posset?

244 2020 551 2089 Prmterea,
584 2021 807 2077 veridici
855 2032 1107 2077 auctores
1149 2021 1317 2075 nostri
1346 2029 1498 2075 tanto
1525 2019 1689 2075 animi
1721 2034 1850 2075 can-

246 2114 413 2182 dore,
445 2115 721 2185 tantisque
748 2114 996 2169 veritatis
1025 2113 1323 2168 luminibus
1352 2113 1608 2167 miracula
1646 2110 1848 2167 Christi

244 2209 593 2280 descripsere
624 2220 678 2265 ut
701 2210 882 2266 nullus
904 2224 1004 2266 nec
1024 2208 1260 2273 Iudaeus,
1291 2224 1391 2265 nec
1411 2209 1651 2280 gentilis,
1675 2223 1848 2280 quan-

245 2302 507 2360 tumlibet
554 2303 973 2360 christianorum
1004 2304 1259 2367 inimicus
1283 2344 1301 2372 ,
1348 2303 1412 2360 iis
1440 2303 1656 2374 quando
1701 2301 1844 2360 facta

243 2408 406 2464 sunt,
441 2396 701 2470 refragari
731 2411 898 2454 ausus
924 2397 1104 2454 fuerit.
1602 2414 1605 2417 '

330 2495 404 2548 At
437 2493 633 2562 scripta
684 2505 891 2559 nostra,
926 2493 1244 2564 inquiebant
1272 2491 1494 2558 ethnici,
1528 2491 1682 2547 libris
1701 2490 1848 2547 chri-

244 2584 560 2641 stianorum
584 2585 746 2658 longe
770 2586 1077 2656 antiquiora
1107 2592 1255 2644 sunt.
1284 2599 1347 2640 ac
1374 2583 1605 2655 proinde
1631 2583 1735 2640 fide
1755 2584 1843 2640 di-

241 2678 472 2752 gniora.
500 2678 656 2748 Quasi
706 2695 859 2748 vero,
892 2679 1183 2750 respondet
1209 2679 1509 2747 Arnobius,
1543 2695 1735 2736 omnes
1774 2696 1843 2737 ex
1876 2664 1885 2669 ’

241 2774 585 2843 turpissimis
613 2774 1026 2845 falsissimisque
1072 2774 1298 2829 deorum
1327 2772 1522 2830 fabulis
1545 2789 1650 2830 non
1679 2788 1842 2844 agno-

239 2875 410 2923 scant
429 2882 613 2922 earum
644 2868 1023 2938 antiquitatem
1048 2866 1557 2921 absurdissimorum
1589 2882 1838 2923 errorum

241 2959 715 3017 fcecundissimam
747 2961 915 3016 fuisse
946 2970 1174 3016 matrem
1217 2968 1273 3015 et
1317 2960 1603 3032 originem.
1636 2960 1840 3016 Deinde

242 3069 403 3121 vero,
434 3070 556 3111 cum
585 3057 950 3112 recentiorum
997 3064 1240 3111 actorum
1273 3055 1484 3111 facilius
1512 3071 1673 3125 quam
1699 3055 1838 3111 anti-

242 3147 522 3219 quiorum,
556 3148 766 3204 falsitas
787 3146 1247 3219 deprehendatur,
1271 3156 1437 3203 tanta:
1483 3147 1727 3219 profecto
1755 3155 1838 3204 te-

1955 1926 2163 1995 Celsns,
2203 1936 2341 1983 teste
2381 1927 2638 1999 Origene,
2674 1949 2693 1983 ς
2732 1929 3076 1986 Servatorem
3120 1940 3359 1998 accusat,
3390 1933 3545 2004 quasi

1957 2021 2177 2090 magicis
2205 2022 2411 2077 artibus
2435 2023 2695 2078 miracula
2719 2023 2909 2079 fecerit
2937 2043 2956 2077 ι
2986 2022 3254 2097 (0rigen.,
3281 2026 3319 2081 ι.
3344 2041 3380 2093 ι,
3405 2039 3542 2084 cont.

1954 2110 2113 2180 Cels.,
2154 2132 2207 2185 p.
2233 2115 2310 2186 7).
2338 2115 2624 2173 Garriebat
2675 2117 2966 2187 siquidem,
3014 2127 3073 2173 ut
3101 2118 3242 2175 idem
3286 2120 3544 2191 Origenes

1952 2218 2139 2278 postea
2166 2207 2504 2275 tesﬁficatur,
2533 2228 2552 2261 ‹
2582 2225 2703 2265 cum
2729 2210 2867 2266 clam
2890 2209 3176 2277 educatur,
3197 2222 3253 2268 et
3283 2212 3336 2268 in
3364 2212 3540 2287 Egy-

1952 2310 2045 2372 pto
2084 2302 2337 2359 mercede
2369 2304 2709 2372 famulatum,
2736 2304 2967 2374 peritum
3000 2304 3119 2375 ejus
3147 2307 3322 2377 gentis
3346 2309 3543 2365 artium

1949 2395 2075 2451 inde
2119 2412 2437 2461 reversum.
2468 2399 2663 2470 quibus
2706 2399 2894 2465 fretus,
2948 2414 3045 2469 pro
3092 2401 3202 2456 Deo
3250 2416 3312 2457 se
3356 2401 3542 2460 haberi

1948 2504 2140 2562 passus
2167 2491 2234 2545 sit
2273 2511 2293 2544 ι
2335 2489 2525 2563 (lbid.,
2552 2510 2608 2563 p.
2639 2491 2756 2563 50).
2789 2491 2994 2547 Dehinc
3034 2492 3187 2564 fingit
3236 2493 3433 2563 impius
3458 2496 3542 2552 vir

1947 2596 2008 2639 se
2051 2584 2281 2641 credere
2324 2600 2512 2641 revera
2544 2585 2683 2642 facta
2730 2585 2896 2642 fuisse
2924 2601 2953 2640 a
2982 2585 3222 2653 Christo,
3251 2604 3370 2659 quae
3394 2589 3542 2648 dice-

1947 2676 2168 2745 bantur,
2202 2681 2484 2746 miracula,
2515 2680 2609 2736 sed
2652 2679 2769 2735 btec
2795 2680 3104 2735 communia
3160 2679 3292 2737 facit
3312 2687 3443 2763 πρὸς
3472 2689 3541 2743 τὰ

1946 2772 2072 2851 ἔργα
2098 2782 2198 2831 τῶν
2251 2784 2464 2850 νοητῶν,
2518 2778 2587 2837 ὡς
2643 2776 3074 2848 ὑπισχνουμένων
3120 2779 3538 2853 θαυμασιώτερα,

1944 2870 2030 2922 καὶ
2056 2871 2189 2946 πρὸς
2211 2873 2278 2927 τὰ
2317 2870 2420 2925 ὑπὸ
2455 2877 2555 2925 τῶν
2583 2872 2842 2942 μαθόντων
2881 2870 2985 2926 ὑπὸ
3013 2874 3301 2945 Αἰγυπτίων
3337 2873 3479 2929 ἄπιτε
3509 2873 3536 2927 ὁ

1942 2959 2163 3033 λούμενα
2191 2963 2242 3016 ἐν
2269 2963 2454 3034 μέσαις
2482 2964 2714 3040 ἀγοραῖς.
2748 2960 2882 3016 Cum
2932 2962 3383 3032 prteStigiatorum
3406 2977 3535 3034 ope-

1943 3056 2111 3116 ribus.
2144 3056 2237 3127 qui
2284 3057 2613 3113 mirabiliora
2655 3057 3001 3128 pollicentur,
3032 3067 3087 3113 et
3123 3073 3245 3112 cum
3292 3058 3534 3115 circula-

1940 3154 2119 3203 torum
2144 3147 2302 3204 factis
2328 3153 2379 3206 in
2407 3150 2587 3206 medio
2607 3149 2726 3205 foro
2754 3152 3032 3221 praestitis,
3055 3151 3147 3224 qui
3171 3151 3242 3208 ab
3262 3151 3535 3226 Egyptiis

242 3246 512 3298 maritalis
553 3242 851 3313 scriptores
897 3241 1067 3297 nostri
1112 3256 1234 3296 esse
1285 3255 1391 3296 non
1421 3249 1732 3311 potuerunt,
1779 3249 1838 3295 ut
1865 3245 1909 3307 (ζ
1941 3254 2002 3296 ea
2035 3240 2339 3298 didicerunt
2364 3241 2549 3311 Ποία..
2581 3262 2634 3315 p.
2665 3243 2781 3317 55).

239 3335 487 3390 recentia
535 3333 817 3401 miracula,
868 3343 926 3389 et
973 3333 1236 3389 hactenus
1264 3333 1522 3397 inaudita,
1562 3342 1835 3405 tamquam

239 3427 528 3483 verissima
566 3426 927 3498 praedicarent
951 3468 968 3493 .
997 3443 1224 3498 quorum
1271 3427 1554 3482 falsitatem
1592 3441 1659 3482 eo
1677 3426 1836 3483 citius

238 3522 470 3593 gentiles
511 3522 914 3593 cognovissent,
947 3536 1054 3592 quo
1097 3523 1269 3593 magis
1315 3537 1421 3577 non
1467 3520 1643 3576 solum
1670 3536 1831 3587 nova,

239 3613 568 3685 insuetaque
610 3623 787 3677 erant.
817 3613 914 3669 sed
946 3613 1010 3667 iis
1050 3614 1213 3668 etiam
1253 3612 1383 3668 falsa
1406 3613 1618 3669 illorum
1646 3613 1833 3684 religio

238 3706 486 3764 funditus
510 3707 874 3764 evertebatnr.
909 3706 1063 3762 Tunc
1100 3716 1278 3762 tamen
1309 3723 1374 3763 ea
1402 3717 1545 3774 acta,
1572 3718 1663 3763 aut
1690 3709 1831 3764 scri-

238 3811 340 3872 pta
385 3815 505 3858 cum
548 3802 781 3873 primum
835 3800 1109 3867 viderunt,
1137 3801 1424 3872 quantavis
1473 3800 1832 3858 admiratione

237 3896 626 3967 obstupefacti,
678 3896 814 3953 nihil
861 3905 1071 3965 contra,
1124 3897 1225 3952 nisi
1274 3896 1414 3952 forte
1442 3905 1683 3951 amentes
1707 3896 1832 3968 qui-

233 3991 364 4048 dam
396 3993 590 4049 mutire
612 3992 727 4048 ausi
755 4002 897 4049 sunt.

304 4086 593 4157 Urgebant
631 4086 810 4143 adhuc
860 4088 1060 4145 ethnici
1090 4088 1291 4159 scripta
1320 4088 1736 4145 christianorum
1760 4091 1830 4146 ab

234 4180 471 4238 indoctis
522 4191 577 4237 et
618 4181 884 4253 imperitis
934 4181 1244 4238 hominibus
1291 4180 1531 4251 profecta
1585 4181 1831 4239 soltecisv-

234 4277 338 4331 mis
363 4286 599 4341 scatere,
622 4290 689 4331 ac
711 4276 904 4331 vitiosa
929 4275 1202 4331 locutione
1233 4275 1430 4340 fmdari
1453 4274 1644 4346 (Idem,
1680 4294 1733 4346 p.
1758 4277 1827 4332 54

236 4380 283 4424 et
312 4368 508 4440 δεινοί).
537 4369 655 4425 Non
688 4370 841 4425 facile
870 4370 1030 4441 igitur
1059 4368 1223 4424 fidem
1246 4370 1314 4424 iis
1350 4369 1670 4425 habendam.
1689 4370 1826 4440 Quid

234 4476 400 4533 ergo,
435 4461 513 4515 ait
543 4462 855 4516 Arnobius?
888 4461 1144 4532 numquid
1176 4461 1376 4516 veritas
1424 4462 1664 4533 quolibet
1708 4479 1825 4519 ser-

235 4571 422 4621 mone,
452 4556 616 4612 etiam
659 4557 831 4627 magis
860 4557 1111 4622 barbaro,
1145 4556 1414 4612 enuntiari
1461 4571 1566 4612 non
1600 4559 1824 4628 potest?

2013 3334 2120 3390 Sed
2148 3335 2656 3405 impudentissimam
2684 3338 3006 3394 calumniam
3036 3349 3142 3395 tam
3177 3340 3334 3399 facile
3354 3344 3531 3401 Arno-

1937 3427 2088 3495 bius,
2134 3446 2293 3500 quam
2341 3430 2642 3502 Origenes,
2691 3431 2848 3487 diluit
2894 3435 3217 3506 penitusque
3261 3436 3530 3493 dissolvit.

1937 3523 2174 3579 Primum
2200 3526 2343 3581 enim
2377 3525 2470 3581 ille
2499 3528 2793 3597 respondet
2833 3527 3038 3582 nullum
3074 3543 3289 3600 magum
3329 3530 3533 3602 aliquid

1937 3632 2191 3688 umquam
2234 3619 2315 3675 vel
2349 3619 2637 3675 millesima
2685 3628 2843 3691 parte
2885 3618 3113 3686 fecisse,
3159 3621 3305 3692 quod
3330 3621 3531 3680 Christi

1935 3710 2208 3767 miraculis
2232 3712 2516 3768 consimile
2545 3714 2636 3767 sit.
2661 3711 2909 3768 Christus
2935 3715 3217 3770 enimvero
3245 3715 3364 3770 sine
3389 3715 3493 3770 ulla
3510 3758 3526 3783 ,

1934 3800 2108 3873 inquit
2132 3812 2319 3858 auctor
2349 3812 2533 3858 noster
2562 3803 2804 3875 (Arnob.,
2835 3804 2924 3859 lib.
2950 3820 2989 3870 ι,
3023 3821 3144 3877 pag.
3175 3805 3290 3874 25),
3341 3807 3392 3862 vi
3414 3822 3530 3863 car-

1935 3896 2160 3960 minum,
2191 3907 2282 3950 aut
2311 3895 2599 3952 herbarum
2628 3906 2686 3951 et
2706 3899 3015 3968 graminum
3042 3900 3252 3966 succis,
3283 3901 3400 3958 sine
3422 3902 3529 3958 ulla

1891 4002 2209 4051 ,sacrornm
2257 3988 2574 4044 lihaminum
2620 4004 2685 4044 ac
2744 3999 3050 4061 temporum
3111 3994 3523 4059 observatione,

1931 4083 2048 4138 sine
2075 4084 2196 4138 ullis
2224 4083 2651 4154 planeartibus,
2692 4100 2815 4153 quae
2841 4101 3132 4156 numquam
3163 4102 3271 4141 non
3300 4103 3331 4143 a
3361 4086 3528 4158 Magis

1929 4175 2341 4243 adhibebantur,
2376 4178 2471 4234 sed
2498 4178 2614 4233 sola
2645 4178 2882 4234 nominis
2927 4180 3011 4233 sui
3060 4191 3325 4250 potesnate
3354 4190 3409 4237 et
3439 4180 3523 4236 in-

1930 4272 2243 4336 vocatione,
2292 4271 2376 4326 vel
2420 4272 2522 4327 levi
2572 4281 2714 4327 tactu
2766 4271 3032 4328 miracula
3087 4273 3276 4330 edidit.
3320 4274 3522 4332 Eadem

1928 4380 2145 4436 quoque
2172 4365 2530 4434 responsione
2560 4363 2824 4434 Origenes
2848 4364 3171 4436 stupendam
3193 4364 3337 4421 Celsi
3361 4367 3524 4423 auda-

1929 4460 2067 4516 ciam
2099 4461 2409 4530 comprimit
2439 4459 2743 4532 frangitque
2788 4478 2801 4515 :
2836 4479 2855 4513 ‹
2900 4460 3049 4517 Licet
3091 4461 3193 4516 hoc
3232 4478 3521 4534 argumen-

1928 4561 2074 4619 tum,
2113 4571 2132 4604 ›
2168 4553 2444 4624 inquiebat
2494 4553 2585 4610 ille
2634 4552 2849 4626 (σι-ἔς..
2905 4555 2996 4611 lib.
3049 4571 3089 4611 ι.
3145 4566 3306 4612 contr.
3351 4555 3520 4625 (Σάι,

231 4646 437 4704 Contra
466 4656 615 4703 certe
641 4663 709 4704 eo
738 4649 912 4720 magis
949 4647 1084 4704 fides
1111 4648 1465 4717 scriptoribus
1499 4650 1698 4707 nostris
1723 4651 1817 4705 tri-
1848 4652 1903 4712 D
1928 4660 2047 4717 pag.
2075 4646 2107 4699 7
2135 4643 2182 4715 ).
2220 4664 2239 4697 ι
2273 4644 2341 4701 de
2387 4645 2571 4709 modo.
2598 4660 2706 4717 quo
2730 4645 2888 4702 Jesus
2910 4647 3026 4701 haec
3055 4646 3274 4711 fecerit.
3309 4649 3518 4705 insolu-

233 4740 447 4797 huenda
476 4749 580 4805 est,
608 4757 718 4813 quo
767 4742 939 4813 magis
983 4742 1017 4796 ii
1047 4756 1302 4797 sermone
1331 4742 1588 4813 simplici,
1611 4751 1668 4799 et
1693 4744 1823 4799 abs-

230 4848 336 4903 que
364 4833 476 4888 ullo
492 4833 783 4890 verborum
808 4833 935 4891 fuco
963 4845 1019 4891 et
1046 4837 1315 4893 lenocinio
1337 4837 1500 4894 locuti
1528 4836 1826 4892 sunt.Nul-

232 4924 344 4981 lum
382 4926 586 4996 quippe
620 4927 882 4984 orationis
938 4940 1346 4996 ornamentum,
1396 4931 1600 4985 nullum
1651 4929 1822 4985 artifi-

228 5020 376 5076 cium
402 5020 601 5075 veritas
645 5019 922 5076 desiderat
950 5020 1138 5089 (Ibid.,
1171 5042 1224 5093 p.
1254 5021 1384 5095 55).
1421 5022 1666 5094 Denique
1702 5038 1819 5079 ser-

228 5113 407 5168 monis
441 5123 763 5169 ornamenta
787 5154 803 5179 ,
833 5108 1174 5186 suspicantes,
1205 5116 1279 5170 uti
1299 5117 1376 5170 ait
1403 5116 1695 5181 Arnobius,
1719 5115 1818 5169 ad-

222 5208 454 5277 juvant;
504 5208 558 5262 id
604 5220 710 5271 εει.
758 5224 967 5276 corum,
999 5211 1089 5280 qui
1136 5210 1207 5267 de
1253 5212 1426 5282 aliqua
1459 5228 1520 5266 re
1548 5210 1817 5277 dubitant,

229 5314 431 5373 augent
477 5313 535 5358 et
582 5302 995 5370 dubitationem,
1053 5315 1109 5361 et
1156 5304 1819 5375 suSpirionem.Timendi

230 5398 375 5453 enim
404 5406 534 5452 tunc
585 5397 735 5453 locus
760 5408 867 5464 cst,
895 5414 963 5456 ne
984 5400 1189 5456 veritas
1234 5400 1318 5455 his
1348 5401 1699 5463 ornamentis,
1732 5408 1820 5455 at-

227 5504 334 5563 que
378 5491 641 5577 oratiqnis
682 5492 961 5562 leporibus
988 5493 1178 5549 obruta
1209 5493 1444 5564 penitus,
1484 5502 1576 5547 aut
1604 5493 1819 5563 repulsa

228 5583 318 5648 sit,
344 5593 401 5640 et
447 5585 501 5639 in
539 5585 657 5649 ejus
683 5584 861 5640 locum
896 5584 1105 5641 falsitas
1134 5586 1510 5642 substituatur.
1542 5587 1700 5641 Plura
1725 5602 1818 5643 au-

230 5685 334 5730 tem
363 5676 469 5740 his,
503 5692 624 5746 qua:
649 5677 791 5732 dicta
824 5688 971 5745 sunt,
999 5689 1054 5735 et
1076 5679 1255 5736 adhuc
1288 5680 1536 5736 dicentur
1558 5680 1715 5751 plane
1738 5681 1817 5735 si-

234 5767 372 5823 milia
427 5768 746 5824 Laclantius
776 5770 1017 5838 tradidit,
1074 5773 1153 5827 uti
1201 5788 1300 5828 suo
1348 5773 1472 5831 loco
1512 5772 1816 5830 videbimus

228 5861 467 5932 (οἰκοίη.
502 5866 558 5931 5,
586 5864 642 5919 iu
669 5863 931 5935 Lactant.,
957 5884 1004 5922 ο.
1035 5865 1090 5936 9,
1124 5877 1222 5924 art.
1263 5866 1343 5939 5).

1924 4736 2031 4793 bile
2058 4737 2333 4805 videatur;
2362 4748 2573 4796 constat
2605 4751 2782 4797 tamen
2813 4740 3140 4798 christianos
3187 4742 3329 4797 nulla
3362 4759 3519 4800 exer-

1924 4848 2051 4889 cere
2079 4832 2511 4903 incantamenta,
2556 4834 2684 4890 Jesu
2715 4836 2999 4890 dumtaxat
3039 4837 3257 4892 nomine
3294 4848 3521 4894 conten-

1926 4935 2043 4992 tos,
2077 4932 2132 4981 et
2170 4925 2329 4981 dictis
2357 4927 2480 4981 aliis
2500 4967 2515 4992 ,
2564 4925 2761 4997 quibus
2807 4927 3103 4982 secundum
3131 4943 3337 4982 sacram
3369 4930 3516 4985 Scri-

1924 5028 2136 5087 pturam
2169 5020 2304 5074 fides
2335 5019 2676 5075 adhibeatur.
2711 5037 2731 5071 )
2765 5018 3033 5099 Α”ντικρυς
3061 5023 3111 5075 θέ
3138 5017 3230 5094 κᾷν
3256 5020 3377 5097 δοκῇ
3406 5025 3519 5078 ἀνέ-

1919 5114 2122 5189 λεσγκτον
2168 5109 2293 5172 εἶναι
2335 5117 2395 5171 τὸ
2434 5117 2665 5188 περὶτοῦ
2709 5111 2898 5178 Ἰησοῦ,
2944 5121 3053 5175 πῶς
3090 5120 3258 5171 ταῦτα
3283 5118 3514 5181 ἐποίησε,

1923 5209 2080 5276 σαφὲς
2106 5203 2186 5262 ὅτι
2212 5209 2512 5284 χριστιανοὶ
2561 5203 2771 5279 οὐδεμιᾷ
2812 5206 2991 5282 μελέτῃ
3018 5204 3225 5279 ἐπῳδῶν
3255 5209 3516 5283 χρώμενοι

1920 5299 2319 5374 ἐντυγχάνουσι.
2509 5355 2524 5371 ,

1997 5395 2204 5451 Deinde
2241 5410 2371 5450 vero
2421 5403 2568 5449 tanta
2610 5392 2862 5450 Christus
2910 5394 3165 5450 miracula
3218 5395 3511 5467 patrando,

1921 5491 1995 5545 ait
2030 5489 2303 5545 Arnobius
2322 5530 2336 5553 ,
2369 5488 2503 5543 nihil
2531 5488 2842 5544 hominibus
2871 5489 2973 5543 nisi
3004 5487 3134 5543 felix
3158 5497 3213 5541 et
3242 5488 3473 5546 faustum
3494 5534 3509 5555 ,

1923 5583 2051 5638 utile
2082 5596 2304 5651 prorsus
2348 5591 2404 5635 ct
2449 5582 2683 5636 salutare
2713 5581 2960 5636 contulit.
2992 5580 3192 5636 Contra
3219 5597 3348 5637 vero
3378 5582 3515 5652 Magi

1920 5676 1985 5730 iis
2010 5673 2153 5742 suis,
2205 5691 2324 5742 qum
2356 5674 2704 5746 putabantur,
2742 5674 3015 5728 miraculis
3064 5674 3196 5728 nihil
3251 5675 3355 5730 nisi
3406 5676 3541 5731 illi-i

1914 5771 2079 5825 citum
2102 5809 2116 5835 ,
2153 5768 2365 5836 infelix,
2391 5772 2610 5825 noxium
2631 5812 2645 5833 ,
2673 5768 3070 5839 perniciosum,
3098 5769 3514 5843 hominibusque

1912 5872 1967 5921 et
1994 5861 2190 5919 belluis
2217 5862 2441 5921 exitiale
2465 5862 2853 5932 praestiterunt.
2886 5861 2944 5919 Si
2974 5862 3103 5934 quid
3134 5874 3317 5922 autem
3367 5865 3512 5923 utili-
