4158 6264
587 316 692 381 dli

1786 312 2239 375 DISSERTATIO
2276 316 2556 377 PREVIA

3773 321 3878 377 ΗΞ

587 428 719 491 tatis
755 427 1067 491 viderentur
1104 426 1337 496 afferas,
1385 428 1491 486 hoc
1524 442 1637 486 non
1671 428 1872 485 accidit
1917 406 2165 498 illorum,
2198 500 2200 507 Α

2299 455 2399 497 ρους
2416 439 2691 503 τοσούτοις
2716 437 2970 502 κινδύνοις
2990 438 3208 503 ἑαυτοὺς
3234 439 3680 514 παραϐεϐληκέναι
3706 438 3876 513 (εἰσά-

590 523 689 583 sed
715 523 977 590 alierum,
1002 522 1059 581 id
1087 531 1203 590 est,
1234 523 1576 589 damnatum.
1623 539 1655 580 a
1700 538 1761 580 se
1805 524 2179 582 invocatorum

593 622 897 687 potestate:
931 614 1063 682 Quis
1090 614 1193 671 hoe
1224 615 1460 682 neseiat,
1496 635 1519 669 ι
1549 616 1775 673 Arnobii
1814 615 1978 672 verba
2025 629 2180 683 sunt,

593 726 616 769 ι
646 715 741 767 aut
767 708 1105 767 mortiferam
1131 707 1457 777 immittere,
1486 710 1683 779 quibus
1713 710 1953 777 libuerit,
1981 710 2182 778 tabem,

590 812 685 861 aut
730 801 1079 859 familiarium
1123 801 1462 872 disrumpere
1487 801 1845 869 charitates,.
2013 812 2105 859 aut
2132 804 2185 859 in

590 890 876 961 curriculis
903 908 1076 963 equos
1120 892 1434 961 debilitare,
1487 895 1755 962 incitare,
1804 895 2052 964 tardare,
2094 905 2188 952 aut

588 986 851 1049 uxoribus
874 994 927 1047 et
956 985 1144 1045 liberis
1174 986 1395 1049 alienis,
1425 986 1539 1042 sive
1567 987 1644 1043 illi
1674 1003 1854 1044 mares
1883 989 2018 1056 sint,
2070 992 2189 1046 sive

585 1080 807 1141 feminei
831 1080 1082 1150 generis,
1112 1080 1416 1137 inconcessi
1456 1082 1658 1140 amoris
1688 1081 1974 1149 ﬂammas,
2019 1093 2073 1140 et
2105 1084 2188 1139 tu.

588 1176 752 1234 riales
795 1175 1091 1235 immittere
1136 1175 1463 1246 cupiditates
1512 1194 1527 1230 :
1575 1185 1670 1231 aut
1719 1179 1763 1234 si
1813 1179 1943 1234 utile
1988 1178 2190 1250 aliquid

587 1269 878 1329 videantur
905 1269 1108 1327 audere
1129 1310 1143 1334 ,
1176 1284 1284 1325 non
1318 1270 1534 1340 propria
1566 1271 1617 1325 vi
1647 1285 1808 1341 posse
1830 1313 1845 1339 ,
1877 1273 1973 1328 sed
2001 1287 2189 1331 eorum

588 1377 727 1435 quos
753 1363 1009 1423 ἱιιιιοοιιιιι
1057 1370 1327 1432 potestate
1358 1381 1377 1415 ι
1422 1362 1676 1435 (Arnob.,
1712 1363 1802 1419 lib.
1831 1380 1886 1429 ι,
1920 1382 2041 1436 pag.
2068 1364 2188 1436 25).

661 1473 728 1528 Et
778 1471 895 1528 hac
938 1471 1156 1543 quidem
1204 1473 1402 1527 mirum
1450 1474 1697 1544 proiecto
1740 1474 1794 1530 in
1845 1475 2065 1530 modum
2108 1476 2192 1533 his

590 1566 767 1622 adhuc
788 1565 1177 1622 conﬁrmantur
1192 1565 1445 1637 Origenis
1468 1568 1733 1623 adversus
1744 1568 1962 1625 Celsum
1981 1571 2191 1628 verbis:

589 1664 665 1716 Τὰ
707 1662 799 1732 μίν
850 1667 953 1716 τῶν
1006 1661 1357 1732 ἀντιχρίστων
1378 1703 1393 1727 ,
1442 1665 1529 1717 καὶ
1585 1670 1685 1718 τῶν
1740 1667 2195 1739 προσποιουμένων

591 1751 853 1825 δυνάμεις,
883 1756 953 1815 ὦς
982 1756 1216 1827 μαθητῶν
1253 1753 1436 1821 Ἰησοῦ,
1478 1764 1689 1827 σημεῖα,
1718 1758 1806 1811 καί
1833 1760 2023 1833 τέρατα
2065 1758 2198 1834 λέγι-

590 1867 678 1903 ται
706 1840 833 1900 εἶναι
878 1843 1042 1918 {nuda
1064 1886 1078 1909 ,
1122 1846 1174 1901 ἕν
1198 1847 1343 1919 πάσῃ
1373 1848 1545 1919 ἀπάτῃ
1584 1846 1784 1910 ἀδικίαις
1833 1856 1942 1911 τοῖς
1980 1850 2199 1905 ἀπολλυ·

2282 529 2489 602 γοντας)
2519 529 2849 588 διδασκαλίαν
2894 534 3108 606 μαγείας
3151 534 3598 606 ἀπαγορεύουσαν.
3638 533 3788 600 Quod
3838 536 3883 589 si

2287 623 2558 692 patrabant
2593 626 2692 695 ipsi
2719 642 2920 697 quoque
2944 625 3208 697 prodigia,
3237 626 3491 691 quomodo
3518 625 3777 697 probabile
3807 638 3883 681 est

2285 732 2462 787 ntagos
2505 734 2559 772 se
2581 719 2877 787 exposuisse
2913 727 2985 775 tot
3028 719 3297 787 periculis,
3335 710 3422 790 qui
3473 719 3761 773 doctrinam
3800 719 3887 779 in-

2288 809 2542 867 duxerunt
2569 854 2583 875 ,
2635 813 2885 884 magicam
2935 821 3096 868 artem
3129 813 3332 883 penitus
3361 813 3713 868 detestantem.
3754 813 3886 868 Post

2288 901 2427 969 hac,
2451 903 2642 967 eodem
2665 920 2856 963 rursus
2872 907 3035 962 modo
3057 906 3298 973 Celsum,
3314 908 3502 962 eadem
3524 917 3883 978 repetentem,

2290 998 2522 1067 refellit,
2553 1009 2829 1072 totamque
2879 1016 3031 1057 suam
3083 1000 3504 1071 disputationem
3556 1002 3702 1057 hunc
3754 1016 3886 1057 con-

2290 1092 2462 1148 cludit
2499 1095 2551 1149 in
2577 1094 2794 1150 modum
2827 1113 2841 1150 :
2876 1094 3007 1163 Quis
3054 1110 3197 1149 sana
3241 1096 3424 1150 mentis
3465 1098 3697 1166 conferat
3737 1112 3887 1161 eum,

2289 1184 2565 1242 Christum
2587 1228 2601 1250 ,
2632 1203 2750 1241 cum
2779 1188 3216 1260 praestigiatorum
3256 1188 3521 1257 proposito
3539 1227 3555 1251 ,
3584 1203 3643 1242 ac
3669 1203 3771 1242 non
3795 1204 3893 1257 po-

2292 1279 2390 1334 tius
2417 1279 2588 1335 credat
2604 1282 2763 1352 juxta
2786 1284 2995 1336 oracula
3012 1280 3181 1337 Deum
3210 1297 3319 1336 esse
3346 1289 3674 1352 conspectum
3715 1282 3767 1335 in
3795 1282 3894 1336 hu-

2294 1390 2447 1429 mano
2474 1392 2715 1444 corpore,
2748 1387 2803 1430 ut
2829 1379 2883 1431 in
2926 1389 3157 1431 nostrum
3198 1393 3359 1443 genus
3402 1387 3656 1430 exerceret
3696 1376 3891 1445 beneﬁ-

2295 1471 2531 1524 centiam.
2556 1477 2664 1531 Πῶς
2689 1472 2907 1545 εὐλόγως
2943 1468 3006 1527 ἄν
3025 1492 3104 1533 τις
3138 1473 3294 1529 αὐτὸν
3321 1480 3385 1545 τῇ
3437 1472 3733 1547 προαιρέσει
3787 1479 3894 1527 τῶν

2294 1570 2489 1636 γοητῶν
2501 1564 2813 1636 παραϐάλοι,
2829 1566 2914 1618 καὶ
2929 1568 3020 1637 μή,
3039 1563 3152 1619 καί
3168 1563 3493 1636 ἐπαγγελίαν,
3524 1565 3610 1618 τὸν
3629 1565 3750 1620 Θεὸν
3765 1558 3896 1620 εἶναι

2298 1657 2562 1719 πιστεύω,
2595 1657 2645 1710 ἐν
2674 1658 2967 1733 ἀνθρωπίνῳ
2990 1658 3458 1730 pervius-apium“,
3501 1656 3582 1712 ἄπ’
3624 1659 3898 1733 εὐεργεσίᾳ

2298 1752 2392 1801 τοῦ
2420 1749 2596 1820 γένους
2622 1750 2759 1821 ἡμῖν.
2788 1746 2979 1817 (Mitt,
3012 1764 3131 1820 pag.
3161 1746 3280 1820 54.)

2373 1838 2533 1894 Plura
2574 1854 2703 1895 sane
2731 1842 2980 1911 egregia,
3026 1850 3080 1895 et
3108 1841 3253 1896 lectu
3279 1841 3437 1912 digna
3470 1840 3573 1896 hoc
3619 1842 3795 1912 ipsum
3844 1842 3897 1898 in

591 1940 761 2009 μένοις
788 1940 1072 2011 ἰσχύοντα.
1119 1940 1184 1996 τὰ
1207 1937 1263 1994 δὲ
1289 1945 1384 1995 τοῦ
1424 1946 1652 2016 Χριστοῦ
1680 1944 1768 1995 καί
1814 1949 1916 1998 τῶν
1963 1945 2198 2016 μαθητῶν

2302 1949 2679 2009 argumentum
2732 1909 2972 2009 disputat
3024 1939 3291 1997 Eusebius
3320 1909 3461 1997 :vsed
3512 1909 3653 2013 quia:
3688 1942 3899 2012 longius

590 2034 754 2089 αὐτοῦ
774 2035 971 2110 καρπὸν
993 2031 1175 2104 ἔσχεν,
1200 2035 1292 2088 οὐκ
1312 2035 1534 2099 ἀπάτην,
1558 2035 1683 2091 ἀλλὰ
1705 2039 1963 2108 σωτηρίαν
1983 2037 2056 2109 ψυ
2061 2046 2195 2111 χῶν.

590 2128 671 2188 τίς
699 2128 801 2202 γὰρ
847 2129 935 2183 τὸν
980 2131 1247 2204 κρείττονα
1295 2128 1423 2201 βίον,
1476 2132 1563 2185 καὶ
1609 2130 1953 2186 συστέλλονται
1995 2134 2063 2187 τὰ
2106 2141 2199 2197 τῆς

590 2224 775 2282 κακίας
821 2220 1073 2298 ὁσημέραι
1115 2223 1200 2277 ἐπὶ
1249 2223 1309 2279 τὸ
1360 2219 1592 2286 ἔλαττον,
1642 2223 1860 2298 εὐλόγως
1907 2226 2054 2297 φησίν
2095 2226 2197 2281 ἀπὸ

593 2314 798 2379 ἀπάτης
821 2318 1082 2390 γίνεσθαις
1115 2315 1579 2376 Antichristorum.
1613 2326 1658 2370 et
1696 2317 1768 2371 ad
1810 2317 2197 2373 similitudinem

592 2406 721 2462 Iesu
748 2408 1121 2478 discipulorum
1161 2409 1405 2464 uirtutem
1451 2426 1597 2463 suam
1638 2426 1873 2466 exercere
1904 2412 2199 2466 conantium

594 2500 846 2555 miracula
873 2502 1211 2574 prodigiaque
1239 2502 1578 2574 appellantur
1604 2503 1902 2570 mendacia,
1941 2505 2082 2558 omni
2108 2503 2197 2558 de-

501 2610 507 2616 ·
596 2596 831 2666 ceptione
858 2596 1157 2666 injustitiaa,
1190 2596 1261 2650 ad
1314 2597 1600 2666 perdendos
1655 2597 1885 2653 homines
1935 2598 2192 2668 efﬁcacia.

597 2690 973 2755 Miraculorum
999 2700 1172 2745 autem
1192 2688 1383 2747 Christi
1411 2691 1628 2761 ejusque
1653 2691 2023 2762 discipulorum
2051 2693 2195 2763 fruc-

596 2794 679 2839 tus
703 2792 850 2850 erat,
898 2800 1001 2842 non
1056 2784 1320 2851 deceptio,
1372 2786 1464 2839 sed
1513 2786 1654 2840 salus
1701 2788 2008 2841 animarum.
2069 2786 2197 2854 Quis

595 2881 730 2935 enim
757 2879 1091 2951 probabiliter
1144 2879 1331 2934 diceret
1380 2880 1787 2939 emendationem
1829 2881 1976 2945 vita,
2027 2881 2195 2949 quati.

597 2975 877 3045 dianosque
916 2990 948 3027 a
984 2974 1121 3028 uitiis
1158 2974 1228 3028 ad
1271 2974 1509 3028 uirtutem
1550 2978 1842 3046 profectus,
1892 2974 2033 3028 nasci
2057 2990 2085 3028 e
2108 2974 2198 3028 de-

597 3068 953 3139 ceptionibus?
982 3066 1171 3140 (Orig.
1192 3109 1208 3135 ,
1258 3067 1347 3123 lib.
1389 3082 1449 3131 ιι,
1493 3083 1614 3137 pag.
1643 3066 1755 3137 90).
1787 3065 2023 3136 Longius
2056 3067 2197 3121 roret

598 3169 769 3221 totum
794 3160 938 3217 hunc
964 3159 1215 3231 Origenis
1258 3159 1435 3215 locum
1480 3158 1793 3214 describere
1820 3175 1835 3213 :
1870 3158 1965 3214 sed
1995 3173 2116 3214 eum
2149 3158 2197 3213 si

598 3253 865 3324 integrum
908 3254 1091 3324 legere
1122 3252 1392 3321 volueris,
1445 3251 1694 3307 lectionis
1745 3262 1799 3308 te
1841 3250 2196 3323 proculdubio

601 3358 708 3400 non
732 3343 957 3414 pigebit.

673 3458 861 3515 Tertio
910 3458 1158 3514 Christus
1216 3468 1295 3514 tot
1349 3457 1645 3521 miracula,
1700 3458 1877 3539 pergit
1927 3456 2197 3513 Arnobius

600 3554 849 3632 (Arnob.,_
894 3554 982 3609 lib.
1011 3570 1051 3621 ι,
1080 3569 1202 3627 pag.
1233 3550 1352 3625 27),
1387 3567 1493 3608 non
1543 3567 1680 3608 vana
1726 3551 1910 3624 utique
1961 3561 2198 3607 ostenta-

602 3649 751 3703 tione
777 3647 948 3703 edidit
968 3689 984 3715 ,
1013 3646 1108 3702 sed
1131 3655 1187 3700 ut
1206 3660 1430 3717 operum
1456 3644 1786 3716 benignitate
1812 3642 2005 3711 duros,
2039 3654 2198 3715 atque

602 3739 912 3795 incredulos
945 3738 1194 3795 homines
1242 3736 1309 3793 ad
1355 3753 1535 3793 veram
1589 3737 1681 3792 Dei
1734 3736 2093 3807 cognitionem
2147 3745 2202 3792 et

601 3831 801 3888 cultum
832 3831 1164 3888 adduceret:
1196 3831 1336 3903 magi
1366 3846 1528 3897 vero,
1574 3840 1633 3884 ut
1662 3829 1731 3883 ab
1767 3829 1867 3884 hac
1893 3830 2203 3900 cognitione

601 3937 656 3983 et
684 3927 831 3983 cultu
858 3941 1117 3991 aversos,
1149 3925 1216 3981 ad
1244 3924 1506 3981 nefariam
1540 3922 1797 3980 falsorum
1844 3924 2069 3979 deorum
2110 3916 2225 3978 ve?

602 4020 943 4075 nerationem
971 4017 1293 4073 inducerent
1313 4059 1327 4081 ,
1362 4027 1454 4071 aut
1484 4016 1737 4071 inductos
1767 4023 2027 4087 cogerent
2056 4015 2107 4070 in
2138 4031 2201 4070 ea

602 4126 820 4183 semper
845 4125 1217 4181 perseverare.
1256 4109 1495 4180 Denique
1525 4109 1944 4171 tantum’abest,
1973 4118 2029 4162 ut
2050 4105 2204 4163 Chri—

603 4216 717 4263 stus
764 4204 967 4267 aliquid
1019 4205 1126 4259 ulla
1172 4212 1289 4258 arte
1337 4203 1544 4273 magica
1597 4200 1784 4257 fecerit
1813 4200 2041 4271 (Ibid.);
2074 4200 2202 4270 quin

603 4298 786 4369 potius
806 4297 953 4352 illam
978 4311 1195 4353 omnem
1219 4297 1300 4351 sic
1322 4294 1765 4351 condentnavcrit
1786 4335 1800 4358 ,
1829 4301 1886 4347 ut
1913 4292 2200 4358 Arnobius,

610 4390 768 4446 sicuti
791 4392 901 4459 jam
930 4390 1167 4445 vidimus
1189 4431 1203 4455 ,
1254 4390 1396 4444 inter
1425 4388 1684 4443 miracula
1730 4387 1846 4456 ejus
1868 4392 2163 4457 icompntet
2186 4428 2201 4453 ,

606 4483 882 4553 antiquata
930 4481 999 4537 ab
1041 4482 1133 4536 illo
1159 4491 1350 4537 cuncta
1381 4481 1689 4536 daemonum
1711 4521 1725 4547 ,
1759 4488 1963 4545 vatum,
2012 4480 2203 4534 harus-

610 4576 813 4648 picum,
843 4585 899 4630 et
928 4589 1205 4646 magorum
1238 4573 1487 4628 artificia.
2196 4588 2201 4593 ο

676 4688 861 4760 Neque
886 4689 1119 4745 absimili
1171 4689 1331 4763 plane
1376 4687 1538 4742 modo
1586 4687 1837 4760 Origines
1878 4688 2037 4743 Celso
2088 4702 2204 4745 res-
2230 4713 2286 4775 Β

604 4779 850 4853 pendet:
892 4779 1016 4855 ’Βγώ
1064 4779 1117 4836 δέ
1164 4783 1255 4835 οὐκ
1300 4775 1393 4836 οἶδ’
1421 4776 1560 4843 ὅπως
1604 4775 1662 4835 ἂν
1708 4782 1871 4857 μάγος
1919 4784 2206 4857 ἠγωνίσατο

606 4873 803 4940 διδάξαι
854 4875 1000 4949 λόγον
1052 4877 1289 4930 πείθοντα
1344 4872 1589 4946 (πάντα)
1642 4875 1910 4948 πράττειν,
1966 4877 2036 4938 ὡς
2079 4880 2208 4930 Θεοῦ

606 4973 862 5042 κρίνοντος
888 4970 1107 5031 ἕκαστον
1136 4970 1221 5024 ἐπὶ
1248 4973 1379 5025 πᾶσι
1408 4976 1516 5032 τοῖς
1536 4971 1932 5044 πεπραγμένοις.
1959 4974 2048 5026 καὶ
2073 4969 2209 5027 οὕτω

607 5061 888 5118 διατιθέντα
928 5064 1050 5123 τοὺς
1079 5050 1554 5135 ἑαυτοῦ-μαθητὰς.
1585 5058 1656 5123 οἷς
1686 5062 1862 5133 ἤμελλε
1910 5068 2214 5141 χρήσασθαι

609 5155 858 5217 διακόνοις
894 5164 987 5219 τῆς
1031 5156 1220 5211 ἑαυτοῦ
1257 5153 1612 5217 διδασκαλίας.
1641 5155 1754 5227 Ego
1780 5171 1895 5209 vero
1923 5173 2025 5213 non
2054 5158 2208 5212 intel-

610 5248 713 5319 ligo
746 5246 1001 5317 quomodo
1045 5263 1225 5317 magus
1258 5247 1499 5316 potuisset
1548 5247 1672 5301 dare
1714 5264 1950 5319 cperant,
1999 5257 2053 5307 ut
2094 5266 2208 5319 per-

610 5342 847 5399 suaderet
890 5356 1300 5412 unumquemque
1343 5340 1419 5393 ita
1460 5357 1581 5403 suas
1628 5342 1855 5395 actiones
1918 5341 2204 5408 moderari,

612 5451 672 5488 ac
699 5436 744 5490 si
771 5434 1066 5489 redditurus
1093 5444 1220 5488 esset
1262 5433 1513 5486 rationem
1540 5432 1650 5487 Deo
1692 5434 1887 5501 iudici;
1941 5443 2089 5507 atque
2134 5435 2207 5491 ita

613 5528 898 5599 discipulos
927 5543 1048 5582 suos
1072 5526 1372 5591 instituere,
1403 5525 1585 5597 quibus
1616 5535 1726 5581 erat
1752 5544 1938 5582 usurus
1967 5528 2213 5584 ministris

614 5635 721 5675 sua:
758 5620 1006 5673 doctrinae
1050 5617 1070 5691 (
1097 5617 1244 5690 Orig.
1269 5660 1285 5686 ,
1316 5617 1405 5671 lib.
1454 5633 1491 5683 ι,
1537 5627 1701 5674 contr.
1729 5615 1864 5674 Cels.
1889 5662 1904 5685 ,
1944 5638 2063 5690 pug.
2096 5620 2209 5692 50).

614 5712 750 5768 Τιιηι
803 5720 1081 5780 postquam
1126 5726 1255 5767 vera
1320 5709 1577 5766 miracula
1646 5710 1714 5765 ab
1770 5709 1886 5779 ejus
1939 5711 2215 5786 discipulis

618 5804 855 5858 factitata
881 5801 1043 5857 fuisse
1095 5804 1378 5873 probavit,
1443 5802 1560 5859 haec
1610 5802 1867 5858 continuo
1910 5802 2142 5874 subjecit
2185 5821 2200 5860 :

623 5897 682 5952 El
707 5894 760 5950 δὲ
789 5894 1029 5964 δυνάμεις
1059 5897 1287 5965 ἐτέλουν,
1335 5899 1450 5953 τίνα
1491 5895 1608 5968 ἔχει
1648 5896 1961 5955 πιθανότητα
2004 5899 2063 5953 τὸ
2115 5900 2211 5970 μά-

2303 2040 2448 2085 esset
2479 2045 2542 2085 ea
2571 2031 2658 2085 hic
2687 2031 2998 2087 describere
3016 2076 3029 2100 ,
3065 2033 3132 2087 ad
3158 2034 3275 2103 ejus
3302 2044 3355 2089 te
3383 2035 3649 2089 mittimus
3675 2034 3896 2102 librum,

2301 2138 2462 2192 quem
2489 2123 2705 2193 quidem
2735 2124 2782 2179 si
2812 2124 2963 2180 adire
2995 2136 3050 2178 et
3081 2126 3426 2197 pervolutare
3460 2136 3511 2182 te
3537 2141 3645 2183 non
3676 2126 3894 2196 tmdeat,

2301 2215 2502 2286 legisse
2527 2215 2747 2272 minime
2779 2218 3063 2287 pmnitebit
3094 2216 3344 2291 (Euseb.,
3379 2219 3470 2275 ιιι.
3506 2236 3594 2287 ιιι,
3632 2219 3895 2277 Demonst.

2303 2308 2503 2381 Evang.
2528 2352 2543 2378 ,
2572 2327 2687 2382 cap.
2718 2311 2751 2380 5
2782 2322 2828 2367 et
2855 2311 2918 2379 6;
2964 2329 3084 2384 pag.
3117 2313 3242 2381 105,
3284 2323 3332 2368 et
3366 2331 3505 2386 seq.,
3539 2324 3586 2370 et
3615 2331 3734 2385 pag.
3768 2314 3896 2382 109,

2302 2412 2348 2458 et
2373 2419 2509 2474 seqq.
2534 2403 2576 2475 ).

2829 2581 3229 2624 ARTIGULUB
3265 2583 3369 2623 ιιι.

2301 2724 2456 2785 Quam
2479 2724 2689 2778 absurde
2710 2725 2907 2777 Ethnici
2944 2726 3223 2789 objicerent
3247 2724 3422 2777 eadem
3448 2734 3529 2777 aut
3544 2727 3721 2779 similia
3740 2741 3770 2779 a
3801 2727 3902 2779 diis

2510 2790 2614 2838 suis
2629 2824 2644 2848 ,
2672 2796 2820 2852 atque
2844 2803 2873 2839 a
2896 2788 3084 2840 ChriSto
3108 2789 3231 2839 facta
3257 2788 3406 2840 fuisse
3431 2790 3678 2840 miracula.

2373 2960 2983 3018 Pertinacioresetlinici
3003 2961 3071 3017 ad
3098 2972 3348 3019 extrema
3388 2964 3627 3033 redacti,
3669 2979 3769 3021 nec
3797 2980 3897 3024 ce-

2300 3054 2430 3111 dere
2460 3072 2710 3127 umquam
2738 3058 2981 3113 volentes
3005 3100 3019 3124 ,
3055 3060 3328 3116 instabant
3355 3059 3545 3116 eadem
3570 3077 3599 3116 a
3625 3062 3730 3118 diis
3750 3065 3862 3119 suis
3883 3106 3900 3127 .

2299 3162 2419 3217 qua:
2462 3163 2493 3201 a
2533 3148 2750 3203 Christo
2797 3148 2944 3205 edita
2994 3152 3279 3207 miracula.
3314 3151 3487 3208 Unum
3536 3155 3680 3209 enim
3726 3171 3792 3211 ex
3821 3158 3903 3214 eis

2300 3239 2662 3311 diSputantetn
2676 3241 2950 3301 Arnobitts
2980 3243 3060 3299 sic
3089 3243 3301 3300 inducit
3331 3263 3344 3297 :
3385 3263 3404 3297 ι
3436 3246 3657 3302 Frustra
3688 3257 3901 3304 tantum

2223 3309 2267 3373 Ο
2298 3333 2526 3405 adrogas
2554 3333 2787 3401 Christo,
2823 3350 2945 3390 cum
2974 3351 3121 3406 saepe
3149 3338 3285 3394 alios
3317 3339 3550 3394 sciamus
3576 3340 3707 3395 deos
3737 3352 3791 3396 et
3820 3343 3904 3397 la-

2298 3428 2611 3485 borantibus
2639 3430 2881 3501 plurimis
2907 3430 3123 3487 dedisse
3146 3432 3471 3497 medicinas,
3503 3444 3559 3490 et
3600 3438 3896 3493 multorum

2301 3524 2552 3591 morbos,
2595 3524 3037 3596 valetudinesque
3082 3540 3325 3581 curasse.
3365 3546 3384 3579 ι
3420 3528 3682 3598 (Αηιοὺη
3731 3530 3816 3584 lib.
3854 3548 3897 3599 ι,

2303 3631 2424 3686 pag.
2447 3614 2562 3689 28).
2596 3615 2802 3672 Nullius
2847 3617 3025 3688 itaque
3048 3661 3061 3685 ,
3111 3618 3453 3689 inquiebant,
3485 3621 3613 3676 illud
3645 3622 3903 3678 christia-

2303 3726 2494 3766 norum
2518 3723 2890 3782 argumentum
2917 3726 2999 3769 est
3039 3717 3322 3786 ponderis,
3354 3729 3446 3774 aut
3473 3722 3519 3775 si
3550 3721 3676 3792 quid
3706 3722 3902 3776 virium

2304 3804 2532 3868 habeat.
2581 3820 2647 3860 eo
2676 3820 2892 3877 quoque
2928 3822 3113 3863 veram
3161 3825 3283 3865 esse
3311 3823 3550 3867 nostram
3580 3814 3904 3885 religionem

2304 3897 2644 3953 conﬁciatur.
2678 3899 2757 3953 Dii
2788 3900 2933 3955 enim
2965 3904 3134 3957 nostri
3166 3918 3274 3957 non
3306 3903 3512 3958 minora
3543 3920 3704 3975 quam
3740 3904 3903 3963 Chri-

2305 4001 2422 4048 stus
2453 3993 2708 4049 miracula
2739 3994 3045 4051 ediderunt.

2381 4085 2487 4143 Sed
2501 4086 2619 4142 hinc
2641 4086 2997 4145 Ethnicorum
3017 4088 3369 4160 reprehensio
3379 4092 3449 4148 ab
3464 4090 3704 4149 Arnobio
3716 4104 3907 4151 nostro

2307 4178 2563 4237 facillime
2606 4183 2868 4238 evertitur
2897 4181 3112 4255 (Infra,
3142 4200 3258 4255 cap.
3287 4185 3376 4251 18;
3404 4195 3507 4241 art.
3535 4202 3573 4255 ι,
3618 4198 3667 4241 et
3709 4190 3904 4261 seqq.).

2309 4272 2443 4330 Esto
2471 4274 2636 4337 enim,
2669 4274 2845 4345 inquit
2870 4275 2996 4338 ille,
3021 4276 3164 4345 quod
3196 4285 3384 4346 postea
3410 4290 3589 4335 utrum
3613 4296 3799 4336 verum
3835 4284 3911 4338 sit

2308 4365 2725 4428 examinabitur.
2750 4366 2995 4437 quadam
3029 4366 3103 4423 dii
3130 4369 3389 4424 miracula
3422 4370 3691 4427 fecerint:
3719 4388 3909 4432 nonne

2308 4467 2458 4513 certo
2478 4458 2679 4514 certius
2694 4468 2779 4516 est
2796 4460 3002 4516 nullum
3034 4462 3103 4517 ab
3131 4463 3240 4517 ullo
3266 4463 3547 4534 gentilium
3567 4467 3692 4533 deo,
3712 4483 3906 4539 quem-

2309 4552 2599 4610 admodum
2623 4569 2653 4609 a
2673 4552 2890 4611 Christo
2917 4555 3158 4623 domino,
3190 4558 3308 4613 sine
3358 4559 3466 4615 ullo
3517 4560 3902 4633 medicamine,

2310 4656 2401 4702 aut
2424 4647 2528 4702 ulla
2547 4688 2564 4715 ,
2597 4647 2675 4703 uti
2700 4663 2863 4718 supra
2890 4648 3147 4715 diximus,
3171 4661 3397 4708 externa
3420 4651 3524 4707 alia
3552 4668 3613 4708 re
3636 4653 3903 4724 adhibita,

2310 4741 2407 4797 sed
2430 4741 2547 4798 solo
2569 4741 2712 4801 illius
2740 4744 2994 4812 nomine,
3043 4754 3136 4800 aut
3179 4746 3455 4802 levissimo
3509 4757 3654 4804 tactu
3703 4749 3906 4807 editum

2312 4837 2478 4893 fuisse
2507 4837 2825 4894 miraculum
2849 4838 2873 4892 i

2386 4944 2653 4999 Praeterea
2705 4943 2917 4997 etiamsi
2964 4941 3240 4998 hominem
3297 4943 3529 5015 aliquem
3582 4944 3905 5017 quibusdam

2316 5039 2573 5097 remediis
2602 5048 2693 5095 aut
2714 5038 2956 5094 externis
2982 5039 3144 5094 rebus
3182 5037 3250 5092 ab
3278 5038 3457 5109 aliquo
3483 5039 3761 5111 gentilium
3802 5042 3909 5099 deo

2318 5143 2564 5192 sanatum
2590 5148 2712 5190 esse
2737 5133 3051 5205 probaveris
3071 5176 3084 5197 ,
3119 5140 3288 5205 quot,
3323 5133 3463 5188 Deus
3490 5135 3661 5190 bone!
3692 5137 3905 5194 ostendi

2312 5242 2545 5308 possunt
2586 5233 2754 5288 millia
2804 5231 3111 5291 hominum.
3160 5231 3250 5302 qui
3297 5239 3578 5302 postquam
3609 5230 3662 5286 in
3689 5233 3907 5304 templis

2310 5329 2679 5399 Esculapium
2710 5326 2956 5397 aliosque
2981 5325 3113 5381 deos
3142 5325 3341 5396 sarpius
3370 5327 3617 5397 repetitis
3641 5370 3656 5394 ,
3684 5343 3749 5383 ac
3778 5343 3908 5384 con-

2311 5426 2474 5481 tinuis
2501 5424 2744 5496 precibus
2770 5422 3118 5486 invocarunt;
3149 5418 3350 5475 nullum
3378 5430 3555 5477 tamen
3588 5421 3778 5478 morbo
3799 5439 3902 5479 suo

2268 5519 2569 5587 \invenere
2611 5515 2942 5580 remedium,
2988 5512 3084 5569 sed
3127 5522 3218 5567 aut
3267 5512 3417 5583 pejus
3461 5529 3521 5570 se
3566 5515 3902 5583 habuerunt,

2312 5623 2405 5668 aut
2432 5612 2629 5668 mortui
2661 5620 2822 5674 sunt,
2870 5622 2968 5664 nec
2999 5621 3249 5677 umquam
3279 5605 3425 5661 ullus
3452 5622 3519 5662 ex
3576 5607 3694 5663 istis
3745 5608 3907 5664 ullius

2315 5709 2402 5764 dei
2429 5722 2590 5779 opera
2637 5721 2666 5760 a
2717 5712 2891 5761 morte
2920 5701 2986 5758 ad
3009 5702 3171 5757 vitam
3202 5711 3487 5757 revocatus
3512 5710 3596 5757 est
3622 5700 3642 5775 (
3666 5701 3858 5757 Arnob.
3886 5744 3903 5769 ,

2316 5803 2404 5858 lib.
2430 5818 2464 5866 ι,
2500 5818 2618 5873 pag.
2649 5796 2805 5873 29.)?
3264 5868 3276 5880 .

2322 5970 2333 5976 _
2392 5894 2561 5951 Simili
2587 5892 2748 5949 etiam
2776 5892 2936 5949 modo
2960 5890 3192 5963 Cyrillus
3217 5888 3648 5959 Alexandrinus,
3693 5889 3909 5949 Juliano
