4158 6264
235 388 355 444 413

1504 384 1573 443 IN
1610 381 1985 450 ARNOBlUI,
2025 382 2179 443 CAP.

3438 380 3543 437 ιη

237 500 563 571 imperatori
606 498 923 572 respondet.
951 498 1257 572 Objiciebat
1279 499 1427 559 enim
1451 500 1837 559 celeberrimus
1864 503 1917 567 Α
1941 514 2134 555 verum
2169 500 2361 567 Deum,
2388 506 2444 556 et
2494 498 2774 571 religionis
2830 512 2945 559 suae
2974 498 3263 559 veritatem
3300 497 3544 557 invictis-

230 593 335 649 ille
349 592 616 664 Apostata
635 592 771 648 nihil
793 591 1069 650 Christum
1087 602 1385 650 memoratu
1406 593 1624 665 dignum
1646 594 1841 665 egisse;

238 686 352 741 nisi
380 685 435 741 in
464 685 770 745 Betbsaidm
794 687 955 758 pagis
974 701 1150 743 czecos
1168 728 1184 752 ,
1219 685 1545 758 dandosque
1576 700 1803 742 curasse
1823 728 1839 754 ,

229 786 294 837 et
318 777 605 849 adjurasse
648 778 918 834 daemonio
945 788 1227 849 correptos
1248 820 1261 842 .
1295 793 1394 848 pro
1437 793 1633 850 magno
1658 778 1842 849 aliquo

231 872 486 930 facinore
522 873 804 928 habeatur.
833 871 1072 943 Cyrillus
1101 888 1231 935 vero
1259 872 1397 928 hanc
1435 872 1691 928 insulsam
1745 887 1837 927 ca-

231 966 576 1022 villationem
622 965 700 1020 sic
745 964 966 1020 refellit.
998 964 1171 1035 Negat
1198 964 1374 1035 primo
1400 973 1508 1017 tam
1538 978 1705 1033 pauca
1735 962 1837 1017 mi-

229 1061 424 1119 racula
457 1060 596 1115 facta
625 1058 793 1115 fuisse
822 1074 853 1113 a
878 1057 1101 1114 Chrisro
1121 1100 1135 1123 ,
1169 1066 1332 1128 atque
1364 1057 1534 1112 multo
1563 1058 1713 1126 plura
1739 1096 1754 1122 ,
1784 1065 1839 1112 et

226 1155 601 1213 admiratione
622 1154 781 1224 longe
810 1152 1061 1224 digniora
1084 1151 1229 1206 edita
1256 1150 1613 1213 demonstrat.
1644 1149 1838 1205 Poeta—

227 1265 363 1305 rum
417 1248 615 1304 deiude
666 1246 925 1317 principis
984 1244 1294 1302 testimonio
1340 1246 1499 1316 plane
1567 1242 1839 1299 convincit

227 1343 450 1399 nullum
490 1356 740 1413 umquam
772 1352 1045 1397 mortuum
1074 1339 1347 1394 hominem
1366 1382 1381 1405 ,
1414 1354 1591 1409 neque
1617 1353 1645 1392 a
1670 1338 1833 1405 Jove,

228 1451 421 1506 neque
452 1435 521 1491 ab
541 1435 648 1489 ullo
675 1435 784 1488 alio
814 1432 1171 1488 Ethnicorum
1210 1431 1315 1487 deo
1342 1431 1408 1486 ad
1461 1432 1622 1486 vitam
1672 1431 1836 1486 fuisse

229 1529 585 1585 excitatum:
613 1526 816 1599 (Cyria.
873 1525 1153 1591 Maroni,
1188 1524 1278 1580 lib.
1335 1540 1411 1589 Vt,
1462 1534 1629 1580 contr.
1675 1523 1833 1589 Juli.,

225 1640 366 1694 pag.
404 1620 523 1685 193,
546 1629 593 1676 et
616 1620 779 1695 seqq.)
800 1625 973 1678 Καίτοι
995 1622 1082 1678 τὸν
1106 1622 1216 1685 σὸν,
1306 1616 1478 1684 οὗτος,
1503 1619 1701 1676 ὕπατον
1722 1624 1832 1686 Δία,

224 1718 327 1772 καὶ
358 1718 450 1775 σὺν
632 1714 687 1771 δὲ
711 1718 833 1777 τοὺς
862 1712 1064 1780 ἄλλους,
1093 1712 1183 1776 οὓς
1198 1710 1260 1773 δὴ
1285 1716 1373 1769 καὶ
1398 1716 1538 1774 θεοὺς
1565 1707 1691 1769 εἶναι
1719 1722 1832 1783 φῆς,

227 1809 624 1872 ἀδυνατοῦντας
645 1812 928 1884 εὑρήσομεν
956 1817 1057 1865 τῶν
1094 1813 1189 1864 τοῦ
1234 1809 1450 1863 θανάτου
1478 1807 1691 1883 βρόχων
1715 1809 1835 1866 τοὺς

1947 592 2084 648 sime
2109 591 2501 663 comprobavit.
2592 606 2603 621 ·

2017 684 2088 741 Et
2119 693 2266 739 certe
2307 699 2483 757 neque
2528 683 2741 757 Jupiter
2790 683 2884 741 ulli
2941 699 3199 756 umquam
3229 683 3541 743 mortalium

1944 791 2040 832 seu
2087 775 2351 844 Curioni,
2406 791 2500 832 seu
2556 776 2797 847 pontifici
2851 776 3112 840 maximo,
3166 791 3262 833 seu
3310 776 3544 834 Flamini

1944 866 2081 923 Diali
2106 884 2121 933 ;
2154 883 2329 939 neque
2359 867 2496 923 ullus
2518 884 2728 940 magus,
2763 868 2877 923 sive
2903 869 3215 935 Armenius,
3248 868 3361 923 sive
3386 870 3544 925 Pam-

1951 961 2153 1032 philus,
2190 962 2305 1017 sive
2344 960 2665 1017 Zoroastres
2705 970 2872 1029 tanta,
2907 973 2965 1016 ut
2991 959 3237 1018 Christus
3262 960 3542 1033 discipulis

1949 1054 2062 1109 suis
2109 1053 2367 1108 miracula
2413 1052 2685 1123 patrandi,
2722 1053 2887 1107 immo
2932 1068 3033 1108 nec
3075 1053 3355 1109 minimum
3398 1068 3542 1108 mor-

1940 1143 2065 1199 bum
2117 1144 2476 1219 depellendi,
2541 1145 2851 1201 facultatem
2905 1161 3160 1231 umquam
3206 1144 3428 1220 largitus
3458 1151 3545 1203 est

1942 1235 2157 1312 (Ibid).
2468 1242 2475 1251 κ

2548 1367 2854 1415 Αιιτιοωιυε
2890 1370 2966 1411 ιν.

1941 1484 2193 1552 Quomodo
2212 1498 2279 1536 ex
2314 1493 2429 1552 tota,
2446 1487 2539 1538 hac
2560 1488 2893 1552 disputatione
2918 1491 3418 1543 evertanturinsulsaa
3448 1493 3543 1544 So-

2003 1550 2269 1621 cianorom,
2298 1559 2349 1621 et
2366 1551 2623 1601 atheorum
2640 1550 2882 1621 adversus
2900 1552 3102 1613 Christi,
3122 1560 3175 1609 et
3190 1554 3543 1621 discipulorum

2002 1611 2110 1673 ejus
2133 1612 2362 1661 miracula
2389 1615 2867 1676 argumentationes.

2026 1717 2229 1789 Quibus
2253 1721 2587 1791 argumentis
2614 1720 2884 1779 adsertam
2929 1723 2998 1778 ab
3027 1723 3270 1781 Arnobio
3312 1724 3544 1781 vidimus

1948 1810 2333 1868 miraculorum
2375 1828 2402 1865 a
2448 1812 2664 1871 Chrism
2692 1814 2916 1885 ejusque
2943 1814 3225 1885 discipulis
3271 1815 3539 1873 editorum

224 1904 456 1966 ἁλόντας
478 1904 737 1982 ἁρπάσαι,
759 1906 845 1960 καὶ
868 1904 1004 1976 πρὸς
1028 1924 1083 1981 ’χε
1111 1908 1267 1960 τοῦτο
1287 1904 1422 1977 ἡμᾶς
1451 1900 1665 1976 ἐμπιδοῖ
1681 1901 1830 1975 λέγων

1941 1904 2249 1971 veritatem,
2279 1904 2467 1965 iisdem
2492 1916 2641 1961 certe
2672 1909 3037 1963 recentiorum
3066 1909 3423 1979 quorumdam
3455 1925 3542 1965 so-

226 1995 255 2053 ὁ
280 2003 510 2057 ποιητῶν
539 1996 787 2074 ἆριστῶν.

395 2118 488 2168 nr
507 2123 593 2177 im
616 2128 771 2168 δάν-ιον
794 2126 858 2178 μιν
880 2127 1035 2177 ὁμοίην,
1056 2122 1144 2166 ὡδὶ
1165 2126 1334 2178 οωίιιρ,

393 2192 469 2232 Καὶ
603 2188 708 2243 ἀνδρὶ
732 2187 906 2229 Silvane».
929 2190 1145 2240 ἀλάλιιμιν,
1167 2189 1305 2228 ὁππότε,
1328 2202 1384 2228 xcv
1409 2184 1455 2236 δή

391 2255 504 2304 καθ’
523 2252 615 2302 ὀλοή
636 2253 809 2303 “Idl-nat
830 2252 1040 2304 τανυλὲτιος
1064 2252 1245 2291 θανάτοιο.

230 2349 564 2418 Quamquam
610 2358 754 2400 tuum
798 2345 948 2401 illum
1000 2362 1292 2415 supremum
1341 2343 1561 2412 Jovem,
1606 2344 1835 2416 aliosque

228 2458 355 2495 cum
382 2443 495 2511 ipso
512 2482 530 2509 ,
557 2456 685 2512 quos
713 2450 767 2494 tu
809 2439 930 2494 deos
949 2455 1056 2493 esse
1080 2438 1343 2492 contendis
1361 2479 1377 2505 ,
1421 2437 1731 2507 inﬁrmiores
1748 2437 1832 2489 in-

224 2535 530 2600 veniemus,
570 2550 724 2605 quam
754 2542 812 2587 ut
856 2533 1036 2587 mortis
1080 2532 1275 2603 laqueis
1321 2532 1595 2602 implicitos
1640 2532 1836 2599 eripere

226 2637 463 2699 queant,
492 2644 591 2701 qua
632 2628 687 2682 in
732 2643 790 2682 re
836 2643 929 2681 nos
967 2626 1240 2695 conﬁrmat
1287 2635 1551 2697 poetarum
1598 2625 1833 2695 princeps

227 2723 325 2777 his
352 2721 509 2776 verbis
530 2738 550 2776 :

332 2832 520 2885 Verum
544 2836 799 2885 enimvero
822 2840 1031 2885 mortem
1054 2833 1281 2884 omnibus
1304 2845 1834 2944 communeumpeque

1648 2911 1679 2944 ll
1706 2909 1797 2944 IDSI
1817 2933 1829 2944 .

327 2961 490 3013 Etiam
529 2961 595 3011 ab
629 2967 789 3013 amato
813 2961 919 3011 viro
954 2965 1160 3024 possunt
1191 2972 1402 3020 arcere,
1428 2895 1835 3024 (ιυωὲἓὲἆὲ

328 3086 507 3137 Fatum
530 3088 864 3151 perniciosum
886 3085 1184 3151 corripuerit
1205 3097 1396 3148 asperae
1419 3086 1594 3136 mortis
1603 3022 1834 3134 .[mndem

228 3192 344 3249 Sed
394 3193 515 3248 hazc
564 3192 738 3248 fusius
786 3192 1133 3263 prosequitur
1160 3192 1440 3263 Origenes,
1476 3208 1633 3262 quem
1683 3192 1833 3248 adire

1938 1992 2304 2061 cinianorum,
2338 2008 2393 2053 et
2432 1999 2681 2064 aliorum,
2704 1998 2796 2071 qui
2818 1999 3301 2057 cbristianiaudire
3331 2003 3538 2070 volunt,

1937 2089 2248 2160 opiniones,
2274 2091 2389 2147 sive
2442 2093 2619 2162 potius
2652 2093 2970 2162 opinionum
3001 2102 3250 2164 portenta
3294 2095 3539 2155 funditus

1937 2192 2275 2238 evertuntur.
2307 2183 2439 2239 Nam
2474 2184 2529 2240 hi
2575 2185 2821 2263 ipsismet
2848 2187 3075 2245 ethnicis
3096 2186 3398 2245 deteriores
3426 2205 3537 2247 uno

1943 2275 2243 2353 eodemque
2293 2279 2487 2334 calami
2521 2279 2688 2335 ductu
2732 2281 2912 2337 omnia
2953 2281 3069 2336 sive
3110 2297 3141 2337 a
3171 2281 3388 2343 Christo
3441 2283 3539 2343 do—

1940 2365 2106 2432 mino,
2140 2367 2253 2422 sive
2274 2383 2303 2420 a
2341 2369 2582 2438 quolibet
2627 2370 2734 2424 alio
2762 2370 2903 2425 edita
2946 2372 3198 2427 miracula
3226 2373 3539 2434 convellere

1938 2459 2207 2527 nituntur,
2241 2460 2368 2514 dum
2398 2461 2592 2515 nullaa
2634 2462 2746 2516 Deo
2776 2462 2995 2531 quidem
3048 2464 3165 2536 ipso
3210 2464 3327 2520 fieri
3369 2480 3534 2538 posse

1937 2551 2404 2623 impudentissime
2444 2554 2753 2612 adfirmant.
2809 2556 3025 2612 Naturae
3073 2558 3345 2629 siquidem
3389 2560 3537 2631 leges

1936 2647 2011 2701 uti
2066 2648 2141 2703 illi
2184 2648 2458 2719 garriunt,
2508 2649 2759 2722 illiusque
2803 2650 2959 2721 ordo,
2991 2667 3110 2725 qute
3141 2652 3371 2724 ipsamet
3409 2662 3538 2713 sunt

1936 2740 2035 2796 Dei
2087 2740 2328 2807 decreta,
2359 2754 2639 2814 nequeunt
2683 2742 2795 2797 ullo
2835 2760 3086 2817 umquam
3124 2744 3285 2804 modo
3317 2755 3533 2817 pertur-

1934 2834 2073 2889 bari.
2113 2835 2477 2904 Quamobrem
2527 2838 2709 2892 omnia
2761 2838 2858 2893 Dei
2905 2837 3124 2895 decreta
3164 2856 3270 2896 non
3331 2842 3537 2911 minus,

1939 2943 2101 2999 quam
2142 2929 2230 2984 ille
2280 2930 2394 3001 ipse
2424 2930 2588 2999 Deus,
2623 2930 2979 2989 immntabilia
3005 2948 3127 2989 esse
3172 2933 3527 2991 concludunt.

1936 3019 2211 3077 Miraculis
2236 3038 2388 3094 ergo,
2433 3024 2701 3094 inquiunt,
2727 3034 2819 3080 aut
2863 3025 2984 3081 aliis
3016 3026 3295 3100 prodigiis,
3324 3029 3369 3085 si
3411 3045 3532 3100 qum

1940 3114 2228 3189 aliquando
2258 3114 2372 3171 ﬁeri
2413 3116 2739 3187 potuissent,
2789 3116 2968 3172 divina
3013 3128 3225 3185 natura,
3258 3120 3531 3192 multoque

1940 3208 2111 3279 magis
2141 3207 2451 3282 Christianae
2481 3209 2758 3281 religionis
2787 3211 2989 3267 veritas
3039 3213 3334 3269 destruitur
3354 3214 3532 3291 potius

230 3286 460 3343 cuilibet
507 3286 646 3343 facie
688 3297 772 3342 est
805 3286 1000 3361 (0rig.,
1032 3285 1069 3340 ι.
1104 3302 1142 3355 ι,
1186 3296 1347 3342 contr.
1392 3285 1553 3353 Cels.,
1586 3305 1637 3359 p.
1669 3287 1759 3353 94,
1784 3295 1830 3343 et

1936 3312 2093 3369 quam
2121 3298 2393 3354 adseritur
2420 3312 2473 3355 et
2503 3301 2792 3356 stabilitur.

228 3397 372 3451 seqq.
400 3397 421 3445 ;
451 3379 670 3447 Arnob.,
702 3380 739 3433 ι.
769 3396 807 3446 ι,
841 3397 895 3449 p.
921 3378 1039 3451 29).

229 3454 492 3543 “Neque
517 3473 622 3528 sibi
655 3487 816 3543 porro
845 3473 1120 3529 Arnobius
1165 3474 1366 3544 opponi
1407 3473 1535 3528 sinit
1562 3472 1695 3528 deos
1723 3489 1828 3530 non

230 3567 391 3622 malis
424 3564 759 3631 hominibus,
792 3565 886 3620 sed
939 3565 1094 3621 bonis
1136 3566 1325 3621 tulisse
1370 3565 1648 3621 auxilium.
1696 3565 1826 3620 Nam

229 3657 504 3725 Christus,
552 3660 645 3730 qui
694 3660 922 3715 mortuis
965 3661 1130 3715 vitam
1170 3660 1440 3726 reddidit,
1492 3661 1745 3716 omnibus
1774 3669 1828 3718 et

228 3754 402 3809 bonis
427 3762 478 3808 et
505 3753 684 3820 malis,
717 3752 859 3824 quod
888 3753 1087 3809 divinae
1119 3765 1199 3810 est
1227 3754 1533 3824 potestatis,
1564 3753 1672 3808 ullo
1702 3754 1825 3808 abs.

228 3860 350 3916 que
378 3844 684 3901 discrimine
727 3846 1018 3917 opitulatus
1059 3856 1160 3902 est.
1190 3846 1331 3915 Quid
1377 3863 1529 3914 vero,
1562 3846 1703 3916 quod
1738 3846 1826 3918 qui

230 3935 409 4008 :egris
452 3938 520 3992 ob
545 3939 735 3993 merita
767 3954 927 4011 opem
959 3954 989 3993 a
1035 3939 1137 3993 iliis
1167 3938 1293 3994 ferri
1323 3939 1475 4006 dicit,
1507 3940 1551 3994 is
1579 3941 1631 3993 in
1661 3940 1826 3993 dubio

230 4029 502 4098 relinquit
523 4040 698 4084 utrum
727 4030 839 4096 ille,
869 4032 954 4086 cui
984 4031 1322 4096 subvenitur,
1351 4031 1572 4087 fortuito
1603 4043 1826 4088 sanatus

230 4137 341 4176 non
378 4120 561 4187 fuerit,
582 4132 637 4177 et
663 4122 801 4178 alius
828 4138 935 4178 non
966 4125 1297 4191 sublevetur,
1325 4126 1447 4198 quia
1469 4126 1689 4182 morbus
1718 4143 1824 4182 non

230 4215 415 4286 potuit
440 4216 546 4271 ulla
572 4217 798 4272 deorum
826 4233 929 4290 ope
968 4221 1171 4275 curari.

300 4311 513 4366 Verum
544 4310 814 4367 Arnobius
842 4312 1003 4383 longe
1046 4312 1221 4369 adhuc
1244 4314 1422 4371 acrius
1444 4324 1500 4371 et
1523 4315 1826 4375 vehemen-

231 4403 342 4458 tius
370 4401 717 4457 adversarios
746 4417 874 4459 suos
901 4404 1097 4474 premit
1124 4404 1311 4478 (Ibid.,
1342 4426 1396 4478 p.
1423 4408 1539 4481 50),
1566 4421 1828 4485 urgetque

230 4494 514 4551 Christum
555 4509 663 4548 non
688 4496 859 4550 modo
888 4496 1118 4566 plurima
1150 4510 1393 4568 patrasse
1418 4503 1699 4569 miracula,
1732 4506 1828 4561 scd

231 4591 429 4649 eadem
455 4590 699 4657 omnino,
734 4592 854 4647 sine
892 4593 1005 4647 ullo
1038 4595 1160 4648 fuco
1198 4603 1290 4648 aut
1332 4598 1536 4655 auxilio
1578 4609 1824 4668 externo,

2008 3392 2112 3449 Sed
2136 3394 2254 3464 quis
2287 3394 2569 3465 impiorum
2611 3395 2823 3451 illorum
2862 3396 3137 3454 hominum
3183 3398 3528 3458 dementissi-

1933 3500 2072 3539 mam
2106 3488 2461 3544 temeritatem
2488 3489 2626 3544 ferre
2657 3492 2875 3561 potest?
2904 3490 3065 3548 Certo
3087 3495 3286 3550 certius
3312 3496 3526 3552 demon-

1931 3582 2220 3637 stravimus
2246 3582 2469 3654 plurima
2497 3599 2525 3637 a
2548 3583 2764 3640 Christo
2788 3584 3062 3658 ipsiusque
3087 3586 3361 3661 discipulis
3389 3589 3527 3647 facta

1928 3673 2096 3729 fuisse
2127 3675 2403 3741 miracula,
2438 3694 2557 3747 qua:
2596 3686 2800 3733 naturae
2825 3679 3068 3735 ordinem
3109 3680 3357 3749 illiusque
3387 3684 3526 3738 vires

1928 3769 2086 3841 longe
2113 3778 2384 3841 superant,
2411 3779 2465 3825 et
2490 3769 2542 3824 hi
2567 3770 2698 3825 mira
2732 3770 3057 3842 impudentia
3085 3774 3299 3845 ipsimet
3327 3774 3436 3831 Deo
3463 3791 3525 3831 ea

1926 3859 2157 3917 faciendi
2180 3862 2420 3919 adimunt
2442 3864 2795 3935 potestatem?
2816 3864 3001 3921 Nonne
3021 3865 3088 3921 ab
3111 3876 3233 3921 actu
3254 3868 3318 3920 ad
3342 3883 3522 3939 posse,

1928 3967 1986 4011 ut
2015 3954 2314 4011 scholastici
2359 3956 2671 4027 loquuntur,
2702 3957 2845 4014 valet
2882 3959 3306 4029 consequentia?
3338 3960 3525 4017 Nonne

1929 4048 2076 4120 prius
2090 4046 2362 4105 Sociuiaui
2386 4049 2616 4118 probare
2641 4048 2913 4107 debebant
2937 4051 3077 4107 nulla
3100 4066 3351 4123 umquam
3384 4049 3521 4107 facta

1929 4141 2097 4198 fuisse
2141 4141 2432 4209 miracula,
2464 4157 2622 4213 quam
2654 4143 2889 4200 divinam
2934 4158 3132 4217 negare
3175 4144 3266 4201 illa
3299 4144 3525 4201 faciendi

1930 4234 2261 4306 potentiam?
2288 4233 2392 4290 Sed
2415 4234 2686 4305 quomodo
2710 4234 2838 4290 illud
2869 4236 3093 4295 inficiari
3119 4246 3362 4306 possunt,
3382 4236 3524 4303 quod

1929 4324 2143 4381 Ethnici
2169 4325 2315 4385 nullo
2341 4342 2573 4397 unquam
2591 4326 2750 4382 modo
2778 4343 2993 4399 negare,
3026 4343 3199 4401 neque
3224 4330 3524 4407 etiamldis-

1930 4416 2202 4482 simulare,
2234 4418 2336 4472 nisi
2363 4418 2700 4474 intoleranda
2724 4435 2942 4491 prorsus
2965 4435 3027 4476 ac
3057 4420 3521 4491 impudentissima

1931 4506 2231 4561 temeritate
2254 4507 2578 4577 potuerunt?
2606 4505 2722 4563 Non
2745 4508 2925 4561 minus
2946 4507 3209 4579 siquidem
3233 4518 3378 4565 certa
3400 4519 3525 4564 sunt

1930 4601 2129 4659 Christi
2160 4600 2655 4675 discipulorumque
2679 4604 2797 4674 ejus
2826 4603 3106 4674 miracula,
3135 4620 3292 4674 quam
3316 4614 3525 4660 constat

232 4701 443 4757 suoque
472 4694 681 4740 tantum
724 4686 942 4742 nomine
981 4685 1213 4743 faciendi
1261 4689 1641 4759 piscatoribus,
1670 4696 1829 4765 epifi-
1853 4703 1909 4779 ῃ
1932 4694 2224 4750 :edificatas
2256 4694 2421 4751 fuisse
2466 4697 2630 4752 urbes
2674 4697 2934 4764 Romam,
2967 4696 3519 4769 Constantinopolim,

231 4777 408 4845 cibus,
452 4777 763 4843 rusticanis,
813 4778 1063 4850 aliisque,
1109 4780 1249 4835 sicut
1288 4790 1443 4837 antea
1492 4784 1823 4857 dicebamus,

1930 4787 2178 4854 Niniven,
2211 4799 2265 4844 et
2287 4788 2420 4844 alias
2450 4790 2852 4857 celeberrimas,
2877 4807 2996 4863 quia
3018 4801 3204 4862 postea
3233 4792 3522 4857 destructte

234 4871 285 4926 id
315 4885 491 4943 genus
515 4870 846 4936 hominibus,
866 4870 1079 4926 dedisse
1102 4883 1447 4943 potestatem.
1485 4877 1615 4945 Quae
1647 4889 1826 4934 autem
1912 4884 2075 4935 'Sllfll.

232 4967 322 5022 illa
356 4966 575 5032 fuerint,
612 4965 845 5020 breviter
873 4976 1139 5034 recenset,
1170 4977 1225 5023 et
1270 4985 1391 5024 cum
1421 4970 1621 5027 Christi
1664 4975 1829 5029 mira-

234 5058 373 5113 culis
395 5056 693 5128 compOuit,
725 5064 884 5127 atque
914 5057 1041 5113 inde
1069 5060 1341 5115 concludit
1371 5062 1502 5117 nihil
1535 5065 1822 5136 quidquam

232 5150 559 5206 admirabile
592 5148 671 5204 ab
700 5165 766 5205 eo
792 5160 1020 5222 gestum,
1061 5154 1203 5223 quod
1237 5154 1342 5209 illis
1386 5154 1684 5213 faciendum
1716 5176 1823 5215 non

234 5243 592 5300 concesserit.
624 5242 757 5297 Tum
786 5243 983 5301 deinde
1008 5246 1087 5301 sic
1114 5257 1519 5317 argumentatur
1548 5268 1559 5302 :
1596 5268 1617 5302 ι
1652 5251 1825 5309 Tran-

235 5340 477 5395 scribere
499 5351 660 5408 posse
692 5337 744 5392 in
775 5339 1046 5393 hominem
1070 5338 1159 5409 jus
1187 5348 1364 5405 tuum;
1395 5351 1450 5394 et
1478 5345 1620 5413 quod
1648 5342 1827 5402 facere

237 5433 388 5487 solus
414 5430 616 5503 possis,
659 5429 1017 5500 fragilissimae
1049 5431 1127 5485 rei
1153 5430 1374 5499 donare,
1408 5443 1463 5488 et
1506 5436 1828 5507 participare

236 5523 568 5590 faciendum,
616 5536 781 5593 supra
825 5523 1004 5577 omnia
1054 5523 1174 5578 sita:
1213 5533 1298 5579 est
1330 5527 1629 5595 potestatis,
1658 5530 1829 5585 conti-

237 5621 526 5689 nentisque
557 5616 659 5671 sub
688 5631 811 5672 sese
836 5626 920 5672 est
947 5632 1128 5672 rerum
1160 5618 1401 5673 omnium
1421 5635 1629 5687 causas,
1655 5632 1709 5677 et
1735 5638 1824 5678 ra-

238 5713 443 5768 tionum
492 5709 918 5779 facultatumque
970 5719 1212 5765 naturas.
1256 5731 1274 5763 ι
1313 5711 1500 5767 Divina
1554 5730 1683 5786 ergo
1733 5732 1827 5787 po-

239 5814 452 5865 testate.
477 5819 586 5858 non
615 5802 819 5876 magica
845 5803 1041 5858 virtute
1069 5801 1321 5860 Christus
1351 5805 1632 5879 discipulis
1660 5809 1824 5865 mira-

238 5901 375 5967 cula,
409 5898 527 5954 suis
571 5897 745 5967 paria,
778 5896 975 5955 edendi
1007 5908 1327 5969 potestatem
1359 5900 1664 5975 tribuendo,
1694 5912 1747 5963 et
1767 5922 1828 5965 se

2002 4975 2207 5032 Deinde
2236 4991 2363 5033 vero
2387 4977 2513 5051 quid
2543 4976 2735 5041 nefarii
2764 4977 2839 5033 illi
2873 4977 3119 5039 homines
3150 4988 3350 5039 naturae
3377 4978 3511 5051 legi-

1930 5069 2049 5136 bus,
2079 5081 2132 5127 et
2162 5071 2350 5127 ordine
2371 5071 2514 5126 aliud
2544 5072 2845 5144 intelligere
2873 5084 3120 5143 possunt,
3152 5074 3253 5129 nisi
3283 5089 3374 5130 eas
3401 5087 3523 5145 quae

1928 5176 1958 5216 a
1993 5164 2252 5236 principio
2279 5164 2459 5235 aliquo
2501 5164 2766 5235 spiritali,
2799 5164 2868 5218 ab
2896 5164 3147 5235 omnique
3189 5166 3411 5222 materia
3442 5164 3523 5219 di-

1930 5268 2109 5315 screto
2136 5258 2398 5327 imposita:
2426 5256 2761 5327 suntiAtqui
2791 5257 2919 5312 illud
2947 5258 3265 5331 principium
3296 5259 3525 5329 ipsemet

1931 5350 2073 5405 Deus
2105 5361 2187 5406 est
2215 5351 2576 5422 omnipotens,
2608 5351 2696 5421 qui
2724 5350 2976 5417 decretis,
3001 5352 3180 5411 divina
3211 5367 3307 5409 sua
3336 5352 3523 5409 volun-

1926 5453 2037 5500 tate
2064 5444 2236 5512 factis,
2271 5443 2450 5499 omnia
2481 5446 2705 5514 creavit,
2740 5445 2901 5515 regit,
2934 5445 3296 5511 administrat,
3329 5446 3517 5501 mode-

1930 5549 2097 5595 ratur.
2128 5538 2222 5593 Illa
2261 5547 2437 5593 autem
2470 5538 2564 5594 Dei
2611 5540 2860 5594 voluntas
2904 5539 3064 5611 plane
3103 5538 3270 5596 libera
3297 5552 3402 5608 cst,
3437 5540 3520 5596 sui

1932 5648 2144 5705 semper
2156 5631 2315 5704 juris,
2342 5634 2580 5705 nullique
2599 5634 2757 5690 alteri
2774 5632 3034 5704 subjecta.
3052 5633 3393 5706 Quapropter
3412 5636 3521 5692 sic-

1930 5724 2225 5779 ulinaturre
2244 5723 2389 5797 leges
2412 5734 2468 5780 et
2488 5725 2729 5780 ordinem
2753 5723 3031 5797 imposuit,
3053 5727 3122 5780 ita
3145 5726 3259 5785 brec
3284 5743 3311 5780 a
3335 5743 3393 5785 se
3417 5729 3519 5787 im—

1930 5816 2101 5887 posita
2147 5818 2497 5891 snSpendere,
2525 5817 2919 5887 interrumpere
2940 5858 2954 5885 ,
2985 5831 3049 5873 ac
3078 5828 3288 5875 mutare
3321 5827 3517 5895 potest.

1929 5908 2084 5967 Unde
2105 5921 2251 5967 recte
2267 5909 2534 5968 Arnobius
2549 5909 2615 5967 de
2632 5908 2849 5966 Christo
2865 5918 2920 5967 et
2936 5909 3002 5967 de
3019 5910 3127 5968 Deo
3145 5910 3279 5968 dixit
3297 5929 3309 5968 :
3345 5931 3364 5966 ι
3393 5910 3525 5969 Sole
