4158 6264
619 413 724 469 415

1830 396 2283 459 DlSSERTATIO
2321 397 2598 454 PR/EVIA

3802 396 3908 455 416

619 529 737 596 ipso
751 523 1043 581 estclarius
1058 518 1576 597 petentioremillum
1592 519 1755 574 fuisse
1771 517 2202 589 quamfatasunt,
2238 517 2283 574 Λ
2314 514 2395 567 nis
2427 521 2573 568 esset
2595 512 2824 568 aliorum
2853 512 2964 567 otio
2999 520 3052 568 et
3075 511 3329 583 patientia
3360 511 3779 581 intemperanter
3807 514 3907 569 ab-

617 633 737 673 cum
759 633 820 673 ea
837 617 991 672 Solvit
1008 625 1063 672 et
1086 615 1214 670 vicit
1241 629 1360 684 qua!
1375 612 1644 682 perpetuis
1671 610 1916 677 nexibus,
1940 619 1990 665 et
2013 610 2206 663 immo-

616 710 712 766 bili
741 709 950 765 fuerant
976 709 1297 765 necessitate
1325 705 1571 762 devincta
1600 704 1842 778 (Arnob.,
1877 703 1964 757 lib.
1995 719 2052 767 tt,
2082 718 2202 772 pag.

578 814 586 823 ‘
613 801 728 872 28).
762 802 967 870 Quibus
1005 816 1134 857 sane
1163 799 1343 856 verbis
1369 798 1635 869 signiﬁcat
1666 798 1762 852 hos
1801 812 1970 852 nexus
1999 795 2205 850 tamdiu

509 965 524 980 ί
615 898 778 954 fuisse
829 907 1150 969 perpetuos,
1206 905 1368 967 atque
1412 910 1530 949 eam
1572 893 1952 950 necessitatem
2003 890 2204 946 tamdiu

613 992 778 1048 fuisse
805 991 1156 1057 immobilem,
1193 989 1445 1063 quamdiu
1476 987 1615 1045 Deus
1642 996 1693 1042 et
1720 985 1966 1042 Christus
1996 985 2201 1051 voluit,

613 1085 822 1160 ipsique
851 1088 1068 1156 placuit.

683 1179 894 1236 Scimus
913 1179 1128 1248 quidem
1154 1195 1182 1234 a
1208 1178 1526 1249 quibusdam
1546 1192 1611 1233 ex
1633 1178 1699 1233 iis
1714 1177 1954 1232 omnium
1984 1176 2206 1247 iniquis-

613 1274 766 1330 simis
787 1274 951 1328 stulte
967 1274 1188 1328 omnino
1213 1282 1266 1328 et
1292 1272 1493 1327 insulse
1520 1275 1687 1326 asseri
1714 1271 1805 1325 Dei
1833 1270 2049 1326 nomine
2071 1269 2204 1324 nihil

615 1366 1017 1437 intelligendum
1049 1364 1214 1433 aliud,
1241 1375 1437 1436 prtrter
1463 1364 1765 1430 materiam,
1794 1372 2067 1434 statasque
2091 1379 2207 1418 m0-

612 1469 699 1514 tus
728 1461 866 1516 illius
910 1461 1084 1531 leges,
1115 1476 1234 1531 quae
1261 1476 1290 1514 a
1325 1461 1536 1515 nemine
1563 1474 1785 1530 prersus
1825 1460 2018 1514 mutari
2047 1474 2207 1530 posse

615 1554 904 1610 finxerunt.
937 1553 1042 1609 Sed
1069 1553 1119 1607 hi
1152 1552 1309 1608 nobis
1329 1553 1633 1607 edisserere
1655 1551 2208 1622 debebantquomodo

612 1646 694 1701 vel
725 1661 755 1700 a
786 1661 893 1716 quo
933 1655 1147 1700 statuta:
1192 1654 1316 1700 sunt
1351 1645 1458 1699 illa:
1490 1645 1652 1715 leges.
1694 1643 1881 1715 Neque
1910 1646 2054 1699 enim
2101 1644 2207 1698 ulla

615 1741 824 1795 ratione
842 1740 924 1816 vel
948 1756 978 1794 a
1001 1755 1060 1795 se
1088 1740 1237 1811 ipsis,
1269 1739 1354 1795 vel
1378 1739 1610 1794 fortuitis
1633 1739 1872 1794 materia:
1892 1739 2205 1792 mutationi-

612 1835 734 1898 bus,
760 1834 840 1888 vel
871 1834 1193 1888 necessitate
1222 1832 1398 1904 aliqua
1429 1833 1562 1887 latas
1593 1831 1734 1885 ullus
1767 1846 2021 1902 umquam
2048 1831 2206 1885 dixe-

2311 608 2533 660 ulcntis.
2566 606 2698 661 Nam
2731 622 2793 662 ea
2825 623 2891 663 ex
2933 605 3090 660 dictis
3120 607 3249 662 satis
3291 606 3564 662 confutata
3586 648 3601 673 ,
3633 615 3796 678 atque
3839 608 3905 664 iis

2308 715 2429 770 quae
2457 699 2508 753 in
2537 699 2992 770 subsequentibus
3012 699 3478 755 dissertationibus
3499 699 3694 753 nostris
3715 697 3784 754 de
3807 699 3903 752 iis-

2310 791 2428 846 dem
2459 791 2658 847 Christi
2688 802 2741 848 et
2783 792 3168 863 discipulorum
3199 793 3315 864 ejus
3354 790 3626 848 miraculis
3674 789 3901 850 dicenda

2311 896 2455 953 sunt,
2481 885 2654 941 adhuc
2680 886 3117 944 confutabuntur.

2935 1026 3163 1084 CAPUT
3201 1027 3290 1084 IV.

2310 1158 2688 1217 Examinantttr
2706 1165 2812 1218 alia
2830 1163 3040 1218 Arnobii
3055 1173 3374 1236 argumenta,
3391 1163 3573 1236 quibus
3602 1166 3904 1222 christiana:

2651 1256 2912 1328 religionis
2939 1258 3199 1311 veritatem
3227 1257 3558 1315 demonstrat.

2828 1408 3117 1449 Διιτιουιυε
3155 1409 3370 1450 PRIIUS.

2311 1526 2559 1587 Quomodo
2583 1532 2766 1579 veritas
2787 1530 3066 1579 Christianas
3090 1530 3350 1592 religionis
3372 1531 3433 1579 ab
3459 1531 3676 1582 Arnohio
3700 1535 3902 1583 demon-

2371 1599 2560 1640 stretur
2582 1593 2853 1648 dirissimis,
2883 1601 2934 1642 et
2960 1594 3196 1642 hactenus
3214 1593 3444 1643 inauditis
3471 1607 3600 1654 pene
3626 1599 3906 1644 innumera-

2372 1654 2544 1720 hillillll
2566 1654 2826 1720 cujuslibet
2851 1668 3020 1712 sexus,
3045 1658 3220 1716 aetatis,
3252 1665 3302 1704 et
3326 1657 3620 1706 conditionis
3643 1665 3905 1720 martyrum

2371 1716 2642 1784 suppliciis,
2669 1717 2724 1765 ad
2753 1727 3026 1784 extremum
3046 1732 3203 1784 usque
3230 1721 3342 1784 vitae
3364 1722 3589 1783 Spiritum
3612 1733 3699 1784 pro
3724 1716 3909 1770 Christi

2372 1779 2682 1829 confessione
2708 1781 3103 1831 constantissime
3126 1779 3372 1831 toleratis.

612 1929 702 1982 rit.
736 1928 878 1998 Ergo
900 1928 967 1982 ab
983 1928 1090 1982 alio
1111 1927 1416 1982 constituta:
1437 1935 1581 1981 sunt.
1601 1929 1667 1980 At
1693 1927 1784 1981 ille
1805 1926 1920 1995 ipse
1943 1936 2021 1980 est
2037 1925 2194 1985 Deus,
2233 1929 2278 1986 B
2379 1923 2534 1978 Aliud
2565 1925 2630 1980 ad
2661 1925 3011 1981 asserendam
3038 1925 3346 1981 christiana:
3389 1927 3667 1997 religionis
3702 1930 3908 1984 verita-

611 2022 698 2092 qui
725 2022 841 2076 illas
863 2037 962 2092 pro
987 2021 1234 2082 arbitrio.
1251 2021 1598 2087 uti'diximus,
1623 2021 1904 2075 immutare
1927 2029 2120 2090 potest.
2137 2020 2204 2074 Et

609 2129 742 2169 vero
786 2129 878 2169 eas
907 2113 976 2169 ab
1013 2129 1079 2169 eo
1119 2114 1428 2168 immutatos
1475 2112 1640 2169 fuisse
1682 2113 2034 2168 invictissime
2075 2129 2202 2180 pro-

608 2209 737 2264 bant
762 2217 840 2263 tot
869 2218 1124 2281 tantaque
1145 2209 1374 2271 Christi,
1401 2222 1564 2281 atque
1586 2209 1730 2264 illius
1752 2218 2076 2265 sectatorum
2107 2210 2205 2264 mi-

607 2301 811 2366 racula,
838 2316 979 2371 quae,
1014 2303 1086 2356 uti
1111 2302 1360 2370 vidimus,
1385 2303 1665 2374 gentilium
1697 2320 1764 2359 ne
1791 2303 2007 2375 quidem
2035 2304 2199 2376 perti-

610 2397 892 2452 necis-simi
919 2412 1116 2468 negare
1147 2407 1454 2468 potuerunt.

679 2490 788 2547 Sed
820 2491 1150 2548 recentiores
1181 2491 1416 2549 ha-retici
1436 2538 1451 2560 ,
1487 2495 1704 2550 nomine
1726 2503 1880 2548 tenus
1901 2493 2203 2559 christiani,

604 2598 669 2639 ac
699 2583 1025 2654 quibuslibet
1051 2585 1284 2640 ethnicis
1304 2586 1641 2650 audaciores,
1673 2587 1873 2641 instant
1894 2586 2070 2643 adhuc
2090 2589 2206 2642 vul-

603 2695 786 2752 garem
816 2679 950 2735 hanc
979 2679 1046 2734 de
1082 2679 1278 2735 Christi
1309 2680 1582 2735 miraculis
1619 2681 1925 2752 opinionem
1958 2681 2082 2735 inde
2109 2695 2202 2736 or-

605 2781 736 2839 tam,
770 2772 911 2844 quod
940 2773 1118 2843 pepuli
1165 2789 1339 2844 neque
1377 2788 1566 2828 omnes
1598 2773 1814 2828 illorum
1843 2773 2202 2829 circumstan-

603 2866 738 2932 tias,
773 2882 946 2938 neque
990 2881 1170 2922 veram
1206 2881 1394 2922 eorum
1429 2881 1644 2921 causam
1691 2877 2050 2937 agnoscentes
2078 2910 2093 2934 ,
2141 2883 2202 2922 ea

602 2972 762 3029 supra
807 2969 1010 3014 natura:
1053 2959 1297 3014 ordinem
1340 2959 1475 3015 facta
1511 2975 1633 3015 esse
1675 2959 2040 3016 crediderunt.
2089 2960 2195 3017 Sed

603 3067 796 3122 magna
825 3054 940 3108 haec
969 3063 1130 3124 atque
1155 3053 1621 3124 impudentissima
1645 3055 2010 3126 improborum
2035 3055 2209 3111 homi-

605 3161 732 3200 num
775 3147 1052 3201 mendacia
1081 3157 1228 3202 sunt.
1262 3146 1395 3202 Nam
1445 3147 1661 3202 illorum
1691 3149 1965 3212 omnium,
1996 3165 2116 3219 quae
2149 3150 2202 3204 in

603 3239 893 3309 Scripturis
922 3242 1120 3306 sacris,
1155 3250 1209 3295 et
1253 3242 1320 3296 ab
1362 3241 1600 3296 Arnobio
1648 3251 1834 3297 nostro
1874 3241 2202 3311 referuntur,

2309 2025 2414 2072 tem
2454 2029 2825 2090 argumentum
2868 2018 3015 2074 ducit
3044 2019 3315 2074 Arnobius
3341 2035 3406 2075 ex
3435 2020 3713 2092 suppliciis
3734 2063 3749 2088 ,
3783 2038 3906 2094 qua:

2307 2125 2405 2180 pro
2429 2110 2570 2164 illius
2590 2110 2904 2166 defensione
2929 2111 3196 2166 innumeri
3221 2121 3484 2185 martyres
3503 2113 3745 2182 cujusvis
3770 2130 3907 2170 con-

2307 2202 2543 2270 ditionis,
2563 2206 2756 2268 :etatis,
2777 2215 2831 2260 et
2852 2221 3015 2260 sexus
3035 2204 3104 2260 ad
3127 2214 3427 2263 extremum
3452 2222 3619 2279 usque
3633 2207 3903 2278 spiritum,

2307 2306 2361 2353 et
2405 2308 2629 2353 mortem
2683 2298 3115 2355 crudelissimam
3171 2301 3612 2358 constantissime
3661 2306 3907 2374 perpessi

2309 2400 2452 2446 sunt.
2480 2393 2608 2459 Quae
2636 2407 2787 2459 vero,
2810 2405 3137 2464 quantaque,
3170 2402 3227 2450 et
3256 2410 3414 2464 quam
3443 2393 3714 2451 horrenda
3742 2406 3908 2469 atque

2309 2484 2562 2539 immania
2605 2485 2802 2540 fuerint
2850 2486 2963 2541 haec
3005 2488 3301 2559 supplicia,
3332 2489 3400 2544 ab
3432 2489 3671 2546 Arnohio
3717 2502 3908 2548 nostro

2309 2578 2484 2635 discas
2527 2579 2707 2636 velim.
2761 2580 2852 2636 Sic
2890 2589 3069 2635 autem
3117 2581 3209 2637 ille
3245 2582 3502 2639 Ethnicos
3553 2584 3726 2655 palam
3771 2585 3913 2641 allo-

2309 2669 2544 2741 qneudo,
2571 2687 2632 2725 ea
2664 2672 2916 2741 exponit,
2952 2682 3010 2726 ut
3053 2688 3213 2728 nemo
3244 2674 3412 2744 possit
3446 2674 3606 2731 tidem
3646 2676 3694 2733 ei
3738 2677 3906 2734 dero~

2309 2779 2473 2836 gare:
2503 2783 2520 2815 ι
2558 2764 2668 2820 Vos
2694 2767 2826 2835 ipsi,
2870 2787 2889 2820 ι
2923 2767 3086 2839 inquit
3120 2770 3362 2841 (Arnob.,
3397 2770 3484 2825 lib.
3517 2788 3554 2836 ι,
3588 2789 3705 2845 pag.
3739 2774 3826 2841 Η,
3858 2785 3909 2829 et

2311 2859 2399 2912 lib.
2430 2874 2501 2924 tv,
2534 2875 2656 2929 pag.
2691 2859 2837 2931 158),
2877 2879 2894 2911 ‹
2930 2877 3051 2916 cum
3079 2861 3243 2917 libido
3265 2864 3543 2919 incesserit
3564 2880 3724 2932 saeva,
3749 2869 3909 2922 exui-

2313 2951 2378 3004 tis
2411 2965 2506 3005 nos
2535 2951 2710 3018 bonis,
2743 2954 3118 3008 exterminatis
3157 2956 3342 3026 patriis
3376 2956 3624 3024 sedibus,
3657 2958 3908 3030 irrogatis

2309 3043 2564 3113 supplicia
2592 3045 2858 3114 capitalia,
2891 3049 3174 3118 torquetis,
3207 3049 3531 3117 dilaceratis,
3564 3053 3810 3121 exurilis,
3841 3067 3899 3111 et

2310 3135 2374 3190 ad
2403 3147 2702 3192 extremum
2728 3155 2825 3194 nos
2853 3141 2976 3196 feris
3002 3149 3054 3197 et
3087 3143 3386 3199 belluaruut
3421 3145 3707 3203 laniatihus
3743 3150 3906 3220 obje-

2310 3233 2488 3286 ctatis.
2528 3252 2546 3283 ι
2580 3233 2813 3289 Videsne
2850 3237 3064 3306 quantis
3105 3238 3466 3301 cruciatibus.
3499 3241 3760 3298 lienorum
3809 3259 3910 3298 ex-

605 3335 982 3390 miraculorum
1012 3336 1237 3406 singula:
1263 3337 1703 3403 circumstantiae,
1738 3338 1988 3392 nimirum
2013 3380 2029 3404 ,
2061 3355 2199 3408 quae,
2232 3335 2274 3394 C
2308 3325 2646 3393 ειιοιίηιῖηηθ.
2677 3328 2889 3391 “Silio,
2923 3328 3275 3386 diSU‘aClione
3319 3331 3686 3389 membrorum
3709 3376 3723 3396 -
3759 3335 3908 3406 ίεηο.

605 3443 634 3483 a
663 3443 790 3498 quo,
821 3428 1058 3499 quando,
1090 3428 1201 3494 ubi,
1223 3437 1278 3485 et
1307 3428 1578 3498 quomodo
1608 3429 1744 3484 facta
1769 3430 1898 3489 sint.
1922 3429 2060 3484 adeo
2081 3446 2204 3501 gra-

605 3521 762 3590 phice
803 3529 857 3575 et
898 3520 1179 3576 enucleate
1207 3531 1569 3591 exponuntur,
1611 3533 1667 3576 ut
1700 3522 1827 3576 nihil
1861 3523 2062 3577 clarius
2091 3525 2206 3578 evi-

606 3615 928 3681 dentiusque
954 3614 1248 3670 desiderari
1280 3617 1469 3686 possit.
1501 3619 1675 3686 Alqne
1705 3625 1762 3669 ut
1786 3617 2011 3685 plurima
2043 3618 2204 3674 missa

606 3707 888 3774 faciamus,
916 3723 1297 3778 quorumnam,
1326 3723 1423 3762 oro
1455 3716 1524 3773 te,
1561 3707 1823 3763 factorum
1851 3713 2207 3766 circumstan-

609 3799 697 3854 tiae
729 3801 934 3870 planius
977 3815 1039 3854 ac
1075 3800 1361 3854 dilucidius
1390 3799 1789 3868 describuntur,
1821 3817 1977 3872 qttatn
2020 3819 2206 3858 eorum

608 3891 1024 3959 miraculorum,
1070 3892 1264 3962 quibus
1303 3892 1548 3948 Christus
1585 3892 1843 3948 Lazarum
1887 3893 2129 3966 aliosque
2176 3912 2206 3950 a

611 3993 785 4038 morte
811 3984 878 4038 ad
908 3985 1072 4039 vitam
1106 4000 1411 4048 revocasse,
1445 3999 1507 4039 ac
1533 3986 1726 4056 quibus
1757 3995 2001 4056 negatam
2043 4002 2072 4040 a
2110 4002 2208 4040 na-

611 4084 729 4129 tura
781 4074 997 4129 videndi
1045 4085 1364 4145 petestatem
1411 4074 1608 4131 fecisse
1651 4079 1938 4131 narratur?
1969 4080 2049 4133 Ad
2092 4079 2210 4135 haec

611 4183 771 4233 vero,
811 4185 992 4223 nonne
1022 4169 1231 4223 Ethnici
1271 4185 1336 4224 ac
1369 4168 1540 4224 Judtei
1565 4211 1579 4235 ,
1611 4169 1869 4237 capitales
1898 4168 2098 4225 Christi
2148 4186 2210 4225 ac

612 4259 846 4315 fundatze
876 4261 943 4315 ab
974 4275 1038 4315 eo
1061 4261 1334 4331 religionis
1364 4261 1564 4316 inimici
1596 4262 1848 4330 maxima,
1884 4277 1986 4333 qua
2018 4272 2208 4332 potue-

612 4361 757 4416 runt,
785 4352 1055 4422 diligentia
1085 4353 1421 4423 praescrutati
1463 4362 1608 4418 sunt,
1639 4369 1705 4407 an
1746 4354 1850 4408 ulla
1879 4354 1963 4408 vel
1991 4355 2209 4410 minima

614 4446 666 4500 in
697 4446 895 4499 Christi
919 4446 1411 4518 discipulorumque
1434 4447 1553 4517 ejus
1576 4449 1850 4503 miraculis
1875 4448 2088 4503 deesset
2107 4450 2210 4504 cir-

614 4538 958 4603 cumstantia,
988 4553 1089 4607 qua
1114 4538 1336 4600 fraudis,
1359 4548 1451 4593 aut
1479 4538 1594 4594 falsi
1623 4539 1827 4610 aliquid
1847 4541 1898 4594 in
1928 4542 2005 4596 eis
2026 4541 2212 4596 redar-

614 4645 780 4700 guere
811 4630 1070 4698 possent?
1097 4631 1168 4685 At
1195 4633 1439 4702 quamvis
1481 4632 1616 4688 nulli
1653 4649 1835 4704 opera:
1865 4645 1915 4689 et
1945 4634 2114 4688 labori
2143 4636 2208 4690 ad

2312 3417 2577 3484 ﬂammis,
2626 3418 2858 3474 ferarum
2908 3436 2970 3475 ac
3017 3421 3313 3478 helluarum
3361 3425 3645 3482 laniatihus
3700 3427 3906 3484 ethnici

2309 3508 2632 3565 christianos
2675 3512 2738 3565 ad
2787 3513 3100 3581 cjurandam
3145 3530 3294 3570 suam
3343 3518 3656 3588 religionem
3705 3536 3905 3591 cogere

2311 3605 2668 3675 nequidquam
2700 3607 2994 3664 tentabant.
3025 3609 3388 3677 Quamobrem
3424 3613 3514 3668 ille
3536 3614 3644 3669 alio
3669 3615 3720 3669 in
3761 3615 3904 3671 libro

2312 3696 2400 3751 ubi
2428 3697 2761 3754 ethniCorum
2790 3715 2939 3756 sacra
2974 3703 3230 3774 exagitat,
3275 3705 3326 3759 in
3357 3720 3452 3762 eos
3483 3706 3561 3759 sic
3591 3706 3866 3764 invehitur
3895 3729 3909 3765 :

2317 3810 2336 3842 ‹
2371 3793 2448 3844 Ad
2481 3792 2715 3849 hazccine
2745 3810 2895 3850 sacra
2941 3794 3192 3863 ﬂammis,
3223 3799 3418 3865 exiliis,
3446 3799 3719 3864 caedibus,
3750 3811 3913 3872 atque

2311 3885 2515 3956 reliquo
2541 3903 2739 3956 genere
2779 3889 3162 3960 suppliciorum
3194 3893 3538 3958 compellitis,
3574 3905 3630 3949 et
3665 3896 3911 3952 crudeli-

2310 3980 2436 4034 tatis
2468 3991 2609 4035 metu
2643 3982 2878 4054 (Arnob.,
2914 3985 3000 4038 lib.
3025 4001 3082 4050 v,
3116 4003 3236 4056 pag.
3258 3987 3424 4058 177)?
3453 4007 3471 4040 ι
3497 3988 3754 4061 lntelligis
3776 4005 3912 4047 sane

2312 4070 2398 4126 his
2441 4073 2618 4128 verbis
2647 4116 2660 4138 ,
2710 4075 2905 4147 reliquo
2954 4093 3136 4147 genere
3201 4080 3607 4150 suppliciorum,
3654 4081 3914 4151 quaelibet

2310 4163 2472 4219 etiam
2505 4167 2858 4232 atrocissima,
2890 4185 3008 4238 qnte
3037 4170 3364 4226 incredibilis
3391 4171 3728 4228 ethnicorum
3753 4215 3768 4239 ,
3794 4190 3898 4230 seu

2314 4261 2492 4329 potius
2522 4260 2852 4327 daemonum,
2882 4262 3070 4317 feritas
3091 4273 3146 4318 et
3173 4264 3351 4320 rabies
3382 4267 3686 4335 excogitare
3715 4269 3909 4337 potuit,

2313 4355 2697 4424 suppliciorum
2748 4373 2944 4426 genera
2989 4358 3398 4429 comprehendi.
3434 4360 3539 4417 Sed
3568 4362 3695 4433 quid
3744 4365 3916 4419 inter—

2315 4448 2616 4516 pretatione
2647 4464 2784 4516 Opus
2810 4459 2914 4514 est,
2941 4449 3026 4504 ubi
3058 4450 3174 4506 hrec
3201 4467 3386 4521 aperte
3416 4454 3484 4507 ab
3516 4453 3606 4509 illo
3635 4454 3914 4525 caplican-

2316 4549 2448 4599 tur;
2490 4560 2508 4591 ε
2542 4541 2766 4607 Studiis,
2812 4564 2830 4595 ›
2862 4545 3054 4614 inquit,
3097 4564 3114 4596 ε
3157 4544 3332 4601 facere
3368 4546 3495 4617 quid
3540 4549 3914 4616 pervicacibus

2315 4634 2641 4703 possumus?
2667 4635 2806 4704 Quid
2839 4636 3231 4694 intentantihus
3257 4639 3490 4708 gladios,
3519 4654 3793 4710 novasque
3816 4657 3911 4696 ex-

614 4723 668 4778 id
699 4722 1130 4794 investigandum
1157 4727 1517 4795 pepercerint,
1541 4727 1673 4781 nihil
1699 4738 1875 4783 tamen
1900 4730 2041 4798 quod
2071 4729 2210 4784 veris
2236 4735 2292 4796 1)
2315 4727 2671 4796 cogitantibus
2699 4730 2919 4798 poenas?
2949 4749 2966 4780 ι
3005 4729 3232 4801 (Idem,
3263 4731 3352 4785 lib.
3378 4745 3455 4795 Vt,
3483 4747 3601 4800 pag.
3634 4729 3783 4798 l97.)
3807 4732 3914 4790 Eas

614 4816 890 4872 miraculis
921 4817 1003 4872 vel
1045 4819 1324 4874 minimum
1361 4819 1606 4886 deesset,
1653 4822 2061 4891 deprehendere
2091 4839 2238 4885 nm-,

615 4924 773 4983 quam
814 4911 1116 4964 valuerunt.
1150 4911 1262 4965 Nec
1291 4912 1468 4967 minus
1507 4913 1924 4969 Christianorum
1959 4916 2215 4972 intererat

616 5001 870 5072 indagare
896 5017 1087 5058 omnes
1116 5012 1168 5058 et
1196 5003 1434 5074 singulas
1461 5004 1650 5059 horum
1697 5006 2073 5062 miraculorum
2104 5009 2214 5063 cir-

615 5096 988 5161 cumstantias,
1020 5097 1215 5166 quibus
1257 5097 1322 5151 ad
1353 5098 1697 5168 rejiciendam
1732 5111 1940 5170 patrum
1969 5118 2211 5168 suorum,

615 5198 669 5244 ct
695 5190 1066 5259 profitendam,
1091 5194 1167 5246 uti
1194 5192 1446 5259 diximus,
1479 5196 1633 5266 longe
1662 5196 1935 5253 duriorem
1963 5199 2214 5252 christia-

619 5297 806 5336 nornm
831 5283 1142 5352 religionem
1166 5285 1380 5340 adducti
1405 5297 1549 5342 sunt.
1574 5289 1686 5356 Qua
1715 5307 1844 5361 ergo
1867 5291 2043 5346 fronte
2067 5293 2215 5362 impii

621 5373 862 5430 homines
893 5384 1010 5444 post
1036 5385 1115 5430 tot
1143 5377 1334 5431 sarcula
1364 5379 1562 5434 audent
1591 5382 1829 5452 objicere
1860 5400 1963 5438 non
1995 5400 2214 5454 perspe-

620 5481 734 5525 ctas
777 5473 842 5528 ab
886 5473 986 5538 iis,
1012 5490 1237 5542 quorum
1287 5473 1416 5529 nihil
1452 5493 1701 5548 umquam
1748 5482 1914 5551 magis
1959 5484 2218 5540 interesse

620 5574 848 5636 poterat.
883 5567 1094 5622 illorum
1139 5569 1520 5626 miraculorum
1564 5574 1990 5633 circumstantias
2012 5621 2027 5644 ,
2061 5590 2219 5652 atque

621 5656 919 5711 incredibili
946 5675 1161 5728 prorsus
1185 5661 1520 5726 credulitate,
1556 5665 1619 5719 iis
1639 5683 1924 5738 numquam
1950 5673 2220 5727 examina-

622 5751 712 5817 tis,
745 5749 1053 5806 christiana:
1093 5755 1340 5825 religioni
1375 5755 1515 5811 haud
1558 5757 1766 5814 incerto
1819 5761 1939 5834 vitae
1981 5764 2219 5832 periculo

622 5853 776 5893 suum
798 5841 1038 5910 protinus
1063 5844 1277 5900 dedisse
1305 5848 1534 5903 nomen?
1561 5848 1667 5904 Sed
1697 5849 1748 5904 in
1779 5849 2088 5906 refellendis
2111 5864 2216 5908 tam

622 5932 869 5988 absurdis
891 5933 1205 6004 opinionum
1229 5942 1551 5999 commentis
1581 5942 1787 6000 diutius
1804 5943 2025 6010 morari,
2045 5943 2218 6000 homi-

2318 4822 2459 4876 haud
2483 4823 2641 4878 dubie
2667 4839 2875 4894 pmnas,
2900 4840 3031 4895 quas
3059 4825 3233 4879 nullus
3256 4826 3598 4896 quantumvis
3626 4825 3909 4894 barbarus,

2316 4932 2380 4972 ac
2410 4919 2576 4986 ferus,
2606 4921 2888 4990 omnisque
2925 4920 3272 4975 hutnattttatis
3307 4935 3502 4992 expers
3531 4919 3695 4976 homo
3727 4921 3914 4978 hacte-

2318 5026 2418 5066 nus
2444 5014 2747 5082 excogitare
2777 5024 2831 5068 et
2861 5013 3064 5084 lingere
3096 5025 3365 5083 potuerat.

2411 5097 2593 5177 Neque
2646 5124 2767 5162 raro
2827 5109 3078 5178 quidem,
3131 5107 3225 5162 sed
3277 5109 3577 5179 sa-pissime
3624 5109 3914 5168 dirissimis

2317 5202 2646 5273 ejuscemodi
2684 5203 3012 5258 cruciatibus
3063 5215 3280 5258 vexatos
3308 5245 3321 5267 ,
3374 5213 3699 5274 necatosque
3748 5203 3914 5261 fuisse

2319 5297 2645 5354 christianos
2674 5297 2757 5352 Itis
2802 5308 2990 5352 auctor
3038 5308 3221 5352 noster
3271 5298 3410 5352 haud
3450 5298 3695 5354 obscuris
3734 5301 3917 5354 verbis

2318 5389 2628 5461 signiﬁcat:
2670 5410 2688 5442 ‹
2726 5391 2780 5444 Si
2815 5389 3039 5444 totidem
3070 5407 3168 5444 nos
3203 5391 3396 5456 modis,
3427 5391 3754 5462 totidemque
3784 5405 3914 5448 sen-

2321 5483 2520 5548 tentiis,
2556 5503 2576 5535 ›
2610 5493 2770 5554 atque
2799 5485 3016 5554 ipsitnct
3044 5484 3278 5551 Ethnici,
3312 5505 3330 5537 ‹
3357 5486 3582 5540 deorum
3612 5495 3914 5542 vestrorum

2323 5575 2707 5630 subruercmus
2747 5575 2939 5642 tidem;
2969 5576 3102 5630 nulli
3141 5586 3282 5636 esset
3321 5576 3538 5630 dubium
3578 5577 3707 5647 quin
3750 5578 3831 5632 ira
3862 5590 3920 5634 et

2323 5667 2471 5721 rabie
2517 5669 2806 5733 concitati,
2839 5669 3024 5738 ignes,
3076 5670 3214 5723 feras
3246 5678 3302 5724 et
3344 5668 3576 5738 gladios,
3605 5655 3768 5740 atque
3810 5671 3918 5726 alia

2322 5761 2664 5831 postularetis
2690 5762 3077 5832 suppliciorum
3103 5762 3154 5816 in
3187 5778 3284 5817 nos
3309 5777 3528 5832 genera,
3557 5762 3754 5831 quibus
3770 5762 3919 5815 sitim

2320 5853 2506 5908 soletis
2523 5863 2756 5908 vestram
2776 5855 2945 5910 nostri
2962 5855 3238 5924 sanguinis
3256 5854 3586 5926 appetitione
3611 5852 3864 5923 prolucre
3895 5873 3914 5905 ›

2318 5945 2554 6019 (Idem,
2582 5949 2671 6002 lib.
2708 5965 2788 6014 ιιι,
2815 5967 2936 6019 pag.
2971 5949 3157 6012 liii).
