4166 6256
245 212 353 270 417

1527 208 1595 269 ΙΝ
1625 203 2006 276 ΑιιΝοΒιυΜ,
2047 202 2200 266 CAP.
2240 207 2326 266 IV.

3392 282 3399 295 ι
3440 209 3543 268 418

316 333 400 388 Ex
439 331 547 389 hoc
587 339 770 388 autem
808 330 897 387 vel
934 330 1055 389 solo
1081 329 1304 387 Arnobii
1336 329 1505 389 nostri
1537 328 1842 385 testimonio
1870 335 1919 395 Α
1949 325 2089 391 Deo,
2119 342 2305 382 eorum
2335 334 2510 382 tantas
2538 327 2844 385 animorum
2876 327 2991 384 fieri
3027 327 3453 394 conversiones;
3485 337 3547 384 ut

242 424 403 480 facile
454 425 684 497 colliges
734 436 931 496 quanta
987 424 1148 479 fuerit
1198 424 1339 478 illius
1380 421 1556 477 adhuc
1603 432 1846 492 tempore

244 530 554 592 martyrum
600 518 905 574 multitudo.
936 517 1091 588 Quod
1141 518 1354 588 quidem
1395 514 1519 571 ideo
1547 515 1722 570 obiter
1749 530 1846 568 no-

245 619 451 681 tamus,
484 622 728 683 utquam
759 611 896 668 falsa
926 611 995 668 sit
1022 612 1092 668 de
1125 626 1311 668 corum
1355 611 1623 683 paucitate
1661 609 1846 681 opinio

244 719 445 762 omnes
476 705 793 777 intelligant.

322 796 435 854 Sed
475 798 703 870 agedum
725 840 742 866 ,
770 807 933 869 atque
955 796 1249 854 Arnobium
1280 805 1520 853 nostrum
1547 796 1725 852 adhuc
1751 810 1845 850 au-

245 887 492 957 diamus,
542 891 611 947 de
638 891 934 962 cujuslibet
980 890 1335 959 conditionis,
1368 890 1540 946 aztatis
1582 905 1648 945 ac
1684 903 1846 943 sexus

248 984 578 1057 martyribus
623 985 1023 1041 disserentem:
1075 1003 1094 1036 ι
1127 985 1211 1041 Ab
1252 984 1483 1040 dominis
1508 1024 1524 1050 ,
1561 1002 1581 1035 ι
1633 983 1709 1037 ait
1731 981 1846 1052 ,ille

250 1077 469 1149 (ldem.,
494 1078 585 1135 lib.
608 1094 671 1143 tt,
696 1096 819 1150 pag.
844 1079 915 1134 44
935 1088 982 1133 et
1007 1075 1192 1151 καφ),
1219 1097 1239 1131 ι
1267 1094 1327 1135 se
1352 1077 1494 1134 servi
1519 1075 1848 1132 cruciatibus

248 1173 395 1230 allici
416 1215 433 1239 ,
457 1174 657 1245 quibus
685 1173 993 1241 statuerint,
1023 1174 1247 1240 malunt,
1286 1171 1423 1227 solvi
1450 1173 1708 1242 conjuges
1733 1184 1847 1224 ma-

249 1264 545 1334 trimoniis,
562 1265 902 1322 exltatredari
923 1281 953 1323 a
973 1264 1286 1337 parentibus
1309 1264 1485 1335 liberi,
1502 1280 1661 1336 quam
1685 1263 1848 1319 fidem

249 1374 508 1430 rumpere
535 1358 903 1427 christiauam,
923 1369 980 1415 et
1000 1358 1254 1415 salutaris
1279 1358 1484 1412 militiae
1510 1364 1847 1412 sacramenta

248 1450 553 1522 deponere.
592 1469 610 1503 μ
643 1450 873 1507 Tantum
917 1461 1097 1506 autem
1143 1450 1325 1517 abest,
1357 1459 1415 1504 ut
1458 1459 1537 1504 tot
1583 1449 1850 1520 tantisque

247 1545 581 1603 cruciatibus
604 1544 807 1601 ethnici
832 1544 1250 1600 cbristianorum
1298 1544 1459 1599 fidem
1487 1542 1847 1598 labefactave-

245 1640 395 1704 rint;
422 1640 544 1710 quin
576 1640 750 1711 potius
791 1639 881 1694 illa
911 1638 1130 1695 altiores
1153 1653 1386 1709 semper,
1415 1637 1654 1693 Arnobio
1686 1646 1842 1703 teste,

1949 434 2071 473 cum
2113 419 2429 486 carnifices,
2483 419 2637 487 unci,
2688 420 2885 491 aliique
2936 419 3204 475 innumeri
3250 418 3541 488 cruciatus,

1949 512 2400 582 quemadmodum
2429 512 2682 577 diximus,
2714 512 3061 583 impendeant
3096 511 3385 569 credituris
3405 553 3420 576 ,
3447 526 3543 566 ve-

1947 602 2041 657 lttti
2108 603 2337 674 quadam
2396 604 2716 670 dulcedine,
2779 614 2939 676 atque
2994 603 3233 659 omnium
3290 603 3543 657 virtutum

1946 689 2133 750 aniore
2176 695 2440 766 correpti,
2473 696 2716 767 cognitas
2759 695 3026 767 accipiant
3070 694 3339 761 rationes,
3381 704 3543 763 atque

1949 788 2133 843 mundi
2161 790 2411 845 omnibus
2439 790 2601 845 rebus
2631 799 2946 861 praeponam
2969 788 3234 844 amicitias
3254 785 3493 842 Christi?
3519 808 3540 839 ι

1948 880 2085 949 Tot,
2118 884 2210 939 ille
2235 888 2345 952 ait,
2376 895 2591 957 tamque
2620 884 2831 941 diversa
2860 882 3400 957 exquisitissimarum
3424 923 3440 947 ,
3482 895 3547 937 ac

1947 976 2120 1033 ferme
2170 980 2569 1036 incredibilium
2621 996 2899 1051 pugnarum
2946 994 3175 1051 genera,
3207 976 3274 1033 ab
3316 975 3547 1031 infirmis

1948 1071 2193 1144 adeoque
2223 1072 2428 1144 fragilis
2456 1083 2664 1129 natura:
2690 1072 2823 1128 viris
2854 1084 2909 1128 et
2936 1069 3257 1127 mulieribus
3303 1067 3503 1123 tamdiu
3526 1107 3544 1133 ,

1951 1176 2205 1234 tantaque
2222 1169 2389 1224 animi
2408 1168 2743 1235 fortitudine,
2765 1168 2948 1223 divino
2967 1167 3087 1223 sine
3099 1163 3302 1221 auxilio
3324 1160 3545 1219 tolerari

1948 1276 2056 1318 non
2085 1273 2393 1332 potuerunt.

2021 1355 2351 1429 Prteceptori
2373 1374 2472 1414 suo
2493 1357 2668 1414 adhuc
2689 1355 3016 1428 suffragatur
3033 1356 3274 1427 proxime
3300 1351 3545 1408 laudatus

1949 1462 1979 1502 a
2010 1448 2163 1504 nobis
2204 1450 2515 1506 Lactantius
2549 1470 2562 1504 ε
2597 1469 2617 1503 ‹
2653 1450 2784 1505 Nam
2808 1465 2931 1506 cum
2959 1448 3140 1504 videat
3162 1446 3349 1518 vulgus
3372 1486 3386 1509 ,
3418 1464 3438 1498 ι
3471 1444 3548 1499 ait

1950 1542 2061 1611 ille,
2101 1562 2121 1596 ι
2159 1544 2446 1602 dilacerari
2478 1546 2726 1601 homines
2758 1545 2923 1600 variis
2954 1553 3347 1600 tormentorum
3375 1555 3544 1611 gene-

1948 1637 2118 1701 ribus.
2152 1647 2208 1693 et
2252 1638 2392 1694 inter
2438 1637 2691 1710 fatigatos
2735 1636 3019 1694 carnifices
3065 1636 3318 1691 invictam
3362 1644 3547 1690 tenere

245 1723 425 1803 egerit
447 1732 680 1802 radices,
710 1747 775 1788 ac
800 1733 1007 1788 firmius
1037 1732 1295 1798 stabilita,
1327 1748 1449 1789 cum
1477 1730 1668 1803 majori
1698 1747 1842 1787 mar-
1875 1741 1922 1801 Β
1950 1729 2285 1800 patientiam,
2318 1731 2631 1786 existimant
2672 1730 2725 1786 id
2766 1730 2907 1801 quod
2937 1744 3026 1786 res
3049 1737 3155 1795 est,
3187 1742 3287 1783 nec
3311 1740 3545 1782 consen-

246 1834 431 1899 tyrum
480 1843 738 1897 numero,
769 1829 936 1899 magis
976 1843 1196 1899 semper
1224 1828 1479 1884 creverit.
1508 1826 1846 1898 QuaprOpter

245 1917 398 1976 hunc
424 1920 513 1978 ille
540 1923 713 1993 pergit
740 1922 791 1977 in
822 1922 1081 1978 modum:
1119 1942 1138 1974 ι
1171 1921 1306 1978 Cum
1334 1937 1531 1994 genera
1563 1936 1843 1993 poenarum

247 2019 404 2069 tanta
440 2016 545 2070 sint
576 2031 607 2069 a
636 2015 788 2071 vobis
817 2018 1093 2088 proposita
1123 2015 1398 2087 religionis
1430 2013 1589 2085 hujus
1617 2029 1845 2086 sequen-

246 2105 400 2161 tibus
425 2106 590 2178 leges,
619 2118 876 2179 augeatur
902 2123 991 2164 res
1020 2108 1214 2180 magis,
1242 2118 1296 2164 et
1322 2116 1509 2164 contra
1531 2123 1721 2165 omnes
1746 2108 1845 2164 mi-

248 2218 381 2269 nas,
412 2212 569 2275 atque
592 2204 877 2260 interdicta
907 2202 1252 2259 formidinum
1296 2204 1592 2260 animosius
1619 2206 1844 2276 populus

247 2297 553 2366 obnitatur,
582 2308 639 2356 et
661 2299 727 2356 ad
757 2300 1011 2357 credendi
1052 2299 1288 2357 studium
1326 2300 1704 2374 probibitionis
1741 2303 1841 2358 sti-

246 2394 414 2449 mulis
436 2394 719 2450 excitetur.
760 2414 779 2447 t
816 2394 835 2463 (
856 2393 1022 2461 Idem,
1057 2413 1178 2467 pag.
1202 2393 1326 2468 45.)

322 2486 506 2558 Neque
529 2498 611 2544 est
639 2487 899 2557 profecto,
930 2489 1074 2560 quod
1103 2491 1224 2560 quis
1250 2492 1557 2563 suspicetur
1586 2491 1638 2547 id
1660 2492 1842 2549 abillo

244 2589 461 2636 temere
487 2588 542 2636 et
570 2580 707 2635 falso
733 2580 962 2648 dictum,
996 2592 1088 2638 aut
1119 2582 1281 2638 nitnis
1300 2595 1698 2656 exaggeratam.
1722 2585 1840 2641 Non

240 2677 433 2732 minus
476 2675 670 2731 etenim
714 2676 1015 2733 luculenter
1043 2677 1408 2733 Tertullianus
1440 2697 1454 2733 :
1491 2698 1510 2731 ι
1543 2679 1655 2735 Nec
1680 2680 1840 2751 quid-

238 2788 433 2843 quam,
467 2790 490 2825 ι
519 2771 613 2839 ait,
649 2789 667 2823 ε
702 2772 913 2842 proiicit
954 2773 1273 2843 exquisitior
1301 2790 1526 2845 qumque
1551 2774 1841 2830 crudelitas

238 2874 465 2931 vestra;
495 2863 747 2920 illecehra
788 2875 870 2920 est
904 2866 1076 2937 magis
1119 2876 1303 2923 sectae.
1333 2867 1525 2924 Plures
1551 2868 1836 2938 eﬂicimur,

237 2957 460 3031 quoties
484 2960 738 3014 metimur
761 2974 791 3012 a
814 2957 968 3015 vobis
988 2977 1002 3014 :
1022 2976 1209 3017 semen
1237 2971 1320 3018 est
1345 2963 1564 3033 sanguis
1592 2962 1841 3019 christia-

237 3069 561 3110 norum.....
604 3052 714 3109 Nec
755 3063 931 3110 tantos
973 3055 1254 3111 inveniunt
1282 3055 1443 3111 verba
1472 3064 1648 3111 vestra
1677 3055 1837 3112 disci-

1949 1838 2067 1878 sum
2097 1832 2206 1878 tam
2237 1824 2550 1889 multorum,
2583 1839 2684 1880 nec
2708 1823 3170 1895 perseverantiam
3202 1819 3544 1875 morientium

1948 1930 2139 1970 vanam
2168 1930 2315 1982 esse,
2335 1931 2436 1972 nec
2462 1916 2632 1986 ipsam
2657 1915 2972 1987 patientiam
2995 1914 3115 1970 sine
3140 1913 3250 1969 Deo
3276 1910 3548 1968 cruciatus

1948 2018 2129 2066 tantos
2175 2025 2334 2079 posse
2376 2012 2646 2065 sustinere
2682 2029 2701 2062 ι
2738 2008 3016 2079 (Lactant.
3039 2050 3055 2076 ,
3085 2006 3174 2062 lib.
3206 2023 3260 2077 v,
3303 2022 3420 2077 cap.
3454 2004 3545 2071 i5,

1947 2118 2069 2174 pag.
2113 2101 2280 2174 495).
2331 2101 2495 2159 Vides
2525 2103 2706 2174 itaque
2735 2117 2893 2174 quant
2925 2100 3129 2157 diserte
3160 2099 3251 2156 ille
3279 2107 3403 2172 p0st
3441 2099 3543 2152 Ar-

1946 2197 2165 2253 ttobiutn
2199 2204 2445 2254 nostrum
2467 2238 2483 2263 ,
2512 2212 2577 2252 ac
2604 2198 2827 2253 citatum
2856 2210 2886 2250 a
2916 2193 3072 2251 nobis
3096 2193 3228 2249 alibi
3257 2191 3545 2248 Minucium

1945 2286 2179 2345 Felicem
2216 2287 2474 2361 (Dissert.
2514 2290 2567 2344 in
2606 2288 2832 2353 Minuc.,
2863 2304 2980 2357 cap.
3011 2302 3087 2353 v1,
3121 2296 3225 2341 art.
3247 2282 3362 2356 5.),
3392 2298 3543 2340 asse-

1945 2391 2096 2437 veret
2132 2382 2445 2453 inspiratam
2491 2382 2559 2438 ab
2605 2384 2841 2452 ipsomet
2888 2381 3000 2438 Deo
3044 2380 3193 2435 illam
3240 2379 3544 2436 mirabilem
3637 2416 3647 2429 .

1944 2489 2170 2545 prorsus
2214 2483 2513 2546 martyrum
2554 2473 2890 2544 patientiam.
2921 2472 3082 2540 Atqui
3116 2472 3254 2526 Deus
3283 2471 3421 2527 hanc
3457 2469 3544 2525 di-

1944 2568 2124 2625 vittam
2153 2584 2305 2624 suam
2337 2584 2518 2639 opem,
2552 2578 2607 2623 et
2642 2567 2902 2622 auxilium
2945 2564 3435 2621 extraordinarium
3478 2563 3544 2620 iis

1945 2666 2151 2713 tantum
2180 2656 2428 2721 confert,
2461 2653 2553 2724 qui
2580 2670 2710 2710 vero
2738 2654 2856 2724 ejus
2885 2652 3090 2719 cultui,
3132 2667 3385 2722 verteque
3411 2649 3541 2706 reli-

1942 2751 2089 2822 gioni
2141 2751 2431 2820 mancipati
2481 2759 2637 2816 sunt,
2679 2764 2785 2804 non
2826 2757 3007 2804 autem
3049 2746 3208 2812 aliis,
3254 2747 3346 2819 qui
3394 2745 3540 2801 illuttt

1942 2853 2228 2915 spernunt,
2261 2844 2555 2914 repellunt.
2580 2850 2637 2898 et
2660 2843 2708 2898 ei
2741 2858 2958 2911 semper
2982 2840 3364 2896 adversantur.
3394 2838 3542 2895 Alias

1942 2942 2221 2997 enimvero
2252 2940 2345 2995 ille
2384 2939 2485 2996 sibi
2527 2938 2629 3009 ipsi
2661 2938 2971 2994 contrarius
3000 2946 3165 2992 esset.
3197 2934 3539 2991 Christiano-

1942 3051 2061 3090 rum
2094 3050 2260 3106 ergo,
2299 3034 2424 3105 qui,
2462 3033 2571 3088 Deo
2615 3032 2946 3103 Opitulante,
2976 3022 3058 3084 tot
3102 3037 3396 3100 tantaque,
3442 3043 3540 3098 pro

237 3151 431 3222 pulos,
469 3158 702 3221 quantos
742 3148 1025 3205 christiani
1073 3149 1231 3205 factis
1274 3149 1536 3223 docendo.
1586 3149 1680 3204 llla
1722 3150 1835 3219 ipsa

1946 3128 2140 3184 tuenda
2186 3143 2298 3183 suae
2344 3126 2622 3197 religionis
2669 3123 3044 3194 professione,
3079 3132 3186 3178 tam
3229 3131 3541 3178 constanter

236 3214 556 3307 obstinatio,
573 3257 733 3312 quam
756 3244 1118 3312 exprobratis,
1140 3243 1391 3314 magistra
1415 3214 1524 3299 est.
1541 3242 1672 3311 Quis
1692 3244 1833 3298 enim
1937 3221 2083 3314 WSSi
2113 3230 2258 3286 sum,
2290 3233 2453 3275 verus
2480 3227 2777 3314 gratusque
2801 3226 2918 3314 era}
2952 3217 3061 3314 De?
3090 3214 3290 3314 09"“,
3317 3229 3382 3271 ac
3410 3229 3538 3314 Ῐθῗδ

237 3351 347 3392 non
377 3335 838 3407 contemplatione
863 3336 981 3404 ejus
1008 3337 1314 3393 concutitur
1349 3336 1417 3393 ad
1452 3336 1833 3409 requirendum

236 3429 368 3500 quid
396 3429 538 3485 intus
560 3431 615 3485 in
638 3445 698 3486 re
723 3428 977 3498 Stt?Quis
1001 3446 1131 3495 non,
1152 3430 1240 3486 ubi
1269 3430 1566 3504 requisivit,
1596 3432 1833 3500 accedit;

234 3523 330 3579 ubi
378 3525 640 3590 accessit,
696 3525 805 3595 pati
853 3532 1074 3595 ex0ptat
1124 3508 1492 3597 (Tertullian.,
1538 3525 1833 3600 Apologet.,

235 3632 360 3685 cap.
384 3614 537 3689 50.)?
557 3615 730 3672 Nemo
759 3612 935 3672 autem
963 3617 1016 3673 id
1050 3618 1173 3688 ipsi,
1207 3634 1395 3690 parum
1423 3629 1624 3676 attenta
1655 3632 1837 3678 mente

233 3710 538 3778 scribenti,
584 3710 852 3768 excidisse
899 3721 1070 3783 putet.
1116 3711 1237 3767 Alio
1283 3713 1545 3784 siquidem
1593 3713 1646 3769 itt
1700 3714 1836 3770 libro

232 3803 436 3862 eadem
465 3807 655 3877 repetit
681 3825 696 3861 :
731 3824 750 3858 ι
783 3805 893 3863 Nec
920 3806 1133 3864 deficiet
1172 3806 1287 3864 hate
1326 3818 1494 3877 secta,
1520 3824 1680 3879 quam
1712 3817 1837 3864 tunc

230 3900 420 3970 magis
471 3901 714 3957 atdilicari
764 3902 925 3969 scias,
972 3919 1094 3959 cum
1141 3903 1275 3960 caedi
1324 3903 1556 3959 videtur.
1602 3904 1837 3975 Quisque

232 3995 387 4050 enim
424 4002 617 4051 tantam
647 3995 988 4053 tolerantiam
1019 4006 1293 4068 spectans,
1313 4005 1370 4050 ut
1389 3996 1567 4066 aliquo
1584 3997 1839 4066 scrupulo

234 4103 554 4160 percussus,
583 4099 633 4144 et
665 4090 938 4161 inquirere
977 4090 1287 4146 accenditur
1320 4089 1449 4161 quid
1474 4091 1544 4144 sit
1571 4090 1622 4144 in
1653 4105 1836 4157 causa,

234 4194 293 4240 et
317 4184 415 4239 ubi
443 4184 758 4255 cognoverit
787 4184 1091 4250 veritatem,
1112 4194 1167 4239 et
1186 4182 1303 4255 ipse
1323 4184 1502 4238 statim
1522 4185 1786 4254 sequitur.
1813 4202 1832 4235 ι

239 4276 483 4348 (Idem,
518 4277 636 4331 ἰών.
665 4277 734 4332 ad
763 4278 1005 4349 Scapul..
1037 4295 1153 4351 cap.
1184 4277 1272 4351 5).
1305 4276 1410 4334 Sed
1441 4278 1510 4334 de
1538 4278 1620 4335 Itis
1649 4278 1837 4344 fusius,

236 4372 335 4427 ubi
361 4371 431 4427 de
462 4383 692 4444 utroque
718 4368 810 4427 illo
838 4371 1156 4427 Tertulliani
1186 4372 1358 4439 libro,
1387 4371 1801 4444 disputabimus.

314 4465 520 4522 Eadem
549 4467 1017 4538 argumentatione
1043 4476 1098 4522 et
1126 4464 1237 4521 Leo
1262 4464 1506 4536 Magnus,
1538 4475 1591 4521 et
1619 4465 1710 4521 alii
1742 4482 1842 4521 tto-

1938 3312 2101 3368 etiam
2124 3327 2336 3377 eorum,
2353 3310 2811 3384 quemadmodum
2830 3308 2966 3366 falsa
2982 3308 3329 3366 ethnicorum
3347 3308 3538 3379 religio

1938 3420 2060 3462 esse
2085 3404 2341 3463 debebat.

2548 3556 2838 3598 ARTICULUS
2876 3556 2933 3596 ιι.

1939 3673 2190 3739 Quomodo
2213 3673 2460 3739 Arnobius
2481 3674 2758 3739 christiana:
2799 3674 3055 3739 religionis
3079 3674 3341 3728 veritatem
3379 3673 3539 3728 adhuc

2000 3738 2218 3788 vindicet.
2258 3751 2320 3787 ex
2359 3736 2493 3787 illius
2527 3737 2750 3787 doctrina
2770 3773 2785 3798 ,
2821 3740 2884 3787 ab
2904 3736 3193 3789 innumeris
3225 3738 3536 3799 hominibus,

1998 3800 2202 3864 deorum
2227 3800 2380 3850 cultui
2404 3800 2627 3862 addictis,
2655 3813 2748 3864 per
2780 3808 2941 3851 totum
2979 3808 3224 3853 terrarum
3246 3806 3418 3854 orbem
3450 3817 3537 3854 ce-

2000 3860 2205 3912 lerrime
2231 3869 2483 3927 suscepta.

2010 3991 2308 4048 Veritatem
2357 3991 2667 4048 christiana:
2714 3992 2996 4065 religionis
3047 3993 3320 4051 Arnobius
3367 3994 3527 4050 tertio

1940 4095 2280 4156 argumento,
2313 4101 2379 4141 ex
2411 4085 2580 4156 ipsius
2616 4085 2861 4141 doctrina
2880 4126 2896 4155 ,
2926 4102 2990 4142 ac
3012 4087 3413 4158 promptissima
3439 4089 3539 4143 mi-

1942 4194 2110 4250 raque
2136 4178 2283 4235 illius
2308 4196 2404 4250 per
2429 4179 2710 4236 universas
2740 4179 2890 4235 orbis
2921 4188 3078 4236 terra:
3099 4190 3280 4251 partes
3298 4224 3313 4249 ,
3345 4198 3538 4263 propa-

1943 4272 2160 4345 gatione
2179 4273 2369 4343 petito,
2389 4273 2818 4330 luculentissime
2842 4272 3199 4330 demonstrat.
3217 4275 3349 4343 Qua:
3368 4275 3532 4343 enim,

1943 4364 2021 4420 ait
2046 4364 2169 4430 ille,
2201 4375 2285 4421 est
2310 4366 2429 4438 ejus
2456 4364 2702 4421 doctrina
2721 4368 2746 4418 ?
2777 4368 2944 4424 Docet
2969 4382 3134 4422 unum
3166 4368 3538 4424 tantummodo

1944 4474 2066 4515 esse
2091 4459 2282 4526 Deum,
2312 4459 2563 4532 hancque
2589 4474 2859 4517 summum
2887 4477 3067 4517 rerum
3095 4463 3337 4518 omnium
3362 4461 3539 4519 domi—

240 4560 343 4617 stri
405 4560 699 4632 scriptores
744 4562 1052 4616 christiana:
1096 4559 1373 4630 religionis
1413 4558 1724 4628 veritatem,
1767 4559 1845 4614 uti
1871 4551 2077 4612 Dnnm
2112 4561 2168 4610 et
2206 4552 2543 4626 principem,
2588 4564 2749 4626 atque
2795 4554 3001 4612 idcirco
3041 4556 3211 4611 nostri
3259 4555 3541 4612 dumtaxat

241 4671 413 4713 nemo
478 4655 687 4721 nescit,
742 4653 1145 4710 evidentissime
1200 4652 1639 4709 demonstrarunt
1691 4651 1839 4721 (Leo

238 4746 458 4818 ﬂagra,
475 4764 627 4803 smn.
645 4746 763 4816 t,de
778 4746 884 4804 SS.
905 4745 1049 4802 Petr.
1069 4757 1115 4801 et
1147 4744 1365 4818 Paul.).
1395 4745 1467 4801 At
1496 4761 1605 4816 pra:
1630 4745 1843 4801 catteris

238 4841 593 4908 Laetantius,
642 4841 867 4898 Arnohii
914 4842 1082 4897 nostri
1128 4840 1458 4911 discipulus,
1490 4855 1609 4895 eant
1655 4850 1841 4897 contra

238 4936 516 4993 Ethnicos
545 4943 796 5006 urget,ac
824 4934 1068 5005 qumdam
1100 4934 1412 4990 eorumdent
1441 4931 1720 5005 gentilium
1746 4934 1843 4990 ob-

236 5030 419 5102 jecta,
449 5030 641 5099 quibus
670 5028 811 5084 illius
837 5028 944 5083 vim
972 5037 1027 5083 et
1052 5028 1218 5083 robur
1255 5027 1531 5082 infirmare
1566 5026 1841 5082 conaban-

243 5134 372 5185 tur,
408 5121 591 5188 diluit,
617 5136 681 5178 ac
709 5119 1163 5193 quemadmodum
1206 5135 1306 5176 suo
1346 5120 1466 5176 loco
1505 5120 1843 5187 videbimus,

240 5216 470 5290 penitus
499 5215 798 5288 subvertit(
817 5215 1076 5284 Lactant.,
1111 5216 1200 5270 lib.
1233 5231 1289 5281 ν,
1321 5215 1385 5270 de
1412 5213 1568 5283 Inst.,
1600 5232 1717 5287 cap.
1750 5216 1839 5282 15,

242 5328 384 5387 pag.
413 5310 539 5377 494,
568 5320 616 5365 et
639 5327 756 5381 cap.
793 5309 879 5374 '19,
909 5328 1029 5383 pag.
1061 5308 1237 5382 518.).

322 5403 482 5461 Nunc
498 5406 677 5478 itaque
694 5421 852 5475 quam
869 5405 1270 5461 conclusionem
1295 5403 1418 5461 inde
1444 5405 1623 5460 eliciat
1645 5407 1847 5461 Auctor

243 5507 464 5563 noster,
497 5499 544 5556 si
576 5500 744 5567 lubet,
776 5499 1143 5571 expendamus
1173 5518 1186 5554 :
1223 5518 1242 5553 ε
1274 5498 1544 5570 Numquid
1564 5540 1579 5565 ,
1618 5520 1636 5553 ι
1677 5501 1850 5570 inquit

244 5592 514 5665 (Arnab.,
541 5591 632 5647 lib.
658 5609 717 5657 η,
747 5609 865 5665 pag.
896 5592 1025 5662 45),
1086 5610 1105 5644 ε
1139 5592 1256 5647 haec
1281 5591 1399 5648 fieri
1428 5591 1625 5662 passim
1653 5601 1709 5648 et
1729 5592 1847 5647 ina-

242 5685 402 5743 niter
429 5684 687 5741 creditis?
711 5684 973 5742 Fortuitis
1007 5684 1310 5741 incursibus
1345 5686 1548 5740 assumi
1578 5683 1678 5742 has
1698 5701 1850 5741 men-

246 5781 373 5842 tes?
402 5778 553 5840 Itane
582 5780 726 5840 istud
751 5795 862 5842 non
884 5779 1130 5840 divinum
1157 5792 1212 5840 et
1234 5793 1449 5840 sacrum
1476 5789 1584 5851 est,
1613 5781 1852 5840 autsine

1947 4661 2109 4702 causa
2137 4647 2398 4702 orandum
2428 4656 2482 4703 et
2513 4647 2868 4704 adorandum.
2897 4649 3065 4704 Docet
3091 4649 3224 4705 nihil
3251 4650 3321 4705 ab
3350 4667 3415 4707 eo
3443 4648 3539 4706 de-

1950 4737 2280 4811 poscendum
2307 4781 2323 4808 ,
2356 4740 2458 4796 nisi
2480 4741 2688 4811 justum
2710 4782 2726 4807 ,
2768 4741 3056 4797 honestum
3078 4784 3093 4809 ,
3123 4751 3180 4797 et
3213 4742 3395 4797 auditu
3423 4742 3539 4813 ejus

1949 4835 2188 4906 dignum.
2245 4836 2412 4892 Docet
2454 4835 2585 4891 niltil
2626 4835 2970 4891 tribuendum
3016 4835 3212 4906 iniqua:
3258 4836 3535 4892 hominum

1949 4928 2224 4997 cupiditati
2256 4938 2312 4985 et
2339 4928 2548 4984 libiditti
2572 4970 2588 4996 ,
2634 4929 2730 4986 sed
2761 4930 2975 5001 utrique
3020 4944 3236 4999 semper
3270 4931 3539 4987 obsisten-

1945 5022 2108 5084 dum;
2149 5022 2383 5079 dandam
2417 5022 2737 5078 innocentia:
2762 5037 2828 5078 ac
2856 5037 3067 5077 morum
3109 5022 3399 5095 integritati
3430 5022 3538 5079 ulla

1945 5135 2200 5191 umquam
2255 5119 2373 5175 sine
2428 5118 2834 5174 intermissione
2882 5134 3104 5190 operam
3131 5164 3145 5189 ,
3210 5133 3417 5189 nosque
3470 5118 3539 5174 ab

1946 5212 2094 5270 omni
2126 5212 2244 5269 labe
2270 5211 2591 5268 delictorum
2622 5212 2863 5268 omnium
2894 5212 3263 5284 amputatione
3304 5227 3536 5284 purgan-

1946 5305 2047 5362 dos
2073 5324 2085 5361 :
2122 5326 2141 5359 ‹
2174 5304 2322 5361 Nihil
2347 5319 2533 5360 sumus
2559 5304 2702 5360 aliud
2729 5303 3030 5369 christiani,
3068 5325 3087 5358 ι
3119 5305 3345 5361 Arnohii
3373 5306 3539 5361 verba

1949 5411 2102 5469 sunt,
2137 5420 2158 5453 ε
2193 5401 2296 5456 nisi
2327 5400 2583 5471 magistro
2610 5399 2861 5467 Christo,
2893 5401 3088 5457 summi
3115 5401 3259 5472 regis
3296 5415 3359 5457 ac
3392 5400 3540 5471 prin—

1949 5496 2082 5568 cipis
2119 5504 2498 5566 veneratores,
2546 5496 2710 5564 nihil,
2753 5496 2801 5552 si
2829 5496 3176 5563 consideres,
3210 5495 3353 5551 aliud
3384 5496 3538 5552 inve-

1951 5592 2068 5645 nies
2096 5590 2153 5645 in
2180 5590 2280 5646 ista
2314 5590 2578 5663 religione
2597 5590 2822 5647 versari.
2868 5589 2997 5645 Hatc
3023 5589 3188 5646 totius
3216 5603 3428 5646 summa
3454 5604 3543 5646 ac-

1952 5683 2112 5739 tionis
2137 5726 2152 5749 ,
2197 5682 2288 5741 hic
2333 5684 2645 5757 propositus
2686 5681 2951 5740 terminus
2985 5681 3295 5739 divinorum
3344 5679 3550 5737 ofﬁcio-

1953 5796 2073 5841 rum
2090 5824 2105 5851 ,
2132 5779 2220 5840 hic
2247 5782 2393 5845 linis.
2432 5779 2573 5842 Huic
2613 5792 2803 5839 omnes
2839 5791 2910 5837 ex
2935 5793 3095 5839 more
3122 5774 3518 5850 prosternimur
3543 5817 3560 5849 ,
