4166 6256
314 266 419 323 425

1559 268 1623 324 ΙΝ
1660 266 2013 327 ARNOBlUM
2042 310 2056 337 ,
2098 266 2250 324 CAP.
2294 268 2357 323 V.

3496 265 3602 326 49.6

304 382 545 454 negotiis
576 381 922 452 permittebat
954 380 1235 451 pecuniam
1262 379 1540 441 dumtaxat
1566 382 1756 440 decem
1785 385 1904 440 mil-
1932 388 1985 448 Α
2008 383 2233 455 gentiles
2259 380 2627 438 aboleverant.
2658 380 2925 447 Secundae
2971 394 3111 441 vero.
3144 380 3274 439 illud
3314 393 3601 454 repugnat,

304 474 436 529 lium
460 473 595 529 dare
622 493 640 524 ι
669 472 857 541 (Plin.,
884 472 973 527 lib.
998 489 1053 537 v,
1079 474 1229 545 epist.
1256 473 1348 528 ult.
1372 475 1441 529 ad
1466 474 1702 548 Rufum).
1726 476 1908 532 Livius

303 582 441 624 vero
469 586 485 623 :
524 587 543 619 ι
588 566 721 634 Quid
756 565 927 638 legem
958 564 1198 622 Cinciam
1231 567 1296 623 de
1320 567 1479 623 donis
1508 576 1562 624 et
1595 569 1906 624 muneribus

301 660 598 726 excitavit;
646 658 750 713 nisi
799 658 923 729 quia
971 661 1248 731 vectigalis
1297 661 1411 729 jam
1459 672 1513 715 et
1558 661 1904 731 stipendiaria

297 753 461 823 plebs
487 767 607 809 esse
632 750 847 807 senatui
873 752 1164 823 coeperit?»
1198 751 1358 826 (Liv.,
1389 753 1478 809 lib.
1512 754 1604 821 54,
1640 752 1775 827 §4.)

298 854 336 914 ὁ
378 847 659 905 Censoriis
690 847 923 919 legibus,
975 845 1102 918 qute'
1120 858 1176 903 et
1205 849 1551 919 sumptuaria).
1592 859 1646 906 et
1694 850 1907 907 cibaria:

300 942 666 1009 vocabantur,
694 939 934 1011 majores
960 956 1241 998 coenarum
1267 957 1330 997 ac
1352 943 1722 999 conviviorum
1759 960 1907 998 sum-

306 1044 432 1107 ptus
457 1043 515 1092 et
540 1034 758 1090 luxuria
805 1034 1217 1091 coercebantur.
1250 1034 1366 1091 Una
1406 1045 1585 1093 autem
1623 1052 1691 1092 ex
1718 1037 1823 1093 illis
1843 1052 1906 1094 ea

301 1138 455 1193 erat,
484 1144 649 1201 quam
694 1127 881 1184 Livius
926 1143 1053 1184 mox
1092 1127 1342 1184 laudatus
1371 1127 1441 1184 ab
1467 1127 1640 1200 Oppio
1667 1127 1905 1185 Tribuno

292 1222 479 1294 .plebis
504 1221 689 1278 datam
739 1231 1009 1277 memorat
1053 1218 1241 1292 (lbid.,
1274 1220 1303 1292 §
1333 1221 1407 1293 1).
1437 1222 1508 1276 At
1538 1229 1800 1291 praeterea
1839 1220 1906 1277 ab

307 1319 375 1374 Λ.
400 1316 601 1382 Gellio,
619 1323 673 1371 et
688 1329 717 1369 a
733 1313 1007 1371 Macrobio
1032 1321 1421 1369 enumerantur
1439 1313 1658 1380 Orchia,
1675 1312 1902 1380 Fannia,

309 1412 470 1468 Didia
487 1452 505 1480 ,
533 1408 736 1466 Licinia
754 1450 769 1475 ,
793 1407 1042 1465 Cornelia
1064 1450 1081 1477 ,
1105 1407 1344 1480 Syllana,
1373 1404 1678 1478 Lepidana,
1711 1408 1870 1463 Antia
1887 1451 1903 1475 ,

303 1504 489 1571 Julia,
526 1513 580 1560 et
609 1503 832 1576 Augusti
860 1502 1231 1572 imperatoris,
1263 1502 1376 1559 sive
1402 1501 1639 1569 Tiberii,
1669 1510 1730 1555 ut
1757 1509 1908 1556 notat

309 1599 551 1665 Gellius,
602 1597 834 1653 edictum
885 1595 1070 1667 (Gell.,
1105 1594 1193 1650 lib.
1223 1611 1261 1650 ιι
1303 1594 1461 1650 Noct.
1496 1595 1623 1662 Att.,
1663 1610 1780 1657 cap.
1827 1593 1902 1659 4;

308 1691 573 1758 Macrob.,
597 1690 686 1745 lib.
711 1706 771 1746 ιιι
805 1689 1102 1754 Saturnal.,
1127 1705 1245 1758 cap.
1270 1688 1386 1762 17).
1410 1688 1701 1745 Suetonius
1727 1697 1903 1742 tamen

2008 476 2151 549 quod
2184 485 2243 531 ut
2277 476 2392 547 ipse
2442 475 2657 542 fatetur,
2688 490 2885 531 nomen
2929 478 3136 548 culigna
3183 476 3322 547 apud
3353 476 3602 532 eumdem

2010 568 2332 633 Varronem,
2380 567 2601 623 Festum
2650 575 2706 623 et
2733 567 2943 623 Livium
2985 570 3164 639 potius
3203 568 3472 640 signiﬁcat
3511 584 3607 623 vas

2008 662 2300 731 potorium,
2321 676 2428 731 quo
2452 661 2632 715 vinum
2656 661 2711 715 in
2732 661 3009 717 sacriﬁciis
3029 661 3374 717 offerebatur.
3403 661 3608 716 Deinde

2007 769 2138 811 vero
2181 753 2307 825 quid
2353 754 2423 810 ibi
2457 753 2631 810 Vestm
2678 755 2880 811 faceret
2923 756 3402 822 commemoratio,
3453 755 3609 825 cujus

2008 847 2211 903 nullum
2241 848 2293 903 in
2322 848 2551 904 Arnobii
2581 856 2729 903 textu
2755 848 3076 919 vestigium?

2080 942 2214 997 Tota
2242 956 2409 1012 porro
2437 942 2758 999 tenebricosi
2788 942 2949 1014 hujus
2976 944 3272 999 Arnobiani
3300 944 3429 1000 dicti
3460 944 3604 1000 dil'li-

2005 1033 2176 1088 cultas
2206 1035 2258 1088 in
2307 1033 2420 1090 sola
2464 1034 2805 1105 potissimum
2850 1051 2984 1092 voce
3013 1037 3246 1107 caliginis
3298 1036 3469 1105 posita
3500 1046 3606 1091 est.

2005 1126 2322 1183 Penetrales
2373 1130 2651 1185 enimvero
2700 1129 2853 1185 focos
2882 1129 3047 1186 fuisse
3076 1130 3335 1186 discimus
3382 1130 3466 1187 his
3501 1129 3611 1186 Ca-

2010 1222 2128 1276 tulli
2160 1221 2400 1293 (Catull.,
2432 1220 2620 1294 Epigr.
2647 1223 2718 1277 ad
2742 1221 3002 1295 Marcet),
3036 1224 3127 1280 ubi
3156 1225 3224 1279 de
3252 1223 3435 1292 'l‘roja,
3480 1241 3605 1280 ver-

2008 1316 2160 1373 sibus
2191 1334 2204 1371 :

2102 1406 2342 1476 Ad.quam
2366 1419 2468 1461 tum
2492 1423 2760 1476 properans
2782 1411 2940 1462 fertur
2964 1411 3107 1476 simul
3133 1412 3352 1476 undique
3378 1413 3535 1476 pubes

2164 1470 2333 1525 Graeca
2354 1470 2644 1536 penetrales
2661 1476 2949 1526 deseruisse
2974 1474 3121 1526 focos.

2009 1576 2233 1633 Servius
2280 1595 2495 1652 quoque
2539 1581 2953 1647 animadvertit,
3005 1582 3289 1652 penetralia
3320 1600 3349 1637 a
3380 1581 3607 1656 Virgilio

2012 1666 2252 1740 (Virgil.,
2280 1670 2370 1726 lib.
2401 1687 2455 1725 v1
2482 1671 2725 1741 1Eneid.,
2754 1689 2884 1729 vers.
2916 1672 3007 1743 71)
3036 1674 3142 1730 dici
3169 1683 3362 1730 secreta
3389 1676 3609 1746 (emplo-

307 1785 499 1841 scribit
526 1781 917 1855 sumptuariam
953 1781 1128 1854 legem
1155 1781 1223 1837 ab
1250 1760 1496 1853 Augusto
1522 1780 1784 1837 sancitam
1814 1787 1906 1834 aut

2017 1776 2144 1827 rum,
2167 1760 2273 1817 hoc
2294 1763 2505 1820 scilicet
2528 1779 2686 1821 versu
2722 1784 2734 1820 :

305 1887 677 1935 retractatam.
707 1876 924 1934 Videsis
951 1876 1172 1932 Manutii
1200 1887 1255 1933 et
1282 1876 1501 1932 Antonii
1526 1875 1809 1947 Augustini
1837 1876 1905 1933 de

301 1975 514 2046 legibus
536 1973 704 2029 libros
725 1970 989 2043 (Sueton.,
1024 1972 1114 2027 lib.
1142 1986 1204 2037 ιι,
1232 1971 1296 2025 de
1324 1972 1485 2043 Aug.,
1510 1988 1628 2042 cap.
1654 1971 1758 2038 54;
1783 1969 1903 2025 Ma-

312 2077 449 2133 nnt.,
481 2067 569 2121 lib.
600 2066 665 2121 de
699 2065 879 2138 Legib.
910 2083 1068 2132 rom.,
1102 2083 1220 2137 cap.
1251 2065 1358 2132 18',
1381 2065 1573 2121 Anton.
1604 2066 1903 2138 Attgustin.,

316 2159 408 2213 lib.
439 2160 736 2232 tdelegib.,
768 2176 885 2231 cap.
919 2158 1035 2231 18).
1086 2161 1156 2214 At
1180 2157 1548 2215 Tertullianus
1574 2169 1698 2214 ante
1727 2159 1904 2214 Arno-

317 2259 463 2316 bium
494 2268 737 2315 nostrum
761 2258 1039 2324 ethnicos,
1063 2256 1369 2313 christiana:
1398 2255 1673 2327 religionis
1699 2257 1909 2311 novita-

315 2362 422 2410 tem
448 2340 868 2424 exprobrantes,
890 2350 975 2407 his
998 2353 1424 2420 interregaverat
1450 2350 1628 2406 verbis
1662 2369 1676 2405 :
1714 2369 1733 2402 ‹
1763 2350 1908 2419 Quo-

314 2465 438 2505 nam
486 2448 592 2504 illa:
642 2450 789 2519 leges
827 2447 1090 2512 abierunt,
1142 2457 1411 2518 sumptum
1456 2457 1512 2501 et
1558 2446 1905 2500 ambitionem

314 2541 721 2612 epprimentes?
750 2555 870 2611 qutc
901 2549 1116 2595 centum
1145 2549 1288 2605 mra,
1319 2554 1426 2595 non
1457 2537 1691 2609 amplius
1719 2538 1770 2592 in
1799 2553 1910 2594 eteo

318 2649 449 2689 nam
478 2633 741 2690 subscribi
782 2633 1066 2703 jubebant,
1120 2647 1221 2687 nec
1267 2632 1499 2703 amplius
1546 2646 1705 2703 quam
1747 2647 1907 2686 unam

316 2726 510 2783 inferri
532 2727 795 2798 gallinam,
816 2737 871 2783 et
891 2744 1008 2784 eam
1035 2745 1139 2785 non
1159 2728 1556 2799 saginatam?...
1579 2726 1746 2782 Video
1763 2727 1909 2782 enim

314 2831 373 2878 ct
396 2822 737 2877 centenarias
774 2836 992 2888 coenas,
1023 2832 1077 2877 et
1116 2823 1360 2878 centenis
1387 2820 1495 2890 jam
1539 2820 1803 2876 sestertiis
1828 2819 1909 2874 di-

315 2914 542 2982 cendas,
572 2923 629 2970 et
668 2915 721 2969 in
749 2915 931 2971 lances
958 2915 1166 2989 (parum
1197 2924 1281 2971 est
1304 2914 1349 2970 si
1377 2923 1687 2970 senatorum
1725 2922 1780 2969 et
1803 2926 1911 2968 non

317 3008 703 3064 libertinorum,
742 3009 825 3064 vel
871 3008 1047 3065 adhuc
1088 3009 1252 3080 ﬂagra
1302 3004 1688 3079 rumpentium)
1722 3021 1913 3077 argen-

317 3106 450 3160 taria
497 3104 715 3161 metalla
751 3102 1008 3174 producta
1042 3124 1061 3157 ι
1107 3103 1374 3176 (Tertull.,
1406 3103 1647 3174 Apolog.,
1681 3118 1801 3172 cap.
1832 3099 1911 3173 6).

2101 1877 2175 1928 Te
2197 1891 2395 1941 quoque
2418 1892 2594 1944 magna
2615 1889 2816 1932 manent
2838 1885 3011 1945 regnis
3032 1884 3312 1946 penetralia
3335 1888 3536 1938 nostris.

2010 1980 2066 2034 In
2099 1980 2167 2035 iis
2191 1990 2370 2038 autem
2416 1994 2707 2055 perpetuos
2737 1985 2905 2042 fuisse
2946 1987 3117 2054 focos,
3145 1988 3266 2059 quis
3312 1989 3412 2044 sibi
3455 1988 3611 2045 facile

2008 2089 2114 2130 non
2142 2076 2524 2146 persuadebit?

2079 2167 2267 2224 Solum
2310 2169 2472 2240 igitur
2499 2170 2846 2227 statuendum
2873 2182 3122 2243 superest
3149 2174 3196 2228 si
3224 2175 3352 2245 quid
3379 2176 3432 2230 in
3462 2177 3613 2233 vocis

2009 2262 2245 2335 caliginis
2285 2264 2461 2319 locum
2509 2266 2722 2321 restitui
2750 2267 2964 2323 debeat.
3008 2270 3099 2333 At,
3144 2270 3392 2339 inquies,
3425 2270 3616 2342 quidni

2011 2356 2217 2426 legatur
2242 2355 2295 2409 in
2326 2357 2562 2411 culinis?
2599 2356 2646 2413 Α
2674 2358 2869 2414 Vossio
2909 2360 3173 2430 siquidem
3204 2372 3329 2431 post
3371 2364 3614 2435 Scalige-

2010 2461 2129 2500 rum
2176 2461 2245 2501 ex
2292 2447 2460 2502 veteri
2515 2448 2868 2519 inscriptione
2913 2451 3218 2507 ostenditur
3263 2454 3313 2507 in
3366 2454 3615 2510 Herculis

2012 2538 2257 2595 :ediculis
2286 2539 2451 2596 fuisse
2480 2541 2711 2607 culinas,
2745 2543 2833 2598 ubi
2864 2560 3092 2616 peregre
3119 2545 3413 2616 profecturi
3446 2549 3615 2604 sacri-

2014 2631 2266 2689 ﬁcabant.
2297 2633 2415 2690 Non
2455 2635 2597 2692 male
2636 2636 2883 2703 forsitan,
2932 2641 2976 2694 si
3021 2639 3095 2694 ibi
3138 2653 3427 2712 perpetuos
3464 2643 3615 2701 focos

2011 2727 2138 2782 olim
2188 2739 2497 2785 asservatos
2544 2745 2668 2786 esse
2716 2732 3048 2800 probaveris.
3081 2732 3274 2790 Nonne
3325 2745 3503 2792 tamen
3558 2738 3614 2793 in

2015 2820 2174 2890 hujus
2220 2821 2546 2892 conjectura:
2579 2825 3045 2881 conﬁrmationem
3095 2827 3332 2896 adjicere
3377 2829 3506 2886 licet
3547 2831 3617 2886 ab

2013 2914 2265 2982 ethnicis,
2312 2916 2768 2987 quemadmodum
2817 2918 2953 2973 infra
3008 2919 3274 2987 dicemus,
3332 2925 3617 2992 geniorum

2014 3006 2167 3063 focos
2195 3022 2292 3077 pro
2321 3007 2425 3063 diis
2454 3009 2667 3065 habitos
2696 3009 2887 3075 fuisse,
2918 3020 3080 3082 atque
3107 3012 3308 3068 idcirco
3339 3013 3392 3068 in
3424 3030 3616 3071 eorum

2016 3099 2219 3155 cultum
2251 3109 2306 3157 et
2346 3100 2610 3157 honorem
2641 3102 2691 3156 in
2724 3102 2918 3157 culinis
2953 3112 3010 3158 et
3050 3103 3216 3170 locis,
3254 3105 3393 3161 sicut
3421 3106 3619 3162 citatus

316 3200 428 3256 Sed
458 3199 527 3255 de
553 3199 636 3254 bis
659 3213 758 3254 nos
781 3197 1019 3254 suoloco
1043 3196 1284 3267 (Disscrt.
1314 3199 1367 3252 in
1390 3198 1525 3251 hunc
1545 3197 1659 3264 lib.,
1685 3212 1801 3265 cap.
1823 3195 1912 3261 l9,
1945 3195 1989 3257 C
2019 3192 2193 3249 Varro
2218 3192 2497 3249 annotavit
2524 3194 2700 3265 ignem
2731 3193 2862 3250 olim
2892 3203 3164 3252 servatum
3199 3214 3211 3250 :
3246 3196 3339 3252 sed
3369 3212 3397 3250 a
3426 3208 3616 3268 poste-

316 3304 419 3346 art.
442 3291 525 3365 2).

394 3386 524 3443 Post
541 3385 656 3443 hate
686 3385 959 3443 Arnobius
993 3407 1006 3440 :
1038 3405 1057 3439 ι
1092 3385 1360 3456 Numquid
1390 3386 1440 3440 in
1473 3383 1836 3455 penetralibus
1864 3391 1920 3439 ct

313 3480 567 3551 caliginis
610 3488 906 3551 perpetuos
962 3478 1153 3535 fovetis
1183 3480 1400 3535 focos‘h
1437 3477 1675 3545 (Arnob.,
1720 3477 1807 3531 lib.
1856 3491 1915 3542 ιι,

315 3593 442 3648 pag.
475 3573 593 3645 91.)
648 3575 704 3629 ln
740 3574 1060 3647 quibusdam
1102 3574 1261 3629 editis
1292 3575 1526 3646 legitur:
1557 3572 1627 3628 In
1678 3581 1916 3644 penetra-

316 3670 456 3724 libus
496 3667 678 3723 Vestaz.
713 3666 772 3724 In
801 3669 990 3725 ultima
1018 3683 1148 3724 vero
1172 3666 1416 3723 editione
1444 3666 1650 3723 sublata
1682 3675 1765 3723 est
1791 3680 1915 3736 par-

319 3764 487 3819 ticula
527 3773 593 3821 et.
622 3764 728 3821 Sed
768 3779 873 3835 qua
902 3763 1223 3819 auctoritate
1264 3761 1379 3818 haec
1410 3761 1546 3817 facta
1577 3762 1718 3829 sint,
1758 3774 1917 3815 nemo

322 3856 489 3912 nobis
513 3856 782 3912 indicavit.
805 3855 1019 3928 Lipsius
1041 3870 1197 3921 vero,
1221 3869 1251 3908 a
1277 3851 1568 3909 Rosweido
1586 3851 1914 3917 admonitus,

317 3952 581 4008 observat
626 3953 675 4007 in
721 3950 953 4022 quodam
991 3947 1359 4018 manuscripto
1392 3945 1578 4003 codice
1608 3946 1863 4015 scriptum
1900 3960 1914 3997 :

320 4065 340 4097 ι
358 4045 420 4101 ln
447 4058 583 4116 pene
606 4042 1045 4114 impcnetralibus
1068 4039 1393 4109 etcolignis»
1420 4036 1614 4110 (Lips.,
1643 4024 1913 4106 Syntagm.

310 4139 385 4195 de
438 4135 578 4192 Vest.
619 4147 666 4192 et
708 4134 923 4203 Vestal.,
969 4145 1092 4190 tom.
1143 4150 1219 4201 ιιι,
1267 4150 1387 4205 pag.
1444 4130 1596 4203 619).
1649 4129 1812 4186 Certe
1862 4130 1917 4184 in

308 4233 687 4303 manuscripto
723 4230 910 4288 codice
949 4229 1098 4301 regio
1138 4226 1456 4297 simpliciter
1490 4225 1721 4281 habetur
1744 4241 1781 4303 ς⁵
1805 4221 1916 4316 Im;

308 4325 663 4399 penetralibus
699 4334 745 4380 et
791 4322 1026 4396 colignis.
1065 4321 1181 4377 Non
1223 4321 1421 4375 mirum
1471 4319 1653 4389 itaque
1694 4316 1741 4372 si
1784 4331 1911 4372 cor-

312 4429 518 4492 ruptus
560 4417 655 4474 ille
703 4418 852 4473 locus
877 4415 1066 4471 doctos
1119 4412 1365 4470 homines
1406 4410 1547 4467 haud
1575 4426 1764 4466 parum
1802 4418 1915 4466 tor-

314 4514 480 4572 serit.

2023 3283 2098 3341 ris
2142 3286 2445 3357 neglectum
2477 3288 2619 3343 hunc
2659 3302 2898 3355 morem,
2928 3289 3018 3359 qui
3050 3289 3158 3345 illis
3197 3291 3484 3350 molestior
3510 3293 3617 3349 im-

2019 3380 2409 3451 portuniorque
2437 3380 2612 3437 factus
2640 3391 2745 3438 est.

2088 3474 2205 3531 Non
2234 3475 2428 3531 desunt
2468 3491 2631 3547 porro
2676 3477 2767 3547 qui
2815 3478 3036 3534 retineri
3067 3484 3234 3536 velint
3263 3496 3448 3537 vocem
3485 3468 3616 3538 coli-

2019 3571 2152 3642 ginis
2179 3586 2340 3642 quam
2365 3585 2395 3625 a
2417 3571 2584 3627 verbo
2609 3572 2750 3631 colo.
2795 3573 2849 3627 id
2879 3584 2993 3639 cst,
3022 3574 3282 3642 inhabito,
3318 3576 3619 3634 derivatam

2018 3664 2648 3737 arbitrantur(Salmas.,
2675 3668 2728 3720 in
2753 3665 3039 3721 Exercitat.
3067 3667 3327 3737 Plinium,
3350 3688 3468 3743 pag.
3487 3670 3618 3737 270,

2020 3757 2127 3813 587
2154 3768 2202 3812 et
2235 3757 2385 3829 9M).
2419 3758 2552 3814 Eam
2581 3761 2745 3831 igitur
2768 3775 2982 3824 vocem,
3031 3762 3222 3834 caligo,
3259 3762 3401 3820 idem
3428 3779 3492 3819 ac
3517 3763 3621 3819 do-

2021 3866 2187 3917 mum,
2216 3850 2567 3917 domicilium,
2613 3862 2669 3907 et
2711 3851 3103 3909 habitationem
3146 3855 3287 3924 apud
3338 3865 3621 3912 auctorem

2021 3952 2263 3998 nostrum
2292 3943 2599 4014 signiﬁcare
2629 3944 2715 3999 his
2743 3945 2920 4000 visum
2953 3953 3057 4001 est.
3098 3946 3204 4002 Sed
3235 3947 3289 4001 in
3321 3956 3471 4003 textu
3516 3950 3623 4002 Ar-

2020 4035 2165 4093 nobii
2194 4036 2462 4093 demenda
2487 4046 2605 4092 erat
2632 4037 2892 4106 particula
2920 4046 2992 4102 et,
3023 4046 3183 4107 atque
3208 4039 3389 4108 aliquo
3416 4039 3613 4095 saltem

2020 4128 2269 4199 exemplo
2322 4128 2681 4198 probandum,
2738 4145 2769 4182 a
2821 4128 3018 4198 quibus
3073 4142 3270 4184 nomen
3324 4130 3497 4201 coligo
3551 4147 3619 4188 eo

2020 4241 2183 4282 sensu
2206 4224 2501 4281 adhibitum
2518 4223 2871 4294 fuerit.Virgo
2887 4238 3015 4295 ergo
3031 4232 3206 4278 utrum
3223 4238 3417 4280 nomen
3432 4225 3621 4281 culinis

2021 4320 2089 4377 ad
2106 4318 2330 4375 Arnobii
2349 4318 2685 4390 propositum
2713 4317 2885 4388 magis
2912 4316 3172 4373 accedere
3194 4316 3460 4373 videatur.
3476 4318 3625 4375 Nihil

2020 4412 2165 4468 enim
2206 4427 2305 4468 nos
2352 4412 2470 4468 sine
2516 4411 2864 4468 correctioris
2904 4410 3135 4482 alicujus
3177 4411 3382 4468 codicis
3421 4412 3623 4469 auxilio

2022 4504 2153 4560 certi
2177 4503 2378 4574 aliquid
2405 4518 2469 4559 ea
2498 4502 2567 4560 de
2593 4518 2654 4559 re
2679 4511 2915 4559 statuere
2941 4503 3221 4559 audemus.

399 4604 617 4661 Duobus
643 4613 819 4661 autem
864 4600 1040 4660 modis
1080 4599 1220 4657 idem
1253 4598 1468 4672 Lipsius
1495 4615 1617 4657 eum
1658 4594 1916 4669 explicari
1944 4599 1998 4660 D
2092 4596 2228 4651 Tum
2259 4595 2455 4652 deinde
2483 4596 2752 4652 Arnobius
2783 4614 2797 4651 :
2826 4613 2845 4645 ί
2872 4594 3087 4660 Sacras,
3120 4615 3138 4645 ι
3167 4595 3360 4667 inquit,
3396 4614 3416 4648 ‹
3449 4596 3624 4654 facitis

315 4713 490 4771 posse
517 4698 828 4754 arbitratur.
869 4694 1051 4750 Primo
1079 4693 1319 4764 quidem,
1348 4692 1465 4749 haec
1495 4691 1720 4747 Arnobii
1749 4688 1917 4745 verba

316 4810 437 4850 non
464 4789 532 4846 ad
559 4790 772 4847 Vestam
801 4789 1101 4855 referenda,
1132 4789 1227 4844 sed
1250 4788 1316 4843 ad
1339 4787 1604 4859 privatum
1632 4784 1917 4858 quemdam

320 4889 519 4955 ritum,
543 4902 650 4959 quo
671 4884 808 4957 ignis
830 4884 883 4939 in
910 4884 1167 4940 interiore
1185 4881 1467 4940 domorum
1492 4889 1644 4952 parte
1665 4889 1721 4936 et
1743 4877 1920 4935 culina

315 4980 624 5052 antiquitus
670 4977 984 5035 servabatur
1026 4985 1082 5034 et
1126 4976 1424 5035 fovebatur.
1479 4974 1538 5030 In
1590 4973 1749 5044 hujus
1790 4987 1923 5029 vero

320 5077 656 5149 conjectura:
680 5074 1143 5131 confirmationem
1171 5072 1264 5128 ille
1291 5070 1495 5143 profert
1521 5069 1641 5126 haec
1665 5067 1924 5125 Varronis

319 5174 495 5232 verba
518 5191 533 5228 :
566 5172 752 5229 Culina
774 5172 933 5234 dicta.
961 5171 1096 5241 quod
1126 5169 1195 5224 ibi
1220 5168 1452 5223 colebant
1479 5167 1671 5238 ignem.

410 5265 609 5321 Deinde
632 5279 763 5321 vero
784 5265 861 5319 ait
883 5263 1000 5319 haec
1020 5260 1244 5332 intelligi
1275 5260 1450 5316 adhuc
1480 5273 1641 5329 posse
1665 5256 1735 5313 de
1762 5255 1925 5312 Vesta

324 5359 567 5431 publica,
621 5366 782 5427 atque
829 5355 905 5414 ibi
946 5353 1291 5412 scribendum
1340 5355 1396 5407 in
1439 5351 1694 5423 culignis;
1743 5349 1815 5404 ita
1868 5358 1926 5403 ut

321 5451 558 5511 Arnobii
590 5466 782 5508 sensus
826 5451 917 5516 sit,
963 5449 1140 5520 ignem
1180 5447 1311 5504 olim
1340 5445 1394 5501 in
1433 5443 1662 5516 culignis
1691 5453 1746 5498 et
1780 5441 1926 5497 vasis

322 5542 589 5601 ﬁctilibus
615 5543 934 5615 repositum,
962 5542 1036 5596 uti
1075 5542 1239 5597 etiam
1265 5553 1408 5595 nunc
1449 5537 1616 5594 foveri
1646 5535 1747 5592 sub
1772 5535 1927 5591 cinc-

322 5637 487 5695 ribus
532 5634 689 5693 solet.
720 5634 826 5692 Sed
871 5633 1059 5706 prima:
1098 5629 1442 5704 explicationi
1490 5629 1543 5684 id
1585 5627 1923 5692 adversatur,

321 5728 480 5803 quod
523 5728 693 5785 Varro
715 5728 784 5785 de
819 5728 1092 5785 communi
1121 5734 1176 5782 et
1206 5724 1514 5796 promiscuo
1548 5722 1688 5794 ignis
1712 5736 1811 5777 usu
1841 5720 1928 5775 lo-

320 5812 861 5899 quaturtArnobius
885 5831 979 5879 aut
1006 5821 1075 5879 de
1099 5835 1276 5889 sacro,
1307 5824 1403 5875 aut
1430 5834 1495 5876 eo
1519 5816 1734 5887 saltem,
1767 5829 1927 5887 quem

580 5917 855 5982 Ρηιιοι..
898 5914 976 5977 V.

2023 4703 2260 4754 mensas,
2281 4688 2583 4745 salinorum
2606 4687 2886 4760 appositu,
2915 4697 2972 4744 et
3003 4686 3321 4756 simulacris,
3341 4688 3570 4745 deorum
3594 4708 3614 4741 ›

2021 4781 2260 4852 (Arnob.,
2310 4782 2399 4837 lib.
2444 4798 2503 4846 ιι,
2550 4798 2669 4853 pag.
2714 4778 2829 4852 9i).
2883 4779 3128 4835 Salinum
3175 4794 3305 4835 vero
3342 4781 3623 4837 vasculum

2025 4884 2162 4939 erat,
2191 4876 2243 4930 in
2267 4890 2374 4946 quo
2400 4875 2480 4929 sal
2520 4875 2589 4929 ad
2628 4888 2832 4929 mensa:
2858 4872 3216 4942 sacriﬁciique
3246 4889 3401 4929 usum
3433 4874 3622 4944 reponi

2026 4977 2408 5025 consueverat.
2453 4967 2793 5039 Porphyrion
2830 4967 2975 5021 enim
3016 4976 3173 5021 vetus
3202 4966 3407 5022 Horatii
3451 4969 3624 5024 inter-

2026 5078 2190 5135 pres:
2228 5082 2247 5115 ι
2281 5062 2527 5132 Proprie,
2561 5080 2579 5113 ι
2612 5060 2805 5130 inquit,
2840 5079 2859 5111 ι
2896 5060 3137 5116 Salinum
3182 5069 3267 5115 est
3309 5061 3528 5130 patella,
3568 5061 3625 5117 in

2027 5171 2132 5228 qua
2161 5156 2268 5212 diis
2295 5154 2550 5228 primitiae
2575 5168 2696 5209 cum
2729 5152 2845 5210 sale
2873 5152 3269 5209 offerebantur)
3302 5152 3617 5227 (Porphyr.,

2027 5253 2083 5308 in
2109 5252 2298 5310 Horat.
2317 5252 2409 5307 lib.
2426 5268 2463 5307 ιι
2480 5249 2861 5324 od.i6).Vides
2881 5267 3013 5307 sane
3027 5267 3186 5322 quam
3202 5252 3272 5307 ob
3290 5266 3505 5319 causam
3518 5254 3624 5307 Ar-

2032 5348 2224 5404 nobius
2242 5362 2309 5402 ex
2330 5345 2488 5401 salini
2515 5345 2675 5416 hujus
2686 5346 2933 5415 appositu
2950 5360 3133 5400 sacras
3164 5360 3379 5401 mensas
3404 5344 3623 5402 dixerit.

2102 5442 2276 5509 Quam
2304 5455 2519 5497 sacrum
2548 5449 2726 5496 autem
2757 5439 3090 5508 charumqne
3114 5438 3165 5492 id
3190 5437 3421 5494 ethnicis
3442 5440 3627 5504 fuerit,

2030 5536 2208 5593 disces
2236 5535 2590 5607 proculdubio
2632 5551 2701 5592 ex
2739 5534 2890 5592 hisce.
2916 5533 3053 5589 Livii
3093 5532 3311 5588 verbis:
3351 5552 3370 5584 ‹
3418 5534 3628 5603 Quibus

2030 5646 2167 5685 uxor
2194 5630 2389 5689 lilizcve
2435 5630 2561 5697 sint,
2603 5628 2843 5700 singulas
2884 5625 3072 5682 uncias
3112 5624 3410 5694 auripondo
3460 5626 3629 5681 relin-

2032 5732 2231 5794 quant;
2265 5723 2495 5796 argenti,
2522 5721 2615 5793 qui
2653 5720 2826 5777 curnli
2867 5718 3002 5774 sella
3046 5714 3340 5781 sederunt;
3375 5719 3500 5784 equi
3545 5733 3636 5774 or-

2034 5824 2312 5886 namenta,
2357 5826 2413 5874 ct
2449 5815 2616 5871 libras
2653 5810 2867 5885 pondo;
2895 5819 2957 5866 ut
2995 5809 3233 5866 salinum
3280 5806 3643 5881 patellamque

2998 5902 3083 5967 1ἵι
