4158 6264
552 317 656 377 427

1804 312 2265 376 DISSERTATIO
2292 314 2573 376 PREVIA

3746 314 3852 375 428

547 437 775 494 deorum
800 447 960 492 causa
990 433 1192 491 habere
1213 433 1424 505 possint
1449 453 1467 486 ›
1500 433 1663 505 (Liv.,
1689 434 1779 491 lib.
1808 452 1953 497 χχιιι.
1981 434 2145 509 (556).
2177 434 2230 497 A
2254 455 2370 510 cap.
2401 438 2489 503 17,
2522 432 2718 508 p.264.
2748 444 2871 492 tom.
2901 433 2962 499 ι).
2987 428 3090 495 Sed
3119 435 3319 495 ethnici
3342 428 3445 493 bos
3467 440 3648 494 mores
3673 444 3862 508 postea

550 531 797 587 Valerius
824 545 954 585 vero
1002 529 1264 585 Maximus
1293 527 1344 583 in
1373 527 1436 584 C.
1472 528 1702 584 Fabricii
1745 541 1799 585 ct
1837 530 1902 598 Q.
1946 526 2151 584 JEmilii

549 626 681 696 Papi
730 624 979 681 domibus
1024 634 1304 697 argentum
1359 624 1524 680 fuisse
1571 625 1695 681 inde
1739 624 1976 695 colligit;
2027 624 2151 695 quia

549 731 780 790 uterque
809 720 1059 789 patellam
1101 720 1325 775 deorum
1355 729 1410 776 et
1436 720 1665 775 salinum
1715 720 1901 774 habuit
1944 716 2148 791 (Valer.

547 813 724 879 Max.,
754 815 844 869 lib.
876 832 949 882 tv,
983 831 1099 885 cap.
1134 816 1187 882 4,
1221 814 1248 887 §
1278 816 1332 881 5,
1361 832 1482 886 pag.
1519 814 1673 883 9J7).
1705 814 1834 870 lude
1870 827 2034 885 porro
2064 812 2150 868 illa

549 906 719 962 Persii
748 907 921 963 ironia
949 906 1209 976 (Persius,
1239 909 1388 963 satir.
1423 910 1476 975 5,
1508 925 1638 964 vers.
1671 905 1765 977 ‘25)
1792 925 1805 960 :

639 1023 728 1074 Est
752 1024 843 1075 tibi
868 1023 938 1073 far
961 1023 1222 1077 modicum.
1249 1037 1424 1086 purum
1452 1031 1504 1075 et
1526 1026 1635 1073 sine
1659 1023 1773 1073 labe
1787 1020 2007 1086 salinum
2031 1036 2042 1069 :

642 1087 771 1148 Quid
794 1086 1018 1138 metuas?
1042 1086 1325 1151 cultrixque
1347 1086 1443 1137 foci
1467 1098 1645 1137 secura
1668 1085 1868 1149 patella.

550 1192 714 1249 Plura
756 1191 825 1248 de
870 1192 1042 1247 salino
1091 1192 1306 1263 Lipsius
1358 1192 1532 1248 libr.i
1579 1192 1880 1260 Saturnal.,
1928 1208 2050 1262 cap.
2092 1190 2149 1258 2,

547 1297 682 1344 tom.
714 1303 793 1355 ιιι,
827 1302 951 1358 pag.
986 1288 1114 1343 484.
1159 1287 1371 1358 Adjecit
1417 1286 1688 1343 Arnobius
1720 1304 1733 1342 :
1777 1296 1823 1341 et
1858 1285 2152 1341 simulacris

554 1383 792 1447 deorum,
824 1382 879 1436 in
910 1397 1136 1457 quorum
1169 1381 1522 1452 proculdubio
1552 1381 1718 1437 tutela
1746 1390 1919 1448 erant,
1946 1380 2032 1436 vel
2066 1395 2152 1435 sa-

549 1490 658 1529 crm
685 1488 907 1537 mensze,
940 1474 1029 1529 vel
1060 1474 1202 1540 alite,
1229 1474 1424 1545 quibus
1453 1473 1677 1542 ethnici,
1709 1474 1974 1529 invocatis
1995 1482 2151 1528 antea

546 1569 672 1634 diis,
711 1567 1121 1624 accumbebant.
1169 1567 1360 1624 Nonne
1408 1583 1541 1623 vero
1583 1584 1651 1624 ex
1705 1567 1855 1623 hisce
1906 1567 2009 1623 diis
2058 1567 2151 1622 ille

547 1680 686 1719 unus
707 1673 811 1728 est,
841 1663 911 1720 de
935 1679 1042 1734 quo
1058 1664 1204 1719 canit
1229 1662 1437 1720 Statius
1465 1663 1707 1736 (Statius,
1741 1662 1831 1717 lib.
1862 1679 1899 1730 ι,
1925 1661 2147 1734 Sylv._6,

548 1760 612 1814 de
647 1758 857 1814 Hercul.
886 1759 1100 1827 vindic.,
1134 1775 1265 1813 vers.
1301 1759 1432 1830 5i):

1188 1876 1342 1928 Castae
1365 1878 1544 1939 genius
1567 1874 1825 1939 tutelaque
1847 1886 2050 1924 mensas.

552 1964 622 2019 Et
654 1962 815 2034 paulo
835 1971 957 2032 post
988 1960 1213 2031 (ibidem
1231 2004 1245 2024 ,
1274 1960 1364 2031 50)
1391 1979 1404 2015 :

1554 2030 1768 2081 Pella’us
1790 2029 1995 2081 habebit

642 2097 912 2160 Regnator,
943 2095 1069 2149 latis
1091 2108 1275 2145 numen
1298 2093 1585 2145 venerabile
1609 2094 1813 2145 mensis.

550 2201 749 2258 Verum
788 2199 990 2255 ethnici
1034 2201 1149 2255 haec
1195 2209 1465 2270 tamquam
1511 2198 1684 2256 aniles
1734 2197 2147 2271 superstitiones

551 2306 738 2367 pOStea
766 2293 1091 2366 reiecerunt.

1159 2467 1448 2509 ARTICULUS
1472 2469 1530 2509 11.

548 2615 623 2666 De
646 2615 753 2664 aliis
778 2614 1087 2666 ethnicorum
1104 2612 1455 2663 mutationibus
1480 2613 1527 2660 in
1551 2609 1833 2659 ordinandis
1855 2608 2150 2659 uubentium

609 2678 807 2729 lectulis
826 2684 877 2726 et
894 2673 1184 2725 advocandis
1200 2676 1483 2723 maritorum
1504 2672 1683 2735 geniis,
1724 2684 1996 2735 earumque
2013 2671 2151 2719 crine

607 2742 748 2792 hasta
770 2739 991 2791 ccelibari
1014 2744 1194 2797 eomto;
1216 2737 1281 2799 de
1300 2736 1481 2799 tOgulis
1502 2733 1774 2799 puellarum
1797 2733 2149 2799 adAF'ortunam

610 2802 901 2867 virginalem
921 2796 1396 2867 delatis,_muli_erum
1414 2797 1619 2847 laniﬁcio
1641 2806 1693 2847 et
1712 2797 1810 2867 viui
1835 2796 2150 2867 abstinentia;

612 2858 857 2916 dehuris
879 2861 1098 2912 candidis
1119 2862 1169 2909 in
1198 2860 1387 2909 Albano
1412 2867 1577 2908 monte
1603 2861 1849 2915 mactatis,
1877 2858 2010 2907 extis
2036 2870 2151 2919 per-

612 2930 767 2979 coctis
802 2933 886 2977 aut
922 2924 1212 2975 semicrudis
1265 2922 1616 2986 porriciendis,
1657 2930 1805 2981 atque
1840 2919 2154 2970 immolandis

610 2992 834 3041 humanis
868 2989 1126 3052 capitibus.

623 3118 975 3189 Prosequitur
998 3114 1265 3171 Arnobius
1315 3113 1554 3183 aliasque
1580 3111 1854 3182 redarguit
1899 3110 2151 3167 ethnico-

558 3229 680 3269 rum
712 3213 766 3266 in
790 3211 914 3265 aliis
939 3224 1045 3264 non
1073 3208 1279 3262 minimi
1310 3210 1472 3262 etiam
1500 3207 1757 3260 momenti
1794 3205 1957 3260 rebus
1982 3212 2155 3259 muta-

556 3307 755 3361 tiones.
785 3303 1026 3374 Magnam
1054 3312 1233 3356 autem
1265 3302 1475 3355 illorum
1507 3301 1919 3355 inconstantiam
1949 3309 2009 3354 ut
2040 3313 2153 3354 ma-

552 3399 633 3469 gis
678 3400 952 3468 magisque
984 3394 1287 3467 patefaciat,
1323 3393 1407 3448 his
1454 3406 1548 3449 eos
1594 3393 1881 3462 compellat
1914 3410 1927 3445 :
1966 3411 1984 3443 ε
2020 3392 2154 3447 Cum

552 3493 608 3547 in
636 3490 976 3546 matrimonia
1002 3487 1333 3553 convenitis,
1362 3495 1484 3557 toga
1531 3486 1773 3541 sternitis
1802 3484 2034 3540 lectulos
2055 3527 2069 3548 ,
2100 3495 2156 3540 et
2186 3540 2193 3547 ,

558 3586 879 3642 maritorum
938 3584 1124 3655 genios
1183 3580 1495 3636 advocatis?
1550 3598 1568 3631 ›
1616 3577 1878 3651 (Arnob.,
1926 3579 2015 3632 lib.
2070 3592 2155 3646 ιι,

554 3699 610 3750 p.
640 3679 766 3750 91.)
791 3677 994 3734 Lectuli
1027 3691 1155 3731 vero
1183 3674 1289 3739 illi,
1318 3673 1477 3728 sicuti
1498 3672 1717 3728 Servius
1746 3670 2154 3738 animadvertit,

559 3793 580 3825 ι
614 3774 857 3843 geniales
885 3770 1026 3826 thori
1060 3771 1273 3840 proprie
1298 3777 1452 3833 sunt,
1480 3768 1571 3837 qui
1604 3774 1916 3820 sternuntur
1961 3762 2154 3833 puellis

554 3868 916 3932 nubentibus,
950 3864 1077 3920 dicti
1123 3879 1152 3917 a
1202 3858 1524 3933 generandis
1563 3858 1745 3930 pueris
1780 3877 1798 3909 ι
1850 3857 2074 3931 (Serv.,
2102 3858 2158 3911 in

558 3960 627 4014 lib
652 3976 707 4014 vt
748 3957 1003 4025 xEneid.,
1048 3956 1167 4026 pag'.
1199 3954 1327 4023 451)
1378 3996 1391 4019 ,
1438 3952 1523 4007 vel
1573 3962 1629 4006 ut
1670 3953 1743 4006 ait
1787 3950 2011 4015 Fesms,
2046 3970 2063 4001 ι
2100 3951 2156 4005 in

555 4054 696 4125 genii
732 4053 991 4107 honorem
1028 4070 1048 4104 ›
1075 4049 1245 4118 (Fest.
1274 4050 1341 4102 ad
1367 4048 1571 4103 verbum
1605 4047 1903 4115 CENIALIS).
1931 4046 2158 4102 Persua-

554 4162 673 4203 sum
691 4148 885 4218 quippe
906 4145 1106 4201 ethnici
1137 4144 1432 4211 habebant,
1463 4140 1915 4213 quemadmodum
1946 4140 2158 4210 Angus-

553 4243 697 4297 tinus
724 4255 791 4295 ex
812 4238 1027 4295 Valerio
1072 4237 1280 4293 Sorano
1312 4234 1565 4308 (August.
1588 4277 1602 4301 ,
1636 4234 1722 4289 lib.
1756 4248 1826 4287 vn
1874 4235 1937 4287 de
1978 4231 2153 4298 Ciait.,

554 4352 671 4404 cap.
730 4335 817 4398 15,
851 4350 973 4404 pag.
1024 4332 1263 4400 172),et
1301 4330 1517 4385 Servius
1566 4328 1871 4393 annotavit,
1918 4326 2158 4394 singulos

555 4428 800 4483 homines
820 4441 975 4480 suum
1005 4422 1226 4480 sortitos
1247 4438 1367 4479 esse
1386 4423 1600 4494 genium
1624 4464 1639 4486 ,
1668 4422 1757 4492 qui
1786 4423 1944 4475 etiam
1975 4435 2154 4475 rerum

552 4518 940 4590 gignendarum
965 4517 1196 4572 habebat
1222 4525 1564 4585 potestatem.
1592 4514 1707 4569 Mos
1741 4523 1918 4569 autem
1951 4521 2068 4568 erat
2098 4522 2157 4567 ut

554 4613 730 4669 cidem
748 4615 906 4685 genio
932 4656 944 4677 ,
969 4621 1126 4682 atque
1147 4612 1306 4666 etiam
1329 4611 1529 4665 Telluri
1560 4619 1611 4665 et
1633 4608 1827 4664 lunoni
1847 4651 1860 4671 ,
1890 4618 1947 4663 ut
1966 4608 2041 4662 ait
2064 4607 2157 4661 ad-
2182 4640 2233 4685 g.‘

2180 4665 2235 4727 1)
2262 4679 2358 4718 nos
2388 4663 2802 4718 commentarios
2825 4661 3117 4717 referretur
3155 4680 3172 4713 ›
3210 4658 3401 4731 (Idem,
3444 4677 3559 4731 cap.
3582 4658 3695 4733 64).
3726 4661 3857 4717 Eam

553 4707 658 4760 huc
684 4706 900 4761 Servius
930 4704 1124 4776 (St-riu,
1143 4705 1241 4759 loc.
1262 4705 1372 4768 cit.,
1396 4720 1452 4773 p.
1470 4702 1577 4758 MO
1594 4713 1636 4756 et
1659 4719 1779 4774 pag.
1801 4701 1950 4771 323),
1968 4714 2155 4756 earum

554 4797 871 4867 prsesidibus
888 4795 1272 4851 sacrificarent.
1292 4794 1361 4850 At
1377 4794 1426 4849 id
1442 4794 1776 4865 potissimum
1792 4794 2159 4850 observabant

553 4879 605 4945 in
639 4892 945 4961 nuptiarum
975 4890 1286 4954 solemniis,
1319 4898 1477 4959 atque
1510 4898 1635 4943 tunc
1664 4887 1999 4944 advocabant
2042 4900 2159 4945 ma-

549 4985 777 5039 ritorum
800 4985 1041 5055 ‘geuium,
1066 4996 1121 5038 ut
1145 4983 1271 5038 felix
1294 4982 1637 5053 faustumque
1661 4994 1805 5038 esset
1822 4984 2150 5055 c0njugium,

551 5092 615 5132 ac
647 5078 802 5133 liberi
827 5079 1024 5149 suscipi
1054 5087 1291 5149 possent.
1321 5077 1679 5146 Quamobrem
1708 5070 1981 5133 Iuvenalis
2007 5078 2150 5142 illos,

548 5170 640 5238 qui
666 5170 931 5241 genialem
962 5170 1189 5232 lectum,
1230 5168 1557 5239 geniumque
1588 5168 1728 5222 haud
1766 5168 1929 5223 dubie
1971 5171 2149 5224 mariti

549 5263 848 5329 violabant,
876 5264 958 5317 bis
987 5263 1315 5319 carminibus
1337 5262 1630 5317 insectatur
1658 5262 1889 5327 (lucem,
1912 5263 2064 5317 ἐστὶν.
2088 5264 2139 5330 6,

549 5370 693 5411 vers.
733 5354 797 5411 2i
823 5368 870 5410 et
895 5355 990 5428 Ἡ)
1018 5375 1030 5410 :

638 5492 902 5552 Antiquam
929 5499 978 5542 et
1005 5500 1147 5541 vetus
1174 5500 1249 5542 est
1269 5491 1502 5547 alienum.
1528 5492 1818 5551 Postltume.
1850 5495 2029 5546 lectum

640 5553 935 5615 Concuterc,
962 5559 1013 5603 et
1037 5557 1161 5604 sacri
1183 5556 1385 5617 genium
1409 5560 1733 5607 contemnere
1760 5558 1918 5608 fulcri.

619 5683 694 5737 De
726 5683 923 5737 lectulo
950 5696 1128 5740 autem
1162 5683 1388 5753 geniali,
1413 5685 1681 5757 solitoque
1704 5702 1824 5743 eum
1865 5691 2138 5747 sternendi

544 5784 599 5829 et
624 5774 848 5829 ornandi
891 5775 1049 5829 modo
1093 5778 1291 5832 videsis
1320 5779 1637 5848 Apuleium,
1675 5780 1933 5851 Lipsium,
1977 5793 2138 5854 atque

543 5865 680 5922 alios
704 5863 907 5936 (ApuL,
930 5866 1020 5922 lib.
1044 5885 1073 5922 ιι
1101 5869 1338 5939 Metam”
1358 5872 1411 5927 in
1439 5871 1745 5945 ﬁu.;Lips.,
1774 5874 1860 5930 lib.
1882 5862 1920 5932 ιι
1939 5873 2133 5945 Elect.,

2253 531 2525 602 aspernati
2556 540 2713 595 sunt,
2744 546 2805 585 ac
2838 529 3214 602 repudiarunt.

2330 625 2499 681 Vetus
2521 625 2741 696 insuper
2770 625 2988 681 illorum
3030 624 3364 682 consuetudo
3390 624 3586 691 fuerat,
3619 632 3673 679 ut
3706 642 3724 674 ι
3760 638 3861 678 ιιιι-

2253 722 2489 778 bentium
2541 721 2781 788 crinem,
2819 740 2838 773 ι
2892 721 2969 775 ait
3016 719 3285 776 Arnobius
3334 721 3597 793 (Arnob.,
3648 708 3742 773 lib.
3775 734 3809 773 ιι
3839 759 3857 785 ,

2253 834 2376 889 pag.
2423 800 2536 887 9i),
2576 834 2594 867 ‹
2632 816 2874 871 coelibari
2922 816 3072 870 hasta
3111 834 3129 868 ι
3163 815 3492 881 mulcerent,
3549 812 3603 869 id
3628 822 3747 876 est,
3801 820 3863 867 ut

2252 909 2437 965 scribit
2456 906 2774 966 Plutarchus
2791 905 3110 980 (Plutarch.,
3130 907 3319 975 Quwst.
3338 924 3562 975 romam,
3579 901 3860 978 pag.285),

2253 1001 2685 1057 diseriminarent
2731 1000 2898 1056 hasta;
2948 1000 3207 1075 cuspide,
3266 999 3349 1055 vel
3387 1000 3541 1055 hasta
3591 1012 3856 1079 recurva,

2255 1095 2707 1173 quemadmodum
2764 1095 2911 1152 canit
2952 1094 3177 1151 Ovidius
3219 1092 3441 1168 (0vid.,
3481 1095 3595 1150 lib..
3621 1109 3659 1150 ιι
3689 1086 3863 1158 Fast.,

2256 1207 2375 1262 pag.
2406 1189 2535 1263 497)
2566 1210 2579 1244 :

2343 1304 2449 1369 Nec
2472 1306 2591 1366 tibi,
2616 1317 2728 1369 quae
2749 1307 2940 1369 cupidae
2964 1313 3154 1357 matura
3177 1306 3419 1356 videbere
3445 1307 3620 1367 matri,

2406 1367 2573 1418 Comat
2597 1367 2853 1431 virgineas
2874 1368 3018 1419 hasta
3041 1382 3253 1420 recurva
3274 1381 3456 1419 comas.

2257 1464 2430 1541 Hujus
2458 1460 2635 1528 autem
2660 1475 2847 1541 moris,
2878 1474 3032 1545 cujus
3062 1475 3490 1531 immutationem
3519 1460 3724 1528 notavit
3752 1473 3857 1529 Ar-

2254 1563 2447 1618 nobius
2467 1606 2483 1632 ,
2511 1566 2686 1620 varias
2713 1567 2949 1622 rationes
2980 1566 3212 1623 reddunt
3248 1567 3388 1623 idem
3415 1566 3771 1635 Plutarchus,
3802 1574 3861 1623 et

2253 1656 2476 1724 Festus,
2509 1674 2643 1730 quos
2658 1661 2884 1717 consule
2913 1659 3238 1734 (Plutarch.,
3272 1663 3467 1730 Quest.
3490 1678 3717 1730 romam,
3737 1678 3862 1734 pag.

2249 1752 2388 1818 283;
2421 1750 2581 1818 Fest.,
2611 1754 2665 1808 in
2691 1755 2838 1809 verbo
2864 1754 3210 1828 CELIBABIS).

2185 1832 2232 1899 B
2334 1847 2388 1901 lu
2419 1847 2866 1904 consuetudinem
2897 1864 3111 1919 quoque
3136 1850 3263 1904 olim
3293 1858 3538 1914 venerat,
3565 1858 3620 1904 ut
3663 1847 3865 1917 puella-

2250 1959 2364 1997 rum
2394 1945 2626 2015 togulas,
2656 1943 2817 1999 verba
2844 1953 2969 1998 sunt
2996 1942 3217 2000 Arnobii
3250 1944 3536 1999 Fortunam
3579 1943 3863 1999 deferrent

2253 2037 2321 2091 ad
2341 2039 2640 2108 virginalem
2685 2035 2926 2112 (Arnob.,
2960 2038 3050 2093 lib.
3082 2055 3144 2103 ιι,
3170 2055 3289 2111 pag.
3321 2038 3434 2111 9|).
3459 2038 3733 2094 Memoria:
3764 2055 3861 2094 au-

2254 2141 2359 2187 tem
2410 2130 2648 2202 prodidit
2690 2130 3010 2187 Plutarchus
3052 2129 3391 2203 (Plutarch,
3427 2132 3624 2199 Quwst.
3659 2148 3864 2188 roman.

2251 2244 2306 2298 p.
2336 2225 2488 2300 281),
2512 2227 2754 2298 proxime
2779 2243 2808 2281 a
2832 2227 2988 2282 nobis
3019 2228 3290 2294 laudatus,
3324 2227 3589 2297 Servium,
3621 2229 3713 2299 qui
3743 2244 3865 2283 om-

2253 2322 2402 2377 nium
2440 2323 2672 2377 maxime
2701 2321 2937 2376 divinam
2970 2322 3077 2377 vim
3119 2321 3377 2377 Fortuna:
3430 2322 3685 2378 extulisse
3730 2322 3867 2377 fere-

2253 2417 2443 2484 batur,
2476 2418 2622 2471 varia
2652 2418 2701 2471 ei
2732 2416 3043 2472 condidisse
3071 2418 3306 2487 templa,
3339 2432 3405 2472 ex
3454 2416 3651 2488 quibus
3690 2432 3858 2471 unum

2252 2518 2387 2577 erat,
2434 2508 2682 2565 Fortuna:
2731 2509 2994 2582 Virginis,
3043 2508 3163 2566 ἄλλο
3187 2513 3453 2588 Παρθένου.
3507 2510 3649 2564 Alibi
3690 2524 3864 2565 vero:

2260 2620 2277 2651 ι
2316 2602 2396 2656 Ad
2426 2600 2662 2668 fontem,
2692 2622 2710 2655 ι
2749 2603 2923 2673 inquit
2946 2602 2964 2676 (
2987 2600 3168 2668 Idem,
3196 2602 3285 2655 lib.
3315 2603 3378 2657 de
3418 2601 3641 2656 Fortun.
3678 2601 3861 2667 Rom.,

2255 2712 2375 2766 pag.
2420 2694 2524 2748 522
2560 2704 2608 2749 et
2653 2693 2807 2767 seq.),
2846 2714 2864 2748 ‹
2908 2697 2996 2766 qui
3051 2710 3339 2750 muscosus
3384 2694 3581 2751 dicitur
3638 2694 3868 2767 Virginis

2254 2788 2430 2841 adhuc
2458 2786 2705 2842 Fortuna:
2729 2788 2910 2843 fanum
2940 2800 3023 2843 est
3053 2790 3303 2865 Παρθένου
3327 2790 3511 2861 Τύχης·
3536 2788 3668 2865 ἱερὸν
3687 2789 3858 2844 ἔστι.)

2255 2879 2403 2935 Hanc
2432 2891 2615 2961 autem
2644 2896 2765 2936 esse
2796 2881 3144 2949 existimant,
3173 2879 3241 2936 de
3267 2895 3369 2950 qua
3416 2884 3620 2935 Auctor
3672 2889 3860 2935 noster

2253 2972 2505 3043 loquitur.
2551 2973 2662 3031 Nec
2685 2974 2882 3030 desunt
2906 2974 2994 3045 qui
3025 2984 3214 3044 putent
3244 2973 3389 3028 illam
3418 2973 3667 3030 eamdem
3695 2986 3817 3028 esse
3839 3013 3857 3040 ,

2254 3084 2373 3138 quin
2404 3070 2471 3124 ab
2501 3067 2797 3139 Augustino
2825 3067 3021 3123 dicitur
3044 3068 3149 3121 dea
3194 3065 3509 3139 Virginensis
3528 3108 3543 3135 ,
3584 3079 3856 3138 quamque

2255 3178 2376 3218 cum
2406 3178 2560 3219 nova:
2596 3173 2775 3232 nupta:
2816 3163 3004 3234 virgini
3047 3178 3180 3217 zona
3221 3162 3565 3231 solvebatur,
3601 3163 3864 3217 invocare

2184 3240 2228 3303 Ο
2260 3270 2378 3310 mos
2400 3266 2515 3311 erat
2544 3255 2809 3327 (August.,
2842 3254 3008 3309 lib.tv
3038 3257 3099 3308 de
3130 3256 3303 3322 Civit.,
3335 3273 3449 3325 cap.
3481 3256 3568 3319 11,
3600 3272 3720 3328 pag.
3749 3251 3865 3328 97).

2333 3349 2530 3403 Matres
2553 3362 2682 3402 vero
2699 3347 2952 3413 familias,
2979 3348 3050 3401 uti
3074 3346 3249 3402 adhuc
3272 3347 3345 3401 ait
3364 3347 3661 3413 Arnobius,
3689 3362 3865 3416 quon-

2259 3442 2381 3497 dam
2410 3444 2460 3497 iu
2484 3444 2751 3497 domorum
2780 3444 2926 3496 atriis
2944 3442 3307 3512 Operabantur
3328 3484 3343 3510 ,
3372 3454 3426 3498 et
3457 3442 3866 3511 vinojubeban-

2261 3547 2346 3591 tur
2388 3536 2658 3592 abstinere
2700 3534 2938 3608 (Arnob,
2963 3537 3051 3591 lib.
3085 3554 3143 3605 ιι,
3188 3555 3307 3610 pag.
3351 3535 3465 3610 9|).
3513 3536 3680 3593 Addit
3705 3537 3867 3608 hujus

2259 3630 2595 3687 abstinentiae
2626 3631 2916 3702 probandae
2940 3647 3119 3697 causa,
3147 3632 3235 3702 jus
3263 3632 3516 3687 afﬁnibus
3546 3642 3600 3688 et
3630 3636 3861 3704 propin-

2259 3729 2380 3797 quis
2404 3726 2571 3781 fuisse
2606 3742 2698 3781 eas
2725 3727 3029 3782 osculandi.
3064 3727 3316 3782 Mulieres
3360 3742 3493 3783 vero
3521 3744 3628 3807 non
3659 3727 3865 3798 infimi,

2260 3822 2354 3878 scd
2402 3821 2558 3888 primi
2598 3823 2758 3876 etiam
2815 3822 3053 3887 ordinis,
3102 3822 3370 3887 laniﬁcio,
3412 3820 3869 3893 conﬁciendisque

2260 3917 2500 3971 vestibus
2529 3931 2746 3985 operam
2777 3915 2993 3971 dedisse
3011 3931 3081 3971 ex
3111 3916 3174 3971 iis
3200 3926 3366 3983 patet,
3392 3931 3510 3985 quae
3534 3916 3600 3970 de
3623 3918 3867 3987 Augusto

2259 4006 2471 4063 Ctesare
2500 4007 2791 4063 Suetonius
2823 4016 3005 4061 narrat
3037 4024 3050 4058 :
3090 4025 3108 4058 ι
3150 4004 3311 4062 Veste
3355 4021 3458 4061 non
3489 4015 3692 4062 temere
3719 4007 3823 4061 alia
3844 4048 3862 4073 ,

2259 4118 2417 4174 quam
2438 4103 2728 4158 domestica
2752 4118 2880 4157 usus
2897 4112 3000 4169 est,
3022 4102 3087 4155 ab
3108 4116 3300 4164 uxore,
3328 4112 3378 4156 et
3412 4116 3623 4169 sorore,
3655 4111 3707 4156 et
3731 4101 3861 4171 filia,

2260 4196 2616 4266 neptibusque
2635 4192 2881 4249 confecta
2922 4214 2939 4245 ›
2994 4191 3259 4266 (Sueton.,
3288 4182 3376 4246 lib.
3406 4209 3473 4259 ιι,
3504 4193 3557 4246 iu
3585 4193 3673 4245 vit.
3697 4192 3860 4265 Aug.,

2259 4306 2375 4360 cap.
2407 4289 2521 4355 75).
2546 4287 2700 4342 Prius
2725 4302 2857 4343 vero
2889 4286 3030 4355 quod
3060 4288 3228 4357 magis
3258 4284 3324 4341 ad
3363 4286 3697 4357 prOposilum
3730 4301 3861 4341 nos-

2259 4389 2399 4433 trum
2424 4378 2570 4446 facit,
2596 4377 2663 4434 de
2694 4379 2785 4433 illo
2806 4378 3047 4433 dixerat:
3079 4374 3300 4432 «Filiam
3324 4385 3377 4432 et
3405 4376 3680 4446 neptesita
3706 4376 3863 4431 insti-

2259 4474 2386 4541 tuit,
2413 4483 2468 4527 ut
2497 4472 2657 4528 etiam
2687 4473 2922 4527 laniﬁcio
2943 4471 3326 4537 assuefaceret,
3351 4480 3664 4540 vetarelque
3689 4470 3860 4541 loqui,

2258 4576 2351 4623 aut
2376 4582 2534 4639 agere
2563 4568 2857 4638 quidpiam,
2891 4567 2989 4621 nisi
3019 4568 3315 4637 propalam,
3350 4576 3402 4621 et
3423 4566 3564 4637 quod
3611 4570 3663 4621 in
3709 4566 3859 4622 diur-

2261 4754 2618 4827 proculdubio
2639 4754 2708 4808 ob
2739 4770 2851 4809 rem
2878 4753 3133 4824 Virgilius
3151 4752 3340 4809 [Eneaz
3366 4763 3565 4824 togam,
3594 4769 3625 4808 a
3652 4752 3857 4812 Didone

2261 4859 2494 4913 textam,
2522 4846 2606 4903 bis
2630 4847 2871 4902 versibus
2901 4846 3132 4902 cecinit:

2754 4958 3001 5022 Tyrioque
3026 4958 3230 5008 ardebat
3252 4960 3440 5008 murice
3461 4958 3607 5022 laena,

2350 5021 2575 5073 Demissa
2600 5036 2662 5071 ex
2687 5012 2935 5079 htun'eris,‘
2954 5021 3095 5070 dixes
3116 5035 3225 5083 qua:
3251 5035 3455 5070 munera
3480 5012 3603 5072 Dido

2350 5085 2580 5147 Fecerat,
2608 5092 2660 5134 et
2685 5084 2823 5133 tenui
2851 5083 2980 5134 telas
3000 5083 3314 5134 discreveret
3337 5097 3473 5136 aum.

2581 5163 2812 5233 (Virgil..
2841 5163 2924 5218 lib.
2950 5182 2996 5216 ιν
3022 5163 3239 5227 liuent,
3262 5178 3429 5217 versus
3451 5167 3543 5218 262
3565 5172 3613 5218 et
3632 5166 3793 5233 seqq.)

2252 5272 2532 5343 Superiori
2578 5278 2755 5327 autem
2798 5273 2849 5325 in
2894 5272 3051 5334 libro.
3076 5280 3348 5327 memorat
3374 5272 3440 5328 ab
3470 5272 3851 5331 Andromache

2252 5366 2531 5439 phrygiam
2558 5365 2898 5437 chlamydem
2928 5366 3095 5437 ipsius
3117 5366 3366 5421 manibus
3393 5377 3719 5437 contextam,
3740 5367 3854 5424 his-

2249 5474 2352 5530 que
2380 5461 2556 5515 verbis
2585 5462 2764 5515 datam
2800 5461 3035 5515 Ascanio
3071 5479 3084 5515 :

2344 5552 2523 5615 Accipe
2548 5560 2600 5601 et
2621 5554 2747 5617 haec.
2775 5562 2999 5617 manuum
3025 5554 3115 5603 tibi
3140 5564 3250 5617 quae
3275 5562 3587 5607 monumenta
3627 5566 3849 5607 mearum

2343 5618 2471 5674 Sint,
2499 5629 2640 5677 puer,
2662 5623 2716 5666 et
2738 5616 2938 5679 longum
2962 5616 3325 5728 Andromaches
3343 5624 3848 5681 testentummorem.

2866 5678 3051 5728 (Idem.
3092 5676 3161 5728 ib.
3189 5696 3258 5728 ιιι.
3285 5693 3409 5728 vers.
3439 5678 3536 5728 L86
3559 5681 3605 5728 ἐι
3626 5679 3754 5728 seu.)

2866 5678 3051 5739 (Idem,
3075 5676 3161 5729 lib.
3189 5696 3258 5739 ιιι,
3285 5693 3409 5732 vers.
3439 5678 3536 5732 188
3559 5676 3605 5733 et
3626 5679 3754 5746 seq.)

2244 5785 2503 5856 Denique,
2538 5784 2775 5857 utvplura
2809 5786 2969 5841 missa
3000 5783 3284 5854 faciamus,
3308 5774 3612 5844 Alexander
3626 5758 3852 5858 blagnu‘s

2249 5877 2573 5951 Sysigambi,
2600 5876 2743 5935 Darii
2791 5878 2936 5950 regis
2989 5879 3171 5948 matri,
3220 5877 3425 5937 dixisse
3476 5874 3846 5959 perhibetur:
