4158 6264
551 298 656 356 451

1150 425 1445 469 ARTICULUS
1484 426 1559 466 ιιι.
1580 413 1584 419 ’

551 526 741 578 Eadem
761 524 1067 590 ethnicorum
1086 529 1392 590 argumenta!
1400 526 1448 574 io
1467 537 1528 574 eo
1545 524 1700 590 adhuc
1711 526 1901 590 inﬁrma
1909 532 2005 587 tur,
2025 528 2157 590 quod

620 587 1051 651 sicutgchristiana‘
1072 587 1251 651 religio
1275 588 1576 645 novitatem,
1601 589 1669 637 ita
1694 587 1965 651 disciplina:
1984 629 1997 648 ,
2024 587 2158 640 artes

621 658 676 700 et
699 649 922 726 scientiae
949 648 1140 726 initium
1166 648 1451 726 hgbueri‘ut‘,
1479 657 1628 726 atque
1654 648 1931 726 aruspicina
1955 653 2155 726 quidem

620 721 730 774 post
750 709 958 782 Tagem.
985 711 1065 782 ubi
1101 709 1166 782 de
1199 711 1336 760 libris
1359 709 1728 782 Acherdntici.s,
1754 709 2013 782 astrologia
2041 729 2158 764 vero

618 771 730 836 post
755 772 986 836 'l‘beutim
1016 781 1068 822 et
1091 771 1339 823 Atlantem
1357 813 1370 832 ,
1396 772 1509 824 coeli
1547 771 1794 825 tibicinem
1817 784 1860 826 et
1883 771 2121 827 destinam
2143 816 2158 836 ,

619 833 742 886 item
765 835 882 899 quia
905 833 971 899 d_ii
998 836 1158 896 geniti
1191 843 1307 885 sunt
1323 874 1346 899 ,ί
1362 839 1474 899 quia
1509 840 1708 899 antiqua
1735 837 1851 887 olim
1885 852 2007 888 nova
2046 833 2157 889 (ιιθὲ

615 907 751 961 runt,
780 895 894 961 quia
920 895 1249 961 Romanorum
1276 895 1459 960 religio
1499 912 1592 961 non
1632 895 1746 948 ante
1786 901 1882 950 duo
1921 913 2159 952 annorum

616 959 784 1017 millia,
800 959 940 1022 ‘sicut
963 960 1231 1010 christiana
1255 974 1351 1010 non
1375 959 1489 1012 aute
1513 960 1605 1012 400
1629 975 1782 1010 annos
1820 965 2013 1013 exstitit
2033 1001 2046 1022 ,
2075 965 2161 1014 ubi

618 1023 685 1087 de
710 1025 879 1087 primis
904 1021 1184 1087 Latinorum
1207 1025 1430 1086 regibus,
1457 1025 1572 1087 quia
1597 1025 1815 1087 denique
1838 1025 1958 1074 nihil
1983 1021 2159 1078 novum

616 1085 876 1135 christiani
897 1083 1082 1134 colunt.

629 1213 874 1268 Ethnicis
923 1211 1232 1268 christiana:
1277 1213 1555 1285 religionis
1585 1215 1875 1271 novitatem
1925 1215 2160 1286 objicere

551 1321 827 1376 nunquam
878 1306 1245 1371 cessantibus,
1280 1315 1338 1362 ut
1369 1321 1466 1375 os,
1514 1308 1557 1362 si
1589 1307 1704 1363 fieri
1734 1309 1936 1378 possit,
1984 1310 2159 1363 Arno-

551 1402 678 1458 hius
707 1401 920 1471 penitus
950 1399 1256 1456 occluderet
1276 1442 1291 1467 ,
1321 1401 1538 1471 planum
1571 1401 1747 1457 adhuc
1769 1402 1921 1468 facit,
1950 1403 2162 1458 etiamsi

551 1493 612 1550 id
639 1508 823 1549 verum
852 1503 1015 1558 esset,
1051 1493 1186 1547 nihil
1227 1493 1352 1549 inde
1385 1509 1481 1563 pro
1509 1493 1588 1548 eis
1609 1535 1623 1560 ,
1672 1505 1725 1549 et
1759 1503 1947 1549 contra
1991 1495 2162 1549 chris-

556 1587 756 1653 tianos,
789 1603 948 1657 posse
965 1603 1196 1656 unquam
1223 1587 1438 1643 confici.
1467 1588 1603 1656 Quid
1635 1597 1720 1643 est
1753 1589 1920 1652 enim,
1948 1589 2021 1643 ait
2053 1588 2160 1654 ille,

548 1680 609 1737 iu
641 1681 889 1736 humanis
915 1681 1175 1754 negotiis,
1208 1681 1429 1747 artibus,
1459 1681 1779 1751 disciplinis,
1809 1692 1864 1737 et
1884 1681 2158 1747 scientiis,

549 1775 696 1845 quod
719 1775 1003 1842 aliquando
1030 1775 1239 1830 initium
1261 1787 1547 1846 ortumque
1573 1789 1677 1829 non
1709 1773 1998 1829 habuerit?
2021 1774 2161 1829 Ante

550 1869 753 1940 Tagem
781 1869 1052 1924 Thnscum
1082 1885 1273 1934 nemo,
1310 1867 1482 1939 inquit
1528 1867 1827 1934 Arnobius,
1856 1875 1948 1921 aut
1995 1881 2157 1922 nove-

549 1973 673 2027 rat,
701 1972 794 2018 aut
824 1979 986 2018 nosse
1026 1963 1285 2028 curabat,
1321 1982 1338 2012 ι
1373 1977 1437 2015 an
1471 1961 1752 2015 fulminum
1791 1960 2039 2026 casibus,
2067 1969 2160 2015 aut

551 2064 801 2112 extorum
854 2054 1052 2124 aliquid
1091 2054 1484 2125 significaretur
1531 2053 1582 2107 in
1625 2054 1777 2108 venis
1814 2072 1833 2104 ι
1895 2051 2154 2122 (Arnob.,

549 2148 642 2202 lib.
673 2165 739 2214 ιι,
769 2165 888 2219 pag.
915 2148 1033 2220 92).
1058 2147 1232 2218 Tages
1252 2156 1458 2207 autem.
1480 2156 1638 2213 teste,
1671 2147 1830 2202 Festo
1859 2145 2060 2218 (Fest,
2090 2149 2157 2201 ad

546 2242 689 2297 verb.
719 2241 957 2312 Taces).
989 2240 1141 2297 Genii
1174 2240 1311 2294 filius
1355 2249 1411 2296 et
1459 2239 1607 2295 Jovis
1638 2255 1825 2310 nepos,
1858 2239 2154 2304 dicebatur,

551 2334 649 2404 qui
688 2332 867 2388 adhuc
911 2347 1066 2402 puer,
1100 2330 1382 2387 duodecim
1439 2331 1669 2386 Etruriae
1696 2330 1909 2402 pOpnlis
1939 2330 2162 2386 dederat

550 2424 805 2495 aruspicii
855 2423 1214 2495 disciplinam.
1245 2423 1322 2479 De
1349 2423 1442 2478 illo
1481 2423 1746 2494 siquidem
1781 2423 1898 2478 lucc
1927 2424 2158 2493 posteris

547 2519 771 2574 tradidit
797 2517 986 2574 Cicero
1019 2538 1033 2574 :
1072 2538 1090 2570 ‹
1127 2519 1296 2590 Tages
1321 2519 1537 2589 quidam
1570 2519 1766 2574 dicitur
1790 2519 1842 2572 in
1872 2534 2000 2589 agro
2026 2517 2159 2574 Tar-

551 2611 846 2681 quiniensi,
878 2627 1000 2667 cum
1031 2621 1170 2666 terra
1199 2620 1466 2676 araretur,
1512 2621 1567 2666 et
1615 2611 1796 2666 sulcus
1823 2611 1983 2665 altius
2017 2620 2161 2667 esset

550 2702 886 2773 impressus,
918 2703 1161 2759 extitisse
1209 2711 1469 2770 repente,
1513 2711 1567 2757 et
1606 2717 1729 2758 eum
1764 2702 1957 2757 allatus
2003 2717 2158 2770 esse,

548 2801 643 2871 qui
675 2801 878 2856 arabat.
913 2800 964 2856 Is
989 2811 1170 2857 autem
1197 2787 1389 2870 Tages.
1421 2812 1479 2856 ut
1506 2803 1558 2857 in
1591 2802 1742 2858 libris
1773 2813 1856 2859 est
1883 2803 2111 2858 Etrusco
2137 2831 2162 2842 -

545 2908 697 2959 rum,
744 2894 935 2965 puerili
986 2895 1167 2964 Specie
1219 2893 1414 2949 dicitur
1458 2894 1753 2960 visus,sed
1784 2895 1941 2950 senili
1995 2894 2162 2948 fuisse

547 2986 861 3058 prudentia.
896 2987 1026 3056 Ejus
1064 2995 1288 3056 aspectu
1328 3002 1449 3042 cum
1482 2988 1846 3056 obstupuisset
1874 2988 2156 3052 bubulcus,

548 3077 960 3148 clamoremque
995 3077 1254 3148 majorem
1301 3093 1421 3134 cum
1466 3077 1818 3134 admiratione
1866 3077 2156 3146 edidisset,

549 3186 876 3226 concursum
911 3186 1034 3226 esse
1079 3170 1312 3238 factum,
1341 3179 1615 3240 totamque
1646 3171 1792 3227 brevi
1816 3181 2058 3242 tempore
2103 3171 2158 3226 in

547 3277 677 3318 cum
723 3262 901 3317 locum
950 3263 1216 3318 Etruriam
1242 3266 1588 3320 convenisse.
1621 3265 1754 3318 Tum
1795 3264 1945 3319 illum
2001 3265 2160 3335 plane

544 3353 786 3410 locutum
810 3396 825 3418 ,
857 3355 1042 3410 multis
1091 3355 1466 3423 audientibus,
1498 3357 1588 3426 qui
1630 3357 1812 3413 omnia
1849 3361 1966 3429 ejus
1996 3358 2158 3416 verba

544 3446 907 3517 exceperint,
966 3447 1269 3519 litterisque
1319 3449 1691 3506 mandaverint
1735 3469 1747 3504 :
1804 3466 2015 3508 omnem
2061 3469 2160 3507 au-

543 3547 658 3595 tem
710 3539 1014 3596 orationem
1061 3539 1231 3598 fuisse
1271 3558 1422 3609 eam,
1466 3559 1571 3614 qua
1621 3543 1943 3612 aruspicinae
1987 3544 2156 3600 disci-

550 3633 700 3706 plina
727 3632 1130 3700 contineretur;
1153 3651 1272 3691 eam
1327 3646 1512 3704 postea
1543 3636 1776 3692 crevisse
1801 3637 1964 3692 rebus
2007 3638 2160 3692 novis

551 3723 962 3796 cognoscendis,
989 3735 1044 3781 et
1069 3725 1136 3780 ad
1179 3727 1367 3783 eadem
1390 3727 1476 3782 illa
1510 3727 1772 3798 principia
1800 3729 2098 3786 referendis
2134 3752 2152 3783 ι

558 3814 777 3886 (Cicer.,
797 3817 884 3870 lib.
901 3833 940 3872 ιι
961 3816 1023 3872 de
1043 3816 1244 3884 Divin.,
1263 3836 1378 3890 pag.
1402 3819 1509 3874 285
1531 3830 1576 3876 et
1599 3818 1786 3892 seqq.)
1801 3821 1931 3890 Quae
1946 3822 2158 3895 quidem

553 3905 779 3963 Ovidius
808 3907 892 3963 his
918 3909 1117 3966 cecinit
1140 3911 1387 3967 versibus
1420 3931 1433 3966 :

1308 4025 1597 4090 Tyrrhenus
1618 4035 1778 4080 arator

654 4084 871 4152 lfatalem
896 4085 1094 4149 glebam
1119 4088 1298 4139 mediis
1320 4084 1518 4152 aspexit
1541 4092 1589 4140 in
1613 4094 1760 4151 arvis,

652 4150 843 4219 ﬁponte
864 4163 950 4198 sua
974 4152 1212 4219 primum,
1229 4150 1464 4214 nulloque
1488 4155 1726 4219 agitante,
1749 4159 1934 4206 moveri
1956 4169 1969 4218 ;

654 4213 867 4281 ﬁumere
893 4226 1004 4262 mox
1032 4213 1261 4281 hominis,
1291 4213 1800 4281 terrzeque'amitterc
1824 4213 2042 4281 formam,

656 4271 855 4334 Oraque
882 4276 1105 4324 venturis
1128 4283 1326 4334 aperire
1348 4271 1572 4327 recentia
1596 4278 1723 4329 fatis.

655 4335 911 4402 indigenae
931 4337 1110 4386 dixere
1131 4337 1321 4400 Tagen,
1345 4341 1430 4402 qui
1457 4342 1640 4402 primus
1659 4343 1911 4395 Etruscam

661 4396 867 4446 Edocuit
888 4406 1092 4461 gentem
1116 4396 1258 4449 casus
1279 4396 1476 4464 aperire
1501 4402 1705 4454 futuros.

843 4480 1027 4543 (Ovid,
1053 4483 1135 4534 tib.
1163 4498 1225 4534 xv
1250 4486 1590 4552 Illetanwrph.,
1614 4502 1737 4541 vers.
1875 4502 1922 4545 et
1939 4498 2096 4560 seqq.)

557 4588 810 4648 Lucanus
843 4603 973 4644 vero
1003 4605 1018 4642 :

839 4767 847 4776 ι
928 4767 954 4776 ,Δ
1056 4765 1086 4776 η
1383 4705 1471 4776 _Di
1493 4709 1596 4776 visa
1618 4713 1910 4774 secundent,

661 4767 720 4818 Et
744 4766 878 4817 libris
900 4767 964 4816 sit
987 4765 1118 4817 nulla
1139 4767 1280 4828 ﬁdes,
1308 4770 1397 4818 sed
1421 4773 1645 4822 conditor
1668 4777 1805 4825 artis.

657 4829 886 4898 Finxerit
910 4831 998 4879 ista
1022 4828 1202 4898 Tages,
1229 4832 1358 4880 flexa
1382 4832 1454 4882 sic
1476 4835 1638 4886 omnia
1659 4835 1897 4898 Thuscus,

657 4891 933 4953 Involvens,
953 4892 1204 4956 multaque
1229 4900 1414 4957 tegens
1437 4898 1646 4961 ambage
1670 4891 1896 4953 canebat.

1215 4983 1374 5045 (Luc.,
1401 4981 1489 5035 lib.
1515 4999 1552 5044 ι,
1579 4999 1703 5039 vers.
1727 4989 1822 5042 635
1843 4997 1889 5042 et
1908 4996 2066 5060 seqq.)

557 5087 783 5144 Servius
827 5102 961 5142 vero
1009 5087 1119 5144 suis
1163 5089 1216 5144 in
1276 5089 1555 5162 Virgilium
1603 5095 2162 5160 animadversionibus

565 5179 764 5249 (Sera,
797 5180 850 5232 in
878 5180 967 5234 lib.
989 5195 1024 5234 ιι
1073 5179 1316 5248 zEneid.,
1361 5201 1482 5256 pag.
1511 5185 1641 5258 259)
1689 5190 1880 5258 probat
1922 5192 2009 5249 his
2052 5194 2160 5249 Lu-

558 5272 718 5328 cretii
745 5270 988 5327 versibus
1014 5274 1374 5342 aruspicinam
1402 5291 1431 5328 a
1459 5275 1603 5347 Tage
1639 5280 1690 5334 in
1733 5282 1943 5339 Etruria
1975 5300 2158 5354 reper-

557 5370 696 5419 tam.
730 5363 892 5419 Vides
921 5363 1099 5435 itaque
1127 5363 1322 5434 Tagem
1353 5365 1527 5435 illum,
1558 5387 1717 5440 quem
1749 5377 1992 5433 nonnulli
2028 5378 2158 5435 obs-

559 5471 751 5510 curum
796 5456 993 5523 virum,
1040 5456 1129 5511 alii
1177 5467 1444 5514 aratorem
1503 5461 1666 5520 fuisse
1719 5469 1964 5536 tradunt,
2015 5470 2160 5527 haud

559 5546 838 5602 immerito
874 5547 978 5604 dici
1023 5549 1364 5618 aruspicinae,
1397 5551 1465 5607 de
1492 5569 1594 5623 qua
1622 5572 1720 5613 nos
1761 5560 1886 5615 alibi
1919 5561 1938 5634 (
1967 5561 2116 5621 Tom.
2140 5581 2159 5619 ι

567 5639 844 5711 Apparet,
866 5640 1038 5707 lib.m,
1061 5642 1262 5699 dissert.
1285 5644 1342 5709 ‘2,
1361 5661 1477 5714 cap.
1500 5647 1593 5711 21,
1611 5658 1712 5705 art.
1741 5652 1794 5719 1,
1819 5671 1940 5726 pag.
1970 5657 2156 5726 1187),

564 5731 620 5786 in
653 5731 863 5787 Etruria
893 5732 1243 5791 inventorem.

561 5881 572 5896 ,
637 5823 708 5881 At
744 5822 964 5896 quidam
1009 5824 1241 5886 fortasse
1287 5845 1316 5886 a
1347 5833 1519 5905 :nobis
1562 5835 1930 5898 sciscitabitur
1974 5852 2154 5904 utrum

1755 294 2204 355 DlSSERTATlO
2240 295 2520 354 PREVIA

2187 417 2239 475 Λ
2265 431 2400 486 quos
2427 413 2622 469 Cicero
2650 411 2820 469 libros
2853 412 3204 470 Etruscorum
3239 420 3415 479 vocat,
3459 412 3513 469 hi
3544 413 3653 469 sint
3677 412 3767 484 qui
3790 412 3861 467 ab

3755 295 3866 354 432

2261 507 2501 563 Arnobio
2543 506 2662 560 libri
2709 505 3056 562 Acherontici
3112 505 3272 576 paulo
3314 514 3440 561 ante
3491 504 3860 576 appellantur,

2261 615 2382 655 cum
2417 599 2591 655 dixit:
2632 620 2650 652 ‹
2682 599 2898 655 Etruria
2934 600 2986 655 in
3031 599 3185 656 libris
3228 599 3607 655 Acheronticis
3636 599 3862 669 pollice-

2262 701 2350 748 tur
2389 711 2409 746 ι
2466 691 2719 765 (Arnob.,
2757 692 2846 746 lib.
2880 710 2940 760 ιι,
2986 710 3106 765 pag.
3139 690 3261 764 87).
3307 693 3528 748 Servius
3572 692 3771 748 ctenim
3812 691 3863 746 in

2263 785 2376 840 suis
2412 785 2464 838 in
2505 784 2755 840 eumdem
2793 784 3083 856 Virgilium
3125 785 3532 842 commentariis
3578 783 3770 854 (Serv.
3818 784 3870 837 in

2263 878 2355 932 lib.
2405 893 2497 932 vm
2536 877 2780 945 Δῖηεὶά..
2829 895 2950 950 pag.
2994 877 3167 950 511),
3223 879 3475 933 observat
3517 877 3719 950 Tagem
3760 875 3868 932 dici

2270 989 2288 1022 (
2312 973 2598 1042 Aruspicin
2618 973 2785 1027 libros
2811 983 2867 1028 et
2896 987 3050 1028 sacra
3069 972 3401 1028 Acherontia
3425 971 3816 1043 composuisse.
3844 990 3862 1022 ι

2262 1063 2468 1130 Quibus
2513 1080 2645 1121 sane
2671 1065 2854 1120 verbis
2885 1063 2984 1120 has
3021 1064 3182 1136 Tagis
3228 1064 3632 1121 lucubrationes
3675 1063 3869 1118 distin-

2264 1171 2429 1227 guere
2459 1156 2697 1214 videtur.
2734 1158 2805 1213 At
2834 1159 2947 1215 sive
2968 1159 3198 1226 eaedem,
3231 1158 3348 1215 sive
3378 1157 3614 1214 diversa:
3647 1156 3867 1221 fuerint,

2265 1249 2366 1307 hac
2413 1251 2658 1322 profecto
2707 1253 3193 1310 animadversione
3228 1251 3414 1324 opinio
3462 1250 3687 1308 Arnobii
3735 1250 3869 1306 satis

2263 1347 2637 1405 confirmatur.

2339 1439 2502 1495 Addit
2553 1441 2691 1496 ille:
2741 1461 2760 1493 ι
2804 1441 3032 1511 Quando
3088 1442 3327 1499 siderum
3365 1450 3545 1496 motus
3593 1449 3687 1495 aut
3731 1440 3870 1496 ratio

2268 1541 2444 1602 empta
2464 1541 2547 1589 est
2580 1535 2914 1604 genethliaca
2937 1535 3107 1590 sciri?
3147 1533 3263 1590 Non
3291 1543 3413 1605 post
3433 1533 3670 1589 Theutin
3708 1531 3874 1604 Egy-

2267 1627 2458 1696 ptium,
2490 1638 2583 1682 aut
2617 1637 2738 1698 post
2761 1629 3068 1696 Atlantem,
3101 1640 3159 1683 ut
3186 1629 3404 1700 quidam
3431 1628 3645 1694 ferunt,
3685 1638 3869 1700 gesta-

2270 1729 2465 1786 torem,
2490 1719 2750 1790 bajulnm,
2778 1722 3048 1779 tibicinem
3071 1723 3246 1788 illum,
3280 1737 3344 1777 ac
3361 1721 3629 1777 destinam
3652 1721 3822 1776 cceli?
3849 1740 3867 1772 ι

2193 1815 2240 1874 Β
2271 1813 2512 1886 (Arnob.,
2532 1814 2620 1868 lib.
2648 1831 2706 1879 ιι.
2742 1833 2862 1888 pag.
2889 1815 3007 1887 92.)
3045 1818 3118 1871 De
3139 1824 3368 1886 utroque
3398 1815 3492 1870 illo
3513 1814 3779 1869 ct'l‘lieuti
3817 1822 3876 1869 et

2265 1908 2484 1963 Atlante
2504 1909 2632 1963 alibi
2655 1909 3010 1966 disseruimus
3044 1911 3206 1981 (tam.
3235 1927 3253 1965 ι
3280 1910 3560 1980 Apparat.,
3593 1927 3714 1980 pag.
3740 1907 3870 1975 545,

2267 2001 2399 2054 1151
2440 2010 2494 2056 et
2540 1999 2742 2074 1188).
2796 2001 2871 2058 Ibi
2916 2013 3096 2058 autem
3145 2003 3626 2057 animadvertimus
3672 2002 3872 2072 prioris

2262 2093 2526 2160 scientiae,
2556 2109 2653 2149 seu
2696 2096 2928 2149 siderum
2956 2105 3144 2161 motus,
3177 2096 3546 2152 inventionem
3585 2110 3613 2149 a
3647 2094 3871 2166 quibus-

2264 2184 2387 2246 dam
2419 2187 2621 2242 Atlanti
2640 2231 2654 2251 ,
2685 2189 3041 2260 genethliacae
3069 2205 3201 2245 vero
3223 2190 3471 2256 rationis,
3494 2205 3589 2246 seu
3612 2190 3868 2246 natalium

2265 2279 2495 2348 dierum,
2529 2281 2755 2351 primam
2784 2281 3223 2338 observationem
3254 2283 3375 2338 aliis
3401 2283 3624 2339 ascribi.

2338 2372 2680 2444 Quapropter
2727 2375 2779 2430 id
2824 2386 3032 2432 tantum
3076 2377 3456 2433 annotabimns
3506 2377 3589 2433 his
3635 2386 3869 2450 quatuor

2266 2466 2543 2536 epithetis,
2575 2478 2905 2539 gestatorem,
2931 2469 3183 2537 baiulum,
3219 2471 3496 2538 tibicinem,
3525 2489 3586 2525 ac
3616 2471 3871 2526 destinam

2266 2561 2416 2623 coeli,
2465 2576 2629 2615 unum
2676 2562 2836 2631 plane
2873 2571 2928 2618 et
2970 2563 3111 2618 idem
3144 2564 3212 2619 ab
3266 2563 3506 2618 Arnobio
3545 2563 3867 2635 signiﬁcari.

2267 2649 2490 2708 Tibicen
2524 2653 2728 2708 etenim
2750 2695 2764 2717 ,
2796 2663 2936 2710 teste
2963 2654 3132 2710 Paulo
3161 2654 3180 2728 (
3204 2655 3358 2726 Apud
3393 2653 3536 2710 Fest.
3571 2657 3641 2710 ad
3667 2656 3872 2711 verbum

2265 2745 2538 2802 Tmrcmas
2567 2747 2624 2818 ),
2671 2749 2903 2803 sumitur
2941 2749 3231 2820 aliquando
3273 2765 3369 2820 pro
3415 2749 3726 2817 columine,
3775 2759 3874 2805 aut

2265 2841 2656 2906 sustentaculo,
2685 2857 2794 2912 quo
2815 2841 3101 2898 aediﬁcium
3133 2843 3381 2914 aliquod,
3407 2851 3500 2898 aut
3523 2843 3745 2907 domus,
3778 2851 3876 2898 aut

2263 2933 2410 2989 aliud
2442 2934 2647 3005 aliquid
2691 2935 2931 2993 fulcitur.
2981 2937 3053 2992 Et
3092 2950 3244 2994 certe
3291 2953 3357 2994 eo
3395 2954 3558 2996 sensu
3595 2939 3877 2996 Juvenalis

2266 3027 2438 3082 dixit:

2359 3138 2459 3190 Nos
2479 3141 2656 3192 urbem
2679 3141 2906 3205 colimus,
2927 3145 3068 3195 tenui
3093 3145 3301 3196 tibicine
3325 3145 3513 3198 fultam.

3202 3206 3384 3271 (Satir.
3409 3212 3458 3269 5,
3486 3224 3614 3263 vers.
3640 3211 3776 3273 293.)

2267 3312 2490 3370 Ovidius
2515 3332 2733 3388 quoque
2776 3337 2791 3373 :

2357 3429 2475 3481 Haec
2497 3431 2639 3480 modo
2664 3432 2897 3484 verrebat
2919 3433 3130 3484 stantem
3154 3435 3360 3484 tibicine
3381 3436 3564 3486 villam.

2904 3493 3094 3558 (om,
3121 3493 3207 3546 lib.
3235 3512 3302 3558 1v,
3326 3499 3482 3560 Fast.,
3504 3512 3618 3565 pag.
3645 3498 3780 3564 598.)

2267 3593 2472 3654 Eadem
2501 3598 2902 3671 significatione
2931 3617 3132 3657 nomen
3160 3602 3362 3658 destina
3392 3619 3422 3657 a
3451 3602 3689 3675 Corippo
3716 3605 3866 3661 Afriv

2265 3710 2402 3751 cano
2435 3697 2696 3768 accipitur
2722 3697 2825 3754 hoc
2854 3698 2908 3753 in
2940 3700 3222 3756 carmine:

2264 3861 2269 3867 _
2356 3809 2420 3860 Et
2441 3810 2650 3862 Thomas
2673 3810 2870 3867 Lybicas
2893 3815 3109 3862 nutantis
3131 3813 3320 3864 destina
3345 3822 3511 3865 teme.

2730 3875 2919 3940 Corip.,
2947 3872 3031 3925 lib.
3059 3889 3076 3925 ι
3101 3874 3162 3927 de
3187 3872 3392 3928 Laudib.
3420 3883 3543 3929 Just.
3573 3879 3780 3944 tmper.)

2266 3973 2521 4032 Nonnulli
2552 3993 2682 4034 vero
2711 3994 2832 4035 eam
2867 3980 2920 4034 in
2949 3995 3064 4035 rem
3096 3980 3268 4036 citant
3309 3982 3423 4036 hzec
3455 3981 3645 4038 Isidori
3677 3981 3868 4056 Hispa-

2265 4068 2436 4124 lensis
2483 4070 2693 4126 verba:
2757 4091 2777 4122 ι
2816 4071 2991 4126 Ruina
3039 4073 3295 4128 adulterii
3344 4074 3614 4145 excipitur
3658 4075 3872 4134 destina

2265 4163 2602 4218 matrimonii
2648 4184 2667 4215 ι
2725 4163 3000 4235 (Isidem,
3042 4165 3135 4221 lib.
3183 4183 3221 4221 ιι
3271 4167 3550 4234 Sentent.,
3607 4185 3725 4239 cap.
3773 4172 3880 4238 40,

2268 4273 2389 4326 pag.
2424 4255 2589 4329 449).
2624 4256 2732 4312 Sed
2757 4258 2811 4312 in
2835 4257 2998 4313 editis
3024 4257 3241 4330 legitur,
3271 4260 3649 4317 destinatione:
3685 4265 3739 4318 in
3761 4263 3881 4334 qui-

2267 4349 2494 4404 busdam
2539 4365 2669 4406 vero
2710 4351 3096 4422 manuscriptis
3139 4352 3419 4409 codicibus
3463 4356 3788 4422 conditione,
3822 4358 3878 4414 in

2267 4442 2389 4498 aliis
2419 4443 2655 4498 doctrina
2681 4443 2937 4513 scriptum
2965 4453 3067 4500 est.
3108 4445 3475 4513 Quamobrem
3507 4449 3651 4523 hunc
3679 4451 3875 4508 lsidori

2268 4537 2446 4594 locum
2478 4538 2641 4606 ultra,
2669 4554 2830 4610 quam
2857 4555 2956 4610 par
2976 4549 3081 4608 est,
3106 4542 3407 4612 urgendum
3428 4558 3536 4599 non
3567 4560 3877 4604 censemus.

2191 4624 2245 4684 D
2342 4635 2538 4689 Verum
2568 4635 2841 4691 Arnobius
2865 4635 2981 4690 hzec
3010 4653 3173 4704 parva
3198 4654 3320 4696 esse
3341 4640 3562 4704 fatetur,
3595 4658 3661 4697 ac
3687 4656 3874 4700 contra

2267 4728 2518 4783 ethnicos
2546 4726 2706 4799 longe
2732 4729 2981 4798 graviora
3012 4740 3188 4802 urget.
3218 4731 3350 4788 Nam
3383 4750 3521 4804 quos
3543 4735 3880 4794 immortales

2268 4819 2400 4876 deos
2435 4818 2636 4875 ethnici
2687 4819 3057 4889 praedicabant
3105 4823 3362 4894 (Arnob.,
3415 4826 3502 4880 lib.
3538 4844 3608 4894 ιι,
3637 4846 3760 4902 pag.
3807 4829 3879 4886 9?.

2274 4923 2320 4968 et
2346 4912 2465 4982 95),
2483 4911 2674 4968 Jovem
2697 4913 3004 4992 fratresque
3026 4915 3164 4984 ejus,
3199 4933 3264 4972 ac
3282 4918 3574 4987 lunonem,
3595 4921 3874 4990 Liberum,

2271 5003 2560 5069 Venerem,
2583 5004 2827 5068 Dianam,
2851 5004 3168 5074 Minervam,
3188 5010 3520 5080 Apollinem,
3539 5021 3700 5083 atque
3716 5013 3877 5081 alios,

2267 5097 2370 5154 hos
2399 5108 2577 5154 tamen
2605 5113 2796 5154 omnes
2825 5099 3115 5170 aliquando
3139 5104 3394 5172 cmpisse,
3423 5115 3585 5177 atque
3623 5109 3691 5163 ab
3727 5108 3875 5175 aliis,

2269 5201 2331 5248 ut
2370 5193 2508 5248 infra
2536 5192 2748 5248 dicetur
2780 5192 2986 5265 (Infr.,
3018 5212 3136 5266 cap.
3161 5197 3214 5262 9,
3245 5210 3346 5252 art.
3378 5199 3412 5254 3
3437 5209 3486 5255 et
3511 5219 3650 5272 seqq.
3675 5201 3718 5274 ),
3754 5219 3877 5273 pro-

2267 5297 2484 5341 creatos
2505 5284 2670 5340 fuisse
2694 5285 3023 5342 fatebantur.
3057 5288 3196 5356 Quid
3227 5305 3356 5361 ergo
3384 5298 3554 5364 magis
3575 5295 3874 5352 absurdum

2270 5387 2329 5433 et
2354 5379 2623 5448 iniquum,
2656 5394 2818 5449 quam
2847 5378 2902 5434 in
2929 5378 3242 5437 cbristianis
3274 5386 3565 5442 novitatem
3596 5388 3878 5460 religionis

2270 5469 2340 5524 ab
2369 5469 2433 5523 iis
2464 5469 2821 5540 reprehendi,
2866 5473 2956 5543 qui
3007 5471 3154 5528 illam
3197 5475 3531 5547 cogebantur
3570 5479 3627 5535 in
3675 5481 3876 5552 seipsis

2267 5578 2569 5634 agnoscere
2594 5579 2659 5620 ac
2686 5565 2982 5622 confiteri?

2344 5660 2414 5713 At
2439 5657 2707 5714 instabant
2732 5659 2934 5716 ethnici
2954 5661 3386 5734 antiquissimam
3409 5680 3531 5722 esse
3551 5666 3871 5739 religionem

2268 5766 2448 5816 suam,
2495 5749 2915 5808 christianorum
2947 5769 3078 5810 vero
3107 5770 3301 5812 novam
3336 5773 3399 5815 ac
3435 5768 3729 5816 recentem.
3765 5760 3875 5818 Sed

2268 5845 2383 5905 illis
2402 5843 2616 5916 reponit
2635 5845 2914 5906 Arnobius
2935 5846 3071 5908 nihil
3091 5847 3198 5908 hoc
3216 5861 3537 5924 argumento
3555 5867 3679 5911 esse
3693 5853 3876 5912 levius
