4158 6264
314 375 420 432 455

1563 371 1630 449 in
1671 371 2042 443 annorum-1,
2083 376 2234 432 CAP.
2279 376 2364 433 vr.

3501 384 3609 440 454

304 504 364 547 et
391 492 716 550 imbecillius
743 493 991 562 (Arnob.,
1031 493 1123 548 lib.
1154 509 1212 560 ιι,
1247 510 1363 566 pag.
1412 493 1482 550 9'5
1508 505 1562 550 et
1592 493 1716 568 94).
1749 494 1905 565 Quod
1935 497 1986 556 Λ
2009 497 2314 556 christiana:
2328 498 2601 573 religionis
2616 502 2906 557 novitatem
2922 499 3402 574 possejurealiquo
3415 515 3613 573 expro‘

304 590 454 645 enim
473 595 640 660 agunt
657 586 954 653 christiani,
981 587 1024 642 si
1051 603 1246 642 novum
1269 599 1371 653 est,
1399 598 1552 644 vetus
1574 588 1698 654 ﬁet;
1723 605 1909 660 quem-

301 680 638 747 admodum,
687 680 832 752 quod
891 689 1048 736 vetus
1098 689 1181 735 est
1225 680 1487 749 ethnicis,
1534 697 1732 737 novum
1776 683 1905 738 olim

300 777 504 832 fuerat.
539 775 679 844 Quid
725 788 854 830 vero
877 817 891 841 ,
931 773 1073 845 quod
1103 775 1289 844 religio
1326 789 1432 829 non
1476 785 1754 845 tempore,
1801 792 1909 848 quo

295 869 498 938 etrapit,
526 867 621 922 sed
655 867 762 921 Deo
789 867 928 937 ipso,
957 881 1116 938 quem
1149 878 1454 936 veneratur,
1487 868 1800 924 aestimanda
1825 880 1910 925 est

305 959 515 1032 (Ibid.,
549 977 672 1031 pag.
703 959 852 1030 94)?

384 1054 504 1110 Non
539 1054 788 1110 audiendi
821 1054 982 1125 igitur
1011 1055 1243 1126 amplius
1269 1055 1470 1111 ethnici
1499 1071 1715 1111 rursum
1756 1056 1904 1110 voci-

308 1145 553 1202 ferantes
582 1157 709 1201 ante
758 1145 863 1200 400
911 1161 1086 1201 annos
1118 1147 1318 1202 nullam
1364 1146 1529 1204 fuisse
1558 1149 1906 1204 cltristianam

307 1239 730 1312 professionem.
763 1239 881 1296 Jam
907 1242 1050 1296 enim
1077 1241 1203 1296 illud
1224 1257 1295 1296 ex
1321 1243 1478 1297 dictis
1499 1243 1740 1298 funditus
1757 1259 1909 1300 ever-

308 1349 436 1389 sum
459 1347 580 1388 esse
605 1334 722 1404 quis
754 1348 857 1388 non
880 1335 1105 1388 videat?
1126 1335 1487 1402 Quamobrem
1515 1346 1701 1393 auctor
1725 1348 1910 1394 noster

309 1443 384 1481 ex
416 1425 706 1481 abundanti
739 1435 947 1480 tantum
982 1426 1273 1498 respondet
1297 1437 1424 1483 ante
1454 1428 1619 1483 millia
1658 1447 1909 1484 annorum

308 1520 446 1586 duo,
473 1520 544 1574 uti
568 1517 788 1589 probatu
813 1516 1105 1575 facilimum
1130 1529 1264 1589 erat,
1296 1520 1472 1577 nullos
1494 1536 1716 1592 prorsus
1745 1522 1910 1578 fuisse

309 1611 629 1667 earumdem
679 1611 956 1683 gentilium
1000 1613 1400 1682 Romanorum,
1446 1630 1541 1671 seu
1592 1615 1906 1671 Latinorum

310 1708 471 1761 deos.

2010 590 2176 648 brari.

2083 685 2220 755 Quid
2262 703 2428 758 vero,
2475 692 2619 761 quod
2663 692 2894 746 maxima
2938 691 3275 747 ethnicorum
3323 692 3613 764 mysteria,

2015 780 2186 849 pergit
2222 781 2494 836 Arnobius
2524 782 2785 855 (Arnob.,
2816 783 2904 836 lib.
2941 799 2998 848 ll,
3025 801 3148 854 pag.
3180 783 3251 838 95
3273 782 3314 856 ),
3361 785 3412 838 itt
3445 785 3613 839 Sera-

2014 871 2174 942 pidis,
2208 872 2384 940 Isidis,
2416 874 2600 929 Matris
2631 875 2812 941 deum,
2857 875 3198 947 aliorumque
3235 877 3496 931 honorem
3525 890 3617 931 ce-

2015 963 2211 1018 lebrari
2247 965 2438 1034 solita,
2485 967 2554 1022 de
2597 968 2794 1038 quibus
2841 983 2940 1022 nos
2979 969 3105 1024 alibi
3148 971 3356 1039 egimus
3403 969 3562 1040 (tom.
3596 986 3619 1024 ι

2014 1060 2292 1127 Apparat.,
2312 1076 2431 1130 pag.
2460 1059 2563 1114 758
2589 1070 2638 1114 et
2659 1077 2791 1132 δαίμ,
2814 1060 3027 1117 Dissert.
3053 1064 3107 1116 in
3131 1061 3357 1126 Minuc.,
3379 1078 3492 1130 cap.
3522 1063 3618 1126 17,

2015 1164 2114 1207 art.
2139 1156 2187 1219 1,
2211 1164 2258 1209 el
2287 1172 2401 1227 cap.
2425 1154 2516 1221 20,
2541 1165 2640 1208 art.
2665 1156 2688 1207 1
2721 1165 2766 1209 et
2786 1156 2867 1226 2),
2890 1165 2945 1210 et
2966 1155 3100 1209 infra
3124 1155 3299 1210 adhuc
3321 1154 3614 1226 agendum,

2015 1261 2198 1301 eorum
2240 1247 2342 1301 diis
2389 1247 2546 1318 longe
2577 1249 2878 1303 recentoria
2921 1258 3067 1303 sunt.
3115 1247 3194 1302 Ah
3241 1247 3434 1303 iisdem
3480 1261 3616 1316 ergo

2016 1337 2263 1408 ethnicis,
2290 1339 2334 1393 si
2364 1339 2473 1393 suis
2500 1340 2774 1410 principiis
2799 1350 2944 1396 stare
2970 1340 3287 1406 voluissent,
3334 1353 3613 1408 nunquam

2011 1431 2242 1500 admitti,
2275 1441 2330 1487 et
2356 1447 2569 1502 semper
2598 1433 2748 1502 rejici
2778 1432 3068 1488 debebant.

2082 1527 2154 1580 At
2176 1525 2368 1581 saltem
2390 1541 2457 1580 ex
2487 1527 2785 1593 concessis,
2819 1527 3137 1598 inquiebant
3165 1526 3421 1597 gentiles,
3453 1541 3615 1596 aper-

2011 1619 2214 1675 tissime
2244 1620 2512 1690 colligitur
2530 1621 2753 1675 deorum
2777 1631 3086 1676 nostrorum
3129 1621 3444 1690 religiOuem
3466 1620 3616 1675 chri—

2009 1716 2181 1768 stiana
2202 1729 2323 1768 esse
2346 1714 2502 1784 longe
2522 1714 2902 1784 antiquiorem,
2923 1723 3084 1782 atque
3101 1713 3304 1768 idcirco
3321 1715 3613 1769 veriorem.

387 1801 655 1856 Saturnus
683 1802 830 1856 enim
874 1800 1010 1858 (ἴαιιί
1035 1813 1089 1858 et
1119 1802 1333 1858 Hecatae
1378 1803 1549 1871 illius,
1580 1803 1769 1858 Jovem
1792 1845 1806 1869 ,
1845 1819 1910 1860 ac
1941 1832 1988 1891 Β
2014 1806 2183 1878 Negat
2215 1807 2390 1877 primo
2417 1808 2858 1878 consequentiam
2890 1808 3180 1863 Arnobius.
3214 1806 3428 1862 Sufﬁcit
3463 1809 3613 1864 enim

309 1895 523 1961 Picum,
543 1894 701 1950 Picus
716 1894 979 1958 Faunum.
1001 1895 1220 1952 Faunus
1241 1896 1488 1953 Latinum
1510 1900 1694 1968 genuit
1712 1898 1906 1971 (ibid.).

305 1989 486 2057 Quam
515 1999 695 2046 autem
725 1990 779 2044 id
807 2005 995 2045 verum
1025 1991 1095 2045 sit
1117 2007 1182 2046 ex
1208 1991 1369 2046 variis
1393 1991 1767 2061 scriptoribus,
1799 1993 1911 2050 his-

309 2098 420 2154 que
450 2083 788 2154 potissimum
821 2083 1023 2154 Virgilii
1050 2084 1376 2140 carminibus
1402 2083 1669 2155 colligitur
1704 2104 1717 2138 :

933 2221 1041 2272 Rex
1067 2234 1182 2271 arva
1207 2222 1427 2280 Latinus,
1453 2228 1507 2271 et
1527 2224 1680 2271 urbes

413 2285 521 2334 .lam
544 2287 710 2348 senior
736 2284 878 2346 longa
906 2285 1116 2348 placidas
1135 2286 1180 2334 in
1208 2299 1336 2348 pace,
1354 2286 1582 2347 regebat.

405 2348 547 2397 Hunc
571 2346 815 2411 Faunoget
836 2347 1050 2411 Nympha
1074 2346 1297 2410 genitum
1322 2346 1568 2397 Laurente
1595 2348 1773 2396 Marica

404 2412 700 2472 Accipimus,
728 2409 896 2461 Fauno
921 2410 1066 2459 Picus
1084 2409 1246 2472 pater.
1270 2412 1413 2472 isque
1439 2419 1692 2471 parentem

407 2474 500 2533 'l'e,
525 2473 758 2535 Saturne,
777 2473 932 2523 refert
953 2489 964 2524 :
988 2481 1042 2523 tu
1065 2475 1318 2536 sanguinis
1343 2473 1541 2523 ultimus
1563 2480 1751 2522 auctor.

714 2577 942 2646 (Virgil.,
965 2575 1052 2630 lib.
1069 2593 1148 2640 vn,
1173 2576 1390 2639 £ncid.,
1418 2590 1543 2628 vers.
1569 2576 1632 2627 45
1652 2583 1698 2627 et
1718 2577 1842 2643 seq.)

316 2711 486 2783 Atqui
505 2711 587 2766 his
618 2709 791 2765 tribus
815 2708 945 2763 viris
974 2708 1124 2774 Pico,
1162 2706 1352 2762 Fauno
1379 2715 1434 2762 et
1459 2705 1672 2771 Latino,
1706 2704 1785 2759 uti
1816 2719 1907 2759 ar-

305 2811 432 2882 guit
470 2809 768 2876 Arnobius,
824 2823 930 2863 non
978 2808 1218 2878 longius,
1265 2822 1423 2878 quam
1456 2805 1562 2860 560
1610 2820 1906 2872 annorum,

301 2905 544 2977 spatium
575 2903 839 2974 temporis
865 2913 918 2958 et
944 2902 1069 2957 vita:
1103 2901 1327 2956 concedi
1357 2908 1550 2971 potest.
1594 2898 1782 2954 Nullus
1807 2913 1906 2952 au-

307 3012 421 3054 tem
454 2997 733 3054 dubitandi
766 2996 912 3052 locus
953 3004 1075 3060 est;
1109 2996 1236 3064 quin
1277 2994 1366 3048 ille
1406 2993 1568 3055 ultra,
1618 3007 1777 3061 quam
1812 3007 1908 3046 ne-

303 3107 465 3147 cesse
492 3101 646 3155 erat,
695 3105 764 3145 ne
794 3089 921 3160 quid
965 3087 1166 3143 ethnici
1212 3087 1420 3142 hiscere
1467 3086 1761 3153 auderent,
1803 3085 1908 3139 hoc

305 3185 572 3255 temporis
617 3183 958 3238 intervallum
1017 3180 1351 3250 produxerit.
1414 3178 1546 3233 Nam
1590 3179 1643 3233 in
1689 3176 1906 3232 Eusebii

305 3280 571 3334 chronico
600 3279 772 3332 multo
797 3277 968 3347 magis
989 3277 1072 3331 his
1101 3275 1280 3331 verbis
1307 3275 1648 3330 contrahitur
1666 3271 1905 3346 (Euseb,

303 3373 487 3426 chron.
510 3415 526 3439 ,
559 3370 648 3425 lib.
683 3387 698 3424 ι
742 3379 789 3424 et
821 3370 908 3424 lib.
937 3386 1012 3438 ιι,
1047 3369 1116 3422 ad
1145 3385 1267 3422 ann.
1301 3367 1488 3440 838):
1525 3385 1544 3419 ι
1581 3365 1792 3422 Primus
1814 3382 1910 3422 rex

303 3472 625 3526 Latinorum
664 3477 786 3539 post
832 3475 1043 3537 captam
1083 3465 1301 3534 Trojam
1338 3463 1560 3518 JEneas.
1608 3463 1748 3517 Ante
1788 3477 1910 3518 eum

301 3566 477 3621 Janus
499 3607 514 3629 ,
559 3564 858 3630 Saturnus,
905 3562 1092 3627 Picus,
1122 3561 1340 3616 Faunus
1365 3567 1728 3628 regnaverunt
1754 3557 1913 3612 annis

304 3664 530 3718 circiter
559 3661 694 3727 150;
734 3681 752 3714 ι
787 3662 1040 3716 nimirum
1081 3661 1235 3714 annis
1265 3669 1320 3714 ut
1353 3659 1530 3713 minus
1555 3658 1778 3714 totidem
1803 3658 1908 3715 150

310 3770 477 3825 quam
524 3754 796 3809 Arnobius
840 3751 1132 3824 gentilibus
1170 3752 1337 3822 gratis
1380 3751 1670 3807 concessit.
1721 3751 1795 3806 De
1825 3750 1910 3804 his

317 3847 510 3916 primis
550 3846 860 3900 Latinorum
906 3845 1125 3915 regibus
1169 3843 1368 3899 videsis
1411 3843 1725 3913 Dionysium
1762 3842 1909 3897 Hali-

311 3956 661 3998 carnasseum
683 3982 698 4005 ,
744 3941 1032 3994 Auctorem
1061 3937 1264 4008 Origin.
1310 3946 1457 4007 gent.
1488 3951 1650 4001 rom.,
1681 3935 1911 3990 Lactan-

312 4037 479 4099 tium,
516 4033 900 4103 Augustinum,
931 4041 985 4085 et
1012 4031 1146 4085 alios
1175 4028 1454 4099 (Dionys.,
1488 4028 1577 4082 lib.
1609 4044 1625 4082 ι
1653 4027 1903 4096 Antiquit.

305 4146 478 4190 rant.,
511 4145 631 4198 pag.
661 4125 732 4180 24
758 4125 929 4188 ειὸὧς
974 4123 1123 4176 Auct.
1162 4121 1306 4192 Orig.
1329 4163 1343 4188 ,
1389 4137 1510 4190 pag.
1541 4119 1682 4185 596;
1719 4117 1864 4173 Lact.
1889 4159 1907 4187 ,

307 4223 402 4275 lib.
438 4237 476 4286 ι,
509 4237 625 4290 cap.
653 4218 746 4286 2‘2,
771 4236 890 4288 pag.
923 4215 1025 4272 127
1047 4233 1061 4282 ;
1086 4216 1326 4286 August.,
1359 4214 1445 4267 lib.
1474 4228 1603 4267 xvnt
1647 4213 1708 4266 de
1731 4209 1901 4277 Cirit.,

305 4333 428 4384 cap.
467 4315 555 4380 15,
587 4329 706 4384 pag.
741 4311 844 4367 499

385 4429 537 4483 Albu‘
559 4439 757 4494 autem,
786 4428 960 4498 pergit
982 4427 1271 4492 Arnobius,
1296 4425 1556 4481 Ascanius
1576 4424 1772 4494 aliique
1793 4423 1908 4494 ejus

307 4535 664 4576 successores
693 4521 847 4573 annis
884 4534 1052 4589 prope
1089 4517 1194 4573 420
1235 4525 1598 4588 regnaverunt
1641 4514 1870 4589 (Arnob.
1892 4558 1907 4581 ,

306 4616 403 4666 lib.
436 4629 472 4667 ll
494 4654 509 4679 ,
541 4628 664 4682 pag.
701 4611 802 4678 94;
840 4622 959 4664 tom.
996 4625 1011 4664 ι
1044 4611 1319 4680 Apparat.,
1353 4609 1405 4662 in
1433 4608 1576 4680 ﬁn.).
1602 4607 1659 4662 1n
1689 4607 1907 4662 Eusebii

306 4717 493 4762 autem
530 4705 793 4761 cltronico
834 4705 960 4758 anni
1009 4703 1149 4768 452,
1196 4714 1252 4758 et
1287 4717 1317 4755 a
1359 4699 1636 4756 Clemente
1677 4702 1908 4755 Alexan-

310 4800 473 4854 tlrino
503 4798 641 4864 422,
670 4803 1068 4866 computantur.
1104 4795 1348 4864 Denique
1388 4807 1416 4846 a
1446 4792 1618 4847 Roma
1658 4791 1904 4860 condita,

311 4897 384 4950 ad
413 4911 566 4950 suam
599 4910 767 4964 usque
809 4901 1021 4948 aetatem
1062 4893 1269 4946 Auctor
1298 4900 1482 4947 noster
1519 4903 1687 4944 annos
1715 4901 1909 4958 prope-

313 4989 535 5045 modum
566 4987 728 5043 1050.
763 4985 1054 5040 Eusebiaui
1094 4999 1226 5038 vero
1265 4982 1505 5039 chronici
1543 4989 1730 5034 auctor
1766 4978 1908 5033 1146

311 5086 536 5138 ﬂuxisse
565 5081 870 5151 perhibent.
903 5081 976 5135 De
1008 5079 1090 5134 his
1115 5079 1275 5134 etiam
1306 5076 1555 5132 omnibus
1583 5074 1782 5145 aliquid
1807 5089 1907 5128 no-

314 5178 549 5232 lavimus
599 5177 648 5229 in
681 5171 978 5229 Clementis
1015 5170 1360 5227 Alexandrini
1389 5168 1759 5238 cltronologia.
1802 5166 1908 5223 Sed

309 5272 430 5325 haec
462 5271 682 5325 uberius
704 5268 978 5338 prosequi,
1008 5283 1070 5322 ac
1097 5267 1280 5336 plures
1306 5265 1442 5319 alios
1466 5261 1907 5334 chronographos

308 5363 626 5418 nominibus
646 5363 756 5415 suis
781 5361 1050 5431 appellare
1081 5357 1214 5412 nihil
1236 5372 1458 5412 necesse
1486 5366 1588 5410 est.
1620 5353 1736 5410 Non
1763 5354 1906 5409 enim

311 5457 569 5510 omnibus
613 5454 848 5509 numeris
893 5451 1195 5506 absolutam
1225 5464 1488 5504 annorum
1514 5448 1906 5519 computando-

312 5568 432 5606 rum
455 5550 722 5605 rationem
747 5546 989 5617 sequitur
1006 5545 1296 5610 Arnobius,
1321 5544 1418 5599 sed
1440 5545 1698 5610 ipsosmet
1719 5559 1907 5614 recep—

309 5657 397 5698 tos
421 5643 488 5699 ah
511 5641 743 5696 ethnicis
766 5641 1034 5694 annalium
1059 5639 1351 5710 scriptores
1369 5637 1565 5692 citasse
1597 5647 1901 5703 contentus,

303 5737 417 5791 illis
446 5737 602 5806 plura
637 5736 796 5791 etiam
828 5735 1070 5804 largitur,
1105 5747 1267 5804 quam
1289 5731 1600 5787 desiderare
1631 5742 1904 5806 poterant.

309 5828 736 5885 Evidentissime
766 5827 929 5898 igitur
952 5842 1016 5880 ex
1049 5825 1130 5880 his
1168 5826 1500 5880 demonstrat
1529 5825 1746 5880 illorum
1777 5824 1908 5880 deos

311 5937 418 5976 non
453 5934 580 5976 ante
623 5905 882 5974 annorum
932 5920 1038 5974 «luo
1070 5919 1234 5973 millia
1265 5918 1535 5988 extitisse,
1568 5934 1667 5975 uec
1696 5918 1764 5975 ab
1803 5919 1909 5977 illis

2014 1912 2299 1971 utramque
2321 1899 2610 1971 aliquando
2631 1903 2882 1970 coepisse,
2913 1910 2969 1954 ut
2999 1915 3093 1970 par
3121 1900 3190 1955 sit
3221 1902 3502 1970 utrobique
3522 1917 3616 1956 ra-

2016 1991 2112 2047 tio.
2134 1990 2270 2060 Quid
2293 1992 2436 2046 enim
2461 1991 2568 2047 duo
2597 2008 2865 2046 annorum
2889 1993 3077 2060 millia,
3107 2007 3229 2046 cum
3255 1993 3467 2048 caeteris
3490 2008 3613 2047 om-

2014 2083 2170 2139 nibus
2197 2094 2354 2140 autea
2386 2085 2585 2155 elapsis
2605 2095 2942 2155 comparata,
2967 2101 3064 2155 pro
3085 2085 3313 2156 alicujus
3339 2085 3614 2158 religionis

2015 2178 2241 2232 veritate
2267 2177 2449 2233 facere
2480 2180 2752 2249 possunt?

2089 2271 2290 2326 Deinde
2318 2286 2450 2326 vero
2477 2271 2566 2326 ille
2596 2271 2773 2326 adhuc
2805 2283 3062 2344 pernegat
3098 2289 3130 2328 a
3160 2273 3474 2329 christianis
3503 2275 3612 2329 coli

2013 2365 2215 2436 aliquid
2278 2379 2476 2419 novum
2526 2375 2581 2420 et
2630 2366 2970 2420 ethnicorum
3017 2366 3280 2438 religione
3340 2368 3612 2424 recentius

2013 2457 2237 2524 (Arnob.
2261 2499 2276 2523 ,
2315 2457 2403 2511 lib.
2453 2474 2531 2526 ιι,
2574 2477 2693 2530 pag.
2735 2459 2863 2532 95).
2913 2459 3078 2515 Deum
3118 2461 3395 2516 enimvero
3422 2460 3613 2515 colunt

2014 2551 2462 2622 omnipotentem,
2489 2569 2594 2607 non
2617 2553 2778 2607 modo
2796 2553 3249 2624 antiquissimum,
3275 2553 3369 2608 sed
3398 2553 3610 2623 ingeni-

2016 2653 2124 2698 tum
2152 2643 2332 2706 etiam,
2367 2654 2420 2699 et
2439 2656 2724 2711 aeternum,
2759 2660 2822 2699 ac
2847 2661 3027 2700 rerum
3055 2646 3292 2700 omnium
3323 2645 3522 2700 fontem
3552 2656 3611 2702 et

2012 2734 2292 2805 originem.
2319 2734 2460 2790 Nihil
2490 2752 2619 2806 ergo
2647 2752 2843 2791 novum
2866 2737 3143 2792 christiani
3163 2737 3216 2792 in
3237 2735 3495 2793 mundum
3522 2738 3609 2792 in-

2013 2828 2391 2893 troduxerunt,
2425 2829 2519 2884 sed
2552 2830 2694 2900 quod
2721 2845 2842 2886 sero
2870 2830 3175 2886 didicerant
3203 2847 3233 2884 a
3253 2827 3489 2895 Christo,
3515 2832 3611 2901 qui

2012 2925 2264 2979 miseram
2295 2924 2572 2978 hominum
2602 2924 2768 2979 falsos
2797 2924 2930 2978 deos
2954 2923 3280 2990 colentium,
3313 2938 3611 2995 verumque

2013 3017 2184 3072 Deunt
2215 3017 2579 3087 ignorantium
2608 3018 2907 3073 caecitatem
2938 3019 3212 3072 discussit.

2081 3111 2244 3165 Plura
2291 3110 2506 3181 quidem
2545 3110 2821 3166 Arnobius
2861 3112 2930 3166 de
2968 3111 3111 3165 alliis
3155 3109 3463 3166 christiana:
3510 3127 3604 3165 re-

2014 3204 2223 3275 ligionis
2240 3204 2578 3274 dogmatibus
2595 3205 2666 3260 ibi
2683 3221 2790 3260 non
2810 3205 3050 3276 protulit,
3071 3215 3184 3260 tum
3202 3205 3325 3275 quia
3341 3204 3406 3258 ad
3424 3203 3609 3275 depcl-

2014 3301 2227 3356 lendam
2257 3315 2410 3356 novae
2440 3301 2718 3370 religionis
2745 3301 3194 3355 obtrectationem
3223 3314 3342 3370 quae
3373 3297 3604 3365 dixerat,

2015 3395 2173 3465 plane
2219 3395 2599 3450 sufﬁciebant:
2645 3404 2758 3449 tum
2801 3394 2925 3464 quia
2956 3393 3112 3465 paulo
3141 3403 3266 3448 ante
3299 3407 3610 3463 supremam

2015 3488 2214 3548 Christi
2244 3487 2599 3554 divinitatem,
2632 3488 2842 3558 aliaque
2880 3487 3126 3558 ejusdem
3167 3486 3476 3542 christiana:
3521 3501 3609 3541 re-

2016 3581 2228 3652 ligionis
2256 3582 2450 3653 placita
2488 3581 2617 3638 alibi
2645 3581 3007 3647 demonstrat,
3038 3581 3177 3637 sicut
3215 3589 3401 3651 postea
3429 3588 3610 3635 osten-

1963 3739 1972 3748 ε
2012 3677 2221 3735 demus.

2627 3816 2858 3874 CAPUT
2897 3817 2986 3874 Vl.

2016 3937 2173 3992 Aliud
2199 3937 2465 4008 gentilium
2491 3937 2732 3990 adversus
2761 3937 3093 3991 christianam
3129 3936 3424 4007 religionem
3453 3951 3608 4006 argu-

2086 4042 2325 4098 mentum,
2352 4047 2414 4086 επ
2430 4031 2643 4102 publicis
2663 4031 3034 4085 calamitatibus
3055 4028 3534 4102 petitum,solvilur.

2542 4183 2831 4224 ABTICULUS
2869 4183 3083 4224 PRIMUS.

2015 4307 2328 4358 Etltnicorum
2370 4307 2607 4357 adversus
2642 4305 2922 4356 christianae
2959 4303 3222 4368 religionis
3244 4304 3506 4368 veritatem
3531 4317 3612 4353 ar-

2077 4381 2390 4432 gumentum,
2416 4384 2478 4420 ex
2507 4370 2656 4432 variis
2678 4369 2899 4432 cladibus
2930 4375 2982 4417 et
3013 4368 3373 4432 calamitatibus
3391 4404 3405 4427 ,
3431 4368 3615 4432 quibus

2036 4488 2040 4497 ,
2078 4431 2248 4497 genus,
2261 4434 2524 4482 humanum
2547 4431 2661 4497 olim
2681 4431 3026 4497 divexabatur,
3052 4431 3278 4497 petitum,
3305 4431 3614 4497 proponitur,

2076 4490 2452 4558 ostenditurque
2477 4507 2504 4543 a
2529 4495 2709 4558 quibus
2729 4490 3185 4558 scriptorihus'olim
3207 4490 3412 4544 dilutum
3449 4490 3616 4542 confu-

2078 4567 2332 4621 latumque
2353 4559 2518 4609 fuerit.

2087 4710 2249 4765 Aliud
2285 4720 2472 4766 contra
2500 4709 2810 4766 christiana:
2856 4709 3134 4781 religionis
3168 4707 3458 4765 veritatem
3518 4721 3611 4762 ar-

2014 4813 2352 4876 gumeutum,
2371 4805 2667 4874 saapissime
2679 4814 2733 4859 et
2750 4803 2815 4858 ad
2832 4818 3085 4859 nauseam
3104 4817 3273 4872 usque
3293 4801 3362 4856 ab
3382 4799 3612 4856 ethnicis

2014 4906 2371 4962 recantatum,
2423 4895 2645 4965 insignis
2673 4905 2727 4949 et
2755 4893 3139 4949 absurdissima
3181 4891 3281 4946 fuit
3315 4891 3609 4956 calumnia,

2013 5006 2117 5060 qua
2167 4988 2526 5054 christianos,
2579 4985 2735 5041 sicuti
2787 4985 2975 5040 scribit
3023 4983 3293 5039 Arnobius
3341 4981 3610 5054 (Arnob.,

2015 5083 2104 5138 lib.
2139 5099 2190 5147 ι,
2220 5098 2339 5153 pag.
2374 5082 2399 5135 1
2432 5089 2478 5134 et
2504 5095 2642 5149 seqq.
2667 5077 2712 5146 ),
2761 5078 2831 5133 ob
2859 5076 3118 5145 reiectum
3160 5075 3612 5146 repudiatumque

2014 5175 2237 5231 deorum
2275 5173 2501 5237 cultum,
2531 5170 2772 5226 omnium
2804 5169 3138 5240 publicarum
3166 5167 3398 5224 cladium
3429 5178 3484 5223 et
3511 5182 3609 5222 ca—

2015 5267 2332 5334 lamitatum,
2375 5266 2570 5336 quibus
2595 5279 2766 5336 genus
2792 5264 3084 5319 humanum
3118 5261 3436 5327 vexabatur,
3480 5276 3608 5317 cauo

2013 5376 2127 5416 sam
2176 5375 2298 5416 esse
2331 5369 2434 5413 tam
2484 5357 2653 5424 falso,
2700 5373 2861 5429 quam
2909 5356 3167 5412 audacter
3215 5354 3612 5427 praedicabant.

2015 5453 2290 5510 Summam
2331 5453 2607 5507 enimvero
2636 5460 2858 5522 propter
2900 5451 3316 5505 Christianorum
3359 5448 3610 5520 impieta-

2014 5556 2144 5611 tem,
2164 5545 2240 5598 uti
2263 5544 2338 5599 illi
2360 5543 2700 5615 jactitabant,
2722 5543 2789 5598 ab
2815 5542 2919 5598 diis
2939 5542 3132 5597 merito
3163 5541 3312 5596 iratis
3341 5541 3612 5612 abjectam

2016 5654 2194 5693 rerum
2227 5647 2560 5695 terrenarum
2582 5652 2787 5704 curam,
2814 5644 2868 5691 et
2890 5636 3027 5690 mala
3049 5636 3249 5699 omnia,
3274 5634 3468 5704 quibus
3489 5632 3608 5686 ubi-

2013 5746 2116 5800 que
2147 5730 2394 5786 homines
2423 5731 2668 5785 solebant
2693 5727 2884 5784 conﬁci
2912 5737 2968 5782 et
2995 5726 3210 5798 oprinti,
3237 5727 3289 5781 in
3323 5736 3493 5780 totum
3525 5722 3607 5779 itt-

2012 5834 2164 5880 vecta
2193 5823 2360 5879 fuisse
2388 5832 2651 5879 terrarum
2683 5820 2890 5876 orbem.

2083 5917 2251 5983 Quam
2281 5924 2460 5970 autem
2492 5913 2745 5984 frequens
2785 5911 3112 5990 fuerithrec
3156 5912 3439 5985 gentilium
3478 5926 3614 5985 qur-
