4158 6264
558 326 665 385 455

1744 323 2195 387 DISSERTATIO
2234 323 2515 405 suavia

3748 330 3856 397 45.6

557 442 791 498 rimonia
838 451 894 499 et
930 443 1232 510 accusatio,
1276 443 1322 497 si
1364 441 1505 499 scire
1528 441 1690 510 velis,
1718 442 1873 511 audi,
1907 444 1950 498 si
1982 443 2158 512 lubet,
2190 444 2245 519 Α
2341 443 2535 503 Postea
2579 440 2753 500 adhuc
2780 440 3135 523 Symmachus
3177 444 3518 523 sterilitatem
3562 453 3741 519 territa,
3774 446 3854 503 fa-

558 532 1002 590 Tertullianum:
1054 552 1074 585 α
1112 533 1168 589 In
1223 532 1403 589 odium
1452 534 1713 590 bonorum
1758 543 1813 591 et
1861 536 2152 606 proborum

559 629 893 699 conspirant,
932 646 951 681 ι
981 627 1203 694 ethnici,
1243 647 1263 679 ‹
1302 628 1391 700 qui
1423 629 1685 687 adversus
1713 632 2025 707 sanguinem
2068 630 2154 686 in-

559 728 849 776 nocentem
876 720 1237 785 conclamant,
1266 730 1627 792 praetexentes
1656 735 1786 778 sane
1824 722 1887 775 ad
1921 723 2029 777 odii
2057 722 2155 778 de-

559 812 861 869 fensionem
895 810 1039 877 illam
1069 827 1283 893 quoque
1314 812 1630 875 vanitatem.
1663 813 1805 889 quod
1850 813 2159 869 existiment

559 906 737 962 omnis
781 903 1007 975 publieae
1051 905 1251 972 cladis,
1289 906 1466 960 omnis
1508 906 1782 977 popularis
1830 906 2159 962 incommodi

557 996 886 1052 christianos
937 1011 1060 1051 esse
1125 1012 1365 1063 causam.
1421 997 1478 1052 Si
1526 996 1738 1055 Tiberis
1805 997 2048 1053 ascendit
2092 997 2158 1053 ad

555 1090 796 1155 moenia,
847 1088 895 1145 si
925 1088 1075 1144 Nilus
1116 1106 1222 1151 non
1265 1089 1541 1147 descendit
1590 1090 1657 1145 ad
1694 1105 1850 1158 arva,
1884 1092 1928 1145 si
1964 1092 2161 1148 caelum

558 1184 742 1247 stetit,
776 1184 821 1238 si
854 1191 996 1238 terra
1027 1184 1226 1251 movit,
1259 1185 1303 1239 si
1335 1183 1525 1248 fames,
1560 1185 1604 1239 si
1637 1186 1773 1250 lues,
1805 1184 1983 1247 statim
2019 1185 2165 1241 chri-

556 1278 764 1334 stianos
795 1276 863 1332 ad
899 1277 1130 1333 leonem.
1171 1277 1374 1332 Tantos
1428 1278 1492 1334 ad
1523 1293 1686 1333 unum
1720 1298 1738 1335 ι
1778 1277 2159 1352 (Tertullian.,

559 1369 810 1441 Apolog.,
838 1386 956 1439 cap.
983 1369 1080 1435 40,
1109 1387 1224 1443 pag.
1264 1369 1332 1425 '56
1351 1370 1393 1445 ).
1432 1370 1634 1428 Eadem
1667 1356 1859 1444 repetit
1887 1373 1939 1427 in
1971 1388 2070 1427 suo
2096 1372 2164 1428 ad

557 1461 818 1518 Nationes
880 1460 1022 1515 libro
1070 1460 1290 1536 (Idem,
1326 1462 1413 1517 lib.
1473 1480 1490 1518 ι
1529 1464 1598 1517 ad
1641 1461 1889 1533 Nation.,
1943 1482 2061 1535 cap.
2097 1464 2198 1531 9,’

560 1574 682 1629 pag.
716 1554 785 1611 54
810 1553 854 1627 ).
902 1555 1010 1612 Sed
1032 1555 1102 1613 de
1129 1556 1222 1612 illo
1253 1557 1402 1628 plura
1423 1573 1452 1612 a
1483 1557 1638 1613 nobis
1664 1573 1764 1614 suo
1794 1559 1913 1615 loco
1942 1560 2166 1627 dicenda

558 1659 705 1703 sunt.

631 1740 893 1815 Origenes
945 1755 1075 1795 vero
1141 1748 1392 1797 testatum
1445 1742 1571 1798 facit
1604 1743 1832 1815 gentiles
1872 1745 2060 1801 eadem
2115 1757 2169 1805 et

2261 551 2510 621 memque
2538 536 2804 617 publicam
2837 536 3044 608 negatis
3077 535 3376 613 Vestalium
3403 536 3860 615 sacerdotumque

2259 628 2596 691 ethnicorum
2662 628 2955 700 privilegiis
3009 629 3279 705 ascribere
3343 646 3451 695 non
3521 629 3784 701 dubitavit
3847 649 3860 685 :

2266 740 2284 772 ι
2320 720 2495 775 Nemo
2527 736 2612 785 nte
2646 729 2795 791 putet
2828 721 3002 783 solum
3047 737 3265 789 causam
3316 719 3636 799 religionum
3688 721 3862 795 tueri:

2260 827 2325 867 ex
2363 810 2671 887 hujusmodi
2711 810 3041 871 facinoribus
3082 821 3202 879 orta
3244 821 3370 879 sunt
3409 820 3604 868 cuncta
3637 812 3865 871 Romani

2261 905 2473 976 generis
2513 904 2948 959 incommoda....
2992 903 3188 960 Secuta
3218 914 3304 961 est
3330 905 3433 963 hoc
3468 904 3665 969 factum
3694 904 3863 981 fames

2263 998 2498 1077 publica,
2525 1010 2580 1053 et
2610 1014 2761 1072 spem
2793 1001 3195 1071 provinciarum
3235 1004 3472 1065 omnium
3503 999 3696 1069 messis
3722 1016 3865 1071 aegra

2264 1089 2514 1162 decepit:
2546 1090 2662 1146 Non
2692 1102 2819 1146 sunt
2856 1092 2972 1148 ltrec
3020 1093 3149 1167 vitia
3185 1102 3546 1157 terrarum...
3578 1094 3865 1164 sacrilegio

2265 1198 2436 1238 annus
2460 1183 2598 1247 aruit
2622 1200 2638 1251 ;
2670 1200 2892 1251 necesse
2913 1186 3056 1241 enim
3090 1183 3191 1251 fuit
3213 1185 3393 1261 perire
3413 1184 3687 1251 omnibus,
3720 1185 3863 1261 quod

2264 1275 2635 1347 religionibus,
2689 1277 3032 1349 negabaturt
3087 1258 3579 1352 (Apud'Ambrosq
3627 1258 3750 1333 tam.
3793 1293 3863 1344 tt,

2267 1385 2387 1441 pag.
2420 1368 2517 1423 85l
2553 1378 2599 1422 et
2624 1385 2760 1441 seqq.
2780 1371 2823 1441 ).

2339 1461 2507 1533 Quam
2532 1464 2737 1529 crebra,
2777 1478 2838 1517 ac
2867 1477 3004 1534 pene
3020 1461 3357 1533 quotidiana,
3388 1469 3441 1517 et
3471 1461 3729 1525 diuturna
3753 1460 3867 1521 luc-

2268 1557 2340 1613 rit
2366 1556 2558 1613 stolida
2585 1557 2672 1628 illa
2701 1554 2984 1629 gentilium
3010 1554 3252 1635 querela,
3279 1554 3403 1610 inde
3425 1554 3604 1619 adhuc
3630 1553 3865 1626 conjice,

2270 1650 2412 1722 quod
2440 1648 2639 1705 ethnici
2664 1664 2783 1705 eam
2820 1664 2849 1700 a
2876 1646 3187 1702 christiana:
3228 1647 3509 1717 religionis
3545 1648 3773 1705 exordio
3800 1647 3865 1705 ad

2272 1743 2555 1815 Augustini
2579 1757 2747 1819 usque
2795 1750 3034 1813 tempora
3084 1740 3137 1795 in
3169 1755 3264 1807 ore
3301 1756 3518 1813 semper
3556 1741 3869 1805 habuerint.

560 1832 690 1888 olim
713 1840 767 1888 et
792 1848 891 1888 suo
911 1833 1088 1888 adhuc
1110 1845 1353 1909 tempore
1375 1833 1511 1889 falsa
1533 1835 1620 1891 illa
1638 1837 2013 1895 criminatione
2034 1840 2157 1907 abu-
2186 1844 2234 1904 Β
2260 1834 2396 1897 Audi
2415 1878 2431 1902 ,
2472 1849 2685 1906 quteso,
2722 1833 3006 1905 ipsutnmet
3050 1843 3295 1895 sanctum
3327 1831 3477 1897 illum
3528 1832 3815 1897 doctorem
3851 1851 3864 1887 :

560 1942 651 1983 sos
674 1925 839 1982 fuisse
870 1946 883 1982 :
916 1946 936 1979 ι
968 1923 1101 1983 Cum
1127 1929 1241 1984 ltazc
1270 1949 1289 1981 ι
1321 1930 1510 2001 inquit,
1539 1950 1557 1982 ι
1586 1931 1911 2002 contigerint
1935 1935 2156 2001 mundo,

560 2035 930 2095 consequens,
966 2024 1120 2095 quasi
1161 2023 1662 2097 derelinquentibus
1693 2023 2001 2082 hominibus
2028 2026 2159 2082 deo-

559 2128 683 2169 rum
712 2111 912 2169 cultum
934 2156 949 2181 ,
985 2122 1043 2168 ut
1072 2122 1287 2184 propter
1316 2113 1711 2171 multitudinem
1740 2114 2157 2173 christianorum

561 2206 745 2263 dicant
773 2204 891 2261 fieri
925 2205 1099 2273 bella,
1129 2206 1316 2271 fames,
1360 2215 1415 2260 et
1442 2207 1793 2276 pestilentias.
1827 2206 2161 2285 Frequenter

561 2296 708 2353 enim
738 2295 898 2351 famis
927 2312 1087 2352 causa
1131 2296 1455 2352 christianos
1495 2298 1780 2368 culparunt
1815 2298 2072 2372 gentiles,
2108 2311 2162 2356 et

561 2391 888 2463 quicumque
959 2390 1238 2460 sapiebant
1282 2406 1401 2461 qua:
1448 2392 1683 2462 gentium
1743 2383 1931 2460 sunt,
1962 2394 2056 2449 sed
2109 2401 2164 2449 et

562 2484 997 2565 pestilentiarum
1017 2499 1209 2540 causas
1226 2484 1291 2539 ad
1307 2481 1507 2540 Christi
1527 2485 1820 2542 Ecclesiam
1838 2487 2158 2543 retulerunt.

565 2576 781 2633 Scimus
807 2582 988 2633 autem
1016 2585 1071 2633 ct
1100 2577 1240 2648 apud
1281 2592 1379 2633 nos
1425 2590 1584 2634 terra:
1614 2590 1819 2635 motum
1864 2580 2063 2637 factum
2108 2583 2161 2639 in

564 2669 699 2726 locis
721 2670 1064 2741 quibusdam,
1095 2680 1151 2726 et
1177 2672 1340 2727 factas
1370 2672 1533 2729 fuisse
1560 2674 1816 2745 quasdam
1844 2677 2060 2745 ruinas;
2089 2679 2162 2733 ita

567 2772 627 2817 ut
656 2763 747 2833 qtti
789 2772 946 2818 erant
985 2762 1131 2834 impii
1162 2774 1314 2827 extra
1342 2764 1521 2830 fidem,
1555 2781 1771 2821 causam
1804 2778 1963 2824 terra:
1989 2780 2164 2826 motus

566 2856 816 2915 dicerent
857 2857 1224 2924 christianos;
1258 2867 1475 2937 propter
1505 2861 1644 2931 quod
1675 2870 1730 2916 et
1762 2864 2164 2932 persecutiones

565 2967 739 3024 passm
753 2959 878 3006 sunt
892 2950 1230 3013 Ecclesiae,et
1245 2950 1479 3007 incensas
1498 2965 1641 3009 sunt.
1656 2953 1773 3009 Non
1792 2956 1961 3011 solum
1981 2968 2160 3015 autem

567 3048 668 3112 illi,
702 3046 795 3101 sed
824 3054 877 3100 et
899 3046 989 3115 qui
1021 3045 1338 3100 videbantur
1368 3046 1681 3117 prudentes,
1714 3047 1840 3101 talia
1872 3049 1923 3102 in
1951 3050 2162 3123 publico

568 3141 849 3201 dicerent;
898 3122 1022 3208 quia
1071 3152 1289 3209 propter
1334 3127 1656 3199 christianos
1688 3140 1821 3195 fiunt
1861 3122 2161 3215 gravissimi

2268 1948 2288 1981 ι
2326 1927 2550 1996 Quando
2585 1924 2797 1990 auditis,
2831 1942 2850 1981 ›
2883 1924 2954 1978 ait
2995 1922 3233 2003 (August.
3266 1924 3318 1977 in
3358 1923 3493 1978 titul.
3528 1926 3662 2001 psal.
3698 1940 3865 1991 ωας,

2265 2020 2293 2094 §
2323 2021 2375 2087 1,
2398 2036 2518 2091 pag.
2542 2017 2701 2089 857),
2740 2035 2759 2069 ι
2782 2017 2984 2089 garrire
3009 2015 3376 2086 blasphemus,
3404 2026 3460 2072 et
3487 2016 3667 2072 dicere
3696 2017 3870 2072 abun-

2261 2113 2390 2169 dare
2416 2125 2694 2182 pressuras
2731 2109 3065 2177 temporibus
3109 2108 3460 2175 Christianis;
3512 2111 3664 2165 scitis
3707 2111 3859 2165 enim

2263 2206 2384 2279 quia
2417 2207 2517 2283 ltpc
2543 2212 2727 2258 amant
2754 2204 2937 2258 dicere
2961 2221 2976 2257 :
3006 2212 3063 2257 et
3086 2211 3241 2258 vetus
3273 2203 3520 2273 quidem,
3548 2204 3643 2258 sed
3670 2219 3699 2257 a
3730 2213 3866 2268 tem-

2262 2297 2481 2368 poribus
2532 2294 2836 2369 cltristianis
2883 2294 3048 2365 capit
3103 2294 3444 2364 proverbium
3502 2314 3514 2353 :
3569 2294 3691 2352 Non
3732 2296 3864 2367 ptuit

2265 2390 2405 2445 Deus
2456 2406 2474 2443 :
2513 2390 2615 2444 duc
2658 2386 2727 2443 ad
2755 2388 3083 2447 christianos.
3130 2389 3466 2463 Quamquam
3514 2391 3720 2460 priores
3766 2392 3866 2446 ista

2266 2483 2536 2549 dixerunt,
2568 2482 2653 2536 isti
2687 2488 2866 2536 autem
2895 2479 3055 2535 modo
3078 2481 3293 2548 dicunt,
3318 2492 3365 2535 et
3391 2482 3509 2552 quia
3539 2482 3666 2551 pluit
3692 2481 3866 2549 Deus,

2266 2576 2366 2630 duc
2393 2577 2461 2630 ad
2488 2575 2807 2630 christianos.
2846 2593 2865 2627 ι
2914 2573 3044 2642 Quae
3070 2574 3285 2646 quidem
3317 2574 3409 2631 ille
3441 2591 3548 2630 non
3585 2576 3761 2631 solum
3794 2576 3864 2632 ibi

2266 2669 2488 2737 uberius
2515 2669 2879 2740 prosequitur,
2914 2668 3009 2737 sed
3039 2668 3145 2727 alio
3170 2667 3350 2737 adhuc
3376 2669 3429 2729 itt
3458 2668 3595 2733 libro
3617 2669 3759 2741 hunc
3784 2686 3869 2727 re-

2267 2765 2401 2843 petit
2422 2766 2473 2831 in
2515 2761 2775 2833 modum:
2815 2780 2833 2815 ι
2868 2761 3138 2825 Memento
3172 2771 3350 2825 autem
3380 2778 3467 2831 me
3502 2764 3604 2821 ista
3631 2777 3868 2835 optume-

2266 2866 2588 2923 morattlt‘m,
2620 2854 2796 2911 adhuc
2825 2864 3010 2912 contra
3044 2856 3323 2927 imperitos
3342 2871 3522 2933 agere,
3549 2870 3617 2915 ex
3640 2871 3865 2929 quorum

2270 2948 2537 3027 imperitia
2560 2949 2687 3003 illud
2710 2963 2925 3021 quoque
2945 2956 3120 3007 ortum
3144 2957 3226 3017 est
3246 2950 3469 3020 vulgare
3491 2950 3869 3023 proverbium:

2287 3044 2461 3114 pluvia
2480 3042 2641 3106 desit.
2660 3058 2818 3111 causa
2842 3044 3140 3103 christiani.
3161 3044 3297 3107 Sunt
3311 3060 3562 3116 namque,
3580 3046 3670 3118 qui
3684 3063 3869 3104 eorum

2266 3137 2453 3195 Studiis
2516 3136 2824 3199 liberalibus
2870 3137 3126 3203 instituti,
3178 3146 3362 3205 amant
3406 3139 3714 3211 historiam,
3767 3157 3871 3214 qua

570 3242 730 3287 terrae
752 3238 930 3286 motus
957 3251 976 3282 ι
1013 3230 1277 3301 (0rigen.,
1314 3230 1488 3286 Tract.
1514 3232 1607 3299 ‘28,
1638 3233 1690 3288 in
1714 3233 1929 3303 IlIatth.,
1955 3246 2078 3295 tom.
2112 3255 2168 3305 tt,
2201 3243 2245 3305 C
2279 3231 2537 3305 facillime
2582 3232 2682 3285 ista
2725 3240 3031 3297 noverunt:
3064 3229 3159 3286 sed
3193 3240 3250 3286 ιιι
3278 3232 3433 3293 nobis
3480 3233 3868 3299 ittet‘uditorttm

570 3340 693 3395 pag.
725 3322 857 3394 88).
889 3322 1067 3377 Testis
1099 3324 1253 3378 nobis
1282 3324 1457 3379 adhuc
1484 3325 1895 3395 cstLactantius
1923 3330 2167 3385 ethnicos

571 3420 818 3477 eamdem
846 3433 944 3474 suo
970 3420 1130 3474 etiam
1156 3431 1399 3491 tempore
1422 3421 1685 3477 cecinisse
1708 3424 2052 3491 cantilenam,
2078 3426 2164 3481 ubi

570 3516 665 3571 ille
705 3515 1039 3584 obiectarum
1092 3514 1425 3584 publicarum
1466 3515 1698 3577 cladium
1743 3529 1796 3573 et
1827 3510 2164 3575 miseriarum

570 3611 970 3665 accusationem
1019 3610 1072 3663 in
1105 3610 1251 3680 ipsos
1297 3609 1374 3665 sic
1413 3608 1655 3664 refundit
1690 3630 1702 3664 :
1742 3631 1760 3662 ι
1811 3611 2006 3666 Discite
2047 3612 2167 3675 ideo

568 3701 715 3756 mala
762 3701 942 3755 omnia
989 3700 1152 3755 rebus
1182 3699 1433 3754 humanis
1473 3700 1713 3770 quotidie
1754 3703 2163 3772 ingravescere,

571 3796 698 3865 quia
729 3794 902 3861 Deus,
951 3794 1107 3862 hujus
1134 3794 1316 3855 mundi
1350 3793 1573 3855 effector
1602 3808 1654 3849 et
1682 3796 2042 3867 gubernator,
2074 3799 2167 3854 de«

569 3888 793 3955 relictus
827 3897 947 3958 est;
992 3888 1114 3961 quia
1156 3898 1420 3959 suscepta:
1455 3897 1613 3953 sunt,
1646 3900 1834 3953 contra
1883 3906 2044 3962 quam
2089 3892 2168 3948 fas

571 3990 677 4047 cst,
712 3981 893 4053 impia:
916 3980 1241 4050 religiones;
1269 3990 1548 4051 postremo
1576 3982 1700 4059 quia
1726 3999 1793 4045 tte
1822 3984 1927 4039 coli
1949 3984 2167 4055 quidem

570 4074 659 4130 vel
689 4089 720 4129 a
744 4074 925 4144 paucis
967 4074 1138 4129 Deum
1180 4075 1356 4129 sinitis
1391 4094 1411 4127 ι
1446 4073 1729 4143 (Laetam,
1758 4076 1847 4130 lib.
1875 4094 1932 4145 v,
1965 4096 2082 4149 cap.
2112 4081 2165 4148 8,

572 4184 696 4239 pag.
720 4167 826 4224 479
852 4176 899 4221 et
925 4184 1064 4238 seqq.
1091 4168 1131 4237 ).
1164 4168 1221 4224 Si
1251 4169 1395 4223 enim
1428 4169 1518 4224 ille
1541 4170 1707 4235 solus,
1733 4172 2031 4228 observatis
2052 4175 2170 4245 ejus

571 4259 801 4339 legibus,
833 4258 991 4333 sicuti
1019 4275 1116 4339 par
1142 4269 1247 4335 est,
1276 4261 1567 4329 coleretur,
1607 4278 1713 4329 non
1741 4275 1942 4337 essent,
1974 4267 2165 4339 inquit,

573 4350 959 4418 dissensiones,
1002 4352 1164 4417 bella,
1198 4351 1435 4418 fraudes,
1469 4356 1691 4425 rapinae,
1724 4357 2006 4427 adulteria,
2034 4361 2170 4415 alia-

572 4459 679 4518 que
704 4444 874 4513 mala,
901 4445 1096 4515 quibus
1124 4446 1414 4521 humanum
1450 4462 1622 4517 genus
1662 4450 1898 4522 seipsum
1930 4452 2166 4513 cnttlicit.

644 4534 755 4590 Nos
785 4550 914 4590 vero
940 4536 1318 4591 annotavimtts
1344 4537 1472 4607 quid
1501 4538 1823 4596 Maximinus
1852 4541 2168 4613 Imperator,

2274 3325 2454 3383 turbas
2485 3324 2860 3391 ittfestissimas
2904 3322 3166 3388 reddant,
3199 3339 3258 3379 se
3299 3340 3463 3395 nosse
3488 3326 3865 3397 dissimulant,

2269 3426 2427 3489 atque
2460 3416 2562 3485 ltoc
2588 3415 2727 3486 apud
2772 3415 2963 3489 vulgus
2990 3417 3315 3473 confirmare
3349 3418 3620 3485 nituntur,
3651 3420 3866 3499 clades,

2270 3509 2461 3583 quibus
2489 3524 2586 3581 per
2615 3519 2759 3565 certa
2790 3508 3072 3564 intervalla
3097 3509 3342 3575 locorum
3374 3520 3428 3566 et
3454 3521 3755 3583 temporum
3778 3530 3871 3587 ge-

2271 3619 2371 3673 uus
2400 3602 2692 3669 humanum
2717 3613 2928 3673 oportet
2955 3604 3139 3675 afﬂigi,
3168 3621 3330 3661 causa
3354 3607 3602 3665 accidere
3633 3610 3872 3669 nominis

2270 3693 2549 3755 cltristiani
2569 3734 2583 3760 ,
2634 3694 2774 3767 quod
2821 3705 3008 3761 contra
3040 3694 3172 3752 deos
3202 3712 3331 3752 suos
3380 3698 3582 3775 ingenti
3611 3698 3750 3759 fatua
3771 3742 3785 3765 ,
3816 3712 3870 3769 et

2273 3787 2684 3863 prmclarissitna
2737 3789 3054 3844 celebritate
3104 3805 3201 3861 per
3251 3802 3442 3847 cuncta
3486 3792 3861 3859 diliundituri

2273 3880 2290 3953 (
2318 3881 2485 3948 Idem,
2519 3883 2603 3935 lib.
2636 3898 2673 3938 tt
2701 3881 2764 3937 de
2787 3883 2962 3947 Cittit.,
2995 3899 3112 3955 cap.
3143 3884 3197 3947 5.
3232 3902 3351 3958 pag.
3386 3886 3457 3945 55
3483 3887 3523 3957 ).

2339 3974 2422 4031 Ad
2450 3976 2585 4035 hanc
2610 3985 2789 4030 autem
2822 3976 3182 4048 importunam
3214 3993 3279 4034 ac
3308 3978 3495 4037 falsam
3522 3980 3863 4039 criminatio-

2272 4084 2418 4141 nem,
2439 4070 2641 4135 tamdiu
2659 4069 2924 4142 totiesque
2937 4072 3004 4137 ab
3023 4071 3101 4127 eis
3124 4072 3429 4145 repetitam,
3448 4075 3865 4146 propulsandam

2271 4175 2326 4219 et
2377 4165 2592 4239 penitus
2639 4165 3102 4237 comprimendam
3132 4207 3148 4234 ,
3196 4167 3549 4225 eruditissimi
3594 4168 3870 4239 religionis

2272 4270 2471 4313 nosme
2506 4259 2822 4314 defensores
2868 4271 2925 4314 et
2967 4268 3225 4315 tractatus
3269 4272 3322 4317 et
3361 4262 3528 4317 libros
3570 4262 3869 4318 identidem

2273 4352 2579 4415 ediderunt.
2607 4352 2742 4408 Cum
2765 4354 2910 4413 enim
2927 4352 3302 4409 Demetrianus
3323 4355 3648 4411 christianos
3686 4358 3865 4428 publi-

2273 4460 2457 4500 carum
2488 4444 2856 4499 calamitatum
2883 4460 3099 4505 causam
3134 4461 3256 4501 esse
3286 4446 3532 4515 latraret,
3563 4434 3868 4521 Cyprianus

2274 4534 2717 4613 Cartltaginensis
2772 4536 3058 4615 episcopus
3093 4578 3106 4601 ,
3156 4536 3423 4593 clamosas
3474 4538 3619 4594 illius
3666 4556 3867 4609 voces,

574 4626 887 4685 christianis
930 4627 1356 4693 infensiSsitnus,
1388 4630 1583 4700 iniquis
1609 4632 1882 4687 civitatum
1913 4636 2165 4694 adversus

2278 4630 2597 4699 ineptasqne
2628 4628 3031 4699 obiurgationes
3057 4670 3072 4693 ,
3116 4630 3351 4699 primum
3380 4633 3719 4701 spernendus
3746 4650 3870 4690 esse

575 4735 671 4779 eos
689 4719 1137 4792 pOstulationibns
1149 4723 1493 4793 responderit
1508 4731 1524 4794 (
1538 4724 1749 4782 Dissert.
1766 4727 1821 4782 in
1838 4727 1968 4784 Luc.
1988 4730 2142 4787 Cecil.
2155 4777 2169 4802 ,

576 4832 693 4889 cap.
730 4815 818 4882 15,
848 4824 949 4868 art.
980 4815 1034 4880 5,
1060 4832 1179 4888 pag.
1213 4815 1376 4889 546).
1419 4818 1487 4872 At
1519 4817 1572 4872 in
1614 4834 1710 4885 ea,
1740 4835 1897 4889 quam
1940 4822 2008 4876 ad
2052 4812 2172 4879 illas

575 4908 825 4963 civitates
869 4907 1083 4977 scripsit
1113 4908 1379 4978 epistola,
1416 4909 1693 4979 audacter,
1733 4920 1870 4968 teste
1902 4912 2133 4970 Eusebio
2154 4956 2170 4980 ,

576 5001 854 5058 asserebat
879 5001 1185 5056 acerbiores
1219 5001 1552 5057 calamitates
1581 5004 1871 5075 contigisse
1909 5023 1921 5060 :
1954 5010 2043 5063 Διά
2084 5014 2173 5069 τὴν

578 5095 796 5174 ὀλέθριον
822 5094 1008 5154 πλάνην
1029 5104 1121 5156 τῆς
1148 5096 1391 5151 ὐποκένου
1418 5097 1748 5169 ματαιότητος
1788 5106 1888 5153 τῶν
1929 5102 2175 5172 ἀθεμίτων

578 5185 849 5263 ἀνθρώπων
880 5191 1072 5243 ἐκείνων
1100 5191 1315 5263 ἐγένετο,
1342 5192 1487 5248 ἡνίκα
1514 5195 1646 5247 κατά
1675 5196 1770 5253 τὰς
1798 5192 1984 5266 ψυχὰς
2011 5197 2174 5250 αὐτῶν

578 5281 892 5347 ἐπεπόλαζε,
924 5283 1006 5336 καὶ
1026 5280 1219 5353 σχεδὸν
1265 5284 1421 5337 εἰπεῖν
1453 5285 1520 5339 τὰ
1558 5292 1838 5356 πανταχοῦ
1882 5295 1973 5348 τῆς
2004 5290 2173 5341 οἰκου-

580 5376 734 5447 μένης
763 5376 1047 5445 αἰσχνναις
1078 5374 1259 5438 ἐπίεξε.
1292 5373 1369 5426 0b
1397 5377 1696 5445 pestiferum
1728 5394 1948 5435 errorem
1978 5381 2176 5435 inanis-

580 5467 726 5519 sima:
738 5465 974 5518 vanitatis
995 5464 1356 5519 sceleratorum
1373 5464 1581 5520 illorum
1600 5468 1863 5524 hominum
1881 5483 2169 5540 evenerunt,

582 5571 681 5626 quo
708 5570 933 5628 tempore
956 5572 1099 5610 error
1130 5555 1219 5610 ille
1258 5557 1311 5610 in
1333 5558 1519 5611 animis
1552 5559 1756 5613 illorum
1791 5562 2094 5633 pullulavit,
2126 5573 2174 5620 et

582 5649 874 5721 universum
891 5648 1259 5719 propemodum
1287 5659 1539 5704 terrarum
1556 5651 1726 5704 orbem
1743 5653 1901 5722 probo
1921 5672 1980 5708 ac
1998 5658 2177 5713 decore

585 5738 808 5808 ορριευὶι
878 5737 1146 5810 (Euseb.,
1215 5739 1302 5796 lib.
1355 5756 1394 5797 tt
1435 5740 1634 5797 Eccles.
1685 5742 1902 5812 Itistor.,
1957 5763 2071 5818 cap.
2118 5748 2172 5819 7,

585 5855 707 5911 pag.
740 5841 906 5915 555).

2275 4723 2555 4779 censebat.
2595 4721 2794 4781 Veram
2830 4722 2938 4789 ille,
2964 4722 3417 4799 quemadmodum
3445 4725 3717 4781 Arnobius
3748 4743 3877 4785 nos-

2277 4825 2361 4871 ter
2387 4815 2735 4888 (Arnob.,lib.
2766 4831 2805 4881 ι,
2837 4834 2955 4887 pag.
2976 4812 3051 4885 1),
3085 4832 3154 4870 ne
3184 4832 3242 4871 se
3270 4816 3526 4886 hominis,
3564 4820 3727 4889 impie
3758 4822 3869 4877 Deo

2276 4911 2637 4985 obstrepentis
2660 4951 2675 4977 ,
2707 4910 3035 4965 clamoribus
3064 4911 3207 4965 vinci
3231 4953 3245 4977 ,
3301 4926 3364 4967 ac
3407 4927 3530 4975 cum
3561 4914 3871 4979 christianis

2278 5020 2438 5061 causa
2468 4994 2738 5059 cecidisse
2769 5004 3061 5069 diceretur,
3098 5005 3555 5063 dcn‘tetttissitnam
3590 5009 3736 5063 illius
3786 5017 3869 5063 tc-

2280 5100 2584 5167 meritateni
2611 5108 2837 5160 tractatu
2864 5099 3123 5159 adversus
3150 5116 3270 5162 etttn
3293 5102 3440 5156 edito
3475 5102 3733 5161 coercuit.
3762 5102 3871 5158 Hn-

2275 5196 2429 5269 jusce
2467 5203 2645 5247 autem
2696 5192 2875 5261 operis
2937 5194 3088 5247 initio
3125 5193 3204 5248 sic
3246 5194 3333 5249 ille
3364 5193 3598 5269 loquitur
3640 5213 3653 5249 :
3712 5216 3728 5247 ι
3760 5197 3871 5267 Sed

2278 5289 2422 5345 enim
2452 5302 2573 5342 cum
2605 5287 2751 5341 dicas
2781 5285 3041 5356 plurimos
3058 5290 3315 5369 conqueri
3338 5329 3351 5350 ,
3398 5289 3540 5359 quod
3574 5289 3715 5347 bella
3744 5307 3868 5347 crc-

2280 5379 2430 5436 brius
2458 5388 2701 5453 surgant,
2725 5378 2868 5447 quod
2894 5378 3027 5443 lues,
3060 5378 3197 5449 quod
3231 5380 3399 5435 fames
3424 5382 3669 5449 sieviant,
3693 5383 3868 5455 quod-

2276 5486 2382 5542 que
2414 5471 2615 5524 imbres
2648 5476 2702 5523 ct
2734 5467 2942 5540 pluvias
2973 5484 3163 5524 serena
3194 5470 3351 5540 longa
3380 5472 3742 5542 suspendant,
3768 5488 3870 5531 no-

2277 5563 2360 5619 bis
2409 5562 2703 5632 imputari,
2762 5572 2939 5617 tacere
2977 5562 3113 5617 ultra
3163 5578 3267 5619 non
3317 5575 3573 5635 oportet:
3629 5584 3697 5624 ne
3753 5570 3866 5640 jam

2281 5672 2388 5713 non
2412 5655 2780 5723 verecunditc,
2835 5655 2928 5711 sed
2955 5655 3247 5712 dilidentia:
3276 5673 3398 5715 esse
3429 5660 3679 5733 incipiat,
3721 5663 3868 5734 quod

2281 5759 2525 5807 tacemus
2543 5789 2559 5815 ,
2609 5758 2664 5803 et
2701 5748 2829 5805 dum
2855 5749 3262 5807 criminationes
3290 5755 3687 5811 contemnimus
3715 5755 3868 5815 refu-

2298 5855 2416 5903 tare
2435 5887 2450 5916 ,
2481 5841 2759 5901 videamur
2784 5845 2988 5902 crimen
3021 5860 3334 5918 agnoscere.
3363 5849 3682 5921 Bespondeo
3709 5852 3874 5925 igitur
