4158 6264
305 309 402 368 457

1532 297 1602 357 IN
1629 296 2012 383 sauciauit.
2061 297 2219 369 CAP.
2264 299 2349 359 v1.

3498 300 3605 359 458

294 434 351 481 et
379 420 494 490 tibi,
520 418 886 497 Demetriane,
908 425 962 477 et
980 418 1223 502 caeteris,
1252 429 1387 489 quos
1410 423 1469 499 tu
1497 412 1723 479 forsitan
1750 429 1881 491 cou-
1907 420 1963 499 Α
1987 416 2163 499 globis
2185 415 2494 485 christiana:
2521 416 2745 477 exordio
2762 417 2829 481 ad
2847 432 2999 479 suam
3023 433 3193 491 usque
3220 424 3438 477 aetatem
3458 417 3597 473 nihil

292 515 501 582 citasti,
546 524 604 571 et
639 514 899 579 adversus
920 528 1041 581 nos,
1070 512 1193 577 odia
1222 512 1330 573 tuis
1363 511 1644 587 maledicis
1672 512 1893 571 vocibus

287 610 614 689 seminando
634 652 651 675 .
693 610 919 671 comites
948 609 1041 675 tibi
1072 608 1279 687 plures,
1304 606 1502 675 radicis
1528 616 1691 681 atque
1720 604 1890 677 origi-

421 712 530 761 ture
574 702 932 773 pullulatione
969 701 1178 769 fecisti,
1219 716 1353 771 quos
1397 707 1580 765 tamen
1624 696 1890 755 sermonis

288 795 462 853 nostri
499 795 788 857 admittere
838 792 1002 861 credo
1054 794 1340 859 rationem.
1374 812 1393 851 ι
1442 790 1733 867 (Cyprian.
1768 834 1783 858 ,
1818 790 1888 845 ad

293 887 549 961 Dantem,
580 904 701 965 pag.
733 886 882 959 186).

363 984 699 1061 Augustinus
726 999 892 1049 vero,
935 981 1003 1039 de
1044 996 1150 1057 quo
1186 995 1289 1057 nos
1328 980 1485 1050 paulo
1516 987 1642 1053 ante
1671 977 1887 1035 diceba—

293 1091 453 1141 mus,
496 1086 681 1149 aperte
720 1074 961 1137 declarat
986 1090 1048 1130 se
1074 1074 1320 1133 eamdem
1378 1074 1447 1143 ob
1491 1086 1709 1145 causam
1752 1087 1885 1131 con-

289 1169 575 1247 scripsisse
603 1182 730 1233 suos
759 1168 829 1237 de
856 1168 1084 1224 Civitate
1118 1166 1211 1233 Dei
1241 1167 1410 1229 libros
1428 1208 1444 1232 ,
1473 1180 1703 1237 quorum
1730 1165 1886 1236 quin-

291 1278 395 1341 que
420 1261 689 1337 prioribus
736 1259 877 1319 hanc
918 1259 1213 1335 inﬁdelium
1256 1252 1532 1333 hominum
1559 1257 1886 1319 calumniam

292 1354 614 1424 inpressius
642 1351 859 1427 refellit.
896 1350 1021 1411 Hice
1043 1361 1223 1429 autem
1247 1361 1371 1425 sunt
1402 1348 1623 1425 totidem
1651 1348 1793 1411 illius
1820 1364 1885 1407 ea

289 1453 359 1510 de
391 1467 457 1508 re
478 1449 635 1507 verba
670 1470 683 1505 :
719 1449 972 1511 (Interea
1010 1449 1177 1511 lioma
1224 1446 1527 1513 Gothorum
1553 1446 1884 1523 irruptioue,

290 1546 569 1617 agentium
592 1545 691 1603 sub
715 1560 843 1623 rege
873 1543 1108 1621 Alarico,
1131 1554 1292 1621 atque
1324 1542 1527 1611 impetu
1549 1555 1753 1619 magna:
1779 1539 1890 1599 cla-

290 1642 386 1707 dis
415 1654 597 1699 eversa
629 1649 714 1695 est
746 1657 760 1695 :
801 1639 957 1711 cujus
995 1639 1332 1713 eversionem
1374 1637 1601 1711 deorum
1633 1637 1887 1697 [uisurum

292 1732 694 1803 multorumque
733 1732 1011 1797 cultores,
1054 1746 1189 1805 quos
1230 1732 1428 1809 usitato
1461 1730 1679 1807 nomine
1722 1744 1895 1805 puga:

1996 520 2188 573 contra
2212 517 2599 591 stalasn'aturte
2623 511 2792 582 leges,
2823 526 2998 591 neque
3023 511 3077 567 in
3093 511 3400 577 elementis,
3421 524 3599 581 neque

1997 606 2051 663 in
2081 606 2237 667 solis,
2274 605 2436 670 lunae,
2471 616 2527 665 et
2552 615 2824 667 astrorum
2853 620 3036 673 cursu,
3076 620 3252 676 neque
3278 604 3334 660 in
3366 616 3601 676 quatuor

1992 703 2120 765 turni
2148 703 2582 771 tempestatibus,
2629 717 2804 771 neque
2856 701 2908 757 in
2960 700 3124 757 solita
3175 708 3338 763 terra:
3386 699 3599 755 anima-

1994 794 2236 864 liumque
2256 793 2625 861 fmcuuditate,
2648 809 2821 866 neque
2835 794 2887 847 in
2905 792 3137 867 publicis
3157 791 3410 847 humanis
3433 792 3597 847 rebus

1992 896 2048 945 et
2067 887 2371 958 disciplinis
2391 895 2654 945 mutatum
2679 886 2769 940 sit.
2792 885 2992 942 Verum
3014 886 3327 955 superiores
3356 884 3601 955 publicas

1992 978 2330 1043 calamitates
2350 1021 2365 1044 ,
2397 979 2667 1037 rhetorica
2700 978 2868 1049 ﬁgura
2914 978 3073 1059 paulo
3105 978 3330 1033 nimium
3359 977 3597 1047 ampliﬁ-

1993 1086 2147 1133 cassc
2193 1073 2438 1151 pluribus
2484 1072 2713 1127 fortasse
2755 1070 3063 1136 videretur,
3112 1071 3216 1137 nisi
3269 1085 3592 1138 persuasum

1995 1166 2136 1220 haud
2165 1166 2327 1221 dubie
2360 1168 2435 1221 illi
2466 1165 2661 1225 fuisset
2689 1166 2870 1233 toties,
2909 1166 2989 1233 uti
3030 1163 3286 1231 diximus,
3314 1166 3596 1236 repetitam

1991 1259 2061 1333 ad
2088 1260 2318 1319 ethnicis
2340 1263 2788 1333 obtrectationem
2814 1270 2891 1317 tot
2910 1260 3174 1333 exemplis
3203 1274 3324 1315 esse
3345 1259 3599 1317 relellen-

1994 1354 2140 1423 dam,
2176 1365 2234 1425 ut
2268 1355 2335 1411 ad
2374 1356 2663 1421 silendum.
2692 1366 2784 1417 aut
2809 1354 3001 1411 saltem
3032 1353 3100 1411 ad
3127 1353 3438 1426 pudendum
3479 1352 3593 1409 adi-

1988 1461 2265 1522 gerentur.
2297 1450 2665 1520 Quamobrem
2716 1450 3085 1515 Tertullianus
3136 1449 3190 1504 in
3231 1448 3390 1519 longa
3431 1447 3592 1502 etiam

1994 1542 2344 1617 earumdem,
2396 1558 2516 1617 qua:
2567 1553 2692 1598 ante
2739 1540 2941 1613 Christi
2981 1549 3159 1595 ortum
3216 1540 3594 1611 contigerunt,

2000 1633 2237 1701 cladium
2278 1635 2690 1703 enumeratione
2738 1634 2829 1689 diu
2871 1643 3149 1699 versatur,
3193 1645 3294 1686 nec
3333 1643 3492 1685 secus
3536 1644 3600 1684 ac

1996 1741 2182 1784 noster
2206 1739 2395 1784 auctor
2427 1739 2612 1800 postea
2636 1727 2917 1787 concludit
2951 1746 2965 1782 :
2994 1746 3013 1778 ι
3048 1727 3104 1783 Si
3133 1726 3388 1797 pristinas
3418 1723 3601 1780 clades

288 1842 393 1901 nos
422 1842 696 1899 vocamus,
730 1828 783 1887 in
810 1827 1157 1903 chriStiat-tam
1192 1804 1507 1905 religionem
1544 1804 1756 1905 irel'erre
1792 1839 1885 1903 co-
1918 1804 1969 1865 Β
1995 1838 2390 1893 comparemus,
2433 1824 2636 1878 leviora
2680 1838 2821 1877 nunc
2853 1821 3136 1886 accidunt,
3184 1837 3248 1877 ex
3284 1837 3393 1893 quo
3418 1820 3595 1876 chris-

290 1930 527 1989 nantes,
585 1921 746 1977 solito
794 1921 1045 1991 acerbius
1090 1929 1148 1977 et
1194 1920 1432 1993 amarius
1479 1918 1643 1993 Deum
1698 1934 1887 1983 verum

287 2014 672 2087 blasphemare
697 2025 998 2085 creperum.
1052 2011 1202 2083 Unde
1250 2027 1351 2087 ego
1378 2010 1736 2083 exardesceqs
1768 2010 1889 2085 zelo

292 2109 493 2173 domus
516 2108 633 2177 Dei,
662 2109 925 2167 adversus
944 2121 1131 2171 eorum
1156 2105 1521 2185 blasphemias
1543 2105 1625 2163 vel
1649 2120 1886 2171 errores,

289 2200 461 2275 libros
504 2199 574 2259 de
620 2197 854 2259 Civitate
884 2198 977 2263 Dei
1005 2196 1244 2265 scribere
1274 2196 1597 2271 institui...“
1647 2193 1889 2269 Quorum

288 2293 530 2369 quinque
557 2293 837 2363 primieos
895 2291 1190 2369 refellunt,
1242 2290 1334 2360 qui
1384 2304 1472 2351 res
1520 2288 1782 2367 humanas
1812 2289 1886 2349 ita

290 2386 604 2459 prosperari
643 2385 846 2451 volunt,
880 2394 935 2439 ut
960 2382 1027 2438 ad
1060 2382 1163 2438 hoc
1194 2382 1485 2445 multorum
1514 2381 1739 2453 deorum
1768 2382 1891 2445 cul-

289 2487 404 2539 tum
428 2519 442 2544 ,
487 2492 625 2549 quos
671 2476 858 2555 pagani
888 2474 1069 2541 colere
1106 2483 1472 2540 consuerunt,
1523 2474 1887 2537 necessarium

289 2586 418 2628 esse
454 2570 805 2636 arbitrentur,
854 2578 910 2635 et
936 2568 1057 2638 quia
1088 2567 1427 2636 prohibetur,
1459 2565 1598 2620 mala
1630 2565 1733 2620 ista
1754 2580 1887 2641 exo-

297 2665 420 2731 riri,
456 2674 609 2737 atque
660 2663 938 2719 abundare
963 2660 1298 2737 contendunt
1338 2678 1355 2711 ›
1403 2657 1678 2735 (Αιιαιιειη
1711 2658 1797 2713 lib.
1826 2674 1886 2726 ll,

296 2756 548 2823 Retract.,
579 2774 701 2827 cap.
733 2754 848 2827 45).

359 2848 545 2923 Neque
574 2847 872 2927 Augustino
902 2846 1002 2905 hos
1025 2887 1040 2913 ,
1083 2844 1328 2917 quamvis
1350 2842 1576 2913 eximios
1603 2843 1887 2923 excellen-

289 2954 481 3019 tesque
529 2942 696 2996 libros
743 2938 1043 2995 confecisse
1071 2942 1202 2994 satis
1229 2936 1366 2992 fuit:
1409 2936 1506 2999 sed
1545 2933 1794 3009 Orosium
1822 2936 1891 2999 ad

280 3034 599 3113 scribendos
637 3034 860 3097 annales
908 3029 1121 3105 impulit
1150 3072 1165 3097 ,
1208 3029 1404 3103 quibus
1460 3029 1636 3105 palam
1686 3027 1893 3107 faceret

1997 1918 2175 1971 tianos
2203 1934 2231 1972 a
2276 1917 2388 1971 Deo
2417 1915 2567 1989 orbis
2611 1917 2838 1987 accepit.
2886 1916 2966 1977 Ex
3004 1931 3070 1973 eo
3101 1916 3246 1974 enim
3288 1913 3602 1971 innocentia

1995 2010 2180 2065 saeculi
2212 2009 2525 2079 iniquitates
2564 2008 2922 2080 temperavit,
2969 2019 3024 2063 et
3076 2009 3463 2079 deprecatores
3507 2008 3604 2061 Dei

1997 2118 2119 2169 esse
2152 2112 2435 2175 casperth
2471 2122 2489 2171 ξ
2527 2086 2886 2175 (Tertullum,
2915 2103 3161 2173 Apolog.,
3193 2118 3313 2172 cap.
3345 2101 3460 2173 40).
3492 2100 3605 2158 Sed

1997 2195 2114 2251 hmc
2142 2196 2251 2259 ille,
2296 2198 2364 2251 de
2393 2212 2499 2267 quo
2531 2213 2629 2252 nos
2672 2212 2771 2253 suo
2812 2198 2967 2264 loco,
3019 2197 3189 2252 iusius
3222 2197 3330 2252 alio
3372 2198 3426 2251 iu
3463 2196 3602 2253 libro

1993 2293 2339 2363 prosequitur
2364 2291 2557 2366 (Idem,
2591 2292 2682 2348 lib.
2713 2293 2777 2347 de
2800 2292 2997 2360 Pallio,
3026 2309 3143 2365 cap.
3173 2294 3292 2362 27).

2069 2381 2271 2440 Contra
2303 2395 2485 2441 tamen
2513 2385 2839 2455 objiciehant
2869 2385 3114 2444 ethnici:
3141 2402 3163 2439 ο
3192 2385 3589 2445 Pestilentias.)

1999 2477 2225 2532 Arnobii
2267 2477 2430 2533 verba
2475 2487 2632 2544 sunt,
2673 2496 2690 2528 ε
2742 2488 2793 2531 et
2831 2478 3136 2539 siccitates,
3183 2476 3343 2543 bella,
3382 2474 3600 2546 frugum

1998 2569 2259 2639 inopiam,
2287 2569 2545 2634 locuslas,
2580 2584 2784 2634 mures,
2820 2577 2875 2623 et
2897 2568 3209 2639 grandines,
3242 2582 3441 2637 resque
3466 2568 3599 2622 alias

1999 2664 2212 2727 noxias,
2240 2661 2436 2732 quibus
2470 2662 2681 2733 negotia
2727 2662 3076 2718 incursautur
3104 2660 3362 2726 humana,
3389 2660 3466 2714 dii
3494 2660 3596 2715 im-

1996 2766 2235 2827 portant,
2278 2757 2491 2826 injuriis
2531 2757 2954 2819 christianorum
2997 2766 3162 2826 atque
3200 2752 3598 2810 oﬂ‘eusionibus

1994 2854 2299 2924 eanperati
2325 2872 2343 2905 ι
2391 2852 2632 2924 (Arnob.,
2671 2852 2760 2906 lib.
2791 2867 2830 2920 ι,
2866 2869 2988 2922 pag.
3014 2851 3091 2921 5).
3153 2849 3260 2907 Sed
3303 2850 3420 2905 haec
3457 2848 3597 2905 ratio

1995 2956 2105 2999 tam
2156 2945 2304 3014 parvi
2356 2944 2598 3015 levisque
2638 2944 2900 2998 momenti
2946 2942 3188 3003 Arnohio
3229 2942 3345 2999 visa
3381 2950 3499 3010 est,
3530 2950 3591 2997 ut

1994 3044 2195 3112 seipsa,
2229 3040 2433 3110 absque
2452 3039 2558 3094 ulla
2586 3038 2977 3103 confutatione,
3003 3051 3258 3093 corruere
3277 3050 3597 3107 persuasum

286 3127 548 3199 mundum
616 3125 866 3207 omnibus
910 3124 1232 3201 seculorum.
1310 3123 1558 3191 ωιῖέιίῦυε
1586 3166 1601 3195 ι
1662 3134 1718 3191 βι
1765 3132 1888 3180 ante
1918 3152 1963 3216 ο
1997 3133 2222 3190 omnino
2252 3130 2517 3188 habuerit.
2551 3130 2839 3199 Quomodo
2869 3132 3037 3194 enim,
3065 3129 3259 3200 inquit,
3286 3127 3413 3183 haec
3450 3128 3594 3183 cala-

289 3230 463 3287 ortam
499 3220 860 3299 ~christianam
909 3218 1225 3291 religionem
1252 3259 1267 3283 ,
1328 3217 1568 3295 publicas
1612 3218 1889 3301 accepisse

285 3315 647 3380 calamitates,
681 3311 1037 3387 hominesque
1072 3309 1451 3385 communibus
1488 3310 1733 3383 cladibus
1781 3311 1886 3387 mi-

285 3408 440 3461 seriis
468 3414 634 3472 atqne
661 3403 916 3465 aerumnis
946 3403 1107 3473 fuisse
1138 3403 1387 3479 alllictos.
1427 3402 1551 3459 llaec
1603 3402 1719 3479 ipse
1747 3403 1886 3477 (irq-

282 3500 392 3557 sius
424 3500 478 3553 in
510 3496 857 3551 historiarum
909 3511 1127 3567 suarum
1166 3495 1389 3550 exordio
1418 3493 1715 3581 puniatur,
1768 3511 1889 3573 qua:

282 3592 501 3665 quidem
531 3596 735 3663 integra
770 3591 853 3645 hic
874 3588 1181 3647 describere
1213 3588 1333 3665 quia
1362 3588 1574 3659 longius
1602 3586 1781 3652 foret,
1818 3587 1887 3643 ad

286 3688 404 3759 ejus
431 3687 642 3752 libros,
695 3686 987 3759 quemlibet
1034 3672 1307 3738 curiosum
1360 3681 1682 3737 mittendum
1715 3682 1887 3751 satius

293 3782 562 3839 duximus.
616 3782 762 3836 Ante
807 3779 1052 3834 Urosiurn
1110 3788 1288 3853 autem
1354 3784 1409 3831 et
1474 3777 1833 3851 Augustinum
1866 3816 1883 3842 ,

295 3876 563 3937 Arnobius
586 3886 768 3937 uoster
797 3875 850 3930 iu
882 3874 1045 3939 hisce,
1077 3873 1144 3931 de
1165 3872 1358 3949 quibus
1381 3872 1609 3951 agimus,
1640 3870 1792 3926 libris
1820 3869 1888 3925 ad

292 3969 538 4043 eamdem
565 3968 849 4043 gentilium
882 3967 1327 4035 obtrectationem
1372 3964 1528 4036 plane
1570 3966 1889 4051 perlitusque

287 4060 717 4133 reprimendaut,
762 4061 837 4117 uti
876 4060 1122 4132 superius
1168 4058 1565 4137 annotavipius,
1598 4072 1887 4128 aggressus

287 4166 389 4211 est.
422 4156 556 4224 Quae
586 4156 766 4226 itaque
805 4163 859 4209 et
884 4168 1043 4231 quam
1074 4150 1247 4206 valida
1278 4151 1387 4205 sint
1412 4149 1530 4222 ejus
1571 4160 1887 4233 argumenta

282 4251 416 4318 jam,
444 4250 489 4303 si
517 4248 735 4314 suubet,
768 4246 1029 4315 videams.

903 4395 1195 4437 ABTICULUS
1234 4396 1291 4434 ll.

281 4520 648 4586 Rspenduntur
673 4517 1404 4586 singulaAruobiiargumenta
1424 4557 1437 4581 ,
1465 4520 1646 4586 quibus
1686 4520 1893 4586 insulsas

348 4581 684 4639 ethnicorum,
716 4582 1006 4630 christianos
1032 4581 1332 4643 publicarum
1358 4581 1574 4631 omnium
1600 4582 1811 4634 cladium
1838 4594 1891 4636 et

341 4646 680 4711 calamitatum
715 4657 909 4711 causam
950 4656 1063 4697 es»:
1088 4656 1331 4711 nunquam
1356 4656 1450 4711 non
1491 4644 1890 4709 proclamantium

346 4706 719 4771 criminationes
741 4704 1262 4771 fiinilitus_cyertit,'_ac
1286 4704 1525 4771 quoumdo
1547 4716 1597 4757 ct
1619 4704 1893 4771 quantovi-

342 4774 532 4821 d'enter
553 4770 861 4818 demonstret
884 4772 946 4816 at»
969 4768 1077 4828 ipso
1098 4767 1373 4831 christiana:
1388 4767 1653 4831 religionis
1676 4768 1885 4821 'oxordio

347 4837 409 4887 ad
432 4845 574 4897 suam
598 4846 755 4897 usque
777 4838 973 4897 aetatem
995 4829 1153 4897 ,Alll'llll
1176 4837 1343 4885 contra
1365 4829 1515 4895 statas
1538 4840 1725 4897 natura:
1748 4833 1892 4897 leges

346 4912 447 4955 nec
475 4894 522 4944 in
548 4894 690 4949 cwlo,
716 4908 811 4942 nec
836 4895 882 4940 iu
909 4895 1058 4945 terris
1083 4895 1380 4955 immutatum
1399 4908 1412 4953 ;
1431 4894 1608 4955 surpius
1636 4909 1752 4945 vero
1775 4894 1891 4946 ante

346 4912 447 4955 nec
476 4911 522 4944 In
548 4911 690 4949 (εωιο,
716 4911 811 4942 nec
836 4911 882 4940 tu
909 4911 1058 4945 terris
1083 4911 1380 4943 IllllllUUlllllll
1399 4911 1412 4953 ;
1431 4911 1496 4941 su?
1520 4911 1608 4953 itus
1636 4911 1752 4945 vero
1775 4911 1890 4946 ante

345 4961 727 5013 Christianorum
755 4966 969 5021 tempora
988 4961 1171 5021 gentes
1185 4954 1334 5003 fuisse
1353 4958 1477 5021 tame
1497 4911 1758 5012 inuria-ras,
1779 4972 1890 5021 per.

347 5017 925 5087 niciososgue_acoidiSse
948 5017 1202 5087 grandinis
1234 5029 1406 5087 casus,
1431 5020 1620 5083 imbres
1658 5017 1888 5085 lapidum,

347 5082 531 5155 siccata
558 5082 774 5155 timuiita,
802 5088 973 5155 pestes
998 5082 1367 5155 t'tiuestissimas,
1401 5082 1758 5155 corisuniptasa
1783 5098 1891 5133 mu-

347 5098 531 5139 siceata
558 5098 774 5155 uunitua,
801 5098 973 5192 positus
998 5098 1367 5155 ituwsussmias,
1401 5098 1710 5145 consumptus
1732 5098 1758 5155 tt
1783 5098 1888 5133 mu-

345 5152 492 5201 ribus
512 5158 568 5197 et
583 5146 782 5196 locustis
821 5156 990 5205 roges,
1013 5154 1249 5192 uiaxnnos
1287 5150 1436 5193 terra:
1458 5145 1620 5195 hiatus
1640 5150 1691 5195 et
1714 5150 1888 5196 motus.

358 5279 590 5351 Fatetur
618 5277 845 5355 ingenue
871 5272 1143 5353 Arnobius
1163 5271 1441 5349 gentilium
1471 5273 1893 5355 argumentatio-

292 5390 416 5449 nem
445 5373 626 5457 gravis
665 5352 820 5451 plane
854 5379 909 5435 et
930 5369 1148 5435 maximi
1176 5382 1298 5433 esse
1326 5352 1583 5445 momenti
1623 5382 1686 5425 ac
1714 5367 1890 5439 chris-

293 5468 470 5535 tianos
506 5463 652 5537 omni
682 5462 808 5543 gdio
851 5459 1151 5526 habendos,
1187 5472 1345 5531 atque
1371 5460 1509 5533 adeo
1539 5460 1885 5536 reﬁciendam

295 5568 354 5619 et
379 5554 845 5637 exterminandum
888 5568 1074 5633 eorum
1121 5550 1458 5629 religiopem,
1488 5552 1534 5607 si
1577 5553 1676 5640 ipsi
1717 5554 1888 5625 publi-

294 5665 481 5709 corum
507 5649 793 5725 malorum,
823 5646 1296 5725 calamitatumquc
1322 5646 1559 5709 omnium
1590 5661 1748 5717 causa
1773 5646 1888 5705 fue-

295 5746 427 5817 rint.
457 5742 563 5799 Sed
591 5743 692 5803 hoc
714 5724 1065 5819 falsis-sinuin)
1088 5753 1210 5795 esse
1240 5737 1364 5792 inde
1381 5740 1613 5815 primum
1637 5740 1886 5811 demons-

302 5846 413 5891 trat
446 5835 684 5907 (Arnob,
718 5834 807 5889 lib.
848 5849 887 5907 t,
931 5848 1050 5911 pug.
1082 5829 1118 5889 2
1151 5840 1199 5891 et
1239 5826 1313 5899 5),
1346 5830 1487 5903 quod
1518 5832 1587 5905 ab
1617 5832 1732 5919 ipso
1757 5832 1885 5909 r91).

1995 3229 2240 3283 mitatum
2255 3226 2470 3281 nomina
2489 3235 2610 3295 post
2624 3224 2933 3279 christiana:
2944 3221 3221 3293 religionis
3239 3220 3597 3291 primordium

1993 3321 2227 3379 ethnicis
2250 3320 2467 3390 cognita
2510 3333 2633 3374 esse
2665 3326 2979 3389 potuerunt,
3023 3316 3123 3370 nisi
3153 3326 3309 3371 antea
3345 3315 3593 3386 contige-

1994 3416 2141 3471 rint?
2168 3415 2236 3469 Et
2265 3422 2415 3470 certe
2440 3428 2533 3468 eas
2556 3429 2745 3469 omnes
2777 3413 2927 3484 prius
2958 3412 3223 3467 accidisse
3249 3428 3316 3467 ex
3347 3411 3593 3481 ipsismet

1992 3508 2308 3565 eorumdem
2338 3507 2681 3565 ethnicorum
2714 3506 3000 3565 annalibus
3029 3504 3437 3559 evidentissima
3466 3517 3594 3573 pro-

1995 3600 2171 3655 batur.
2206 3600 2359 3669 Quod
2390 3600 2609 3670 quidem
2640 3599 2753 3665 ille,
2791 3597 3241 3669 quemadmodum
3271 3607 3453 3666 postea
3487 3597 3598 3649 Au-

1991 3695 2262 3764 gusrinus,
2302 3695 2441 3749 facta
2485 3692 2723 3749 cladium
2773 3692 2990 3747 illarum
3019 3690 3471 3757 enumeratione,
3499 3702 3593 3744 os-

1992 3787 2166 3842 tendit
2195 3785 2465 3859 (August.,
2497 3786 2586 3840 lib.
2621 3800 2675 3840 tu
2705 3784 2768 3838 de
2805 3784 2983 3851 Cirin,
3006 3799 3123 3854 cap.
3156 3782 3247 3849 17,
3279 3797 3401 3853 pag.
3435 3781 3504 3839 73
3546 3790 3597 3837 et

1990 3879 2153 3952 seqq).
2196 3879 2280 3935 Ab
2318 3879 2513 3941 Orosio
2543 3888 2743 3945 autem,
2779 3889 2837 3932 ut
2868 3879 2920 3932 id
2961 3877 3307 3933 manifestum
3335 3876 3597 3932 omnibus

1995 3974 2166 4037 lleret,
2211 3982 2417 4043 septem
2461 3973 2810 4029 hisroriarum
2851 3971 3041 4037 libros,
3090 3971 3346 4025 hortante
3399 3968 3595 4037 eodem

1993 4065 2292 4136 Augustino
2316 4065 2494 4120 editos
2524 4063 2690 4118 fuisse
2722 4064 2832 4133 jam
2876 4062 3380 4118 animadvertimus.
3419 4059 3594 4128 Quam

1992 4170 2141 4215 recte
2169 4174 2329 4230 porro
2356 4158 2428 4228 ,id
2458 4159 2705 4222 Orosius,
2736 4156 3045 4228 probaverit
3082 4172 3110 4209 a
3140 4155 3328 4218 nobis,
3374 4154 3487 4209 Deo
3513 4151 3593 4219 la-

1993 4248 2181 4320 vente,‘
2206 4260 2392 4323 postea
2433 4266 2532 4306 suo
2560 4252 2681 4306 loco
2710 4250 3124 4306 examinabitur.
3154 4247 3374 4303 Interim
3403 4261 3534 4302 vero
3560 4264 3596 4303 a

1994 4347 2150 4401 nobis
2179 4360 2243 4401 ea
2281 4345 2481 4400 clarius
2527 4343 2861 4403 euucleanda
2899 4351 3045 4407 sunt,
3088 4356 3211 4413 qua:
3254 4340 3322 4395 ab
3350 4338 3592 4396 Arnobio

1994 4455 2103 4497 non
2130 4439 2262 4495 satis
2286 4439 2435 4494 clare
2455 4436 2818 4509 explicantur-

2069 4533 2260 4589 Narrat
2284 4541 2465 4595 autem
2508 4532 2681 4603 primo
2709 4539 2898 4603 gentes
2940 4529 3083 4585 fame
3121 4543 3267 4599 saepe
3293 4526 3590 4585 confectas.

1994 4627 2064 4689 At
2119 4640 2282 4683 nemo
2332 4634 2452 4689 est,
2503 4626 2593 4694 qui
2645 4623 2855 4679 nesciat
2906 4632 3037 4694 quot
3087 4631 3397 4694 quantaque
3447 4622 3594 4678 illius

1993 4718 2322 4789 exemplain
2352 4719 2633 4790 gentilium
2666 4717 2906 4772 historiis
2947 4727 3255 4774 occurrant.
3307 4718 3484 4774 Pauca
3521 4733 3590 4773 ex

1995 4812 2240 4883 pluribus
2263 4812 2307 4865 si
2335 4811 2426 4867 tibi
2459 4808 2686 4879 proferri
2712 4809 2867 4871 velis,
2892 4824 2955 4864 ea
2980 4825 3099 4880 quae
3124 4808 3344 4880 .losephi
3369 4809 3595 4879 patriar-

1993 4905 2111 4960 cha:
2149 4916 2394 4973 tempore
2434 4901 2553 4965 fuit,
2599 4903 2964 4971 praetermissa
3008 4900 3242 4972 (Cenem,
3289 4918 3407 4970 cap.
3445 4902 3510 4961 ιι
3544 4909 3593 4957 et

1991 4996 2150 5067 seq.),
2182 5011 2247 5051 ex
2278 4994 2429 5050 Livio
2457 4994 2636 5049 disces
2665 5003 2863 5048 tantam
2887 4992 3072 5060 fuisse,
3098 4996 3326 5051 Proculo
3351 4995 3591 5066 Geganio

1994 5090 2284 5161 Macerino,
2318 5095 2373 5155 et
2403 5086 2464 5159 μ.
2501 5085 2747 5165 Menenio
2778 5083 2981 5167 Lapato
3026 5088 3360 5154 consulibus,
3392 5088 3590 5143 famem

1993 5184 2308 5257 frugumque
2340 5185 2576 5255 inopiam
2598 5227 2614 5252 ,
2644 5193 2699 5241 ut
2731 5202 2749 5237 ι
2780 5183 2937 5245 multi
2961 5199 3025 5247 ex
3048 5184 3209 5254 plebe
3240 5199 3336 5257 spe
3362 5184 3583 5253 amissa,

1992 5279 2168 5349 potius
2212 5293 2371 5348 quam
2405 5288 2462 5332 ut
2496 5279 2866 5335 cruciarentur
2906 5276 3167 5333 trahendo
3196 5278 3451 5345 animam,
3498 5292 3589 5335 ca-

1994 5372 2192 5451 pitibus
2249 5371 2550 5438 obvolutis,
2596 5386 2655 5429 se
2710 5372 2763 5443 in
2831 5370 3068 5443 Tiberim
3129 5372 3587 5445 prmeipitaveript

1992 5465 2153 5543 (Lim,
2184 5467 2273 5522 lib.
2293 5483 2369 5535 tv,
2400 5483 2519 5540 cap.
2551 5466 2661 5537 12).
2687 5467 3048 5547 Quamobrem
3077 5468 3299 5545 pulchre
3323 5470 3583 5541 Augusti-

1992 5576 2093 5641 nus
2119 5562 2187 5619 ab
2214 5561 2446 5618 ethnicis
2477 5564 2611 5634 petit
2646 5563 2734 5633 ubi
2766 5573 2891 5621 tunc
2932 5573 3114 5623 essent
3150 5562 3246 5631 dii,
3278 5564 3369 5635 qui
3404 5563 3583 5623 horni-

1988 5655 2145 5719 nibus
2183 5655 2350 5721 cultui
2378 5670 2477 5729 suo
2508 5656 2863 5727 addictissimi
2892 5672 3049 5727 opem
3092 5656 3295 5721 nullam
3345 5657 3584 5731 tulerunt

1990 5734 2256 5820 (August.,
2287 5749 2376 5804 lib.
2409 5748 2468 5804 tu
2506 5749 2569 5803 de
2600 5751 2774 5814 Civit.,
2811 5766 2929 5822 cap.
2957 5749 3046 5818 17,
3074 5768 3193 5824 pag.
3239 5748 3354 5824 74).
3385 5751 3585 5811 Scribit

1988 5852 2207 5919 quoque
2267 5841 2554 5927 Qigpysips
2602 5841 3049 5919 Halicarnasseus
3100 5844 3325 5901 alteram
3377 5851 3588 5917 partem
