4158 6264
572 311 674 364 459

1843 306 2302 366 DISSERTATIO
2339 307 2622 364 ΡΒᾸΞἫΑ

3776 312 3877 366 Ηθ

517 493 536 506 ⁸
571 428 860 492 Μωοιιιιιιι,
894 433 1030 480 teste
1061 413 1356 490 Herodoto,
1379 437 1502 476 cum
1531 422 1622 477 diu
1646 422 1782 478 fame
1806 423 2165 488 laborassem,
2197 427 2250 483 Α
2276 431 2390 486 tur,
2425 422 2716 478 humanum
2754 438 2924 494 genus
2967 436 3215 480 usseruut
3255 439 3316 478 ac
3355 425 3678 495 depopulata
3716 435 3864 480 sunt.

572 535 637 574 ca
683 521 901 574 tandem
930 519 1153 572 nimium
1185 526 1430 587 urgente,
1474 518 1715 587 paternis
1745 519 1979 573 cessisse
2009 518 2170 588 agris,

569 623 625 668 et
657 615 706 666 in
743 609 1014 666 Umbriam
1043 611 1257 664 venisse
1276 607 1517 678 (Dionys.
1569 607 1833 676 Ilalicar.,
1869 609 1957 663 lib.
1983 625 2001 663 ι
2028 609 2177 662 Anti-

566 705 696 773 quit.
729 720 883 768 rom.,
919 719 1041 772 pag.
1080 698 1195 771 2i).
1236 700 1513 770 Denique,
1551 709 1608 754 ut
1648 701 1800 770 plura
1853 701 2168 767 mittamus,

572 804 627 858 in
653 801 960 856 Eusebiano
987 796 1248 854 chronico
1261 798 1327 852 ad
1350 813 1552 852 annum
1579 796 1743 862 2022,
1767 806 1821 852 et
1849 807 1970 864 post
1991 804 2169 851 ortum

571 893 774 949 Christi
812 899 1063 946 octavum
1095 899 1332 958 notatur,
1362 907 1381 940 ι
1425 889 1614 955 fames,
1648 889 1820 944 Rome
1855 889 1949 954 ita,
1983 889 2172 959 ingens

577 986 737 1053 facta,
771 994 828 1039 ut
864 984 1102 1053 quinque
1131 981 1297 1036 modii
1331 981 1698 1036 venderentur
1727 981 1965 1036 denariis
1993 994 2169 1046 xxvn,

573 1081 758 1134 semis.
805 1097 824 1128 ι
874 1074 1030 1131 Tunc
1072 1085 1251 1128 autem
1291 1074 1712 1128 cbristianorum
1756 1088 1953 1129 nomen
1999 1087 2173 1144 neque

575 1171 670 1233 ibi,
707 1184 882 1239 neque
903 1167 1030 1221 alibi
1056 1165 1295 1220 auditum
1327 1164 1502 1220 adhuc
1531 1163 1728 1219 fuerat.

650 1260 1144 1334 Frequentissimos
1200 1257 1394 1313 deinde
1450 1257 1727 1328 grandinis
1773 1271 1958 1321 casus,
2015 1266 2175 1327 atque

571 1358 732 1412 etiam
758 1369 949 1410 saxeos
977 1353 1175 1406 imbres
1197 1360 1355 1404 antea
1382 1348 1642 1404 accidisse
1670 1349 1856 1417 objicit
1881 1347 2173 1403 Arnobius.

574 1449 642 1503 Et
666 1461 812 1502 certe
839 1445 1093 1500 Horatius
1130 1444 1328 1498 multas
1355 1449 1727 1512 tempestates,
1765 1457 1828 1495 ac
1858 1441 2174 1496 nominatim

574 1544 704 1596 dirm
753 1556 974 1611 prorsus
1013 1538 1292 1609 grandinis
1330 1553 1437 1592 non
1484 1538 1537 1592 in
1581 1537 2035 1603 cbristianorum,
2080 1538 2175 1592 sed

575 1634 799 1689 occisia
844 1631 1135 1703 gentilibus
1178 1631 1407 1685 Caesaris
1448 1629 1764 1690 vindictam.
1814 1631 1888 1685 ιιιὶ
1931 1630 2172 1700 putabat,

581 1729 801 1784 obortas
832 1727 912 1780 his
939 1725 1136 1781 cecinit
1162 1725 1407 1779 versibus
1442 1744 1456 1778 :

789 1862 897 1909 Jam
921 1862 1039 1908 satis
1063 1860 1211 1908 terris
1231 1858 1358 1920 nivis
1382 1865 1530 1920 atque
1552 1858 1673 1906 dirae

794 1923 1054 1973 tirandinis
1075 1921 1210 1970 misit
1231 1919 1402 1979 Pater,
1431 1919 1484 1969 et
1520 1920 1734 1968 rubente

797 1985 1022 2036 Dextera
1044 1997 1208 2032 sacras
1224 1983 1466 2042 jaculatus
1487 1995 1630 2031 arces

1071 2045 1274 2095 'l‘erru‘it
1298 2046 1488 2105 orbem,
1518 2052 1617 2094 etc.

1479 2128 1700 2190 (Horat.,
1729 2127 1813 2179 lib.
1837 2145 1872 2191 ι,
1899 2128 1979 2179 od.
2005 2127 2078 2193 2.)

653 2261 862 2318 Deinde
900 2275 1028 2316 vero
1057 2258 1373 2316 Arnobius:
1416 2277 1435 2310 (
1469 2257 1528 2313 In
1555 2258 1987 2332 litterispriscis,
2029 2279 2048 2310 ›
2095 2258 2174 2314 in-

577 2348 714 2430 quii,
755 2377 773 2407 ι
806 2353 1258 2423 comprehensqu
1303 2359 1358 2406 et
1384 2351 1743 2420 compositum
1785 2351 2032 2405 videmus
2069 2351 2174 2405 im-

575 2453 703 2506 bres
730 2461 922 2504 saxeos
965 2454 1103 2500 totas
1133 2459 1274 2512 saepe
1299 2443 1688 2498 comminuisse
1718 2443 1966 2514 regi0nes
1999 2462 2018 2493 ›
2054 2442 2176 2512 (Αν-

575 2546 721 2609 nob.,
752 2544 842 2598 lib.
871 2560 910 2609 ι,
938 2561 1058 2614 pag.
1090 2543 1170 2610 Il).
1193 2543 1262 2596 At
1291 2541 1524 2610 lapidum
1558 2540 1759 2597 imbres
1781 2550 1908 2595 ante
1933 2538 2179 2593 christia-

580 2653 771 2692 norum
829 2647 1072 2706 tempora
1137 2644 1406 2689 memorat
1456 2633 1646 2688 Cicero
1699 2651 1713 2687 :
1772 2652 1790 2682 α
1867 2631 2006 2698 Quid
2052 2645 2174 2686 cum

579 2746 742 2801 saepe,
787 2751 806 2782 ι
837 2730 912 2783 ait
943 2729 1051 2794 ille,
1088 2746 1106 2778 ι
1147 2726 1409 2798 lapidum,
1445 2725 1725 2797 sanguinis
1760 2739 2172 2792 nonnunquam,

576 2835 739 2879 terrae
784 2821 1092 2886 interdum,
1133 2820 1404 2890 quondam
1453 2819 1614 2876 etiam
1663 2819 1818 2874 lactis
1866 2817 2040 2872 imber
2079 2816 2178 2872 de-

577 2915 730 2970 ﬂuxit
767 2933 784 2966 ›
818 2913 978 2985 (Cic.,
1027 2911 1117 2966 lib.
1161 2928 1196 2966 ιι
1236 2911 1298 2966 de
1326 2910 1588 2975 Divinat.,
1633 2928 1756 2981 pag.
1801 2908 1955 2979 274).
1996 2906 2178 2962 Livius

577 3019 756 3064 autem
785 3015 966 3061 narrat
996 3014 1118 3072 post
1143 3005 1480 3058 Cannensem
1510 3000 1722 3056 cladem
1752 3000 1953 3070 pluisse
1981 2996 2174 3068 lapidi-

578 3104 679 3158 bus
710 3120 723 3155 :
761 3122 780 3152 ‹
813 3067 1206 3168 Teiiipestates,
1241 3118 1260 3150 ι
1302 3097 1493 3168 inquit,
1530 3116 1547 3147 ι
1581 3067 1950 3152 findat—fuere.
1985 3093 2041 3148 ln
2076 3093 2174 3148 ΑΙ-
2199 3067 2244 3129 C

580 3196 724 3250 bano
779 3204 962 3247 monte
1014 3191 1235 3247 biduum
1277 3191 1618 3246 continenter
1673 3189 1940 3259 lapidibus
1991 3188 2173 3258 pluit:

577 3298 718 3343 tacta
755 3286 823 3340 de
856 3285 994 3342 caelo
1021 3285 1209 3351 multa,
1239 3285 1358 3340 dua:
1395 3285 1448 3338 in
1489 3283 1749 3353 Capitolio
1775 3282 1938 3349 aedes,
1974 3281 2173 3336 vallum

579 3384 634 3437 in
665 3381 856 3435 castris
884 3378 1064 3433 multis
1083 3379 1215 3434 locis
1236 3394 1397 3448 supra
1418 3376 1751 3442 Suessulam,
1781 3387 1836 3432 et
1855 3376 1963 3430 duo
1984 3375 2176 3446 vigiles

579 3471 870 3528 exanimati
914 3490 928 3526 :
984 3487 1171 3525 murus
1216 3480 1499 3540 turresque
1543 3468 1788 3539 quaedam
1829 3466 2014 3521 Cumis
2064 3482 2173 3521 non

577 3569 686 3623 icte
734 3567 894 3622 modo
952 3566 1292 3632 fulminibus,
1341 3564 1439 3620 sed
1498 3564 1658 3618 etiam
1706 3562 1952 3617 decussa.
2005 3560 2175 3617 Reate

579 3682 767 3721 saxum
800 3667 988 3736 ingens
1027 3665 1197 3719 visum
1226 3663 1485 3726 volitare;
1520 3660 1614 3717 Sol
1645 3661 1839 3715 rubere
1867 3659 2025 3715 solito
2053 3675 2172 3714 ma-

577 3762 679 3829 gis,
709 3761 1110 3831 sanguineoque
1165 3757 1354 3813 similis
1391 3775 1410 3807 ι
1464 3753 1624 3826 (Liv.,
1655 3754 1744 3808 lib.
1771 3768 1903 3819 xxv,
1931 3769 2047 3824 cap.
2089 3750 2170 3817 7).

576 3852 856 3908 Testatum
899 3866 1112 3921 quoque
1152 3849 1278 3904 facit
1317 3850 1589 3918 inspectos
1614 3843 1960 3917 :Sybillarum
2005 3843 2170 3900 libros

578 3953 801 4015 prOpter
821 3943 1063 3999 crebrius
1086 3957 1191 3996 uno
1213 3940 1512 4010 eodemque
1541 3952 1681 3992 anno
1705 3934 1773 3992 de
1797 3935 1938 3992 coelo
1967 3935 2172 4005 lapida-

576 4046 712 4090 tum.
737 4035 904 4090 Paulo
924 4044 1082 4090 antea
1110 4033 1328 4088 dixerat
1351 4031 1548 4086 factum
1590 4028 1909 4085 novendiale
1931 4042 2166 4095 sacrum,

579 4137 864 4199 propterea
889 4126 1032 4197 quod
1070 4125 1138 4180 de
1167 4125 1307 4180 coelo
1347 4122 1638 4192 lapidatum
1675 4122 1885 4176 fuisset.
1929 4121 2089 4176 Plura
2127 4121 2170 4174 si

577 4222 732 4289 velis,
757 4221 842 4275 adi
871 4219 1163 4285 Tibullum,
1189 4217 1460 4273 Valerium
1484 4215 1796 4282 Maximum,
1828 4215 2166 4279 Strabonem,

578 4317 848 4380 Solinum,
889 4324 945 4370 et
979 4313 1225 4370 Salmasii
1268 4313 1321 4366 in
1363 4311 1520 4382 hujus
1569 4311 1762 4366 librum
1793 4310 2173 4364 annotationes

577 4409 799 4482 (Idem,
833 4408 921 4461 lib.
951 4424 1108 4473 xxnx,
1150 4423 1272 4476 cap:
1300 4407 1398 4470 10;
1427 4405 1647 4470 Tibull.,
1699 4404 1788 4458 lib.
1821 4420 1890 4466 ιι,
1941 4403 2068 4472 eleg.
2113 4402 2169 4468 5,

575 4521 710 4558 vers.
743 4503 848 4567 68;
890 4499 1063 4555 Valer.
1093 4499 1269 4562 Μαίη..
1296 4500 1386 4553 lib.
1418 4517 1456 4562 ι,
1482 4515 1599 4569 cap.
1622 4497 1676 4564 6,
1710 4497 1825 4569 §5;
1851 4497 2052 4561 Strab.,
2081 4494 2167 4550 lib.

576 4611 637 4649 ιν
660 4595 875 4665 Ceogr.,
901 4610 1021 4665 pag.
1046 4592 1116 4647 82
1141 4603 1188 4646 et
1211 4609 1376 4664 seqq.;
1405 4592 1601 4658 Solin.,
1629 4608 1749 4660 cap.
1775 4589 1832 4656 2,
1863 4607 1981 4661 pag.
2008 4587 2122 4663 i2).

651 4689 733 4743 Ad
765 4687 879 4742 bare
908 4703 1037 4742 vero
1063 4685 1250 4742 scribit
1274 4695 1462 4740 auctor
1488 4695 1672 4740 noster
1703 4702 1718 4739 :
1754 4703 1773 4736 ‹
1809 4684 2054 4740 Flumina
2086 4683 2172 4738 in-

577 4787 757 4858 gentia
786 4785 1212 4841 limisiuaruisse
1231 4785 1474 4840 siccatis»
1508 4783 1745 4853 (Arnob.,
1767 4783 1856 4837 lib.
1881 4799 1938 4849 ιι,
1955 4779 2167 4852 pagi).

576 4879 731 4949 Quod
761 4894 888 4935 sane
921 4888 1118 4950 prazter
1141 4879 1276 4936 alios
1313 4876 1565 4949 Virgilius
1608 4877 1693 4933 bis
1735 4875 2021 4933 confirmat
2053 4890 2172 4932 car-

577 4973 816 5036 minibus
842 4993 855 5028 :

1259 5110 1444 5160 Videas
1471 5117 1523 5160 et
1544 5111 1742 5159 ﬂumina
1767 5109 1915 5168 sicca,

671 5175 794 5228 Aret
815 5185 955 5236 ager,
982 5175 1103 5224 vitio
1125 5175 1341 5223 moriens
1360 5175 1464 5224 sitit
1487 5175 1618 5223 aeris
1648 5171 1822 5222 herba.

1105 5258 1122 5320 (
1136 5253 1332 5321 Virgil.,
1358 5253 1526 5319 Eclog.
1546 5257 1595 5317 7,
1621 5268 1747 5305 vers.
1770 5256 1832 5306 56
1855 5261 1898 5304 et
1919 5255 2074 5318 seqq.)
2133 5260 2167 5286 γ’

577 5386 831 5442 Nostrum
859 5393 1038 5440 autem
1085 5384 1150 5438 ad
1195 5384 1530 5455 propositum
1577 5382 1705 5437 illud
1747 5382 1981 5436 maxime
2018 5379 2167 5446 facit,

575 5478 718 5551 quod
748 5479 950 5535 Seneca
981 5495 1086 5535 non
1115 5477 1528 5532 cbristianorum
1573 5476 1863 5545 impietati,
1912 5475 2171 5546 quemad-

576 5573 798 5630 modum
822 5572 909 5627 alii
941 5573 1160 5642 ethnici,
1187 5575 1283 5628 sed
1311 5569 1643 5626 naturalibus
1675 5569 1852 5624 causis
1889 5568 2170 5625 fluminum

578 5666 1145 5722 aseribitsiccitatem
1205 5666 1435 5735 (Scaea,
1466 5663 1557 5718 lib.
1585 5678 1643 5718 ιιι
1685 5660 1935 5716 Natural.
1961 5672 2167 5732 quitum,

577 5775 695 5826 cap.
726 5759 794 5812 10
815 5767 858 5809 ρι
884 5773 1019 5826 seqq.
1055 5773 1173 5828 pag.
1199 5758 1350 5828 450).

654 5849 980 5906 Pestilentia:
1007 5849 1166 5906 etiam
1194 5852 1464 5921 contagia,
1495 5847 1654 5908 sicuti
1682 5848 1957 5906 Arnobius
1995 5847 2170 5918 loqui-

2279 515 2493 586 (Arnob.
2527 517 2624 569 loc.
2649 517 2785 588 cit.).
2819 517 2951 584 Quis
2975 529 3175 582 autem,
3219 519 3413 574 amabo
3440 529 3512 582 te,
3541 517 3590 572 id
3619 517 3866 587 ignorare

2278 615 2474 676 potest,
2499 609 2591 678 qui
2621 612 2879 665 extremis
2906 611 3086 682 digitis
3118 622 3358 667 veterum
3387 614 3678 666 Auctorum
3707 609 3866 675 Livii,
3940 616 3942 618 '

2276 699 2515 764 Eusebii,
2550 702 2745 770 Orosii,
2781 704 3132 776 aliorumque
3174 706 3371 776 scripta
3421 703 3704 775 attigerit?
3755 703 3867 758 Au-

2275 795 2524 864 gustinus
2547 811 2761 866 quoque
2787 796 2978 854 eadem
3010 797 3418 869 argumentandi
3443 797 3650 852 ratione
3675 797 3872 867 premit

2275 887 2546 956 ethnicos,
2581 890 2867 961 pluresque
2897 906 2962 947 ex
2996 891 3161 946 citato
3190 907 3220 946 a
3252 891 3408 946 nobis
3437 890 3588 945 Livio
3607 889 3866 960 pestilen-

2276 979 2380 1035 tias
2412 981 2520 1036 illis
2542 983 2751 1052 objicit.
2777 983 2890 1040 Nec
2913 986 3071 1055 paulo
3101 984 3292 1041 leviori
3315 984 3536 1039 brachio
3563 983 3729 1040 telum
3760 983 3864 1039 hoc

2276 1074 2331 1129 in
2359 1089 2453 1130 eos
2483 1075 2679 1131 vibrari
2709 1087 2883 1148 potest
2911 1094 2976 1133 ex
3004 1079 3250 1150 proxime
3273 1078 3491 1132 laudato
3513 1078 3737 1144 Seneca,
3771 1079 3862 1149 qui

2275 1167 2578 1223 naturalem
2609 1183 2823 1240 quoque
2850 1172 3034 1240 ‘pestis
3067 1171 3333 1227 rationem
3373 1169 3599 1226 reddere
3642 1179 3868 1226 conatur

2279 1258 2439 1331 (Liv.,
2473 1261 2563 1315 lib.
2600 1278 2638 1329 ι,
2674 1278 2792 1332 cap.
2827 1265 2918 1329 51,
2945 1264 3032 1319 lib.
3063 1281 3141 1330 ιιι,
3168 1283 3222 1334 p.
3254 1265 3322 1331 6;
3349 1263 3560 1330 Euseb,
3581 1265 3635 1317 in
3664 1263 3870 1327 chrum;

2283 1352 2479 1419 0rosi.,
2507 1355 2598 1408 lib.
2632 1371 2690 1422 ιι,
2718 1358 2944 1427 σαρ.”12,
2972 1358 3060 1422 15,
3090 1368 3214 1425 etc.;
3237 1359 3478 1429 August.,
3499 1357 3588 1412 lib.
3616 1373 3667 1410 ιιι
3697 1358 3760 1409 de
3782 1353 3871 1409 Ci-

2277 1450 2392 1513 vit.,
2421 1466 2536 1519 cap.
2567 1450 2654 1517 i7,
2681 1467 2800 1522 pag.
2831 1452 2919 1518 74,
2966 1463 3013 1507 et
3053 1469 3170 1525 cap.
3219 1454 3307 1516 3|,
3354 1469 3476 1525 pag.
3515 1453 3615 1517 88;
3663 1451 3866 1518 Senec.,

2279 1541 2368 1596 lib.
2395 1543 2468 1595 vn
2492 1541 2738 1597 Natural.
2764 1553 2970 1614 quiest,
2989 1562 3105 1614 cap.
3133 1544 3204 1599 27
3227 1556 3274 1600 et
3302 1546 3392 1611 28,
3423 1562 3543 1616 pag.
3571 1545 3730 1614 465).

2350 1634 2620 1690 Ριωιθιθει
2650 1645 2806 1706 urget
2833 1648 3022 1693 auctor
3045 1649 3233 1694 noster
3256 1655 3286 1694 a
3315 1637 3540 1695 locustis
3555 1646 3611 1692 et
3626 1635 3867 1692 muribus

2205 1750 2250 1808 Β
2277 1741 2440 1782 omne
2479 1726 2694 1798 frugum
2738 1744 2911 1801 genus
2957 1745 3236 1787 corrosum
3281 1741 3441 1802 atque
3487 1739 3870 1800 consumptum

2276 1819 2520 1892 (Arnob.,
2552 1821 2638 1874 lib.
2670 1838 2709 1889 ι,
2741 1839 2862 1892 pag.
2890 1821 2970 1893 4).
2991 1823 3205 1878 ALivio
3235 1833 3411 1878 autem
3443 1823 3717 1878 memoria:
3745 1837 3874 1893 pro-

2277 1912 2450 1969 ditum
2476 1914 2704 1987 legimus
2729 1925 2906 1970 tantas
2935 1931 2966 1969 a
2994 1918 3126 1970 mari
3158 1916 3485 1970 locustarum
3514 1917 3684 1970 nubes
3705 1925 3870 1969 vento

2275 2007 2333 2061 in
2357 2009 2604 2078 Apuliam
2636 2019 2862 2080 repente
2893 2009 3070 2064 illatas
3090 2052 3106 2077 ,
3135 2017 3193 2063 ut
3219 2009 3557 2064 examinibus
3579 2007 3693 2062 suis
3710 2022 3869 2077 agros

2275 2099 2383 2155 late
2412 2102 2744 2172 Operuerint,
2769 2113 2930 2174 atque
2958 2103 3024 2156 ad
3055 2117 3172 2157 eam
3205 2101 3412 2173 frugum
3439 2109 3644 2172 pestem
3671 2099 3866 2155 tollen-

2279 2195 2404 2251 dam
2437 2198 2662 2252 missum
2691 2196 2862 2253 fuisse
2889 2197 2951 2251 C.
2981 2196 3246 2252 Licinium
3289 2208 3576 2268 prmtorem
3618 2193 3867 2264 designa-

2275 2302 2388 2346 tum
2423 2289 2581 2362 (Liv.,
2627 2292 2716 2346 lib.
2746 2307 2877 2357 an,
2924 2308 3040 2361 cap.
3073 2293 3173 2358 10,
3223 2300 3269 2345 et
3306 2289 3395 2345 lib.
3445 2306 3552 2344 xxx
3579 2331 3596 2355 ,
3635 2305 3752 2359 cap.
3781 2287 3864 2359 2).

2279 2386 2472 2442 Narrat
2497 2388 2713 2457 insuper
2734 2387 2877 2441 circa
2898 2385 3133 2456 Capuam
3155 2401 3370 2441 omnem
3388 2401 3574 2456 agrum
3596 2383 3868 2456 oppletum

2279 2481 2385 2534 alia
2407 2480 2609 2550 ingenti
2637 2480 2948 2535 earumdem
2969 2481 3324 2536 locustrarum
3355 2479 3716 2548 multitudine,
3740 2494 3872 2549 quas

2280 2574 2500 2645 quidem
2533 2575 2672 2628 unde
2699 2573 3046 2630 advenissent
3075 2590 3266 2644 parum
3290 2575 3590 2630 constabat.
3638 2573 3745 2629 Sed
3773 2589 3871 2628 au-

2281 2668 2510 2723 diendus
2557 2681 2641 2724 est
2681 2670 3032 2740 Augustinus,
3061 2669 3152 2740 qui
3189 2684 3256 2724 ex
3285 2668 3385 2723 hac
3422 2668 3773 2736 locustarum,
3806 2683 3868 2722 ac

2283 2762 2551 2831 superiori
2580 2763 2746 2832 pestis
2767 2763 3070 2817 calamitate
3091 2762 3284 2817 eodem
3308 2764 3482 2832 plane,
3513 2771 3676 2833 atque
3695 2764 3871 2815 Arno-

2281 2855 2421 2920 bius,
2452 2854 2616 2910 modo
2642 2865 2829 2910 contra
2872 2855 3099 2924 gentiles
3131 2863 3537 2926 argumentatur
3567 2873 3579 2908 :
3618 2876 3637 2904 σ
3669 2853 3871 2910 Locus-

2282 2959 2456 3004 tarum
2491 2951 2542 3004 in
2585 2950 2796 3014 Africa,
2832 2969 2851 3001 »
2889 2951 3080 3020 inquit,
3135 2969 3152 3001 ι
3207 2949 3602 3005 multitudinem
3635 2947 3864 3020 prodigii

2280 3041 2510 3098 similem
2535 3043 2720 3109 fuisse,
2745 3057 2866 3096 cum
2890 3041 3000 3112 jam
3026 3052 3171 3098 esset
3192 3043 3371 3113 populi
3397 3041 3623 3097 Romani
3652 3041 3869 3112 provin-

2279 3137 2383 3200 cia,
2416 3135 2610 3192 litteris
2634 3134 3025 3190 mondaverunt
3051 3152 3066 3189 :
3090 3135 3422 3205 consumptis
3459 3135 3606 3190 enim
3628 3133 3872 3205 frugibus

2280 3231 2530 3300 foliisque
2563 3230 2830 3301 lignorqu
2877 3229 3099 3298 ingenti,
3130 3239 3291 3299 atque
3333 3227 3696 3283 inaestimabili
3727 3227 3869 3282 nube

2279 3325 2334 3379 in
2366 3339 2515 3379 mare
2537 3323 2725 3379 dicunt
2748 3338 2870 3380 esse
2890 3322 3172 3393 dejectam.
3195 3319 3309 3387 Qua
3324 3331 3532 3375 mortua
3555 3319 3869 3391 redditaque

2279 3417 2566 3482 littoribus,
2615 3427 2775 3489 atque
2817 3417 2942 3474 hinc
2972 3433 3098 3473 aere
3126 3423 3409 3486 corrupto,
3458 3425 3661 3469 tantam
3693 3425 3866 3470 ortam

2277 3512 2661 3582 pestilentiam,
2699 3521 2759 3566 ut
2799 3513 2851 3566 in
2883 3513 3000 3566 solo
3028 3527 3195 3582 regno
3219 3510 3535 3574 Masinissa,
3563 3509 3870 3579 octingenta

2275 3605 2551 3661 hominum
2583 3605 2745 3659 millia
2770 3606 2999 3677 periisse
3019 3603 3344 3666 referantur,
3373 3612 3426 3677 et
3448 3602 3615 3656 multo
3639 3602 3869 3672 amplius

2276 3698 2332 3751 in
2362 3697 2523 3752 terris
2554 3673 2821 3752 littoribus
2871 3696 3202 3768 proximis...
3234 3673 3593 3764 Talis‘itaque
3634 3695 3864 3757 vanitas,

2276 3792 2490 3862 qualem
2512 3792 2756 3856 ferimus,
2785 3792 2942 3861 eique
2964 3790 3295 3860 respondere
3318 3788 3717 3858 compellimur,
3746 3789 3870 3858 quis

2277 3889 2468 3944 borum
2498 3903 2604 3942 non
2645 3887 2952 3942 christiana:
2982 3885 3227 3956 religioni
3257 3883 3546 3947 tribueret,
3581 3885 3623 3938 si
3665 3893 3869 3953 tempo-

2276 3981 2426 4036 ribus
2451 3979 2755 4034 cltristianis
2787 3978 3013 4033 videret.
3045 3999 3062 4030 ι
3091 3978 3358 4048 (August.,
3388 3977 3478 4031 lib.
3512 3993 3570 4031 ιιι
3600 3977 3664 4031 de
3692 3975 3866 4037 Civit.,

2277 4090 2394 4143 cap.
2424 4074 2514 4140 51,
2545 4089 2662 4143 pag.
2693 4071 2811 4144 88).
2854 4070 3055 4126 Eadem
3091 4070 3239 4124 hisce
3276 4069 3344 4125 de
3375 4070 3598 4125 locustis
3641 4069 3870 4139 prodidit

2277 4165 2524 4232 Orosius,
2556 4181 2716 4237 quem
2755 4164 3001 4230 consule,
3050 4164 3189 4217 sicut
3226 4173 3279 4218 et
3307 4163 3372 4218 de
3403 4164 3522 4217 aliis
3557 4162 3865 4217 Cornelium

2275 4261 2541 4324 Tacitum,
2586 4269 2746 4330 atque
2784 4259 2945 4313 etiam
2985 4257 3332 4323 Bochartum,
3374 4257 3464 4326 qui
3499 4258 3646 4326 plura
3690 4254 3759 4309 de
3791 4255 3868 4308 lo-

2197 4389 2252 4448 D
2274 4353 2441 4408 custis
2483 4351 2723 4422 disputat
2767 4349 2968 4422 (0ros.,
2996 4349 3086 4404 lib.
3116 4366 3171 4412 v,
3201 4365 3318 4419 cap.
3351 4351 3440 4412 H;
3480 4348 3634 4402 Corn.
3676 4347 3867 4410 Tacit.,

2279 4446 2368 4500 lib.
2397 4461 2488 4510 xv,
2515 4456 2626 4514 post
2650 4445 2878 4508 initium;
2909 4444 3176 4512 Bochart.,
3207 4443 3294 4497 lib.
3333 4459 3386 4496 ιγ
3413 4444 3476 4498 de
3499 4459 3634 4498 sacr.
3667 4440 3864 4513 Script.

2277 4543 2456 4605 anim.,
2486 4555 2603 4610 cap.
2635 4540 2659 4593 1
2690 4547 2738 4594 et
2767 4554 2904 4609 seqq.
2931 4538 2972 4611 ).

2347 4631 2699 4702 Prosequitur
2729 4630 2999 4685 Arnobius
3028 4630 3140 4698 (lib.
3170 4647 3209 4695 ι,
3244 4647 3362 4702 pag.
3397 4630 3479 4702 4),
3505 4641 3560 4684 et
3591 4629 3738 4685 addit
3768 4647 3860 4686 ur-

2276 4725 2375 4782 bes
2421 4734 2582 4795 atque
2631 4724 2882 4779 civitates
2925 4723 3266 4779 tremefactas
3314 4722 3660 4778 validissimis
3706 4733 3865 4778 terrae

2275 4819 2532 4884 motibus,
2557 4829 2611 4874 et
2633 4817 2882 4873 maximis
2907 4817 3024 4887 ejus
3056 4817 3288 4871 hiatibus
3313 4817 3660 4887 interceptas.
3683 4816 3865 4873 Testis

2272 4911 2469 4967 horum
2500 4911 2655 4967 nobis
2675 4920 2760 4966 est
2783 4911 3011 4977 Plinius,
3039 4911 3131 4981 qui
3164 4909 3234 4966 de
3264 4911 3498 4967 motibus
3537 4920 3695 4967 terra:
3723 4910 3866 4968 hunc

2273 5005 2464 5061 scribit
2494 5005 2545 5060 in
2571 5004 2788 5059 modum
2819 5023 2832 5058 :
2871 5024 2890 5057 ‹
2927 5003 3104 5060 Motus
3134 5013 3291 5059 terra:
3313 5005 3596 5072 sileantur,
3626 5013 3681 5060 et
3709 5004 3866 5077 quid-

2270 5099 2399 5170 quid
2439 5107 2557 5164 est,
2607 5098 2696 5153 ubi
2734 5098 2927 5154 saltem
2973 5097 3127 5152 busta
3179 5097 3390 5153 urbium
3441 5107 3656 5153 exstant
3705 5099 3865 5154 simul

2271 5207 2336 5247 ac
2365 5201 2524 5248 terrae
2551 5191 2807 5246 miracula
2836 5191 3014 5262 potius
3037 5191 3305 5253 dicamus.
3335 5207 3494 5262 quam
3525 5191 3733 5247 scelera
3763 5208 3864 5247 na-

2273 5293 2408 5340 tura:
2443 5305 2462 5338 ι
2497 5282 2693 5356 (Plin.,
2717 5283 2806 5338 lib.
2842 5299 2877 5338 ιι
2902 5282 3067 5350 Hist.,
3091 5295 3286 5350 uatur.,
3310 5300 3426 5354 cap.
3448 5282 3538 5347 92,
3561 5301 3679 5355 pag.
3708 5284 3863 5359 2'59),

2272 5377 2442 5432 multo
2464 5376 2640 5432 minus
2673 5375 3110 5442 cbristianorum,
3151 5385 3210 5430 ut
3257 5385 3405 5431 recte
3449 5386 3635 5431 auctor
3677 5386 3866 5435 noster

2271 5471 2463 5541 arguit.
2506 5469 2662 5525 Prius
2703 5484 2835 5524 vero
2873 5469 3015 5524 idem
3065 5469 3268 5524 Plinius
3309 5469 3376 5524 de
3428 5479 3659 5540 utroque
3703 5481 3860 5526 terra:

2271 5572 2421 5617 motu
2445 5572 2500 5618 et
2527 5563 2676 5618 hiatu
2704 5583 2716 5618 :
2750 5581 2767 5614 ι
2805 5561 2967 5616 Varie
2994 5573 3134 5616 terra
3175 5562 3437 5632 quatitur,
3475 5581 3495 5614 ι
3529 5561 3722 5632 inquit,
3759 5583 3776 5611 ι
3808 5573 3863 5618 et

2272 5656 2405 5710 mira
2444 5653 2674 5709 eduntur
2695 5670 2881 5725 opera,
2910 5655 3035 5709 alibi
3078 5656 3365 5724 prostratis
3402 5656 3692 5720 moenibus,
3731 5655 3862 5710 alibi

2269 5750 2536 5830 profunde
2566 5750 2712 5806 hiatu
2734 5751 2940 5808 haustis
2981 5771 2999 5804 ι
3036 5749 3227 5822 (Idem.
3276 5753 3450 5808 eodem
3492 5753 3606 5819 lib.,
3645 5770 3762 5823 cap.
3794 5753 3865 5810 79

2272 5855 2320 5901 et
2338 5846 2430 5915 8t),
2461 5863 2579 5918 pag.
2611 5845 2710 5902 251
2743 5859 2790 5902 et
2821 5849 3001 5920 seqq).
3025 5847 3198 5918 Atque
3220 5848 3290 5905 ibi
3317 5847 3385 5903 de
3412 5848 3520 5904 illis
3542 5848 3716 5919 plura,
3742 5863 3862 5920 qum
