  <div class='ocr_page' id='page_1' title='image "/cluster/home/n/w/nwhite01/storage/ocr_20150623/5/hvd.32044073505224/226.png"; bbox 0 0 4166 6256; ppageno 0'>
   <div class='ocr_carea' id='block_1_1' title="bbox 253 232 353 290">
    <p class='ocr_par' dir='ltr' id='par_1_1' title="bbox 253 232 353 290">
     <span class='ocr_line' id='line_1_1' title="bbox 253 232 353 290; baseline 0 -1"><span class='ocrx_word' id='word_1_1' title='bbox 253 232 353 290; x_wconf 65' lang='lat' dir='ltr'><strong>Hi</strong></span> 
     </span>
    </p>
   </div>
   <div class='ocr_carea' id='block_1_2' title="bbox 1463 229 2263 300">
    <p class='ocr_par' dir='ltr' id='par_1_2' title="bbox 1463 229 2263 300">
     <span class='ocr_line' id='line_1_2' title="bbox 1463 229 2263 300; baseline -0.004 -13"><span class='ocrx_word' id='word_1_2' title='bbox 1463 230 1528 287; x_wconf 85' lang='lat' dir='ltr'><strong>IN</strong></span> <span class='ocrx_word' id='word_1_3' title='bbox 1566 229 1940 300; x_wconf 80' lang='lat' dir='ltr'><strong>ARNOBlUM,</strong></span> <span class='ocrx_word' id='word_1_4' title='bbox 1982 229 2135 286; x_wconf 84' lang='lat' dir='ltr'><strong>CAP.</strong></span> <span class='ocrx_word' id='word_1_5' title='bbox 2175 230 2263 288; x_wconf 79' lang='lat' dir='ltr'><strong>vr.</strong></span> 
     </span>
    </p>
   </div>
   <div class='ocr_carea' id='block_1_3' title="bbox 3433 231 3539 288">
    <p class='ocr_par' dir='ltr' id='par_1_3' title="bbox 3433 231 3539 288">
     <span class='ocr_line' id='line_1_3' title="bbox 3433 231 3539 288; baseline 0 -1"><span class='ocrx_word' id='word_1_6' title='bbox 3433 231 3539 288; x_wconf 68' lang='grc'><strong>142</strong></span> 
     </span>
    </p>
   </div>
   <div class='ocr_carea' id='block_1_4' title="bbox 238 345 3539 421">
    <p class='ocr_par' dir='ltr' id='par_1_4' title="bbox 238 345 3539 421">
     <span class='ocr_line' id='line_1_4' title="bbox 238 345 3539 421; baseline -0 -16"><span class='ocrx_word' id='word_1_7' title='bbox 238 351 431 420; x_wconf 88' lang='lat' dir='ltr'><strong>legere</strong></span> <span class='ocrx_word' id='word_1_8' title='bbox 459 349 688 421; x_wconf 90' lang='lat' dir='ltr'><strong>poteris,</strong></span> <span class='ocrx_word' id='word_1_9' title='bbox 737 349 1012 405; x_wconf 79' lang='lat' dir='ltr'><strong>memoriae</strong></span> <span class='ocrx_word' id='word_1_10' title='bbox 1049 348 1321 405; x_wconf 88' lang='lat' dir='ltr'><strong>mandavit</strong></span> <span class='ocrx_word' id='word_1_11' title='bbox 1373 346 1567 419; x_wconf 84' lang='lat' dir='ltr'><strong>(Idem.</strong></span> <span class='ocrx_word' id='word_1_12' title='bbox 1600 348 1689 403; x_wconf 88' lang='lat' dir='ltr'><strong>lib.</strong></span> <span class='ocrx_word' id='word_1_13' title='bbox 1728 348 1842 413; x_wconf 87' lang='lat' dir='ltr'><strong>cit.,</strong></span> <span class='ocrx_word' id='word_1_14' title='bbox 1874 353 1926 410; x_wconf 87' lang='grc' dir='ltr'><strong>Λ</strong></span> <span class='ocrx_word' id='word_1_15' title='bbox 1949 346 2194 418; x_wconf 78' lang='lat' dir='ltr'><strong>exempla</strong></span> <span class='ocrx_word' id='word_1_16' title='bbox 2217 347 2349 403; x_wconf 89' lang='lat' dir='ltr'><strong>satis</strong></span> <span class='ocrx_word' id='word_1_17' title='bbox 2362 358 2629 418; x_wconf 86' lang='lat' dir='ltr'><strong>superque</strong></span> <span class='ocrx_word' id='word_1_18' title='bbox 2654 345 3032 405; x_wconf 75' lang='lat' dir='ltr'><strong>demonstrant</strong></span> <span class='ocrx_word' id='word_1_19' title='bbox 3055 348 3189 404; x_wconf 91' lang='lat' dir='ltr'><strong>nihil</strong></span> <span class='ocrx_word' id='word_1_20' title='bbox 3204 347 3446 420; x_wconf 87' lang='lat' dir='ltr'><strong>potuisse</strong></span> <span class='ocrx_word' id='word_1_21' title='bbox 3468 350 3539 405; x_wconf 91' lang='lat' dir='ltr'><strong>ab</strong></span> 
     </span>
    </p>
   </div>
   <div class='ocr_carea' id='block_1_5' title="bbox 244 441 1851 513">
    <p class='ocr_par' dir='ltr' id='par_1_5' title="bbox 244 441 1851 513">
     <span class='ocr_line' id='line_1_5' title="bbox 244 441 1851 513; baseline -0.001 -16"><span class='ocrx_word' id='word_1_22' title='bbox 244 459 369 513; x_wconf 90' lang='lat' dir='ltr'><strong>cap.</strong></span> <span class='ocrx_word' id='word_1_23' title='bbox 397 442 492 510; x_wconf 67' lang='lat'><strong>84,</strong></span> <span class='ocrx_word' id='word_1_24' title='bbox 518 459 640 513; x_wconf 86' lang='lat' dir='ltr'><strong>pag.</strong></span> <span class='ocrx_word' id='word_1_25' title='bbox 671 441 822 512; x_wconf 71' lang='grc'><strong>256).</strong></span> <span class='ocrx_word' id='word_1_26' title='bbox 854 441 926 497; x_wconf 81' lang='lat' dir='ltr'><strong>At</strong></span> <span class='ocrx_word' id='word_1_27' title='bbox 960 442 1249 497; x_wconf 77' lang='lat' dir='ltr'><strong>maximum</strong></span> <span class='ocrx_word' id='word_1_28' title='bbox 1276 451 1398 511; x_wconf 88' lang='lat' dir='ltr'><strong>post</strong></span> <span class='ocrx_word' id='word_1_29' title='bbox 1427 441 1704 496; x_wconf 85' lang='lat' dir='ltr'><strong>hominum</strong></span> <span class='ocrx_word' id='word_1_30' title='bbox 1736 456 1851 496; x_wconf 92' lang='lat' dir='ltr'><strong>me-</strong></span> 
     </span>
    </p>
   </div>
   <div class='ocr_carea' id='block_1_6' title="bbox 251 533 1850 606">
    <p class='ocr_par' dir='ltr' id='par_1_6' title="bbox 251 533 1850 606">
     <span class='ocr_line' id='line_1_6' title="bbox 251 533 1850 606; baseline -0.001 -15"><span class='ocrx_word' id='word_1_31' title='bbox 251 536 492 591; x_wconf 88' lang='lat' dir='ltr'><strong>moriam</strong></span> <span class='ocrx_word' id='word_1_32' title='bbox 527 546 685 591; x_wconf 71' lang='lat' dir='ltr'><strong>terra:</strong></span> <span class='ocrx_word' id='word_1_33' title='bbox 709 542 939 600; x_wconf 89' lang='lat' dir='ltr'><strong>motum,</strong></span> <span class='ocrx_word' id='word_1_34' title='bbox 967 534 1267 606; x_wconf 90' lang='lat' dir='ltr'><strong>imperante</strong></span> <span class='ocrx_word' id='word_1_35' title='bbox 1295 534 1533 599; x_wconf 85' lang='lat' dir='ltr'><strong>Tiberio,</strong></span> <span class='ocrx_word' id='word_1_36' title='bbox 1558 533 1850 606; x_wconf 77' lang='lat' dir='ltr'><strong>contigisse</strong></span> 
     </span>
    </p>
   </div>
   <div class='ocr_carea' id='block_1_7' title="bbox 249 626 1848 699">
    <p class='ocr_par' dir='ltr' id='par_1_7' title="bbox 249 626 1848 699">
     <span class='ocr_line' id='line_1_7' title="bbox 249 626 1848 699; baseline -0.001 -16"><span class='ocrx_word' id='word_1_37' title='bbox 249 629 486 694; x_wconf 76' lang='lat' dir='ltr'><strong>asserit,</strong></span> <span class='ocrx_word' id='word_1_38' title='bbox 527 628 725 699; x_wconf 87' lang='lat' dir='ltr'><strong>quippe</strong></span> <span class='ocrx_word' id='word_1_39' title='bbox 750 641 859 698; x_wconf 88' lang='lat' dir='ltr'><strong>quo</strong></span> <span class='ocrx_word' id='word_1_40' title='bbox 886 626 1172 683; x_wconf 82' lang='lat' dir='ltr'><strong>duodecim</strong></span> <span class='ocrx_word' id='word_1_41' title='bbox 1213 629 1355 682; x_wconf 79' lang='lat' dir='ltr'><strong>Asiae</strong></span> <span class='ocrx_word' id='word_1_42' title='bbox 1386 626 1547 683; x_wconf 89' lang='lat' dir='ltr'><strong>urbes</strong></span> <span class='ocrx_word' id='word_1_43' title='bbox 1573 628 1848 682; x_wconf 68' lang='lat' dir='ltr'><strong>subversa:</strong></span> 
     </span>
    </p>
   </div>
   <div class='ocr_carea' id='block_1_8' title="bbox 249 717 1847 790">
    <p class='ocr_par' dir='ltr' id='par_1_8' title="bbox 249 717 1847 790">
     <span class='ocr_line' id='line_1_8' title="bbox 249 717 1847 790; baseline -0.003 -12"><span class='ocrx_word' id='word_1_44' title='bbox 249 722 482 779; x_wconf 81' lang='lat' dir='ltr'><strong>fuerint.</strong></span> <span class='ocrx_word' id='word_1_45' title='bbox 514 721 827 777; x_wconf 75' lang='lat' dir='ltr'><strong>Memimere</strong></span> <span class='ocrx_word' id='word_1_46' title='bbox 856 720 1021 777; x_wconf 89' lang='lat' dir='ltr'><strong>etiam</strong></span> <span class='ocrx_word' id='word_1_47' title='bbox 1045 719 1203 790; x_wconf 85' lang='lat' dir='ltr'><strong>hujus</strong></span> <span class='ocrx_word' id='word_1_48' title='bbox 1226 730 1386 776; x_wconf 77' lang='lat' dir='ltr'><strong>terra:</strong></span> <span class='ocrx_word' id='word_1_49' title='bbox 1417 728 1619 788; x_wconf 90' lang='lat' dir='ltr'><strong>motus,</strong></span> <span class='ocrx_word' id='word_1_50' title='bbox 1651 717 1847 774; x_wconf 83' lang='lat' dir='ltr'><strong>Strabo</strong></span> 
     </span>
    </p>
   </div>
   <div class='ocr_carea' id='block_1_9' title="bbox 250 812 1848 888">
    <p class='ocr_par' dir='ltr' id='par_1_9' title="bbox 250 812 1848 888">
     <span class='ocr_line' id='line_1_9' title="bbox 250 812 1848 888; baseline -0.004 -13"><span class='ocrx_word' id='word_1_51' title='bbox 250 829 314 875; x_wconf 89' lang='lat' dir='ltr'><strong>ct</strong></span> <span class='ocrx_word' id='word_1_52' title='bbox 336 818 656 884; x_wconf 83' lang='lat' dir='ltr'><strong>Suetonius,</strong></span> <span class='ocrx_word' id='word_1_53' title='bbox 708 826 872 888; x_wconf 91' lang='lat' dir='ltr'><strong>atque</strong></span> <span class='ocrx_word' id='word_1_54' title='bbox 912 816 960 871; x_wconf 92' lang='lat' dir='ltr'><strong>ei</strong></span> <span class='ocrx_word' id='word_1_55' title='bbox 992 815 1300 885; x_wconf 89' lang='lat' dir='ltr'><strong>adjunctum</strong></span> <span class='ocrx_word' id='word_1_56' title='bbox 1334 824 1491 872; x_wconf 78' lang='lat' dir='ltr'><strong>terrae</strong></span> <span class='ocrx_word' id='word_1_57' title='bbox 1520 814 1724 869; x_wconf 80' lang='lat' dir='ltr'><strong>hiatum</strong></span> <span class='ocrx_word' id='word_1_58' title='bbox 1763 812 1848 869; x_wconf 87' lang='lat' dir='ltr'><strong>his</strong></span> 
     </span>
    </p>
   </div>
   <div class='ocr_carea' id='block_1_10' title="bbox 246 906 1847 966">
    <p class='ocr_par' dir='ltr' id='par_1_10' title="bbox 246 906 1847 966">
     <span class='ocr_line' id='line_1_10' title="bbox 246 906 1847 966; baseline -0.003 0"><span class='ocrx_word' id='word_1_59' title='bbox 246 909 472 966; x_wconf 75' lang='lat' dir='ltr'><strong>Tacitus</strong></span> <span class='ocrx_word' id='word_1_60' title='bbox 502 918 688 964; x_wconf 86' lang='lat' dir='ltr'><strong>narrat</strong></span> <span class='ocrx_word' id='word_1_61' title='bbox 715 909 895 964; x_wconf 84' lang='lat' dir='ltr'><strong>verbis</strong></span> <span class='ocrx_word' id='word_1_62' title='bbox 923 926 937 964; x_wconf 93' lang='lat'>:</span> <span class='ocrx_word' id='word_1_63' title='bbox 966 926 985 961; x_wconf 74' lang='grc' dir='ltr'><strong>ι</strong></span> <span class='ocrx_word' id='word_1_64' title='bbox 1024 906 1229 963; x_wconf 88' lang='lat' dir='ltr'><strong>Eodem</strong></span> <span class='ocrx_word' id='word_1_65' title='bbox 1260 922 1402 963; x_wconf 91' lang='lat' dir='ltr'><strong>anno</strong></span> <span class='ocrx_word' id='word_1_66' title='bbox 1432 906 1716 962; x_wconf 88' lang='lat' dir='ltr'><strong>duodecim</strong></span> <span class='ocrx_word' id='word_1_67' title='bbox 1752 920 1847 961; x_wconf 89' lang='lat' dir='ltr'><strong>ce-</strong></span> 
     </span>
    </p>
   </div>
   <div class='ocr_carea' id='block_1_11' title="bbox 244 1001 1843 1073">
    <p class='ocr_par' dir='ltr' id='par_1_11' title="bbox 244 1001 1843 1073">
     <span class='ocr_line' id='line_1_11' title="bbox 244 1001 1843 1073; baseline -0.005 -13"><span class='ocrx_word' id='word_1_68' title='bbox 244 1004 429 1061; x_wconf 87' lang='lat' dir='ltr'><strong>lebres</strong></span> <span class='ocrx_word' id='word_1_69' title='bbox 461 1002 603 1059; x_wconf 68' lang='lat' dir='ltr'><strong>Asia:</strong></span> <span class='ocrx_word' id='word_1_70' title='bbox 634 1002 797 1058; x_wconf 90' lang='lat' dir='ltr'><strong>urbes</strong></span> <span class='ocrx_word' id='word_1_71' title='bbox 833 1001 1124 1073; x_wconf 62' lang='lat' dir='ltr'><strong>conlapsae,</strong></span> <span class='ocrx_word' id='word_1_72' title='bbox 1175 1010 1441 1056; x_wconf 90' lang='lat' dir='ltr'><strong>nocturno</strong></span> <span class='ocrx_word' id='word_1_73' title='bbox 1486 1013 1646 1055; x_wconf 70' lang='lat' dir='ltr'><strong>terra:</strong></span> <span class='ocrx_word' id='word_1_74' title='bbox 1674 1007 1843 1065; x_wconf 87' lang='lat' dir='ltr'><strong>motu,</strong></span> 
     </span>
    </p>
   </div>
   <div class='ocr_carea' id='block_1_12' title="bbox 256 1092 1843 1169">
    <p class='ocr_par' dir='ltr' id='par_1_12' title="bbox 256 1092 1843 1169">
     <span class='ocr_line' id='line_1_12' title="bbox 256 1092 1843 1169; baseline -0.004 -16"><span class='ocrx_word' id='word_1_75' title='bbox 256 1114 367 1169; x_wconf 87' lang='lat' dir='ltr'><strong>quo</strong></span> <span class='ocrx_word' id='word_1_76' title='bbox 394 1096 748 1167; x_wconf 91' lang='lat' dir='ltr'><strong>improvisior</strong></span> <span class='ocrx_word' id='word_1_77' title='bbox 776 1095 1101 1166; x_wconf 73' lang='lat' dir='ltr'><strong>graviorque</strong></span> <span class='ocrx_word' id='word_1_78' title='bbox 1139 1094 1308 1166; x_wconf 87' lang='lat' dir='ltr'><strong>pestis</strong></span> <span class='ocrx_word' id='word_1_79' title='bbox 1344 1093 1464 1148; x_wconf 81' lang='lat' dir='ltr'><strong>fuit.</strong></span> <span class='ocrx_word' id='word_1_80' title='bbox 1494 1092 1680 1164; x_wconf 87' lang='lat' dir='ltr'><strong>Neque</strong></span> <span class='ocrx_word' id='word_1_81' title='bbox 1709 1092 1843 1148; x_wconf 89' lang='lat' dir='ltr'><strong>soli-</strong></span> 
     </span>
    </p>
   </div>
   <div class='ocr_carea' id='block_1_13' title="bbox 253 1188 1846 1261">
    <p class='ocr_par' dir='ltr' id='par_1_13' title="bbox 253 1188 1846 1261">
     <span class='ocr_line' id='line_1_13' title="bbox 253 1188 1846 1261; baseline -0.003 -13"><span class='ocrx_word' id='word_1_82' title='bbox 253 1202 367 1248; x_wconf 88' lang='lat' dir='ltr'><strong>tum</strong></span> <span class='ocrx_word' id='word_1_83' title='bbox 398 1192 452 1246; x_wconf 92' lang='lat' dir='ltr'><strong>iu</strong></span> <span class='ocrx_word' id='word_1_84' title='bbox 482 1190 573 1246; x_wconf 89' lang='lat' dir='ltr'><strong>tali</strong></span> <span class='ocrx_word' id='word_1_85' title='bbox 595 1204 725 1246; x_wconf 86' lang='lat' dir='ltr'><strong>casu</strong></span> <span class='ocrx_word' id='word_1_86' title='bbox 751 1189 1006 1261; x_wconf 79' lang='lat' dir='ltr'><strong>elI‘ugium</strong></span> <span class='ocrx_word' id='word_1_87' title='bbox 1036 1188 1390 1259; x_wconf 82' lang='lat' dir='ltr'><strong>subveniebat</strong></span> <span class='ocrx_word' id='word_1_88' title='bbox 1416 1188 1470 1243; x_wconf 93' lang='lat' dir='ltr'><strong>in</strong></span> <span class='ocrx_word' id='word_1_89' title='bbox 1506 1198 1690 1260; x_wconf 88' lang='lat' dir='ltr'><strong>aperta</strong></span> <span class='ocrx_word' id='word_1_90' title='bbox 1721 1201 1846 1259; x_wconf 91' lang='lat' dir='ltr'><strong>pro-</strong></span> 
     </span>
    </p>
   </div>
   <div class='ocr_carea' id='block_1_14' title="bbox 243 1280 1845 1356">
    <p class='ocr_par' dir='ltr' id='par_1_14' title="bbox 243 1280 1845 1356">
     <span class='ocr_line' id='line_1_14' title="bbox 243 1280 1845 1356; baseline -0.003 -15"><span class='ocrx_word' id='word_1_91' title='bbox 243 1283 571 1356; x_wconf 85' lang='lat' dir='ltr'><strong>rumpendi;</strong></span> <span class='ocrx_word' id='word_1_92' title='bbox 600 1285 723 1355; x_wconf 89' lang='lat' dir='ltr'><strong>quia</strong></span> <span class='ocrx_word' id='word_1_93' title='bbox 742 1282 974 1339; x_wconf 90' lang='lat' dir='ltr'><strong>diductis</strong></span> <span class='ocrx_word' id='word_1_94' title='bbox 1002 1282 1164 1340; x_wconf 89' lang='lat' dir='ltr'><strong>terris</strong></span> <span class='ocrx_word' id='word_1_95' title='bbox 1191 1281 1600 1337; x_wconf 87' lang='lat' dir='ltr'><strong>hauriebantur.</strong></span> <span class='ocrx_word' id='word_1_96' title='bbox 1628 1280 1845 1338; x_wconf 90' lang='lat' dir='ltr'><strong>Sedisse</strong></span> 
     </span>
    </p>
   </div>
   <div class='ocr_carea' id='block_1_15' title="bbox 244 1373 1840 1446">
    <p class='ocr_par' dir='ltr' id='par_1_15' title="bbox 244 1373 1840 1446">
     <span class='ocr_line' id='line_1_15' title="bbox 244 1373 1840 1446; baseline -0.004 -12"><span class='ocrx_word' id='word_1_97' title='bbox 244 1380 549 1434; x_wconf 88' lang='lat' dir='ltr'><strong>immensos</strong></span> <span class='ocrx_word' id='word_1_98' title='bbox 572 1387 803 1446; x_wconf 87' lang='lat' dir='ltr'><strong>montes,</strong></span> <span class='ocrx_word' id='word_1_99' title='bbox 833 1376 947 1433; x_wconf 90' lang='lat' dir='ltr'><strong>visa</strong></span> <span class='ocrx_word' id='word_1_100' title='bbox 973 1377 1031 1431; x_wconf 90' lang='lat' dir='ltr'><strong>in</strong></span> <span class='ocrx_word' id='word_1_101' title='bbox 1058 1375 1252 1440; x_wconf 89' lang='lat' dir='ltr'><strong>arduo,</strong></span> <span class='ocrx_word' id='word_1_102' title='bbox 1283 1389 1403 1446; x_wconf 66' lang='lat' dir='ltr'><strong>quae</strong></span> <span class='ocrx_word' id='word_1_103' title='bbox 1432 1373 1587 1445; x_wconf 88' lang='lat' dir='ltr'><strong>plana</strong></span> <span class='ocrx_word' id='word_1_104' title='bbox 1607 1375 1840 1442; x_wconf 82' lang='lat' dir='ltr'><strong>fuerant,</strong></span> 
     </span>
    </p>
   </div>
   <div class='ocr_carea' id='block_1_16' title="bbox 245 1465 1838 1540">
    <p class='ocr_par' dir='ltr' id='par_1_16' title="bbox 245 1465 1838 1540">
     <span class='ocr_line' id='line_1_16' title="bbox 245 1465 1838 1540; baseline -0.004 -12"><span class='ocrx_word' id='word_1_105' title='bbox 245 1470 527 1528; x_wconf 86' lang='lat' dir='ltr'><strong>ell‘ulsisse</strong></span> <span class='ocrx_word' id='word_1_106' title='bbox 558 1470 695 1525; x_wconf 91' lang='lat' dir='ltr'><strong>inter</strong></span> <span class='ocrx_word' id='word_1_107' title='bbox 742 1468 953 1525; x_wconf 90' lang='lat' dir='ltr'><strong>ruinam</strong></span> <span class='ocrx_word' id='word_1_108' title='bbox 986 1468 1139 1540; x_wconf 89' lang='lat' dir='ltr'><strong>ignes</strong></span> <span class='ocrx_word' id='word_1_109' title='bbox 1184 1476 1490 1524; x_wconf 82' lang='lat' dir='ltr'><strong>memorant</strong></span> <span class='ocrx_word' id='word_1_110' title='bbox 1534 1486 1555 1519; x_wconf 73' lang='grc' dir='ltr'><strong>ι</strong></span> <span class='ocrx_word' id='word_1_111' title='bbox 1604 1465 1838 1540; x_wconf 83' lang='lat' dir='ltr'><strong>(Strabo,</strong></span> 
     </span>
    </p>
   </div>
   <div class='ocr_carea' id='block_1_17' title="bbox 246 1559 1836 1636">
    <p class='ocr_par' dir='ltr' id='par_1_17' title="bbox 246 1559 1836 1636">
     <span class='ocr_line' id='line_1_17' title="bbox 246 1559 1836 1636; baseline -0.003 -15"><span class='ocrx_word' id='word_1_112' title='bbox 246 1567 347 1621; x_wconf 95' lang='lat' dir='ltr'><strong>lib.</strong></span> <span class='ocrx_word' id='word_1_113' title='bbox 372 1582 449 1621; x_wconf 81' lang='lat' dir='ltr'><strong>xu</strong></span> <span class='ocrx_word' id='word_1_114' title='bbox 479 1565 688 1636; x_wconf 82' lang='lat' dir='ltr'><strong>Geogr.,</strong></span> <span class='ocrx_word' id='word_1_115' title='bbox 713 1583 768 1635; x_wconf 90' lang='lat' dir='ltr'><strong>p.</strong></span> <span class='ocrx_word' id='word_1_116' title='bbox 796 1564 937 1629; x_wconf 83' lang='lat'><strong>578;</strong></span> <span class='ocrx_word' id='word_1_117' title='bbox 965 1562 1210 1630; x_wconf 86' lang='lat' dir='ltr'><strong>Suetoa.,</strong></span> <span class='ocrx_word' id='word_1_118' title='bbox 1236 1562 1292 1617; x_wconf 87' lang='lat' dir='ltr'><strong>ia</strong></span> <span class='ocrx_word' id='word_1_119' title='bbox 1318 1562 1424 1617; x_wconf 78' lang='lat' dir='ltr'><strong>vita</strong></span> <span class='ocrx_word' id='word_1_120' title='bbox 1453 1560 1663 1629; x_wconf 78' lang='lat' dir='ltr'><strong>Tiberii,</strong></span> <span class='ocrx_word' id='word_1_121' title='bbox 1690 1559 1836 1633; x_wconf 74' lang='lat'><strong>§49;</strong></span> 
     </span>
    </p>
   </div>
   <div class='ocr_carea' id='block_1_18' title="bbox 1950 438 3541 519">
    <p class='ocr_par' dir='ltr' id='par_1_18' title="bbox 1950 438 3541 519">
     <span class='ocr_line' id='line_1_18' title="bbox 1950 438 3541 519; baseline 0.001 -23"><span class='ocrx_word' id='word_1_122' title='bbox 1950 439 2179 519; x_wconf 75' lang='lat' dir='ltr'><strong>ethnicis</strong></span> <span class='ocrx_word' id='word_1_123' title='bbox 2203 440 2330 511; x_wconf 90' lang='lat' dir='ltr'><strong>lingi</strong></span> <span class='ocrx_word' id='word_1_124' title='bbox 2359 438 2667 504; x_wconf 90' lang='lat' dir='ltr'><strong>absurdius,</strong></span> <span class='ocrx_word' id='word_1_125' title='bbox 2720 455 2881 512; x_wconf 85' lang='lat' dir='ltr'><strong>quam</strong></span> <span class='ocrx_word' id='word_1_126' title='bbox 2922 440 2989 497; x_wconf 89' lang='lat' dir='ltr'><strong>iis</strong></span> <span class='ocrx_word' id='word_1_127' title='bbox 3018 439 3277 497; x_wconf 88' lang='lat' dir='ltr'><strong>mundum</strong></span> <span class='ocrx_word' id='word_1_128' title='bbox 3310 440 3362 496; x_wconf 92' lang='lat' dir='ltr'><strong>in</strong></span> <span class='ocrx_word' id='word_1_129' title='bbox 3391 438 3541 497; x_wconf 85' lang='lat' dir='ltr'><strong>chri-</strong></span> 
     </span>
    </p>
   </div>
   <div class='ocr_carea' id='block_1_19' title="bbox 1948 532 3540 603">
    <p class='ocr_par' dir='ltr' id='par_1_19' title="bbox 1948 532 3540 603">
     <span class='ocr_line' id='line_1_19' title="bbox 1948 532 3540 603; baseline 0.002 -16"><span class='ocrx_word' id='word_1_130' title='bbox 1948 533 2246 587; x_wconf 88' lang='lat' dir='ltr'><strong>stianorum</strong></span> <span class='ocrx_word' id='word_1_131' title='bbox 2277 546 2491 603; x_wconf 85' lang='lat' dir='ltr'><strong>poenam</strong></span> <span class='ocrx_word' id='word_1_132' title='bbox 2535 534 2744 588; x_wconf 77' lang='lat' dir='ltr'><strong>vexari.</strong></span> <span class='ocrx_word' id='word_1_133' title='bbox 2777 532 2976 588; x_wconf 80' lang='lat' dir='ltr'><strong>Verum</strong></span> <span class='ocrx_word' id='word_1_134' title='bbox 3000 533 3270 589; x_wconf 80' lang='lat' dir='ltr'><strong>Arnobius</strong></span> <span class='ocrx_word' id='word_1_135' title='bbox 3299 543 3358 588; x_wconf 92' lang='lat' dir='ltr'><strong>ut</strong></span> <span class='ocrx_word' id='word_1_136' title='bbox 3382 532 3540 590; x_wconf 90' lang='lat' dir='ltr'><strong>indo-</strong></span> 
     </span>
    </p>
   </div>
   <div class='ocr_carea' id='block_1_20' title="bbox 1948 622 3542 695">
    <p class='ocr_par' dir='ltr' id='par_1_20' title="bbox 1948 622 3542 695">
     <span class='ocr_line' id='line_1_20' title="bbox 1948 622 3542 695; baseline 0.003 -16"><span class='ocrx_word' id='word_1_137' title='bbox 1948 624 2135 679; x_wconf 87' lang='lat' dir='ltr'><strong>mitam</strong></span> <span class='ocrx_word' id='word_1_138' title='bbox 2160 622 2541 679; x_wconf 86' lang='lat' dir='ltr'><strong>insanientium</strong></span> <span class='ocrx_word' id='word_1_139' title='bbox 2566 623 2845 679; x_wconf 88' lang='lat' dir='ltr'><strong>hominum</strong></span> <span class='ocrx_word' id='word_1_140' title='bbox 2879 625 3229 695; x_wconf 85' lang='lat' dir='ltr'><strong>petulantiam</strong></span> <span class='ocrx_word' id='word_1_141' title='bbox 3252 625 3542 683; x_wconf 88' lang='lat' dir='ltr'><strong>vehemen-</strong></span> 
     </span>
    </p>
   </div>
   <div class='ocr_carea' id='block_1_21' title="bbox 1948 716 3540 789">
    <p class='ocr_par' dir='ltr' id='par_1_21' title="bbox 1948 716 3540 789">
     <span class='ocr_line' id='line_1_21' title="bbox 1948 716 3540 789; baseline 0.003 -19"><span class='ocrx_word' id='word_1_142' title='bbox 1948 718 2059 771; x_wconf 90' lang='lat' dir='ltr'><strong>tius</strong></span> <span class='ocrx_word' id='word_1_143' title='bbox 2076 727 2375 785; x_wconf 90' lang='lat' dir='ltr'><strong>coerceret,</strong></span> <span class='ocrx_word' id='word_1_144' title='bbox 2394 717 2516 772; x_wconf 90' lang='lat' dir='ltr'><strong>aliis</strong></span> <span class='ocrx_word' id='word_1_145' title='bbox 2544 716 2721 773; x_wconf 89' lang='lat' dir='ltr'><strong>adhuc</strong></span> <span class='ocrx_word' id='word_1_146' title='bbox 2745 718 3008 789; x_wconf 84' lang='lat' dir='ltr'><strong>exemplis</strong></span> <span class='ocrx_word' id='word_1_147' title='bbox 3035 717 3167 773; x_wconf 90' lang='lat' dir='ltr'><strong>illud</strong></span> <span class='ocrx_word' id='word_1_148' title='bbox 3189 718 3402 774; x_wconf 87' lang='lat' dir='ltr'><strong>censuit</strong></span> <span class='ocrx_word' id='word_1_149' title='bbox 3419 732 3540 775; x_wconf 88' lang='lat' dir='ltr'><strong>esse</strong></span> 
     </span>
    </p>
   </div>
   <div class='ocr_carea' id='block_1_22' title="bbox 1949 808 3540 883">
    <p class='ocr_par' dir='ltr' id='par_1_22' title="bbox 1949 808 3540 883">
     <span class='ocr_line' id='line_1_22' title="bbox 1949 808 3540 883; baseline 0.001 -18"><span class='ocrx_word' id='word_1_150' title='bbox 1949 808 2286 880; x_wconf 89' lang='lat' dir='ltr'><strong>probandum</strong></span> <span class='ocrx_word' id='word_1_151' title='bbox 2319 809 2561 880; x_wconf 84' lang='lat' dir='ltr'><strong>(Arnob.,</strong></span> <span class='ocrx_word' id='word_1_152' title='bbox 2594 809 2683 864; x_wconf 89' lang='lat' dir='ltr'><strong>lib.</strong></span> <span class='ocrx_word' id='word_1_153' title='bbox 2714 826 2754 878; x_wconf 91' lang='grc' dir='ltr'><strong>ι,</strong></span> <span class='ocrx_word' id='word_1_154' title='bbox 2779 828 2900 883; x_wconf 89' lang='lat' dir='ltr'><strong>pag.</strong></span> <span class='ocrx_word' id='word_1_155' title='bbox 2935 810 2970 867; x_wconf 68' lang='grc'><strong>4</strong></span> <span class='ocrx_word' id='word_1_156' title='bbox 2993 818 3041 865; x_wconf 86' lang='lat' dir='ltr'><strong>et</strong></span> <span class='ocrx_word' id='word_1_157' title='bbox 3061 808 3141 882; x_wconf 83' lang='lat'><strong>5).</strong></span> <span class='ocrx_word' id='word_1_158' title='bbox 3165 810 3335 865; x_wconf 88' lang='lat' dir='ltr'><strong>Instat</strong></span> <span class='ocrx_word' id='word_1_159' title='bbox 3361 810 3540 882; x_wconf 87' lang='lat' dir='ltr'><strong>itaque</strong></span> 
     </span>
    </p>
   </div>
   <div class='ocr_carea' id='block_1_23' title="bbox 1948 902 3540 974">
    <p class='ocr_par' dir='ltr' id='par_1_23' title="bbox 1948 902 3540 974">
     <span class='ocr_line' id='line_1_23' title="bbox 1948 902 3540 974; baseline 0.001 -16"><span class='ocrx_word' id='word_1_160' title='bbox 1948 912 2075 959; x_wconf 88' lang='lat' dir='ltr'><strong>ante</strong></span> <span class='ocrx_word' id='word_1_161' title='bbox 2095 902 2514 959; x_wconf 87' lang='lat' dir='ltr'><strong>christianorum</strong></span> <span class='ocrx_word' id='word_1_162' title='bbox 2539 912 2785 974; x_wconf 90' lang='lat' dir='ltr'><strong>tempora</strong></span> <span class='ocrx_word' id='word_1_163' title='bbox 2816 902 3077 959; x_wconf 90' lang='lat' dir='ltr'><strong>mundum</strong></span> <span class='ocrx_word' id='word_1_164' title='bbox 3136 902 3387 959; x_wconf 90' lang='lat' dir='ltr'><strong>incendio</strong></span> <span class='ocrx_word' id='word_1_165' title='bbox 3409 916 3540 959; x_wconf 87' lang='lat' dir='ltr'><strong>con-</strong></span> 
     </span>
    </p>
   </div>
   <div class='ocr_carea' id='block_1_24' title="bbox 1946 997 3539 1071">
    <p class='ocr_par' dir='ltr' id='par_1_24' title="bbox 1946 997 3539 1071">
     <span class='ocr_line' id='line_1_24' title="bbox 1946 997 3539 1071; baseline 0.002 -19"><span class='ocrx_word' id='word_1_166' title='bbox 1946 997 2222 1071; x_wconf 80' lang='lat' dir='ltr'><strong>ﬂagrasse,</strong></span> <span class='ocrx_word' id='word_1_167' title='bbox 2248 999 2411 1054; x_wconf 89' lang='lat' dir='ltr'><strong>urbes</strong></span> <span class='ocrx_word' id='word_1_168' title='bbox 2437 1000 2601 1055; x_wconf 90' lang='lat' dir='ltr'><strong>maris</strong></span> <span class='ocrx_word' id='word_1_169' title='bbox 2629 1000 2879 1056; x_wconf 90' lang='lat' dir='ltr'><strong>lluctibus</strong></span> <span class='ocrx_word' id='word_1_170' title='bbox 2904 1008 3218 1071; x_wconf 90' lang='lat' dir='ltr'><strong>coopertas,</strong></span> <span class='ocrx_word' id='word_1_171' title='bbox 3248 1014 3420 1070; x_wconf 86' lang='lat' dir='ltr'><strong>genus</strong></span> <span class='ocrx_word' id='word_1_172' title='bbox 3440 999 3539 1055; x_wconf 89' lang='lat' dir='ltr'><strong>hu-</strong></span> 
     </span>
    </p>
   </div>
   <div class='ocr_carea' id='block_1_25' title="bbox 1946 1093 3541 1167">
    <p class='ocr_par' dir='ltr' id='par_1_25' title="bbox 1946 1093 3541 1167">
     <span class='ocr_line' id='line_1_25' title="bbox 1946 1093 3541 1167; baseline 0.003 -20"><span class='ocrx_word' id='word_1_173' title='bbox 1946 1108 2169 1148; x_wconf 91' lang='lat' dir='ltr'><strong>manum</strong></span> <span class='ocrx_word' id='word_1_174' title='bbox 2196 1093 2413 1151; x_wconf 91' lang='lat' dir='ltr'><strong>diluviis</strong></span> <span class='ocrx_word' id='word_1_175' title='bbox 2445 1093 2787 1165; x_wconf 88' lang='lat' dir='ltr'><strong>absorptum,</strong></span> <span class='ocrx_word' id='word_1_176' title='bbox 2818 1104 3001 1167; x_wconf 90' lang='lat' dir='ltr'><strong>atque,</strong></span> <span class='ocrx_word' id='word_1_177' title='bbox 3033 1104 3089 1150; x_wconf 92' lang='lat' dir='ltr'><strong>ut</strong></span> <span class='ocrx_word' id='word_1_178' title='bbox 3110 1094 3265 1150; x_wconf 90' lang='lat' dir='ltr'><strong>Plato</strong></span> <span class='ocrx_word' id='word_1_179' title='bbox 3292 1094 3541 1167; x_wconf 89' lang='lat' dir='ltr'><strong>perhibet</strong></span> 
     </span>
    </p>
   </div>
   <div class='ocr_carea' id='block_1_26' title="bbox 1946 1188 3537 1257">
    <p class='ocr_par' dir='ltr' id='par_1_26' title="bbox 1946 1188 3537 1257">
     <span class='ocr_line' id='line_1_26' title="bbox 1946 1188 3537 1257; baseline 0.001 -15"><span class='ocrx_word' id='word_1_180' title='bbox 1946 1197 2064 1242; x_wconf 87' lang='lat' dir='ltr'><strong>ante</strong></span> <span class='ocrx_word' id='word_1_181' title='bbox 2090 1204 2345 1243; x_wconf 84' lang='lat' dir='ltr'><strong>annorum</strong></span> <span class='ocrx_word' id='word_1_182' title='bbox 2390 1189 2555 1244; x_wconf 79' lang='lat' dir='ltr'><strong>millia</strong></span> <span class='ocrx_word' id='word_1_183' title='bbox 2593 1190 2786 1257; x_wconf 85' lang='lat' dir='ltr'><strong>decem,</strong></span> <span class='ocrx_word' id='word_1_184' title='bbox 2823 1189 2892 1245; x_wconf 91' lang='lat' dir='ltr'><strong>ab</strong></span> <span class='ocrx_word' id='word_1_185' title='bbox 2921 1189 3192 1245; x_wconf 84' lang='lat' dir='ltr'><strong>Atlantica</strong></span> <span class='ocrx_word' id='word_1_186' title='bbox 3222 1188 3399 1245; x_wconf 89' lang='lat' dir='ltr'><strong>insula</strong></span> <span class='ocrx_word' id='word_1_187' title='bbox 3425 1203 3537 1245; x_wconf 86' lang='lat' dir='ltr'><strong>ma-</strong></span> 
     </span>
    </p>
   </div>
   <div class='ocr_carea' id='block_1_27' title="bbox 1944 1282 3539 1354">
    <p class='ocr_par' dir='ltr' id='par_1_27' title="bbox 1944 1282 3539 1354">
     <span class='ocr_line' id='line_1_27' title="bbox 1944 1282 3539 1354; baseline 0.001 -17"><span class='ocrx_word' id='word_1_188' title='bbox 1944 1298 2102 1354; x_wconf 84' lang='lat' dir='ltr'><strong>gnam</strong></span> <span class='ocrx_word' id='word_1_189' title='bbox 2134 1282 2379 1354; x_wconf 88' lang='lat' dir='ltr'><strong>erupisse</strong></span> <span class='ocrx_word' id='word_1_190' title='bbox 2425 1282 2705 1339; x_wconf 89' lang='lat' dir='ltr'><strong>hominum</strong></span> <span class='ocrx_word' id='word_1_191' title='bbox 2758 1283 3180 1348; x_wconf 89' lang='lat' dir='ltr'><strong>multitudinem,</strong></span> <span class='ocrx_word' id='word_1_192' title='bbox 3231 1299 3351 1353; x_wconf 76' lang='lat' dir='ltr'><strong>qua:</strong></span> <span class='ocrx_word' id='word_1_193' title='bbox 3381 1283 3539 1339; x_wconf 89' lang='lat' dir='ltr'><strong>innu-</strong></span> 
     </span>
    </p>
   </div>
   <div class='ocr_carea' id='block_1_28' title="bbox 1946 1376 3536 1434">
    <p class='ocr_par' dir='ltr' id='par_1_28' title="bbox 1946 1376 3536 1434">
     <span class='ocr_line' id='line_1_28' title="bbox 1946 1376 3536 1434; baseline 0.001 -2"><span class='ocrx_word' id='word_1_194' title='bbox 1946 1392 2129 1433; x_wconf 88' lang='lat' dir='ltr'><strong>meras</strong></span> <span class='ocrx_word' id='word_1_195' title='bbox 2156 1378 2402 1434; x_wconf 88' lang='lat' dir='ltr'><strong>nationes</strong></span> <span class='ocrx_word' id='word_1_196' title='bbox 2428 1376 2672 1433; x_wconf 84' lang='lat' dir='ltr'><strong>funditus</strong></span> <span class='ocrx_word' id='word_1_197' title='bbox 2688 1377 2888 1434; x_wconf 86' lang='lat' dir='ltr'><strong>delevit</strong></span> <span class='ocrx_word' id='word_1_198' title='bbox 2915 1386 2971 1433; x_wconf 92' lang='lat' dir='ltr'><strong>et</strong></span> <span class='ocrx_word' id='word_1_199' title='bbox 2992 1377 3269 1433; x_wconf 78' lang='lat' dir='ltr'><strong>exstinxit.</strong></span> <span class='ocrx_word' id='word_1_200' title='bbox 3288 1377 3338 1433; x_wconf 87' lang='lat' dir='ltr'><strong>Is</strong></span> <span class='ocrx_word' id='word_1_201' title='bbox 3357 1387 3536 1433; x_wconf 88' lang='lat' dir='ltr'><strong>autem</strong></span> 
     </span>
    </p>
   </div>
   <div class='ocr_carea' id='block_1_29' title="bbox 1944 1468 3536 1541">
    <p class='ocr_par' dir='ltr' id='par_1_29' title="bbox 1944 1468 3536 1541">
     <span class='ocr_line' id='line_1_29' title="bbox 1944 1468 3536 1541; baseline 0.001 -17"><span class='ocrx_word' id='word_1_202' title='bbox 1944 1468 2186 1525; x_wconf 88' lang='lat' dir='ltr'><strong>Platonis</strong></span> <span class='ocrx_word' id='word_1_203' title='bbox 2212 1470 2368 1525; x_wconf 91' lang='lat' dir='ltr'><strong>locus</strong></span> <span class='ocrx_word' id='word_1_204' title='bbox 2414 1470 2469 1525; x_wconf 89' lang='lat' dir='ltr'><strong>in</strong></span> <span class='ocrx_word' id='word_1_205' title='bbox 2520 1470 2638 1541; x_wconf 88' lang='lat' dir='ltr'><strong>ejus</strong></span> <span class='ocrx_word' id='word_1_206' title='bbox 2688 1469 3183 1541; x_wconf 16' lang='lat' dir='ltr'><strong>&#39;l‘imzeogoccurrit,</strong></span> <span class='ocrx_word' id='word_1_207' title='bbox 3215 1468 3306 1525; x_wconf 92' lang='lat' dir='ltr'><strong>ubi</strong></span> <span class='ocrx_word' id='word_1_208' title='bbox 3338 1470 3429 1525; x_wconf 92' lang='lat' dir='ltr'><strong>ille</strong></span> <span class='ocrx_word' id='word_1_209' title='bbox 3469 1485 3536 1526; x_wconf 78' lang='lat' dir='ltr'><strong>ex</strong></span> 
     </span>
    </p>
   </div>
   <div class='ocr_carea' id='block_1_30' title="bbox 1943 1538 3532 1647">
    <p class='ocr_par' dir='ltr' id='par_1_30' title="bbox 1943 1538 3532 1647">
     <span class='ocr_line' id='line_1_30' title="bbox 1943 1538 3532 1647; baseline 0.001 -30"><span class='ocrx_word' id='word_1_210' title='bbox 1943 1563 2182 1635; x_wconf 90' lang='lat' dir='ltr'><strong>antiquis</strong></span> <span class='ocrx_word' id='word_1_211' title='bbox 2221 1538 2578 1635; x_wconf 83' lang='lat' dir='ltr'><strong>scriptoribus</strong></span> <span class='ocrx_word' id='word_1_212' title='bbox 2608 1572 2790 1619; x_wconf 89' lang='lat' dir='ltr'><strong>narrat</strong></span> <span class='ocrx_word' id='word_1_213' title='bbox 2830 1538 2918 1620; x_wconf 47' lang='lat' dir='ltr'><strong>ex.</strong></span> <span class='ocrx_word' id='word_1_214' title='bbox 2935 1579 2998 1618; x_wconf 87' lang='lat' dir='ltr'><strong>ea</strong></span> <span class='ocrx_word' id='word_1_215' title='bbox 3040 1563 3308 1620; x_wconf 83' lang='lat' dir='ltr'><strong>Atlantica</strong></span> <span class='ocrx_word' id='word_1_216' title='bbox 3338 1564 3532 1647; x_wconf 76' lang='lat' dir='ltr'><strong>ipsula,</strong></span> 
     </span>
    </p>
   </div>
   <div class='ocr_carea' id='block_1_31' title="bbox 242 1652 3538 1736">
    <p class='ocr_par' dir='ltr' id='par_1_31' title="bbox 242 1652 3538 1736">
     <span class='ocr_line' id='line_1_31' title="bbox 242 1652 3538 1736; baseline -0.001 -21"><span class='ocrx_word' id='word_1_217' title='bbox 242 1657 451 1726; x_wconf 82' lang='lat' dir='ltr'><strong>Tacit.,</strong></span> <span class='ocrx_word' id='word_1_218' title='bbox 481 1658 571 1713; x_wconf 89' lang='lat' dir='ltr'><strong>lib.</strong></span> <span class='ocrx_word' id='word_1_219' title='bbox 600 1675 638 1713; x_wconf 89' lang='grc' dir='ltr'>ιι</span> <span class='ocrx_word' id='word_1_220' title='bbox 666 1657 883 1724; x_wconf 78' lang='grc' dir='ltr'><strong>Αηηαι.,</strong></span> <span class='ocrx_word' id='word_1_221' title='bbox 914 1654 1036 1727; x_wconf 65' lang='grc'><strong>97).</strong></span> <span class='ocrx_word' id='word_1_222' title='bbox 1062 1655 1120 1710; x_wconf 91' lang='lat' dir='ltr'><strong>In</strong></span> <span class='ocrx_word' id='word_1_223' title='bbox 1137 1654 1354 1711; x_wconf 86' lang='lat' dir='ltr'><strong>Eusebii</strong></span> <span class='ocrx_word' id='word_1_224' title='bbox 1382 1663 1561 1709; x_wconf 90' lang='lat' dir='ltr'><strong>autem</strong></span> <span class='ocrx_word' id='word_1_225' title='bbox 1583 1652 1842 1711; x_wconf 91' lang='lat' dir='ltr'><strong>chronieo</strong></span> <span class='ocrx_word' id='word_1_226' title='bbox 1871 1675 1919 1736; x_wconf 78' lang='grc' dir='ltr'><strong>Β</strong></span> <span class='ocrx_word' id='word_1_227' title='bbox 1944 1673 2103 1730; x_wconf 89' lang='lat' dir='ltr'><strong>quam</strong></span> <span class='ocrx_word' id='word_1_228' title='bbox 2127 1657 2298 1726; x_wconf 77' lang='lat' dir='ltr'><strong>Lybia</strong></span> <span class='ocrx_word' id='word_1_229' title='bbox 2326 1667 2382 1714; x_wconf 90' lang='lat' dir='ltr'><strong>et</strong></span> <span class='ocrx_word' id='word_1_230' title='bbox 2408 1658 2536 1714; x_wconf 88' lang='lat' dir='ltr'><strong>Asia</strong></span> <span class='ocrx_word' id='word_1_231' title='bbox 2562 1658 2820 1729; x_wconf 87' lang='lat' dir='ltr'><strong>majorem</strong></span> <span class='ocrx_word' id='word_1_232' title='bbox 2871 1658 3037 1714; x_wconf 79' lang='lat' dir='ltr'><strong>fuisse</strong></span> <span class='ocrx_word' id='word_1_233' title='bbox 3082 1659 3176 1725; x_wconf 89' lang='lat' dir='ltr'><strong>ait,</strong></span> <span class='ocrx_word' id='word_1_234' title='bbox 3229 1657 3422 1713; x_wconf 82' lang='lat' dir='ltr'><strong>iactam</strong></span> <span class='ocrx_word' id='word_1_235' title='bbox 3451 1657 3538 1712; x_wconf 92' lang='lat' dir='ltr'><strong>in-</strong></span> 
     </span>
    </p>
   </div>
   <div class='ocr_carea' id='block_1_32' title="bbox 246 1746 1843 1821">
    <p class='ocr_par' dir='ltr' id='par_1_32' title="bbox 246 1746 1843 1821">
     <span class='ocr_line' id='line_1_32' title="bbox 246 1746 1843 1821; baseline -0.003 -13"><span class='ocrx_word' id='word_1_236' title='bbox 246 1753 366 1808; x_wconf 69' lang='lat' dir='ltr'><strong>haec</strong></span> <span class='ocrx_word' id='word_1_237' title='bbox 392 1750 461 1806; x_wconf 90' lang='lat' dir='ltr'><strong>ad</strong></span> <span class='ocrx_word' id='word_1_238' title='bbox 492 1750 781 1821; x_wconf 87' lang='lat' dir='ltr'><strong>septimum</strong></span> <span class='ocrx_word' id='word_1_239' title='bbox 809 1749 1014 1805; x_wconf 88' lang='lat' dir='ltr'><strong>Tiberii</strong></span> <span class='ocrx_word' id='word_1_240' title='bbox 1045 1763 1245 1804; x_wconf 89' lang='lat' dir='ltr'><strong>annum</strong></span> <span class='ocrx_word' id='word_1_241' title='bbox 1270 1746 1599 1814; x_wconf 79' lang='lat' dir='ltr'><strong>referuntur,</strong></span> <span class='ocrx_word' id='word_1_242' title='bbox 1641 1762 1705 1802; x_wconf 87' lang='lat' dir='ltr'><strong>ac</strong></span> <span class='ocrx_word' id='word_1_243' title='bbox 1744 1756 1843 1803; x_wconf 87' lang='lat' dir='ltr'><strong>tre-</strong></span> 
     </span>
    </p>
   </div>
   <div class='ocr_carea' id='block_1_33' title="bbox 245 1841 1839 1915">
    <p class='ocr_par' dir='ltr' id='par_1_33' title="bbox 245 1841 1839 1915">
     <span class='ocr_line' id='line_1_33' title="bbox 245 1841 1839 1915; baseline -0.004 -14"><span class='ocrx_word' id='word_1_244' title='bbox 245 1846 425 1902; x_wconf 86' lang='lat' dir='ltr'><strong>decim</strong></span> <span class='ocrx_word' id='word_1_245' title='bbox 451 1844 707 1915; x_wconf 68' lang='lat' dir='ltr'><strong>collapsae</strong></span> <span class='ocrx_word' id='word_1_246' title='bbox 733 1843 895 1900; x_wconf 86' lang='lat' dir='ltr'><strong>urbes</strong></span> <span class='ocrx_word' id='word_1_247' title='bbox 920 1843 1035 1899; x_wconf 89' lang='lat' dir='ltr'><strong>suis</strong></span> <span class='ocrx_word' id='word_1_248' title='bbox 1063 1842 1134 1898; x_wconf 92' lang='lat' dir='ltr'><strong>ibi</strong></span> <span class='ocrx_word' id='word_1_249' title='bbox 1156 1842 1493 1913; x_wconf 87' lang='lat' dir='ltr'><strong>appellantur</strong></span> <span class='ocrx_word' id='word_1_250' title='bbox 1514 1841 1839 1897; x_wconf 90' lang='lat' dir='ltr'><strong>nominibus.</strong></span> 
     </span>
    </p>
   </div>
   <div class='ocr_carea' id='block_1_34' title="bbox 247 1933 1840 2006">
    <p class='ocr_par' dir='ltr' id='par_1_34' title="bbox 247 1933 1840 2006">
     <span class='ocr_line' id='line_1_34' title="bbox 247 1933 1840 2006; baseline -0.004 -12"><span class='ocrx_word' id='word_1_251' title='bbox 247 1938 491 1994; x_wconf 84' lang='lat' dir='ltr'><strong>Plurium</strong></span> <span class='ocrx_word' id='word_1_252' title='bbox 520 1946 700 1992; x_wconf 89' lang='lat' dir='ltr'><strong>autem</strong></span> <span class='ocrx_word' id='word_1_253' title='bbox 732 1946 892 1992; x_wconf 70' lang='lat' dir='ltr'><strong>terra:</strong></span> <span class='ocrx_word' id='word_1_254' title='bbox 920 1944 1183 2002; x_wconf 91' lang='lat' dir='ltr'><strong>motuum,</strong></span> <span class='ocrx_word' id='word_1_255' title='bbox 1207 1934 1299 2006; x_wconf 92' lang='lat' dir='ltr'><strong>qui</strong></span> <span class='ocrx_word' id='word_1_256' title='bbox 1318 1933 1685 2004; x_wconf 90' lang='lat' dir='ltr'><strong>superioribus</strong></span> <span class='ocrx_word' id='word_1_257' title='bbox 1710 1941 1840 1988; x_wconf 74' lang='lat' dir='ltr'><strong>mta-</strong></span> 
     </span>
    </p>
   </div>
   <div class='ocr_carea' id='block_1_35' title="bbox 248 2028 1841 2101">
    <p class='ocr_par' dir='ltr' id='par_1_35' title="bbox 248 2028 1841 2101">
     <span class='ocr_line' id='line_1_35' title="bbox 248 2028 1841 2101; baseline -0.003 -12"><span class='ocrx_word' id='word_1_258' title='bbox 248 2033 397 2089; x_wconf 86' lang='lat' dir='ltr'><strong>tibus</strong></span> <span class='ocrx_word' id='word_1_259' title='bbox 424 2032 735 2088; x_wconf 86' lang='lat' dir='ltr'><strong>acciderant</strong></span> <span class='ocrx_word' id='word_1_260' title='bbox 763 2030 823 2086; x_wconf 87' lang='lat' dir='ltr'><strong>ﬁt</strong></span> <span class='ocrx_word' id='word_1_261' title='bbox 845 2029 1041 2086; x_wconf 91' lang='lat' dir='ltr'><strong>ibidem</strong></span> <span class='ocrx_word' id='word_1_262' title='bbox 1064 2029 1288 2086; x_wconf 89' lang='lat' dir='ltr'><strong>mentio.</strong></span> <span class='ocrx_word' id='word_1_263' title='bbox 1318 2030 1558 2101; x_wconf 90' lang='lat' dir='ltr'><strong>Denique</strong></span> <span class='ocrx_word' id='word_1_264' title='bbox 1585 2038 1643 2084; x_wconf 94' lang='lat' dir='ltr'><strong>ut</strong></span> <span class='ocrx_word' id='word_1_265' title='bbox 1672 2028 1841 2085; x_wconf 88' lang='lat' dir='ltr'><strong>multa</strong></span> 
     </span>
    </p>
   </div>
   <div class='ocr_carea' id='block_1_36' title="bbox 247 2122 1842 2193">
    <p class='ocr_par' dir='ltr' id='par_1_36' title="bbox 247 2122 1842 2193">
     <span class='ocr_line' id='line_1_36' title="bbox 247 2122 1842 2193; baseline -0.004 -10"><span class='ocrx_word' id='word_1_266' title='bbox 247 2137 543 2192; x_wconf 85' lang='lat' dir='ltr'><strong>taceamus,</strong></span> <span class='ocrx_word' id='word_1_267' title='bbox 571 2124 781 2193; x_wconf 89' lang='lat' dir='ltr'><strong>Cicero,</strong></span> <span class='ocrx_word' id='word_1_268' title='bbox 803 2122 975 2180; x_wconf 78' lang='lat' dir='ltr'><strong>Ctelio</strong></span> <span class='ocrx_word' id='word_1_269' title='bbox 1003 2133 1140 2180; x_wconf 90' lang='lat' dir='ltr'><strong>teste</strong></span> <span class='ocrx_word' id='word_1_270' title='bbox 1167 2124 1351 2188; x_wconf 90' lang='lat' dir='ltr'><strong>citato,</strong></span> <span class='ocrx_word' id='word_1_271' title='bbox 1377 2132 1562 2178; x_wconf 88' lang='lat' dir='ltr'><strong>narrat</strong></span> <span class='ocrx_word' id='word_1_272' title='bbox 1588 2141 1607 2173; x_wconf 84' lang='grc'><strong><em>‹</em></strong></span> <span class='ocrx_word' id='word_1_273' title='bbox 1642 2137 1708 2178; x_wconf 92' lang='lat' dir='ltr'><strong>eo</strong></span> <span class='ocrx_word' id='word_1_274' title='bbox 1723 2122 1842 2193; x_wconf 91' lang='lat' dir='ltr'><strong>ipso</strong></span> 
     </span>
    </p>
   </div>
   <div class='ocr_carea' id='block_1_37' title="bbox 252 2215 1843 2290">
    <p class='ocr_par' dir='ltr' id='par_1_37' title="bbox 252 2215 1843 2290">
     <span class='ocr_line' id='line_1_37' title="bbox 252 2215 1843 2290; baseline -0.004 -13"><span class='ocrx_word' id='word_1_275' title='bbox 252 2228 515 2290; x_wconf 88' lang='lat' dir='ltr'><strong>tempore,</strong></span> <span class='ocrx_word' id='word_1_276' title='bbox 556 2238 576 2271; x_wconf 74' lang='grc' dir='ltr'><strong>ι</strong></span> <span class='ocrx_word' id='word_1_277' title='bbox 633 2232 742 2290; x_wconf 93' lang='lat' dir='ltr'><strong>quo</strong></span> <span class='ocrx_word' id='word_1_278' title='bbox 768 2217 1071 2273; x_wconf 83' lang='lat' dir='ltr'><strong>Flaminius</strong></span> <span class='ocrx_word' id='word_1_279' title='bbox 1110 2226 1297 2272; x_wconf 90' lang='lat' dir='ltr'><strong>contra</strong></span> <span class='ocrx_word' id='word_1_280' title='bbox 1340 2215 1695 2272; x_wconf 83' lang='lat' dir='ltr'><strong>Hannibalem</strong></span> <span class='ocrx_word' id='word_1_281' title='bbox 1741 2230 1843 2287; x_wconf 86' lang='lat' dir='ltr'><strong>pu-</strong></span> 
     </span>
    </p>
   </div>
   <div class='ocr_carea' id='block_1_38' title="bbox 244 2302 1836 2385">
    <p class='ocr_par' dir='ltr' id='par_1_38' title="bbox 244 2302 1836 2385">
     <span class='ocr_line' id='line_1_38' title="bbox 244 2302 1836 2385; baseline -0.004 -16"><span class='ocrx_word' id='word_1_282' title='bbox 244 2311 472 2385; x_wconf 85' lang='lat' dir='ltr'><strong>gnabat,</strong></span> <span class='ocrx_word' id='word_1_283' title='bbox 507 2332 527 2364; x_wconf 74' lang='grc' dir='ltr'><strong>ι</strong></span> <span class='ocrx_word' id='word_1_284' title='bbox 560 2320 741 2367; x_wconf 87' lang='lat' dir='ltr'><strong>tantos</strong></span> <span class='ocrx_word' id='word_1_285' title='bbox 768 2320 929 2366; x_wconf 81' lang='lat' dir='ltr'><strong>teme</strong></span> <span class='ocrx_word' id='word_1_286' title='bbox 966 2302 1146 2366; x_wconf 72' lang='lat' dir='ltr'><strong>motﬁs</strong></span> <span class='ocrx_word' id='word_1_287' title='bbox 1189 2310 1244 2366; x_wconf 92' lang='lat' dir='ltr'><strong>in</strong></span> <span class='ocrx_word' id='word_1_288' title='bbox 1284 2309 1605 2380; x_wconf 78' lang='lat' dir='ltr'><strong>Liguribus,</strong></span> <span class='ocrx_word' id='word_1_289' title='bbox 1642 2308 1836 2376; x_wconf 86' lang='lat' dir='ltr'><strong>Gallia,</strong></span> 
     </span>
    </p>
   </div>
   <div class='ocr_carea' id='block_1_39' title="bbox 240 2404 1842 2480">
    <p class='ocr_par' dir='ltr' id='par_1_39' title="bbox 240 2404 1842 2480">
     <span class='ocr_line' id='line_1_39' title="bbox 240 2404 1842 2480; baseline -0.004 -16"><span class='ocrx_word' id='word_1_290' title='bbox 240 2406 722 2480; x_wconf 87' lang='lat' dir='ltr'><strong>compluribusque</strong></span> <span class='ocrx_word' id='word_1_291' title='bbox 748 2406 955 2473; x_wconf 89' lang='lat' dir='ltr'><strong>insulis,</strong></span> <span class='ocrx_word' id='word_1_292' title='bbox 985 2416 1204 2477; x_wconf 90' lang='lat' dir='ltr'><strong>totaque</strong></span> <span class='ocrx_word' id='word_1_293' title='bbox 1224 2404 1376 2460; x_wconf 88' lang='lat' dir='ltr'><strong>Italia</strong></span> <span class='ocrx_word' id='word_1_294' title='bbox 1395 2405 1567 2460; x_wconf 80' lang='lat' dir='ltr'><strong>iactos</strong></span> <span class='ocrx_word' id='word_1_295' title='bbox 1593 2418 1748 2468; x_wconf 91' lang='lat' dir='ltr'><strong>esse,</strong></span> <span class='ocrx_word' id='word_1_296' title='bbox 1779 2411 1842 2458; x_wconf 91' lang='lat' dir='ltr'><strong>ut</strong></span> 
     </span>
    </p>
   </div>
   <div class='ocr_carea' id='block_1_40' title="bbox 246 2497 1836 2573">
    <p class='ocr_par' dir='ltr' id='par_1_40' title="bbox 246 2497 1836 2573">
     <span class='ocr_line' id='line_1_40' title="bbox 246 2497 1836 2573; baseline -0.003 -15"><span class='ocrx_word' id='word_1_297' title='bbox 246 2503 422 2558; x_wconf 87' lang='lat' dir='ltr'><strong>multa</strong></span> <span class='ocrx_word' id='word_1_298' title='bbox 451 2501 640 2573; x_wconf 84' lang='lat' dir='ltr'><strong>oppida</strong></span> <span class='ocrx_word' id='word_1_299' title='bbox 670 2500 997 2571; x_wconf 88' lang='lat' dir='ltr'><strong>corruerint,</strong></span> <span class='ocrx_word' id='word_1_300' title='bbox 1028 2499 1213 2557; x_wconf 89' lang='lat' dir='ltr'><strong>multis</strong></span> <span class='ocrx_word' id='word_1_301' title='bbox 1237 2499 1373 2555; x_wconf 87' lang='lat' dir='ltr'><strong>locis</strong></span> <span class='ocrx_word' id='word_1_302' title='bbox 1399 2499 1549 2555; x_wconf 87' lang='lat' dir='ltr'><strong>labes</strong></span> <span class='ocrx_word' id='word_1_303' title='bbox 1578 2498 1716 2554; x_wconf 82' lang='lat' dir='ltr'><strong>facta</strong></span> <span class='ocrx_word' id='word_1_304' title='bbox 1745 2497 1836 2566; x_wconf 92' lang='lat' dir='ltr'><strong>sit,</strong></span> 
     </span>
    </p>
   </div>
   <div class='ocr_carea' id='block_1_41' title="bbox 249 2593 1836 2666">
    <p class='ocr_par' dir='ltr' id='par_1_41' title="bbox 249 2593 1836 2666">
     <span class='ocr_line' id='line_1_41' title="bbox 249 2593 1836 2666; baseline -0.001 -16"><span class='ocrx_word' id='word_1_305' title='bbox 249 2595 583 2666; x_wconf 80' lang='lat' dir='ltr'><strong>ﬂuminaque</strong></span> <span class='ocrx_word' id='word_1_306' title='bbox 610 2595 662 2650; x_wconf 89' lang='lat' dir='ltr'><strong>in</strong></span> <span class='ocrx_word' id='word_1_307' title='bbox 703 2597 1002 2651; x_wconf 88' lang='lat' dir='ltr'><strong>contrarias</strong></span> <span class='ocrx_word' id='word_1_308' title='bbox 1041 2602 1223 2666; x_wconf 90' lang='lat' dir='ltr'><strong>partes</strong></span> <span class='ocrx_word' id='word_1_309' title='bbox 1270 2594 1548 2661; x_wconf 83' lang='lat' dir='ltr'><strong>ﬂuxerint,</strong></span> <span class='ocrx_word' id='word_1_310' title='bbox 1584 2603 1746 2665; x_wconf 89' lang='lat' dir='ltr'><strong>atque</strong></span> <span class='ocrx_word' id='word_1_311' title='bbox 1783 2593 1836 2649; x_wconf 93' lang='lat' dir='ltr'><strong>in</strong></span> 
     </span>
    </p>
   </div>
   <div class='ocr_carea' id='block_1_42' title="bbox 241 2687 1839 2760">
    <p class='ocr_par' dir='ltr' id='par_1_42' title="bbox 241 2687 1839 2760">
     <span class='ocr_line' id='line_1_42' title="bbox 241 2687 1839 2760; baseline 0 -15"><span class='ocrx_word' id='word_1_312' title='bbox 241 2702 442 2745; x_wconf 89' lang='lat' dir='ltr'><strong>omnes</strong></span> <span class='ocrx_word' id='word_1_313' title='bbox 466 2703 609 2745; x_wconf 89' lang='lat' dir='ltr'><strong>mare</strong></span> <span class='ocrx_word' id='word_1_314' title='bbox 633 2687 948 2744; x_wconf 66' lang='lat' dir='ltr'><strong>inﬂuxerit»</strong></span> <span class='ocrx_word' id='word_1_315' title='bbox 992 2689 1153 2760; x_wconf 89' lang='lat' dir='ltr'><strong>(Cia,</strong></span> <span class='ocrx_word' id='word_1_316' title='bbox 1184 2688 1276 2743; x_wconf 89' lang='lat' dir='ltr'><strong>lib.</strong></span> <span class='ocrx_word' id='word_1_317' title='bbox 1301 2705 1315 2743; x_wconf 93' lang='grc' dir='ltr'><strong>ι</strong></span> <span class='ocrx_word' id='word_1_318' title='bbox 1339 2688 1403 2743; x_wconf 84' lang='lat' dir='ltr'><strong>de</strong></span> <span class='ocrx_word' id='word_1_319' title='bbox 1429 2687 1684 2755; x_wconf 84' lang='lat' dir='ltr'><strong>Divinat.,</strong></span> <span class='ocrx_word' id='word_1_320' title='bbox 1718 2705 1839 2760; x_wconf 87' lang='lat' dir='ltr'><strong>pag.</strong></span> 
     </span>
    </p>
   </div>
   <div class='ocr_carea' id='block_1_43' title="bbox 240 2784 1843 2859">
    <p class='ocr_par' dir='ltr' id='par_1_43' title="bbox 240 2784 1843 2859">
     <span class='ocr_line' id='line_1_43' title="bbox 240 2784 1843 2859; baseline 0 -19"><span class='ocrx_word' id='word_1_321' title='bbox 240 2785 377 2851; x_wconf 78' lang='lat'><strong>9.68,</strong></span> <span class='ocrx_word' id='word_1_322' title='bbox 401 2785 498 2840; x_wconf 88' lang='lat' dir='ltr'><strong>lia.</strong></span> <span class='ocrx_word' id='word_1_323' title='bbox 534 2785 606 2842; x_wconf 66' lang='lat'><strong>40</strong></span> <span class='ocrx_word' id='word_1_324' title='bbox 629 2797 676 2841; x_wconf 84' lang='lat' dir='ltr'><strong>et</strong></span> <span class='ocrx_word' id='word_1_325' title='bbox 702 2784 888 2859; x_wconf 79' lang='lat' dir='ltr'><strong>seqq.).</strong></span> <span class='ocrx_word' id='word_1_326' title='bbox 928 2784 1036 2843; x_wconf 90' lang='lat' dir='ltr'><strong>Sed</strong></span> <span class='ocrx_word' id='word_1_327' title='bbox 1070 2785 1207 2841; x_wconf 88' lang='lat' dir='ltr'><strong>alias</strong></span> <span class='ocrx_word' id='word_1_328' title='bbox 1234 2800 1336 2841; x_wconf 90' lang='lat' dir='ltr'><strong>nec</strong></span> <span class='ocrx_word' id='word_1_329' title='bbox 1363 2785 1600 2841; x_wconf 82' lang='lat' dir='ltr'><strong>minores</strong></span> <span class='ocrx_word' id='word_1_330' title='bbox 1628 2784 1843 2857; x_wconf 88' lang='lat' dir='ltr'><strong>quidem</strong></span> 
     </span>
    </p>
   </div>
   <div class='ocr_carea' id='block_1_44' title="bbox 243 2876 1841 2951">
    <p class='ocr_par' dir='ltr' id='par_1_44' title="bbox 243 2876 1841 2951">
     <span class='ocr_line' id='line_1_44' title="bbox 243 2876 1841 2951; baseline 0.001 -19"><span class='ocrx_word' id='word_1_331' title='bbox 243 2877 585 2934; x_wconf 86' lang='lat' dir='ltr'><strong>calamitates</strong></span> <span class='ocrx_word' id='word_1_332' title='bbox 614 2878 705 2934; x_wconf 89' lang='lat' dir='ltr'><strong>ille</strong></span> <span class='ocrx_word' id='word_1_333' title='bbox 729 2887 913 2949; x_wconf 87' lang='lat' dir='ltr'><strong>postea</strong></span> <span class='ocrx_word' id='word_1_334' title='bbox 942 2886 1192 2935; x_wconf 89' lang='lat' dir='ltr'><strong>recenset</strong></span> <span class='ocrx_word' id='word_1_335' title='bbox 1218 2876 1408 2951; x_wconf 85' lang='lat' dir='ltr'><strong>(Ibid.,</strong></span> <span class='ocrx_word' id='word_1_336' title='bbox 1432 2896 1554 2951; x_wconf 89' lang='lat' dir='ltr'><strong>pag.</strong></span> <span class='ocrx_word' id='word_1_337' title='bbox 1584 2878 1714 2940; x_wconf 81' lang='grc'><strong>271.</strong></span> <span class='ocrx_word' id='word_1_338' title='bbox 1746 2879 1841 2933; x_wconf 85' lang='lat' dir='ltr'><strong>lin.</strong></span> 
     </span>
    </p>
   </div>
   <div class='ocr_carea' id='block_1_45' title="bbox 241 2971 1909 3062">
    <p class='ocr_par' dir='ltr' id='par_1_45' title="bbox 241 2971 1909 3062">
     <span class='ocr_line' id='line_1_45' title="bbox 241 2971 1909 3062; baseline -0.001 -36"><span class='ocrx_word' id='word_1_339' title='bbox 241 2972 313 3026; x_wconf 88' lang='grc'><strong>27</strong></span> <span class='ocrx_word' id='word_1_340' title='bbox 353 2980 401 3025; x_wconf 82' lang='lat' dir='ltr'><strong>ct</strong></span> <span class='ocrx_word' id='word_1_341' title='bbox 439 2971 630 3042; x_wconf 61' lang='grc' dir='ltr'><strong>καφ).</strong></span> <span class='ocrx_word' id='word_1_342' title='bbox 667 2971 1031 3041; x_wconf 83' lang='lat' dir='ltr'><strong>Quamobrem</strong></span> <span class='ocrx_word' id='word_1_343' title='bbox 1077 2971 1333 3043; x_wconf 81' lang='lat' dir='ltr'><strong>Apuleius</strong></span> <span class='ocrx_word' id='word_1_344' title='bbox 1360 2988 1374 3026; x_wconf 89' lang='lat'><strong>:</strong></span> <span class='ocrx_word' id='word_1_345' title='bbox 1401 2991 1420 3025; x_wconf 75' lang='grc' dir='ltr'><strong>ι</strong></span> <span class='ocrx_word' id='word_1_346' title='bbox 1451 2971 1780 3038; x_wconf 90' lang='lat' dir='ltr'><strong>Immodicis,</strong></span> <span class='ocrx_word' id='word_1_347' title='bbox 1812 2988 1831 3025; x_wconf 71' lang='grc' dir='ltr'><strong>ι</strong></span> <span class='ocrx_word' id='word_1_348' title='bbox 1863 2997 1909 3062; x_wconf 79' lang='lat' dir='ltr'>C</span> 
     </span>
    </p>
   </div>
   <div class='ocr_carea' id='block_1_46' title="bbox 233 3064 1838 3133">
    <p class='ocr_par' dir='ltr' id='par_1_46' title="bbox 233 3064 1838 3133">
     <span class='ocr_line' id='line_1_46' title="bbox 233 3064 1838 3133; baseline -0.002 -12"><span class='ocrx_word' id='word_1_349' title='bbox 233 3066 334 3133; x_wconf 86' lang='lat' dir='ltr'><strong>ait,</strong></span> <span class='ocrx_word' id='word_1_350' title='bbox 369 3084 387 3115; x_wconf 74' lang='grc' dir='ltr'><strong>ι</strong></span> <span class='ocrx_word' id='word_1_351' title='bbox 423 3065 751 3121; x_wconf 89' lang='lat' dir='ltr'><strong>tremoribus</strong></span> <span class='ocrx_word' id='word_1_352' title='bbox 779 3073 1046 3121; x_wconf 86' lang='lat' dir='ltr'><strong>terrarum</strong></span> <span class='ocrx_word' id='word_1_353' title='bbox 1072 3064 1378 3122; x_wconf 88' lang='lat' dir='ltr'><strong>dissiluisse</strong></span> <span class='ocrx_word' id='word_1_354' title='bbox 1399 3064 1644 3130; x_wconf 91' lang='lat' dir='ltr'><strong>humum,</strong></span> <span class='ocrx_word' id='word_1_355' title='bbox 1668 3075 1725 3121; x_wconf 91' lang='lat' dir='ltr'><strong>et</strong></span> <span class='ocrx_word' id='word_1_356' title='bbox 1752 3064 1838 3119; x_wconf 86' lang='lat' dir='ltr'><strong>in-</strong></span> 
     </span>
    </p>
   </div>
   <div class='ocr_carea' id='block_1_47' title="bbox 235 3158 1833 3230">
    <p class='ocr_par' dir='ltr' id='par_1_47' title="bbox 235 3158 1833 3230">
     <span class='ocr_line' id='line_1_47' title="bbox 235 3158 1833 3230; baseline -0.003 -15"><span class='ocrx_word' id='word_1_357' title='bbox 235 3167 519 3229; x_wconf 87' lang='lat' dir='ltr'><strong>terceptas</strong></span> <span class='ocrx_word' id='word_1_358' title='bbox 566 3158 729 3215; x_wconf 88' lang='lat' dir='ltr'><strong>urbes</strong></span> <span class='ocrx_word' id='word_1_359' title='bbox 768 3172 893 3214; x_wconf 92' lang='lat' dir='ltr'><strong>cum</strong></span> <span class='ocrx_word' id='word_1_360' title='bbox 941 3159 1153 3230; x_wconf 89' lang='lat' dir='ltr'><strong>populis</strong></span> <span class='ocrx_word' id='word_1_361' title='bbox 1199 3173 1346 3230; x_wconf 57' lang='lat' dir='ltr'><strong>saepe</strong></span> <span class='ocrx_word' id='word_1_362' title='bbox 1387 3160 1760 3230; x_wconf 81' lang='lat' dir='ltr'><strong>cognovimus.</strong></span> <span class='ocrx_word' id='word_1_363' title='bbox 1813 3177 1833 3211; x_wconf 73' lang='grc' dir='ltr'><strong>ι</strong></span> 
     </span>
    </p>
   </div>
   <div class='ocr_carea' id='block_1_48' title="bbox 233 3251 1840 3324">
    <p class='ocr_par' dir='ltr' id='par_1_48' title="bbox 233 3251 1840 3324">
     <span class='ocr_line' id='line_1_48' title="bbox 233 3251 1840 3324; baseline -0.001 -15"><span class='ocrx_word' id='word_1_364' title='bbox 233 3252 612 3309; x_wconf 85' lang='lat' dir='ltr'><strong>Tertullianus</strong></span> <span class='ocrx_word' id='word_1_365' title='bbox 632 3260 835 3319; x_wconf 89' lang='lat' dir='ltr'><strong>autem,</strong></span> <span class='ocrx_word' id='word_1_366' title='bbox 855 3251 1047 3309; x_wconf 89' lang='lat' dir='ltr'><strong>eodem</strong></span> <span class='ocrx_word' id='word_1_367' title='bbox 1070 3251 1229 3324; x_wconf 87' lang='lat' dir='ltr'><strong>plane</strong></span> <span class='ocrx_word' id='word_1_368' title='bbox 1248 3261 1569 3323; x_wconf 84' lang='lat' dir='ltr'><strong>argumento</strong></span> <span class='ocrx_word' id='word_1_369' title='bbox 1595 3251 1840 3307; x_wconf 87' lang='lat' dir='ltr'><strong>ethnicos</strong></span> 
     </span>
    </p>
   </div>
   <div class='ocr_carea' id='block_1_49' title="bbox 234 3344 1841 3417">
    <p class='ocr_par' dir='ltr' id='par_1_49' title="bbox 234 3344 1841 3417">
     <span class='ocr_line' id='line_1_49' title="bbox 234 3344 1841 3417; baseline -0.001 -15"><span class='ocrx_word' id='word_1_370' title='bbox 234 3345 570 3412; x_wconf 79' lang='lat' dir='ltr'><strong>refellendo,</strong></span> <span class='ocrx_word' id='word_1_371' title='bbox 600 3345 684 3401; x_wconf 91' lang='lat' dir='ltr'><strong>his</strong></span> <span class='ocrx_word' id='word_1_372' title='bbox 713 3344 948 3417; x_wconf 86' lang='lat' dir='ltr'><strong>objectat</strong></span> <span class='ocrx_word' id='word_1_373' title='bbox 970 3344 1308 3401; x_wconf 87' lang='lat' dir='ltr'><strong>Corinthium</strong></span> <span class='ocrx_word' id='word_1_374' title='bbox 1334 3359 1483 3401; x_wconf 91' lang='lat' dir='ltr'><strong>mare</strong></span> <span class='ocrx_word' id='word_1_375' title='bbox 1503 3353 1651 3401; x_wconf 85' lang='lat' dir='ltr'><strong>motu</strong></span> <span class='ocrx_word' id='word_1_376' title='bbox 1683 3353 1841 3401; x_wconf 64' lang='lat' dir='ltr'><strong>terra:</strong></span> 
     </span>
    </p>
   </div>
   <div class='ocr_carea' id='block_1_50' title="bbox 234 3437 1840 3514">
    <p class='ocr_par' dir='ltr' id='par_1_50' title="bbox 234 3437 1840 3514">
     <span class='ocr_line' id='line_1_50' title="bbox 234 3437 1840 3514; baseline -0.001 -18"><span class='ocrx_word' id='word_1_377' title='bbox 234 3439 564 3496; x_wconf 82' lang='lat' dir='ltr'><strong>exhaustum</strong></span> <span class='ocrx_word' id='word_1_378' title='bbox 592 3438 801 3514; x_wconf 81' lang='lat' dir='ltr'><strong>(Apul.,</strong></span> <span class='ocrx_word' id='word_1_379' title='bbox 852 3439 943 3494; x_wconf 88' lang='lat' dir='ltr'><strong>lib.</strong></span> <span class='ocrx_word' id='word_1_380' title='bbox 966 3440 1031 3494; x_wconf 85' lang='lat' dir='ltr'><strong>de</strong></span> <span class='ocrx_word' id='word_1_381' title='bbox 1052 3438 1272 3505; x_wconf 76' lang='lat' dir='ltr'><strong>Munda,</strong></span> <span class='ocrx_word' id='word_1_382' title='bbox 1297 3455 1422 3511; x_wconf 87' lang='lat' dir='ltr'><strong>pag.</strong></span> <span class='ocrx_word' id='word_1_383' title='bbox 1455 3439 1590 3506; x_wconf 76' lang='lat'><strong>408;</strong></span> <span class='ocrx_word' id='word_1_384' title='bbox 1634 3437 1840 3494; x_wconf 85' lang='lat' dir='ltr'><strong>Tertul-</strong></span> 
     </span>
    </p>
   </div>
   <div class='ocr_carea' id='block_1_51' title="bbox 233 3531 960 3605">
    <p class='ocr_par' dir='ltr' id='par_1_51' title="bbox 233 3531 960 3605">
     <span class='ocr_line' id='line_1_51' title="bbox 233 3531 960 3605; baseline 0.001 -17"><span class='ocrx_word' id='word_1_385' title='bbox 233 3534 397 3600; x_wconf 87' lang='lat' dir='ltr'><strong>lian.,</strong></span> <span class='ocrx_word' id='word_1_386' title='bbox 430 3532 673 3602; x_wconf 82' lang='lat' dir='ltr'><strong>Apolog.,</strong></span> <span class='ocrx_word' id='word_1_387' title='bbox 698 3549 815 3605; x_wconf 85' lang='lat' dir='ltr'><strong>cap.</strong></span> <span class='ocrx_word' id='word_1_388' title='bbox 844 3531 960 3605; x_wconf 74' lang='grc'><strong>40).</strong></span> 
     </span>
    </p>
   </div>
   <div class='ocr_carea' id='block_1_52' title="bbox 313 3624 1839 3705">
    <p class='ocr_par' dir='ltr' id='par_1_52' title="bbox 313 3624 1839 3705">
     <span class='ocr_line' id='line_1_52' title="bbox 313 3624 1839 3705; baseline 0.001 -26"><span class='ocrx_word' id='word_1_389' title='bbox 313 3625 548 3680; x_wconf 85' lang='lat' dir='ltr'><strong>Tantum</strong></span> <span class='ocrx_word' id='word_1_390' title='bbox 576 3639 740 3696; x_wconf 91' lang='lat' dir='ltr'><strong>porro</strong></span> <span class='ocrx_word' id='word_1_391' title='bbox 759 3624 935 3692; x_wconf 90' lang='lat' dir='ltr'><strong>abest,</strong></span> <span class='ocrx_word' id='word_1_392' title='bbox 966 3634 1023 3680; x_wconf 89' lang='lat' dir='ltr'><strong>ut</strong></span> <span class='ocrx_word' id='word_1_393' title='bbox 1044 3625 1130 3680; x_wconf 91' lang='lat' dir='ltr'><strong>his</strong></span> <span class='ocrx_word' id='word_1_394' title='bbox 1155 3635 1211 3681; x_wconf 90' lang='lat' dir='ltr'><strong>et</strong></span> <span class='ocrx_word' id='word_1_395' title='bbox 1260 3625 1528 3682; x_wconf 87' lang='lat' dir='ltr'><strong>similibus</strong></span> <span class='ocrx_word' id='word_1_396' title='bbox 1558 3624 1839 3705; x_wconf 88' lang='lat' dir='ltr'><strong>inordina-</strong></span> 
     </span>
    </p>
   </div>
   <div class='ocr_carea' id='block_1_53' title="bbox 240 3718 1840 3789">
    <p class='ocr_par' dir='ltr' id='par_1_53' title="bbox 240 3718 1840 3789">
     <span class='ocr_line' id='line_1_53' title="bbox 240 3718 1840 3789; baseline 0 -13"><span class='ocrx_word' id='word_1_397' title='bbox 240 3720 322 3776; x_wconf 86' lang='lat' dir='ltr'><strong>tis</strong></span> <span class='ocrx_word' id='word_1_398' title='bbox 371 3718 577 3773; x_wconf 86' lang='lat' dir='ltr'><strong>casibus</strong></span> <span class='ocrx_word' id='word_1_399' title='bbox 635 3728 824 3774; x_wconf 88' lang='lat' dir='ltr'><strong>contra</strong></span> <span class='ocrx_word' id='word_1_400' title='bbox 884 3718 1165 3789; x_wconf 82' lang='lat' dir='ltr'><strong>religionis</strong></span> <span class='ocrx_word' id='word_1_401' title='bbox 1207 3718 1520 3775; x_wconf 65' lang='lat' dir='ltr'><strong>christiana:</strong></span> <span class='ocrx_word' id='word_1_402' title='bbox 1560 3720 1840 3776; x_wconf 85' lang='lat' dir='ltr'><strong>veritatem</strong></span> 
     </span>
    </p>
   </div>
   <div class='ocr_carea' id='block_1_54' title="bbox 236 3810 1841 3883">
    <p class='ocr_par' dir='ltr' id='par_1_54' title="bbox 236 3810 1841 3883">
     <span class='ocr_line' id='line_1_54' title="bbox 236 3810 1841 3883; baseline -0.001 -14"><span class='ocrx_word' id='word_1_403' title='bbox 236 3811 481 3883; x_wconf 87' lang='lat' dir='ltr'><strong>aliquid&#39;</strong></span> <span class='ocrx_word' id='word_1_404' title='bbox 509 3810 702 3867; x_wconf 83' lang='lat' dir='ltr'><strong>conﬁci</strong></span> <span class='ocrx_word' id='word_1_405' title='bbox 748 3810 953 3883; x_wconf 89' lang='lat' dir='ltr'><strong>possit;</strong></span> <span class='ocrx_word' id='word_1_406' title='bbox 1005 3813 1136 3883; x_wconf 92' lang='lat' dir='ltr'><strong>quin</strong></span> <span class='ocrx_word' id='word_1_407' title='bbox 1165 3812 1346 3882; x_wconf 89' lang='lat' dir='ltr'><strong>potius</strong></span> <span class='ocrx_word' id='word_1_408' title='bbox 1382 3811 1674 3868; x_wconf 80' lang='lat' dir='ltr'><strong>Cleanthes</strong></span> <span class='ocrx_word' id='word_1_409' title='bbox 1698 3812 1841 3883; x_wconf 85' lang='lat' dir='ltr'><strong>apud</strong></span> 
     </span>
    </p>
   </div>
   <div class='ocr_carea' id='block_1_55' title="bbox 233 3903 1837 3962">
    <p class='ocr_par' dir='ltr' id='par_1_55' title="bbox 233 3903 1837 3962">
     <span class='ocr_line' id='line_1_55' title="bbox 233 3903 1837 3962; baseline -0.001 0"><span class='ocrx_word' id='word_1_410' title='bbox 233 3905 567 3962; x_wconf 85' lang='lat' dir='ltr'><strong>Ciceronem</strong></span> <span class='ocrx_word' id='word_1_411' title='bbox 594 3920 661 3960; x_wconf 83' lang='lat' dir='ltr'><strong>ex</strong></span> <span class='ocrx_word' id='word_1_412' title='bbox 692 3903 802 3959; x_wconf 91' lang='lat' dir='ltr'><strong>illis</strong></span> <span class='ocrx_word' id='word_1_413' title='bbox 827 3903 1105 3960; x_wconf 91' lang='lat' dir='ltr'><strong>concludit</strong></span> <span class='ocrx_word' id='word_1_414' title='bbox 1132 3904 1187 3959; x_wconf 93' lang='lat' dir='ltr'><strong>in</strong></span> <span class='ocrx_word' id='word_1_415' title='bbox 1212 3905 1403 3959; x_wconf 81' lang='lat' dir='ltr'><strong>animis</strong></span> <span class='ocrx_word' id='word_1_416' title='bbox 1445 3903 1722 3960; x_wconf 91' lang='lat' dir='ltr'><strong>hominum</strong></span> <span class='ocrx_word' id='word_1_417' title='bbox 1753 3905 1837 3960; x_wconf 89' lang='lat' dir='ltr'><strong>iu-</strong></span> 
     </span>
    </p>
   </div>
   <div class='ocr_carea' id='block_1_56' title="bbox 233 3995 1841 4067">
    <p class='ocr_par' dir='ltr' id='par_1_56' title="bbox 233 3995 1841 4067">
     <span class='ocr_line' id='line_1_56' title="bbox 233 3995 1841 4067; baseline 0 -13"><span class='ocrx_word' id='word_1_418' title='bbox 233 4001 508 4054; x_wconf 81' lang='lat' dir='ltr'><strong>lormatas</strong></span> <span class='ocrx_word' id='word_1_419' title='bbox 530 4012 651 4053; x_wconf 88' lang='lat' dir='ltr'><strong>esse</strong></span> <span class='ocrx_word' id='word_1_420' title='bbox 677 3996 927 4062; x_wconf 90' lang='lat' dir='ltr'><strong>deorum,</strong></span> <span class='ocrx_word' id='word_1_421' title='bbox 956 4004 1013 4051; x_wconf 91' lang='lat' dir='ltr'><strong>et</strong></span> <span class='ocrx_word' id='word_1_422' title='bbox 1054 3996 1135 4051; x_wconf 87' lang='lat' dir='ltr'><strong>vis</strong></span> <span class='ocrx_word' id='word_1_423' title='bbox 1177 3995 1457 4067; x_wconf 88' lang='lat' dir='ltr'><strong>cujusdam</strong></span> <span class='ocrx_word' id='word_1_424' title='bbox 1511 3998 1751 4053; x_wconf 86' lang='lat' dir='ltr'><strong>caelestis</strong></span> <span class='ocrx_word' id='word_1_425' title='bbox 1777 4013 1841 4054; x_wconf 92' lang='lat' dir='ltr'><strong>ac</strong></span> 
     </span>
    </p>
   </div>
   <div class='ocr_carea' id='block_1_57' title="bbox 232 4088 1838 4163">
    <p class='ocr_par' dir='ltr' id='par_1_57' title="bbox 232 4088 1838 4163">
     <span class='ocr_line' id='line_1_57' title="bbox 232 4088 1838 4163; baseline -0.001 -15"><span class='ocrx_word' id='word_1_426' title='bbox 232 4093 444 4148; x_wconf 74' lang='lat' dir='ltr'><strong>divina:</strong></span> <span class='ocrx_word' id='word_1_427' title='bbox 483 4096 735 4147; x_wconf 88' lang='lat' dir='ltr'><strong>notiones</strong></span> <span class='ocrx_word' id='word_1_428' title='bbox 780 4088 994 4163; x_wconf 87' lang='lat' dir='ltr'><strong>(Cicer.,</strong></span> <span class='ocrx_word' id='word_1_429' title='bbox 1026 4090 1116 4145; x_wconf 90' lang='lat' dir='ltr'><strong>lib.</strong></span> <span class='ocrx_word' id='word_1_430' title='bbox 1160 4106 1197 4145; x_wconf 92' lang='grc' dir='ltr'><strong>ιι</strong></span> <span class='ocrx_word' id='word_1_431' title='bbox 1238 4090 1302 4144; x_wconf 88' lang='lat' dir='ltr'><strong>dc</strong></span> <span class='ocrx_word' id='word_1_432' title='bbox 1338 4088 1466 4144; x_wconf 85' lang='lat' dir='ltr'><strong>Nat.</strong></span> <span class='ocrx_word' id='word_1_433' title='bbox 1521 4091 1686 4157; x_wconf 71' lang='lat' dir='ltr'><strong>deoa,</strong></span> <span class='ocrx_word' id='word_1_434' title='bbox 1719 4108 1838 4163; x_wconf 85' lang='lat' dir='ltr'><strong>pag.</strong></span> 
     </span>
    </p>
   </div>
   <div class='ocr_carea' id='block_1_58' title="bbox 230 4182 1836 4256">
    <p class='ocr_par' dir='ltr' id='par_1_58' title="bbox 230 4182 1836 4256">
     <span class='ocr_line' id='line_1_58' title="bbox 230 4182 1836 4256; baseline -0.001 -15"><span class='ocrx_word' id='word_1_435' title='bbox 230 4185 395 4256; x_wconf 85' lang='grc'><strong>215).</strong></span> <span class='ocrx_word' id='word_1_436' title='bbox 430 4182 618 4238; x_wconf 78' lang='lat' dir='ltr'><strong>Melius</strong></span> <span class='ocrx_word' id='word_1_437' title='bbox 648 4182 1007 4254; x_wconf 90' lang='lat' dir='ltr'><strong>proculdubio</strong></span> <span class='ocrx_word' id='word_1_438' title='bbox 1033 4183 1192 4238; x_wconf 90' lang='lat' dir='ltr'><strong>unius</strong></span> <span class='ocrx_word' id='word_1_439' title='bbox 1229 4183 1523 4253; x_wconf 66' lang='lat' dir='ltr'><strong>aequissimi</strong></span> <span class='ocrx_word' id='word_1_440' title='bbox 1572 4195 1627 4239; x_wconf 90' lang='lat' dir='ltr'><strong>et</strong></span> <span class='ocrx_word' id='word_1_441' title='bbox 1656 4184 1836 4239; x_wconf 79' lang='lat' dir='ltr'><strong>atmii-</strong></span> 
     </span>
    </p>
   </div>
   <div class='ocr_carea' id='block_1_59' title="bbox 232 4273 1835 4351">
    <p class='ocr_par' dir='ltr' id='par_1_59' title="bbox 232 4273 1835 4351">
     <span class='ocr_line' id='line_1_59' title="bbox 232 4273 1835 4351; baseline 0.001 -20"><span class='ocrx_word' id='word_1_442' title='bbox 232 4276 483 4351; x_wconf 84' lang='lat' dir='ltr'><strong>potentis</strong></span> <span class='ocrx_word' id='word_1_443' title='bbox 511 4275 611 4331; x_wconf 88' lang='lat' dir='ltr'><strong>Dei</strong></span> <span class='ocrx_word' id='word_1_444' title='bbox 636 4274 886 4330; x_wconf 91' lang='lat' dir='ltr'><strong>notiones</strong></span> <span class='ocrx_word' id='word_1_445' title='bbox 911 4273 1159 4331; x_wconf 81' lang='lat' dir='ltr'><strong>dixisset.</strong></span> <span class='ocrx_word' id='word_1_446' title='bbox 1193 4275 1301 4331; x_wconf 89' lang='lat' dir='ltr'><strong>Sed</strong></span> <span class='ocrx_word' id='word_1_447' title='bbox 1322 4274 1374 4330; x_wconf 91' lang='lat' dir='ltr'><strong>in</strong></span> <span class='ocrx_word' id='word_1_448' title='bbox 1394 4276 1537 4330; x_wconf 91' lang='lat' dir='ltr'><strong>hunc</strong></span> <span class='ocrx_word' id='word_1_449' title='bbox 1560 4276 1835 4333; x_wconf 89' lang='lat' dir='ltr'><strong>Ciceronis</strong></span> 
     </span>
    </p>
   </div>
   <div class='ocr_carea' id='block_1_60' title="bbox 1944 1750 3539 1824">
    <p class='ocr_par' dir='ltr' id='par_1_60' title="bbox 1944 1750 3539 1824">
     <span class='ocr_line' id='line_1_60' title="bbox 1944 1750 3539 1824; baseline 0.001 -19"><span class='ocrx_word' id='word_1_450' title='bbox 1944 1751 2185 1822; x_wconf 86' lang='lat' dir='ltr'><strong>gentium</strong></span> <span class='ocrx_word' id='word_1_451' title='bbox 2216 1751 2493 1823; x_wconf 88' lang='lat' dir='ltr'><strong>copiarum</strong></span> <span class='ocrx_word' id='word_1_452' title='bbox 2527 1752 2906 1824; x_wconf 89' lang='lat' dir='ltr'><strong>irruptionem,</strong></span> <span class='ocrx_word' id='word_1_453' title='bbox 2938 1767 3042 1823; x_wconf 90' lang='lat' dir='ltr'><strong>qua</strong></span> <span class='ocrx_word' id='word_1_454' title='bbox 3081 1751 3246 1807; x_wconf 78' lang='lat' dir='ltr'><strong>varia:</strong></span> <span class='ocrx_word' id='word_1_455' title='bbox 3290 1750 3539 1807; x_wconf 89' lang='lat' dir='ltr'><strong>nationes</strong></span> 
     </span>
    </p>
   </div>
   <div class='ocr_carea' id='block_1_61' title="bbox 1946 1838 3629 1918">
    <p class='ocr_par' dir='ltr' id='par_1_61' title="bbox 1946 1838 3629 1918">
     <span class='ocr_line' id='line_1_61' title="bbox 1946 1838 3629 1918; baseline 0.001 -21"><span class='ocrx_word' id='word_1_456' title='bbox 1946 1842 1999 1898; x_wconf 92' lang='lat' dir='ltr'><strong>in</strong></span> <span class='ocrx_word' id='word_1_457' title='bbox 2030 1843 2349 1899; x_wconf 87' lang='lat' dir='ltr'><strong>servitutem</strong></span> <span class='ocrx_word' id='word_1_458' title='bbox 2378 1843 2611 1899; x_wconf 73' lang='lat' dir='ltr'><strong>redacta:</strong></span> <span class='ocrx_word' id='word_1_459' title='bbox 2641 1853 2766 1899; x_wconf 91' lang='lat' dir='ltr'><strong>sunt</strong></span> <span class='ocrx_word' id='word_1_460' title='bbox 2797 1843 2998 1918; x_wconf 82' lang='lat' dir='ltr'><strong>(Plato,</strong></span> <span class='ocrx_word' id='word_1_461' title='bbox 3032 1854 3156 1898; x_wconf 88' lang='lat' dir='ltr'><strong>tom.</strong></span> <span class='ocrx_word' id='word_1_462' title='bbox 3200 1860 3279 1911; x_wconf 89' lang='grc' dir='ltr'>ιιι,</span> <span class='ocrx_word' id='word_1_463' title='bbox 3327 1841 3532 1912; x_wconf 71' lang='lat' dir='ltr'><strong>Tanta,</strong></span> <span class='ocrx_word' id='word_1_464' title='bbox 3623 1838 3629 1843; x_wconf 77' lang='grc'><em>’</em></span> 
     </span>
    </p>
   </div>
   <div class='ocr_carea' id='block_1_62' title="bbox 1946 1936 3539 2010">
    <p class='ocr_par' dir='ltr' id='par_1_62' title="bbox 1946 1936 3539 2010">
     <span class='ocr_line' id='line_1_62' title="bbox 1946 1936 3539 2010; baseline 0.002 -20"><span class='ocrx_word' id='word_1_465' title='bbox 1946 1953 2068 2008; x_wconf 85' lang='lat' dir='ltr'><strong>pag.</strong></span> <span class='ocrx_word' id='word_1_466' title='bbox 2091 1936 2163 1992; x_wconf 76' lang='grc'><strong>21</strong></span> <span class='ocrx_word' id='word_1_467' title='bbox 2186 1946 2233 1992; x_wconf 86' lang='lat' dir='ltr'><strong>et</strong></span> <span class='ocrx_word' id='word_1_468' title='bbox 2260 1936 2381 2009; x_wconf 82' lang='grc'><strong>25).</strong></span> <span class='ocrx_word' id='word_1_469' title='bbox 2406 1936 2512 1992; x_wconf 90' lang='lat' dir='ltr'><strong>Sed</strong></span> <span class='ocrx_word' id='word_1_470' title='bbox 2538 1947 2723 2009; x_wconf 90' lang='lat' dir='ltr'><strong>postea</strong></span> <span class='ocrx_word' id='word_1_471' title='bbox 2745 1937 3091 2006; x_wconf 90' lang='lat' dir='ltr'><strong>diluviorum,</strong></span> <span class='ocrx_word' id='word_1_472' title='bbox 3130 1948 3399 2010; x_wconf 68' lang='lat' dir='ltr'><strong>terraeque</strong></span> <span class='ocrx_word' id='word_1_473' title='bbox 3422 1952 3539 1993; x_wconf 89' lang='lat' dir='ltr'><strong>mo-</strong></span> 
     </span>
    </p>
   </div>
   <div class='ocr_carea' id='block_1_63' title="bbox 1944 2033 3540 2106">
    <p class='ocr_par' dir='ltr' id='par_1_63' title="bbox 1944 2033 3540 2106">
     <span class='ocr_line' id='line_1_63' title="bbox 1944 2033 3540 2106; baseline 0.003 -20"><span class='ocrx_word' id='word_1_474' title='bbox 1944 2041 2096 2087; x_wconf 88' lang='lat' dir='ltr'><strong>tuum</strong></span> <span class='ocrx_word' id='word_1_475' title='bbox 2139 2041 2275 2087; x_wconf 75' lang='lat' dir='ltr'><strong>mstu</strong></span> <span class='ocrx_word' id='word_1_476' title='bbox 2325 2046 2544 2088; x_wconf 90' lang='lat' dir='ltr'><strong>omnem</strong></span> <span class='ocrx_word' id='word_1_477' title='bbox 2593 2033 2909 2091; x_wconf 88' lang='lat' dir='ltr'><strong>bellicosam</strong></span> <span class='ocrx_word' id='word_1_478' title='bbox 2938 2033 3086 2089; x_wconf 88' lang='lat' dir='ltr'><strong>illam</strong></span> <span class='ocrx_word' id='word_1_479' title='bbox 3113 2043 3351 2105; x_wconf 87' lang='lat' dir='ltr'><strong>gentem,</strong></span> <span class='ocrx_word' id='word_1_480' title='bbox 3379 2043 3540 2106; x_wconf 90' lang='lat' dir='ltr'><strong>atque</strong></span> 
     </span>
    </p>
   </div>
   <div class='ocr_carea' id='block_1_64' title="bbox 1942 2126 3538 2199">
    <p class='ocr_par' dir='ltr' id='par_1_64' title="bbox 1942 2126 3538 2199">
     <span class='ocr_line' id='line_1_64' title="bbox 1942 2126 3538 2199; baseline 0.001 -18"><span class='ocrx_word' id='word_1_481' title='bbox 1942 2126 2112 2197; x_wconf 86' lang='lat' dir='ltr'><strong>ipsam</strong></span> <span class='ocrx_word' id='word_1_482' title='bbox 2149 2126 2379 2181; x_wconf 90' lang='lat' dir='ltr'><strong>insulam</strong></span> <span class='ocrx_word' id='word_1_483' title='bbox 2414 2142 2511 2198; x_wconf 89' lang='lat' dir='ltr'><strong>per</strong></span> <span class='ocrx_word' id='word_1_484' title='bbox 2537 2127 2695 2183; x_wconf 92' lang='lat' dir='ltr'><strong>unius</strong></span> <span class='ocrx_word' id='word_1_485' title='bbox 2733 2136 2940 2183; x_wconf 88' lang='lat' dir='ltr'><strong>tantum</strong></span> <span class='ocrx_word' id='word_1_486' title='bbox 2971 2128 3150 2185; x_wconf 89' lang='lat' dir='ltr'><strong>noctis</strong></span> <span class='ocrx_word' id='word_1_487' title='bbox 3177 2137 3233 2183; x_wconf 93' lang='lat' dir='ltr'><strong>et</strong></span> <span class='ocrx_word' id='word_1_488' title='bbox 3273 2127 3384 2183; x_wconf 92' lang='lat' dir='ltr'><strong>diei</strong></span> <span class='ocrx_word' id='word_1_489' title='bbox 3412 2143 3538 2199; x_wconf 87' lang='lat' dir='ltr'><strong>spa-</strong></span> 
     </span>
    </p>
   </div>
   <div class='ocr_carea' id='block_1_65' title="bbox 1941 2220 3538 2294">
    <p class='ocr_par' dir='ltr' id='par_1_65' title="bbox 1941 2220 3538 2294">
     <span class='ocr_line' id='line_1_65' title="bbox 1941 2220 3538 2294; baseline 0.002 -18"><span class='ocrx_word' id='word_1_490' title='bbox 1941 2220 2074 2276; x_wconf 91' lang='lat' dir='ltr'><strong>tium</strong></span> <span class='ocrx_word' id='word_1_491' title='bbox 2101 2221 2355 2278; x_wconf 86' lang='lat' dir='ltr'><strong>lluctibus</strong></span> <span class='ocrx_word' id='word_1_492' title='bbox 2405 2222 2572 2277; x_wconf 90' lang='lat' dir='ltr'><strong>maris</strong></span> <span class='ocrx_word' id='word_1_493' title='bbox 2616 2222 2954 2293; x_wconf 90' lang='lat' dir='ltr'><strong>absorptam,</strong></span> <span class='ocrx_word' id='word_1_494' title='bbox 3002 2232 3059 2278; x_wconf 92' lang='lat' dir='ltr'><strong>et</strong></span> <span class='ocrx_word' id='word_1_495' title='bbox 3110 2221 3244 2278; x_wconf 90' lang='lat' dir='ltr'><strong>nihil</strong></span> <span class='ocrx_word' id='word_1_496' title='bbox 3288 2223 3445 2294; x_wconf 80' lang='lat' dir='ltr'><strong>plane</strong></span> <span class='ocrx_word' id='word_1_497' title='bbox 3471 2238 3538 2279; x_wconf 81' lang='lat' dir='ltr'><strong>ex</strong></span> 
     </span>
    </p>
   </div>
   <div class='ocr_carea' id='block_1_66' title="bbox 1946 2311 3537 2387">
    <p class='ocr_par' dir='ltr' id='par_1_66' title="bbox 1946 2311 3537 2387">
     <span class='ocr_line' id='line_1_66' title="bbox 1946 2311 3537 2387; baseline 0.002 -19"><span class='ocrx_word' id='word_1_498' title='bbox 1946 2312 2074 2381; x_wconf 88' lang='lat' dir='ltr'><strong>illis,</strong></span> <span class='ocrx_word' id='word_1_499' title='bbox 2101 2311 2205 2370; x_wconf 89' lang='lat' dir='ltr'><strong>nisi</strong></span> <span class='ocrx_word' id='word_1_500' title='bbox 2234 2315 2329 2369; x_wconf 93' lang='lat' dir='ltr'><strong>luti</strong></span> <span class='ocrx_word' id='word_1_501' title='bbox 2361 2313 2621 2385; x_wconf 89' lang='lat' dir='ltr'><strong>reliquias</strong></span> <span class='ocrx_word' id='word_1_502' title='bbox 2678 2315 3051 2387; x_wconf 88' lang='lat' dir='ltr'><strong>comparuisse</strong></span> <span class='ocrx_word' id='word_1_503' title='bbox 3096 2314 3350 2386; x_wconf 89' lang='lat' dir='ltr'><strong>amplius.</strong></span> <span class='ocrx_word' id='word_1_504' title='bbox 3392 2314 3537 2371; x_wconf 90' lang='lat' dir='ltr'><strong>Idem</strong></span> 
     </span>
    </p>
   </div>
   <div class='ocr_carea' id='block_1_67' title="bbox 1943 2408 3540 2479">
    <p class='ocr_par' dir='ltr' id='par_1_67' title="bbox 1943 2408 3540 2479">
     <span class='ocr_line' id='line_1_67' title="bbox 1943 2408 3540 2479; baseline 0.003 -17"><span class='ocrx_word' id='word_1_505' title='bbox 1943 2421 2109 2479; x_wconf 90' lang='lat' dir='ltr'><strong>porro</strong></span> <span class='ocrx_word' id='word_1_506' title='bbox 2136 2408 2381 2466; x_wconf 90' lang='lat' dir='ltr'><strong>Platonis</strong></span> <span class='ocrx_word' id='word_1_507' title='bbox 2408 2409 2560 2465; x_wconf 90' lang='lat' dir='ltr'><strong>locus</strong></span> <span class='ocrx_word' id='word_1_508' title='bbox 2586 2424 2696 2464; x_wconf 89' lang='lat' dir='ltr'><strong>non</strong></span> <span class='ocrx_word' id='word_1_509' title='bbox 2724 2410 2898 2465; x_wconf 92' lang='lat' dir='ltr'><strong>solum</strong></span> <span class='ocrx_word' id='word_1_510' title='bbox 2928 2426 2959 2465; x_wconf 90' lang='lat' dir='ltr'><strong>a</strong></span> <span class='ocrx_word' id='word_1_511' title='bbox 2990 2410 3167 2466; x_wconf 86' lang='lat' dir='ltr'><strong>Plinio</strong></span> <span class='ocrx_word' id='word_1_512' title='bbox 3196 2418 3251 2465; x_wconf 87' lang='lat' dir='ltr'><strong>el.</strong></span> <span class='ocrx_word' id='word_1_513' title='bbox 3273 2410 3540 2467; x_wconf 90' lang='lat' dir='ltr'><strong>Strabone</strong></span> 
     </span>
    </p>
   </div>
   <div class='ocr_carea' id='block_1_68' title="bbox 1943 2501 3538 2576">
    <p class='ocr_par' dir='ltr' id='par_1_68' title="bbox 1943 2501 3538 2576">
     <span class='ocr_line' id='line_1_68' title="bbox 1943 2501 3538 2576; baseline 0.003 -20"><span class='ocrx_word' id='word_1_514' title='bbox 1943 2501 2162 2565; x_wconf 89' lang='lat' dir='ltr'><strong>citatur,</strong></span> <span class='ocrx_word' id='word_1_515' title='bbox 2193 2517 2382 2557; x_wconf 90' lang='lat' dir='ltr'><strong>verum</strong></span> <span class='ocrx_word' id='word_1_516' title='bbox 2420 2502 2584 2558; x_wconf 91' lang='lat' dir='ltr'><strong>etiam</strong></span> <span class='ocrx_word' id='word_1_517' title='bbox 2612 2517 2642 2558; x_wconf 94' lang='lat' dir='ltr'><strong>a</strong></span> <span class='ocrx_word' id='word_1_518' title='bbox 2668 2502 3028 2572; x_wconf 88' lang='lat' dir='ltr'><strong>Tertulliano,</strong></span> <span class='ocrx_word' id='word_1_519' title='bbox 3061 2505 3151 2576; x_wconf 93' lang='lat' dir='ltr'><strong>qui</strong></span> <span class='ocrx_word' id='word_1_520' title='bbox 3174 2503 3300 2560; x_wconf 83' lang='lat' dir='ltr'><strong>inde</strong></span> <span class='ocrx_word' id='word_1_521' title='bbox 3350 2503 3538 2560; x_wconf 87' lang='lat' dir='ltr'><strong>absur-</strong></span> 
     </span>
    </p>
   </div>
   <div class='ocr_carea' id='block_1_69' title="bbox 1943 2595 3537 2670">
    <p class='ocr_par' dir='ltr' id='par_1_69' title="bbox 1943 2595 3537 2670">
     <span class='ocr_line' id='line_1_69' title="bbox 1943 2595 3537 2670; baseline 0.003 -19"><span class='ocrx_word' id='word_1_522' title='bbox 1943 2595 2067 2651; x_wconf 92' lang='lat' dir='ltr'><strong>dam</strong></span> <span class='ocrx_word' id='word_1_523' title='bbox 2097 2596 2444 2654; x_wconf 88' lang='lat' dir='ltr'><strong>ethnicorum</strong></span> <span class='ocrx_word' id='word_1_524' title='bbox 2490 2598 3037 2669; x_wconf 83' lang='lat' dir='ltr'><strong>argumentationem,</strong></span> <span class='ocrx_word' id='word_1_525' title='bbox 3084 2597 3537 2670; x_wconf 88' lang='lat' dir='ltr'><strong>quemadmodum</strong></span> 
     </span>
    </p>
   </div>
   <div class='ocr_carea' id='block_1_70' title="bbox 1946 2688 3539 2764">
    <p class='ocr_par' dir='ltr' id='par_1_70' title="bbox 1946 2688 3539 2764">
     <span class='ocr_line' id='line_1_70' title="bbox 1946 2688 3539 2764; baseline 0.003 -20"><span class='ocrx_word' id='word_1_526' title='bbox 1946 2688 2240 2753; x_wconf 79' lang='lat' dir='ltr'><strong>Arnobius,</strong></span> <span class='ocrx_word' id='word_1_527' title='bbox 2272 2688 2474 2745; x_wconf 82' lang='lat' dir='ltr'><strong>refellit</strong></span> <span class='ocrx_word' id='word_1_528' title='bbox 2523 2700 2579 2745; x_wconf 91' lang='lat' dir='ltr'><strong>et</strong></span> <span class='ocrx_word' id='word_1_529' title='bbox 2621 2691 2837 2746; x_wconf 90' lang='lat' dir='ltr'><strong>evertit.</strong></span> <span class='ocrx_word' id='word_1_530' title='bbox 2884 2690 3104 2747; x_wconf 89' lang='lat' dir='ltr'><strong>Scimus</strong></span> <span class='ocrx_word' id='word_1_531' title='bbox 3150 2691 3372 2764; x_wconf 89' lang='lat' dir='ltr'><strong>quidem</strong></span> <span class='ocrx_word' id='word_1_532' title='bbox 3423 2693 3539 2749; x_wconf 66' lang='lat' dir='ltr'><strong>btec</strong></span> 
     </span>
    </p>
   </div>
   <div class='ocr_carea' id='block_1_71' title="bbox 1945 2781 3540 2855">
    <p class='ocr_par' dir='ltr' id='par_1_71' title="bbox 1945 2781 3540 2855">
     <span class='ocr_line' id='line_1_71' title="bbox 1945 2781 3540 2855; baseline 0.002 -18"><span class='ocrx_word' id='word_1_533' title='bbox 1945 2781 2222 2838; x_wconf 91' lang='lat' dir='ltr'><strong>nonnullis</strong></span> <span class='ocrx_word' id='word_1_534' title='bbox 2265 2782 2444 2839; x_wconf 91' lang='lat' dir='ltr'><strong>minus</strong></span> <span class='ocrx_word' id='word_1_535' title='bbox 2494 2784 2730 2850; x_wconf 84' lang='lat' dir='ltr'><strong>veritati,</strong></span> <span class='ocrx_word' id='word_1_536' title='bbox 2777 2798 2940 2855; x_wconf 87' lang='lat' dir='ltr'><strong>quam</strong></span> <span class='ocrx_word' id='word_1_537' title='bbox 2983 2783 3182 2841; x_wconf 84' lang='lat' dir='ltr'><strong>fabulis</strong></span> <span class='ocrx_word' id='word_1_538' title='bbox 3219 2783 3391 2841; x_wconf 91' lang='lat' dir='ltr'><strong>videri</strong></span> <span class='ocrx_word' id='word_1_539' title='bbox 3418 2799 3540 2855; x_wconf 88' lang='lat' dir='ltr'><strong>pro-</strong></span> 
     </span>
    </p>
   </div>
   <div class='ocr_carea' id='block_1_72' title="bbox 1945 2875 3535 2950">
    <p class='ocr_par' dir='ltr' id='par_1_72' title="bbox 1945 2875 3535 2950">
     <span class='ocr_line' id='line_1_72' title="bbox 1945 2875 3535 2950; baseline 0.002 -19"><span class='ocrx_word' id='word_1_540' title='bbox 1945 2876 2097 2947; x_wconf 89' lang='lat' dir='ltr'><strong>piora</strong></span> <span class='ocrx_word' id='word_1_541' title='bbox 2129 2875 2323 2949; x_wconf 87' lang='lat' dir='ltr'><strong>(Plia.,</strong></span> <span class='ocrx_word' id='word_1_542' title='bbox 2368 2877 2459 2932; x_wconf 87' lang='lat' dir='ltr'><strong>lib.</strong></span> <span class='ocrx_word' id='word_1_543' title='bbox 2487 2892 2524 2933; x_wconf 90' lang='grc' dir='ltr'><strong>ιι</strong></span> <span class='ocrx_word' id='word_1_544' title='bbox 2567 2876 2710 2933; x_wconf 79' lang='lat' dir='ltr'><strong>Hist.</strong></span> <span class='ocrx_word' id='word_1_545' title='bbox 2736 2887 2935 2946; x_wconf 74' lang='lat' dir='ltr'><strong>notua,</strong></span> <span class='ocrx_word' id='word_1_546' title='bbox 2977 2894 3097 2948; x_wconf 86' lang='lat' dir='ltr'><strong>cap.</strong></span> <span class='ocrx_word' id='word_1_547' title='bbox 3134 2879 3224 2945; x_wconf 87' lang='lat'><strong>90,</strong></span> <span class='ocrx_word' id='word_1_548' title='bbox 3256 2895 3376 2950; x_wconf 86' lang='lat' dir='ltr'><strong>pag.</strong></span> <span class='ocrx_word' id='word_1_549' title='bbox 3399 2876 3535 2944; x_wconf 72' lang='lat'><strong>258;</strong></span> 
     </span>
    </p>
   </div>
   <div class='ocr_carea' id='block_1_73' title="bbox 1946 2967 3536 3043">
    <p class='ocr_par' dir='ltr' id='par_1_73' title="bbox 1946 2967 3536 3043">
     <span class='ocr_line' id='line_1_73' title="bbox 1946 2967 3536 3043; baseline 0.001 -18"><span class='ocrx_word' id='word_1_550' title='bbox 1946 2967 2151 3037; x_wconf 86' lang='lat' dir='ltr'><strong>Slrab.,</strong></span> <span class='ocrx_word' id='word_1_551' title='bbox 2177 2969 2267 3026; x_wconf 89' lang='lat' dir='ltr'><strong>lib.</strong></span> <span class='ocrx_word' id='word_1_552' title='bbox 2286 2985 2324 3025; x_wconf 91' lang='grc' dir='ltr'><strong>ιι</strong></span> <span class='ocrx_word' id='word_1_553' title='bbox 2358 2968 2570 3041; x_wconf 76' lang='lat' dir='ltr'><strong>Geogr.,</strong></span> <span class='ocrx_word' id='word_1_554' title='bbox 2600 2987 2724 3042; x_wconf 87' lang='lat' dir='ltr'><strong>pag.</strong></span> <span class='ocrx_word' id='word_1_555' title='bbox 2754 2971 2849 3027; x_wconf 86' lang='grc'><strong>101</strong></span> <span class='ocrx_word' id='word_1_556' title='bbox 2876 2987 2892 3037; x_wconf 88' lang='grc'><strong>;</strong></span> <span class='ocrx_word' id='word_1_557' title='bbox 2922 2968 3260 3038; x_wconf 84' lang='lat' dir='ltr'><strong>Tertulliaa.,</strong></span> <span class='ocrx_word' id='word_1_558' title='bbox 3291 2970 3536 3043; x_wconf 80' lang='lat' dir='ltr'><strong>Apolag.,</strong></span> 
     </span>
    </p>
   </div>
   <div class='ocr_carea' id='block_1_74' title="bbox 1943 3061 3541 3136">
    <p class='ocr_par' dir='ltr' id='par_1_74' title="bbox 1943 3061 3541 3136">
     <span class='ocr_line' id='line_1_74' title="bbox 1943 3061 3541 3136; baseline 0.002 -20"><span class='ocrx_word' id='word_1_559' title='bbox 1943 3078 2058 3133; x_wconf 87' lang='lat' dir='ltr'><strong>cap.</strong></span> <span class='ocrx_word' id='word_1_560' title='bbox 2094 3063 2184 3130; x_wconf 77' lang='grc'><strong>«10,</strong></span> <span class='ocrx_word' id='word_1_561' title='bbox 2212 3073 2261 3117; x_wconf 83' lang='lat' dir='ltr'><strong>et</strong></span> <span class='ocrx_word' id='word_1_562' title='bbox 2286 3062 2374 3118; x_wconf 85' lang='lat' dir='ltr'><strong>lib.</strong></span> <span class='ocrx_word' id='word_1_563' title='bbox 2405 3063 2514 3117; x_wconf 82' lang='lat' dir='ltr'><strong>lad</strong></span> <span class='ocrx_word' id='word_1_564' title='bbox 2554 3061 2711 3131; x_wconf 89' lang='lat' dir='ltr'><strong>Nat.,</strong></span> <span class='ocrx_word' id='word_1_565' title='bbox 2742 3079 2860 3136; x_wconf 88' lang='lat' dir='ltr'><strong>cap.</strong></span> <span class='ocrx_word' id='word_1_566' title='bbox 2896 3064 2952 3132; x_wconf 91' lang='lat'><strong>9,</strong></span> <span class='ocrx_word' id='word_1_567' title='bbox 2980 3080 3101 3135; x_wconf 90' lang='lat' dir='ltr'><strong>pag.</strong></span> <span class='ocrx_word' id='word_1_568' title='bbox 3141 3063 3234 3130; x_wconf 69' lang='grc'><strong>54,</strong></span> <span class='ocrx_word' id='word_1_569' title='bbox 3274 3074 3320 3118; x_wconf 86' lang='lat' dir='ltr'><strong>et</strong></span> <span class='ocrx_word' id='word_1_570' title='bbox 3358 3065 3446 3120; x_wconf 85' lang='lat' dir='ltr'><strong>lib.</strong></span> <span class='ocrx_word' id='word_1_571' title='bbox 3476 3066 3541 3119; x_wconf 80' lang='lat' dir='ltr'><strong>de</strong></span> 
     </span>
    </p>
   </div>
   <div class='ocr_carea' id='block_1_75' title="bbox 1943 3152 3538 3229">
    <p class='ocr_par' dir='ltr' id='par_1_75' title="bbox 1943 3152 3538 3229">
     <span class='ocr_line' id='line_1_75' title="bbox 1943 3152 3538 3229; baseline 0.003 -21"><span class='ocrx_word' id='word_1_572' title='bbox 1943 3152 2143 3218; x_wconf 86' lang='lat' dir='ltr'><strong>Pallio,</strong></span> <span class='ocrx_word' id='word_1_573' title='bbox 2178 3171 2295 3225; x_wconf 89' lang='lat' dir='ltr'><strong>cap.</strong></span> <span class='ocrx_word' id='word_1_574' title='bbox 2322 3154 2400 3227; x_wconf 87' lang='grc'><strong>2).</strong></span> <span class='ocrx_word' id='word_1_575' title='bbox 2419 3155 2525 3211; x_wconf 90' lang='lat' dir='ltr'><strong>Sed</strong></span> <span class='ocrx_word' id='word_1_576' title='bbox 2552 3155 2729 3212; x_wconf 90' lang='lat' dir='ltr'><strong>valere</strong></span> <span class='ocrx_word' id='word_1_577' title='bbox 2746 3172 2963 3227; x_wconf 88' lang='lat' dir='ltr'><strong>semper</strong></span> <span class='ocrx_word' id='word_1_578' title='bbox 2985 3156 3216 3213; x_wconf 88' lang='lat' dir='ltr'><strong>debebat</strong></span> <span class='ocrx_word' id='word_1_579' title='bbox 3242 3156 3381 3228; x_wconf 89' lang='lat' dir='ltr'><strong>apud</strong></span> <span class='ocrx_word' id='word_1_580' title='bbox 3407 3172 3538 3229; x_wconf 90' lang='lat' dir='ltr'><strong>gen-</strong></span> 
     </span>
    </p>
   </div>
   <div class='ocr_carea' id='block_1_76' title="bbox 1944 3248 3537 3324">
    <p class='ocr_par' dir='ltr' id='par_1_76' title="bbox 1944 3248 3537 3324">
     <span class='ocr_line' id='line_1_76' title="bbox 1944 3248 3537 3324; baseline 0.003 -20"><span class='ocrx_word' id='word_1_581' title='bbox 1944 3248 2067 3304; x_wconf 91' lang='lat' dir='ltr'><strong>tiles</strong></span> <span class='ocrx_word' id='word_1_582' title='bbox 2097 3248 2331 3305; x_wconf 89' lang='lat' dir='ltr'><strong>Platonis</strong></span> <span class='ocrx_word' id='word_1_583' title='bbox 2348 3251 2660 3318; x_wconf 87' lang='lat' dir='ltr'><strong>auctoritas,</strong></span> <span class='ocrx_word' id='word_1_584' title='bbox 2708 3267 2808 3307; x_wconf 93' lang='lat' dir='ltr'><strong>nec</strong></span> <span class='ocrx_word' id='word_1_585' title='bbox 2832 3252 2993 3324; x_wconf 91' lang='lat' dir='ltr'><strong>plane</strong></span> <span class='ocrx_word' id='word_1_586' title='bbox 3021 3253 3297 3309; x_wconf 89' lang='lat' dir='ltr'><strong>immerito</strong></span> <span class='ocrx_word' id='word_1_587' title='bbox 3337 3254 3416 3310; x_wconf 89' lang='lat' dir='ltr'><strong>eis</strong></span> <span class='ocrx_word' id='word_1_588' title='bbox 3437 3268 3537 3323; x_wconf 83' lang='lat' dir='ltr'><strong>0p-</strong></span> 
     </span>
    </p>
   </div>
   <div class='ocr_carea' id='block_1_77' title="bbox 1944 3342 3537 3417">
    <p class='ocr_par' dir='ltr' id='par_1_77' title="bbox 1944 3342 3537 3417">
     <span class='ocr_line' id='line_1_77' title="bbox 1944 3342 3537 3417; baseline 0.004 -21"><span class='ocrx_word' id='word_1_589' title='bbox 1944 3342 2181 3415; x_wconf 91' lang='lat' dir='ltr'><strong>ponitur.</strong></span> <span class='ocrx_word' id='word_1_590' title='bbox 2226 3342 2432 3399; x_wconf 90' lang='lat' dir='ltr'><strong>Deinde</strong></span> <span class='ocrx_word' id='word_1_591' title='bbox 2484 3359 2617 3400; x_wconf 89' lang='lat' dir='ltr'><strong>vero</strong></span> <span class='ocrx_word' id='word_1_592' title='bbox 2665 3343 3043 3417; x_wconf 90' lang='lat' dir='ltr'><strong>Theucydides</strong></span> <span class='ocrx_word' id='word_1_593' title='bbox 3071 3362 3101 3401; x_wconf 92' lang='lat' dir='ltr'><strong>a</strong></span> <span class='ocrx_word' id='word_1_594' title='bbox 3129 3347 3337 3403; x_wconf 83' lang='lat' dir='ltr'><strong>Seneca</strong></span> <span class='ocrx_word' id='word_1_595' title='bbox 3386 3347 3537 3403; x_wconf 91' lang='lat' dir='ltr'><strong>testis</strong></span> 
     </span>
    </p>
   </div>
   <div class='ocr_carea' id='block_1_78' title="bbox 1942 3435 3532 3511">
    <p class='ocr_par' dir='ltr' id='par_1_78' title="bbox 1942 3435 3532 3511">
     <span class='ocr_line' id='line_1_78' title="bbox 1942 3435 3532 3511; baseline 0.001 -21"><span class='ocrx_word' id='word_1_596' title='bbox 1942 3435 2238 3491; x_wconf 59' lang='lat' dir='ltr'><strong>submersas</strong></span> <span class='ocrx_word' id='word_1_597' title='bbox 2279 3435 2527 3507; x_wconf 87' lang='lat' dir='ltr'><strong>ejusdem</strong></span> <span class='ocrx_word' id='word_1_598' title='bbox 2556 3437 2747 3493; x_wconf 65' lang='lat' dir='ltr'><strong>insulae</strong></span> <span class='ocrx_word' id='word_1_599' title='bbox 2790 3439 3094 3511; x_wconf 88' lang='lat' dir='ltr'><strong>appellatur</strong></span> <span class='ocrx_word' id='word_1_600' title='bbox 3125 3440 3241 3495; x_wconf 68' lang='lat' dir='ltr'><strong>haec</strong></span> <span class='ocrx_word' id='word_1_601' title='bbox 3268 3440 3321 3495; x_wconf 91' lang='lat' dir='ltr'><strong>in</strong></span> <span class='ocrx_word' id='word_1_602' title='bbox 3349 3440 3532 3495; x_wconf 89' lang='lat' dir='ltr'><strong>verba.</strong></span> 
     </span>
    </p>
   </div>
   <div class='ocr_carea' id='block_1_79' title="bbox 1947 3527 3537 3604">
    <p class='ocr_par' dir='ltr' id='par_1_79' title="bbox 1947 3527 3537 3604">
     <span class='ocr_line' id='line_1_79' title="bbox 1947 3527 3537 3604; baseline 0.005 -24"><span class='ocrx_word' id='word_1_603' title='bbox 1947 3546 1966 3579; x_wconf 69' lang='grc' dir='ltr'><strong>ε</strong></span> <span class='ocrx_word' id='word_1_604' title='bbox 2001 3527 2378 3601; x_wconf 84' lang='lat' dir='ltr'><strong>Theucydides</strong></span> <span class='ocrx_word' id='word_1_605' title='bbox 2434 3532 2509 3584; x_wconf 90' lang='lat' dir='ltr'><strong>ait</strong></span> <span class='ocrx_word' id='word_1_606' title='bbox 2571 3530 2716 3586; x_wconf 88' lang='lat' dir='ltr'><strong>circa</strong></span> <span class='ocrx_word' id='word_1_607' title='bbox 2741 3529 3148 3602; x_wconf 87' lang='lat' dir='ltr'><strong>Peloponesiaci</strong></span> <span class='ocrx_word' id='word_1_608' title='bbox 3169 3531 3293 3587; x_wconf 89' lang='lat' dir='ltr'><strong>belli</strong></span> <span class='ocrx_word' id='word_1_609' title='bbox 3325 3544 3537 3604; x_wconf 89' lang='lat' dir='ltr'><strong>tempus</strong></span> 
     </span>
    </p>
   </div>
   <div class='ocr_carea' id='block_1_80' title="bbox 1940 3621 3536 3691">
    <p class='ocr_par' dir='ltr' id='par_1_80' title="bbox 1940 3621 3536 3691">
     <span class='ocr_line' id='line_1_80' title="bbox 1940 3621 3536 3691; baseline 0.004 -16"><span class='ocrx_word' id='word_1_610' title='bbox 1940 3621 2247 3676; x_wconf 84' lang='lat' dir='ltr'><strong>Atalantam</strong></span> <span class='ocrx_word' id='word_1_611' title='bbox 2282 3621 2512 3677; x_wconf 90' lang='lat' dir='ltr'><strong>insulam</strong></span> <span class='ocrx_word' id='word_1_612' title='bbox 2539 3632 2635 3677; x_wconf 90' lang='lat' dir='ltr'><strong>aut</strong></span> <span class='ocrx_word' id='word_1_613' title='bbox 2661 3632 2852 3691; x_wconf 91' lang='lat' dir='ltr'><strong>totam,</strong></span> <span class='ocrx_word' id='word_1_614' title='bbox 2900 3633 2994 3678; x_wconf 85' lang='lat' dir='ltr'><strong>aut</strong></span> <span class='ocrx_word' id='word_1_615' title='bbox 3039 3632 3185 3680; x_wconf 90' lang='lat' dir='ltr'><strong>certe</strong></span> <span class='ocrx_word' id='word_1_616' title='bbox 3210 3625 3441 3680; x_wconf 80' lang='lat' dir='ltr'><strong>maxima</strong></span> <span class='ocrx_word' id='word_1_617' title='bbox 3469 3639 3536 3681; x_wconf 82' lang='lat' dir='ltr'><strong>ex</strong></span> 
     </span>
    </p>
   </div>
   <div class='ocr_carea' id='block_1_81' title="bbox 1945 3715 3537 3789">
    <p class='ocr_par' dir='ltr' id='par_1_81' title="bbox 1945 3715 3537 3789">
     <span class='ocr_line' id='line_1_81' title="bbox 1945 3715 3537 3789; baseline 0.003 -19"><span class='ocrx_word' id='word_1_618' title='bbox 1945 3724 2097 3787; x_wconf 90' lang='lat' dir='ltr'><strong>parte</strong></span> <span class='ocrx_word' id='word_1_619' title='bbox 2119 3715 2400 3771; x_wconf 86' lang='lat' dir='ltr'><strong>sull&#39;usam.</strong></span> <span class='ocrx_word' id='word_1_620' title='bbox 2439 3737 2458 3769; x_wconf 75' lang='grc' dir='ltr'><strong>ι</strong></span> <span class='ocrx_word' id='word_1_621' title='bbox 2503 3716 2645 3785; x_wconf 85' lang='lat' dir='ltr'><strong>Quin</strong></span> <span class='ocrx_word' id='word_1_622' title='bbox 2691 3717 2854 3773; x_wconf 91' lang='lat' dir='ltr'><strong>etiam</strong></span> <span class='ocrx_word' id='word_1_623' title='bbox 2900 3718 3027 3774; x_wconf 91' lang='lat' dir='ltr'><strong>huic</strong></span> <span class='ocrx_word' id='word_1_624' title='bbox 3050 3716 3375 3789; x_wconf 76' lang='lat' dir='ltr'><strong>suffragatur</strong></span> <span class='ocrx_word' id='word_1_625' title='bbox 3403 3720 3537 3774; x_wconf 82' lang='lat' dir='ltr'><strong>Am-</strong></span> 
     </span>
    </p>
   </div>
   <div class='ocr_carea' id='block_1_82' title="bbox 1946 3808 3532 3885">
    <p class='ocr_par' dir='ltr' id='par_1_82' title="bbox 1946 3808 3532 3885">
     <span class='ocr_line' id='line_1_82' title="bbox 1946 3808 3532 3885; baseline 0.004 -22"><span class='ocrx_word' id='word_1_626' title='bbox 1946 3810 2154 3864; x_wconf 88' lang='lat' dir='ltr'><strong>mianus</strong></span> <span class='ocrx_word' id='word_1_627' title='bbox 2173 3808 2516 3866; x_wconf 85' lang='lat' dir='ltr'><strong>Marcellinus</strong></span> <span class='ocrx_word' id='word_1_628' title='bbox 2535 3809 2767 3883; x_wconf 80' lang='lat' dir='ltr'><strong>(Scaea,</strong></span> <span class='ocrx_word' id='word_1_629' title='bbox 2789 3812 2879 3866; x_wconf 89' lang='lat' dir='ltr'><strong>lib.</strong></span> <span class='ocrx_word' id='word_1_630' title='bbox 2905 3827 2961 3867; x_wconf 84' lang='lat' dir='ltr'><strong>vt</strong></span> <span class='ocrx_word' id='word_1_631' title='bbox 2980 3810 3173 3868; x_wconf 85' lang='lat' dir='ltr'><strong>Natur.</strong></span> <span class='ocrx_word' id='word_1_632' title='bbox 3189 3822 3394 3883; x_wconf 58' lang='lat' dir='ltr'><strong>quaem,</strong></span> <span class='ocrx_word' id='word_1_633' title='bbox 3413 3830 3532 3885; x_wconf 88' lang='lat' dir='ltr'><strong>cap.</strong></span> 
     </span>
    </p>
   </div>
   <div class='ocr_carea' id='block_1_83' title="bbox 1940 3900 3529 3976">
    <p class='ocr_par' dir='ltr' id='par_1_83' title="bbox 1940 3900 3529 3976">
     <span class='ocr_line' id='line_1_83' title="bbox 1940 3900 3529 3976; baseline 0.004 -23"><span class='ocrx_word' id='word_1_634' title='bbox 1940 3900 2032 3967; x_wconf 77' lang='grc'><strong>24,</strong></span> <span class='ocrx_word' id='word_1_635' title='bbox 2063 3917 2183 3972; x_wconf 88' lang='lat' dir='ltr'><strong>pag.</strong></span> <span class='ocrx_word' id='word_1_636' title='bbox 2226 3900 2365 3967; x_wconf 65' lang='lat'><strong>894;</strong></span> <span class='ocrx_word' id='word_1_637' title='bbox 2407 3902 2526 3957; x_wconf 79' lang='lat' dir='ltr'><strong>Am.</strong></span> <span class='ocrx_word' id='word_1_638' title='bbox 2568 3902 2832 3969; x_wconf 81' lang='lat' dir='ltr'><strong>Marcell.,</strong></span> <span class='ocrx_word' id='word_1_639' title='bbox 2867 3902 2958 3957; x_wconf 88' lang='lat' dir='ltr'><strong>lib.</strong></span> <span class='ocrx_word' id='word_1_640' title='bbox 2994 3919 3127 3971; x_wconf 81' lang='lat' dir='ltr'><strong>xvu,</strong></span> <span class='ocrx_word' id='word_1_641' title='bbox 3155 3921 3270 3975; x_wconf 88' lang='lat' dir='ltr'><strong>cap.</strong></span> <span class='ocrx_word' id='word_1_642' title='bbox 3306 3905 3359 3971; x_wconf 87' lang='lat'><strong>7,</strong></span> <span class='ocrx_word' id='word_1_643' title='bbox 3410 3922 3529 3976; x_wconf 86' lang='lat' dir='ltr'><strong>pag.</strong></span> 
     </span>
    </p>
   </div>
   <div class='ocr_carea' id='block_1_84' title="bbox 1947 3991 3531 4068">
    <p class='ocr_par' dir='ltr' id='par_1_84' title="bbox 1947 3991 3531 4068">
     <span class='ocr_line' id='line_1_84' title="bbox 1947 3991 3531 4068; baseline 0.005 -20"><span class='ocrx_word' id='word_1_644' title='bbox 1947 3992 2097 4067; x_wconf 79' lang='grc'><strong>169).</strong></span> <span class='ocrx_word' id='word_1_645' title='bbox 2129 3991 2235 4049; x_wconf 90' lang='lat' dir='ltr'><strong>Sed</strong></span> <span class='ocrx_word' id='word_1_646' title='bbox 2265 3993 2311 4049; x_wconf 90' lang='lat' dir='ltr'><strong>si</strong></span> <span class='ocrx_word' id='word_1_647' title='bbox 2333 3995 2548 4067; x_wconf 89' lang='lat' dir='ltr'><strong>utrique</strong></span> <span class='ocrx_word' id='word_1_648' title='bbox 2571 3996 2735 4053; x_wconf 81' lang='lat' dir='ltr'><strong>iidem</strong></span> <span class='ocrx_word' id='word_1_649' title='bbox 2766 3996 2969 4054; x_wconf 88' lang='lat' dir='ltr'><strong>habere</strong></span> <span class='ocrx_word' id='word_1_650' title='bbox 2996 3996 3171 4053; x_wconf 90' lang='lat' dir='ltr'><strong>adhuc</strong></span> <span class='ocrx_word' id='word_1_651' title='bbox 3199 3998 3362 4067; x_wconf 78' lang='lat' dir='ltr'><strong>nolis,</strong></span> <span class='ocrx_word' id='word_1_652' title='bbox 3382 3999 3531 4068; x_wconf 91' lang='lat' dir='ltr'><strong>audi,</strong></span> 
     </span>
    </p>
   </div>
   <div class='ocr_carea' id='block_1_85' title="bbox 1945 4087 3530 4156">
    <p class='ocr_par' dir='ltr' id='par_1_85' title="bbox 1945 4087 3530 4156">
     <span class='ocr_line' id='line_1_85' title="bbox 1945 4087 3530 4156; baseline 0.003 -12"><span class='ocrx_word' id='word_1_653' title='bbox 1945 4089 1991 4144; x_wconf 92' lang='lat' dir='ltr'><strong>si</strong></span> <span class='ocrx_word' id='word_1_654' title='bbox 2023 4087 2191 4156; x_wconf 89' lang='lat' dir='ltr'><strong>Iubet,</strong></span> <span class='ocrx_word' id='word_1_655' title='bbox 2225 4089 2488 4145; x_wconf 83' lang='lat' dir='ltr'><strong>Senecam</strong></span> <span class='ocrx_word' id='word_1_656' title='bbox 2518 4090 2657 4146; x_wconf 91' lang='lat' dir='ltr'><strong>alios</strong></span> <span class='ocrx_word' id='word_1_657' title='bbox 2687 4090 2894 4147; x_wconf 91' lang='lat' dir='ltr'><strong>similes</strong></span> <span class='ocrx_word' id='word_1_658' title='bbox 2944 4106 3101 4147; x_wconf 89' lang='lat' dir='ltr'><strong>casus</strong></span> <span class='ocrx_word' id='word_1_659' title='bbox 3137 4104 3480 4149; x_wconf 88' lang='lat' dir='ltr'><strong>enarrantem</strong></span> <span class='ocrx_word' id='word_1_660' title='bbox 3515 4114 3530 4150; x_wconf 90' lang='lat'>:</span> 
     </span>
    </p>
   </div>
   <div class='ocr_carea' id='block_1_86' title="bbox 1946 4182 3531 4257">
    <p class='ocr_par' dir='ltr' id='par_1_86' title="bbox 1946 4182 3531 4257">
     <span class='ocr_line' id='line_1_86' title="bbox 1946 4182 3531 4257; baseline 0.007 -23"><span class='ocrx_word' id='word_1_661' title='bbox 1946 4202 1967 4234; x_wconf 85' lang='grc'><em>‹</em></span> <span class='ocrx_word' id='word_1_662' title='bbox 2008 4182 2150 4238; x_wconf 91' lang='lat' dir='ltr'><strong>Idem</strong></span> <span class='ocrx_word' id='word_1_663' title='bbox 2205 4182 2414 4249; x_wconf 93' lang='lat' dir='ltr'><strong>Sidoni,</strong></span> <span class='ocrx_word' id='word_1_664' title='bbox 2461 4204 2480 4237; x_wconf 74' lang='grc' dir='ltr'><strong>ι</strong></span> <span class='ocrx_word' id='word_1_665' title='bbox 2518 4186 2593 4239; x_wconf 94' lang='lat' dir='ltr'><strong>uti</strong></span> <span class='ocrx_word' id='word_1_666' title='bbox 2651 4185 2947 4257; x_wconf 89' lang='lat' dir='ltr'><strong>inquiebat,</strong></span> <span class='ocrx_word' id='word_1_667' title='bbox 2984 4204 3003 4236; x_wconf 78' lang='grc' dir='ltr'><strong>ι</strong></span> <span class='ocrx_word' id='word_1_668' title='bbox 3036 4186 3300 4243; x_wconf 90' lang='lat' dir='ltr'><strong>accidisse</strong></span> <span class='ocrx_word' id='word_1_669' title='bbox 3348 4188 3531 4245; x_wconf 90' lang='lat' dir='ltr'><strong>crede.</strong></span> 
     </span>
    </p>
   </div>
   <div class='ocr_carea' id='block_1_87' title="bbox 1940 4276 3530 4349">
    <p class='ocr_par' dir='ltr' id='par_1_87' title="bbox 1940 4276 3530 4349">
     <span class='ocr_line' id='line_1_87' title="bbox 1940 4276 3530 4349; baseline 0.003 -16"><span class='ocrx_word' id='word_1_670' title='bbox 1940 4276 2052 4334; x_wconf 82' lang='lat' dir='ltr'><strong>Nec</strong></span> <span class='ocrx_word' id='word_1_671' title='bbox 2081 4277 2148 4333; x_wconf 90' lang='lat' dir='ltr'><strong>ad</strong></span> <span class='ocrx_word' id='word_1_672' title='bbox 2180 4280 2281 4333; x_wconf 90' lang='lat' dir='ltr'><strong>hoc</strong></span> <span class='ocrx_word' id='word_1_673' title='bbox 2311 4277 2539 4334; x_wconf 88' lang='lat' dir='ltr'><strong>testibus</strong></span> <span class='ocrx_word' id='word_1_674' title='bbox 2559 4293 2695 4349; x_wconf 90' lang='lat' dir='ltr'><strong>opus</strong></span> <span class='ocrx_word' id='word_1_675' title='bbox 2715 4288 2819 4334; x_wconf 91' lang='lat' dir='ltr'><strong>est.</strong></span> <span class='ocrx_word' id='word_1_676' title='bbox 2874 4278 3217 4335; x_wconf 78' lang='lat' dir='ltr'><strong>Meminimus</strong></span> <span class='ocrx_word' id='word_1_677' title='bbox 3241 4281 3387 4336; x_wconf 90' lang='lat' dir='ltr'><strong>enim</strong></span> <span class='ocrx_word' id='word_1_678' title='bbox 3416 4292 3530 4339; x_wconf 83' lang='lat' dir='ltr'><strong>ter-</strong></span> 
     </span>
    </p>
   </div>
   <div class='ocr_carea' id='block_1_88' title="bbox 232 4370 3536 4448">
    <p class='ocr_par' dir='ltr' id='par_1_88' title="bbox 232 4370 3536 4448">
     <span class='ocr_line' id='line_1_88' title="bbox 232 4370 3536 4448; baseline 0.002 -20"><span class='ocrx_word' id='word_1_679' title='bbox 232 4374 424 4428; x_wconf 88' lang='lat' dir='ltr'><strong>locum</strong></span> <span class='ocrx_word' id='word_1_680' title='bbox 465 4372 688 4428; x_wconf 90' lang='lat' dir='ltr'><strong>consule</strong></span> <span class='ocrx_word' id='word_1_681' title='bbox 741 4371 1109 4444; x_wconf 89' lang='lat' dir='ltr'><strong>Lescalopieri</strong></span> <span class='ocrx_word' id='word_1_682' title='bbox 1168 4374 1608 4438; x_wconf 90' lang='lat' dir='ltr'><strong>observationes,</strong></span> <span class='ocrx_word' id='word_1_683' title='bbox 1657 4390 1723 4430; x_wconf 89' lang='lat' dir='ltr'><strong>ac</strong></span> <span class='ocrx_word' id='word_1_684' title='bbox 1769 4373 1837 4431; x_wconf 93' lang='lat' dir='ltr'><strong>de</strong></span> <span class='ocrx_word' id='word_1_685' title='bbox 1864 4370 1913 4387; x_wconf 79' lang='lat'><em>&quot;</em></span> <span class='ocrx_word' id='word_1_686' title='bbox 1942 4371 2018 4427; x_wconf 91' lang='lat' dir='ltr'><strong>ris</strong></span> <span class='ocrx_word' id='word_1_687' title='bbox 2046 4370 2264 4427; x_wconf 90' lang='lat' dir='ltr'><strong>interno</strong></span> <span class='ocrx_word' id='word_1_688' title='bbox 2289 4381 2438 4427; x_wconf 90' lang='lat' dir='ltr'><strong>motu</strong></span> <span class='ocrx_word' id='word_1_689' title='bbox 2469 4371 2716 4437; x_wconf 91' lang='lat' dir='ltr'><strong>divulsis,</strong></span> <span class='ocrx_word' id='word_1_690' title='bbox 2762 4372 2880 4428; x_wconf 89' lang='lat' dir='ltr'><strong>loca</strong></span> <span class='ocrx_word' id='word_1_691' title='bbox 2936 4371 3165 4444; x_wconf 86' lang='lat' dir='ltr'><strong>disjecta</strong></span> <span class='ocrx_word' id='word_1_692' title='bbox 3209 4384 3264 4430; x_wconf 90' lang='lat' dir='ltr'><strong>et</strong></span> <span class='ocrx_word' id='word_1_693' title='bbox 3312 4390 3536 4448; x_wconf 90' lang='lat' dir='ltr'><strong>campos</strong></span> 
     </span>
    </p>
   </div>
   <div class='ocr_carea' id='block_1_89' title="bbox 236 4464 3531 4539">
    <p class='ocr_par' dir='ltr' id='par_1_89' title="bbox 236 4464 3531 4539">
     <span class='ocr_line' id='line_1_89' title="bbox 236 4464 3531 4539; baseline 0.002 -20"><span class='ocrx_word' id='word_1_694' title='bbox 236 4476 410 4519; x_wconf 73' lang='lat' dir='ltr'><strong>terra:</strong></span> <span class='ocrx_word' id='word_1_695' title='bbox 456 4464 692 4519; x_wconf 87' lang='lat' dir='ltr'><strong>motibus</strong></span> <span class='ocrx_word' id='word_1_696' title='bbox 741 4476 795 4519; x_wconf 94' lang='lat' dir='ltr'><strong>et</strong></span> <span class='ocrx_word' id='word_1_697' title='bbox 846 4464 1100 4532; x_wconf 89' lang='lat' dir='ltr'><strong>hiatibus,</strong></span> <span class='ocrx_word' id='word_1_698' title='bbox 1149 4481 1443 4537; x_wconf 90' lang='lat' dir='ltr'><strong>eorumque</strong></span> <span class='ocrx_word' id='word_1_699' title='bbox 1482 4466 1762 4524; x_wconf 75' lang='lat' dir='ltr'><strong>eﬁectibus</strong></span> <span class='ocrx_word' id='word_1_700' title='bbox 1786 4478 1843 4524; x_wconf 91' lang='lat' dir='ltr'><strong>et</strong></span> <span class='ocrx_word' id='word_1_701' title='bbox 1943 4464 2217 4522; x_wconf 89' lang='lat' dir='ltr'><strong>interiisse</strong></span> <span class='ocrx_word' id='word_1_702' title='bbox 2247 4485 2266 4519; x_wconf 77' lang='grc' dir='ltr'><strong>ι</strong></span> <span class='ocrx_word' id='word_1_703' title='bbox 2305 4465 2540 4539; x_wconf 83' lang='lat' dir='ltr'><strong>(Scaea,</strong></span> <span class='ocrx_word' id='word_1_704' title='bbox 2574 4466 2662 4521; x_wconf 89' lang='lat' dir='ltr'><strong>lib.</strong></span> <span class='ocrx_word' id='word_1_705' title='bbox 2703 4481 2755 4521; x_wconf 84' lang='grc' dir='ltr'>ιν</span> <span class='ocrx_word' id='word_1_706' title='bbox 2798 4464 2993 4522; x_wconf 87' lang='lat' dir='ltr'><strong>Natur.</strong></span> <span class='ocrx_word' id='word_1_707' title='bbox 3024 4474 3251 4539; x_wconf 73' lang='lat' dir='ltr'><strong>fgawst.,</strong></span> <span class='ocrx_word' id='word_1_708' title='bbox 3285 4486 3403 4539; x_wconf 88' lang='lat' dir='ltr'><strong>cap.</strong></span> <span class='ocrx_word' id='word_1_709' title='bbox 3440 4471 3531 4538; x_wconf 78' lang='grc'><strong>52,</strong></span> 
     </span>
    </p>
   </div>
   <div class='ocr_carea' id='block_1_90' title="bbox 232 4557 3532 4636">
    <p class='ocr_par' dir='ltr' id='par_1_90' title="bbox 232 4557 3532 4636">
     <span class='ocr_line' id='line_1_90' title="bbox 232 4557 3532 4636; baseline 0.002 -21"><span class='ocrx_word' id='word_1_710' title='bbox 232 4559 428 4615; x_wconf 77' lang='lat' dir='ltr'><strong>causis</strong></span> <span class='ocrx_word' id='word_1_711' title='bbox 456 4557 679 4614; x_wconf 70' lang='lat' dir='ltr'><strong>Seneca:</strong></span> <span class='ocrx_word' id='word_1_712' title='bbox 726 4558 919 4624; x_wconf 91' lang='lat' dir='ltr'><strong>libros,</strong></span> <span class='ocrx_word' id='word_1_713' title='bbox 960 4570 1123 4631; x_wconf 91' lang='lat' dir='ltr'><strong>atque</strong></span> <span class='ocrx_word' id='word_1_714' title='bbox 1178 4562 1340 4615; x_wconf 89' lang='lat' dir='ltr'><strong>etiam</strong></span> <span class='ocrx_word' id='word_1_715' title='bbox 1390 4559 1712 4618; x_wconf 89' lang='lat' dir='ltr'><strong>Strabonem</strong></span> <span class='ocrx_word' id='word_1_716' title='bbox 1745 4562 1840 4633; x_wconf 91' lang='lat' dir='ltr'><strong>qui</strong></span> <span class='ocrx_word' id='word_1_717' title='bbox 1943 4575 2066 4631; x_wconf 88' lang='lat' dir='ltr'><strong>pag.</strong></span> <span class='ocrx_word' id='word_1_718' title='bbox 2096 4558 2240 4626; x_wconf 75' lang='lat'><strong>299;</strong></span> <span class='ocrx_word' id='word_1_719' title='bbox 2279 4560 2397 4615; x_wconf 82' lang='lat' dir='ltr'><strong>Am.</strong></span> <span class='ocrx_word' id='word_1_720' title='bbox 2430 4559 2696 4629; x_wconf 77' lang='lat' dir='ltr'><strong>Marcell.,</strong></span> <span class='ocrx_word' id='word_1_721' title='bbox 2720 4561 2810 4616; x_wconf 88' lang='lat' dir='ltr'><strong>lib.</strong></span> <span class='ocrx_word' id='word_1_722' title='bbox 2837 4577 2967 4627; x_wconf 65' lang='grc' dir='ltr'>χιιι,</span> <span class='ocrx_word' id='word_1_723' title='bbox 2997 4578 3114 4631; x_wconf 88' lang='lat' dir='ltr'><strong>cap.</strong></span> <span class='ocrx_word' id='word_1_724' title='bbox 3159 4563 3212 4628; x_wconf 93' lang='lat'><strong>7,</strong></span> <span class='ocrx_word' id='word_1_725' title='bbox 3240 4579 3360 4635; x_wconf 90' lang='lat' dir='ltr'><strong>pag.</strong></span> <span class='ocrx_word' id='word_1_726' title='bbox 3380 4562 3532 4636; x_wconf 74' lang='lat'><strong>269).</strong></span> 
     </span>
    </p>
   </div>
   <div class='ocr_carea' id='block_1_91' title="bbox 225 4650 3530 4727">
    <p class='ocr_par' dir='ltr' id='par_1_91' title="bbox 225 4650 3530 4727">
     <span class='ocr_line' id='line_1_91' title="bbox 225 4650 3530 4727; baseline 0.002 -21"><span class='ocrx_word' id='word_1_727' title='bbox 225 4650 473 4724; x_wconf 83' lang='lat' dir='ltr'><strong>plurima</strong></span> <span class='ocrx_word' id='word_1_728' title='bbox 520 4664 732 4717; x_wconf 90' lang='lat' dir='ltr'><strong>eorum,</strong></span> <span class='ocrx_word' id='word_1_729' title='bbox 781 4666 902 4721; x_wconf 84' lang='lat' dir='ltr'><strong>quae</strong></span> <span class='ocrx_word' id='word_1_730' title='bbox 944 4651 1090 4707; x_wconf 86' lang='lat' dir='ltr'><strong>dicta</strong></span> <span class='ocrx_word' id='word_1_731' title='bbox 1138 4661 1265 4707; x_wconf 92' lang='lat' dir='ltr'><strong>sunt</strong></span> <span class='ocrx_word' id='word_1_732' title='bbox 1316 4654 1564 4725; x_wconf 83' lang='lat' dir='ltr'><strong>exempla</strong></span> <span class='ocrx_word' id='word_1_733' title='bbox 1619 4655 1842 4724; x_wconf 90' lang='lat' dir='ltr'><strong>protulit</strong></span> <span class='ocrx_word' id='word_1_734' title='bbox 1944 4654 2043 4724; x_wconf 83' lang='lat' dir='ltr'><strong>Qui</strong></span> <span class='ocrx_word' id='word_1_735' title='bbox 2064 4654 2220 4727; x_wconf 90' lang='lat' dir='ltr'><strong>plura</strong></span> <span class='ocrx_word' id='word_1_736' title='bbox 2238 4655 2492 4723; x_wconf 86' lang='lat' dir='ltr'><strong>voluerit,</strong></span> <span class='ocrx_word' id='word_1_737' title='bbox 2512 4655 2662 4711; x_wconf 90' lang='lat' dir='ltr'><strong>illum</strong></span> <span class='ocrx_word' id='word_1_738' title='bbox 2684 4654 3007 4712; x_wconf 90' lang='lat' dir='ltr'><strong>adhucalibi</strong></span> <span class='ocrx_word' id='word_1_739' title='bbox 3029 4655 3298 4713; x_wconf 89' lang='lat' dir='ltr'><strong>dicentem</strong></span> <span class='ocrx_word' id='word_1_740' title='bbox 3317 4658 3530 4714; x_wconf 88' lang='lat' dir='ltr'><strong>audiat:</strong></span> 
     </span>
    </p>
   </div>
   <div class='ocr_carea' id='block_1_92' title="bbox 231 4742 3533 4819">
    <p class='ocr_par' dir='ltr' id='par_1_92' title="bbox 231 4742 3533 4819">
     <span class='ocr_line' id='line_1_92' title="bbox 231 4742 3533 4819; baseline 0.002 -21"><span class='ocrx_word' id='word_1_741' title='bbox 231 4742 489 4817; x_wconf 77' lang='lat' dir='ltr'><strong>(Scaea,</strong></span> <span class='ocrx_word' id='word_1_742' title='bbox 518 4743 611 4803; x_wconf 88' lang='lat' dir='ltr'><strong>lib.</strong></span> <span class='ocrx_word' id='word_1_743' title='bbox 643 4759 700 4798; x_wconf 80' lang='lat' dir='ltr'><strong>vr</strong></span> <span class='ocrx_word' id='word_1_744' title='bbox 738 4742 930 4798; x_wconf 84' lang='lat' dir='ltr'><strong>Natar.</strong></span> <span class='ocrx_word' id='word_1_745' title='bbox 972 4755 1179 4814; x_wconf 58' lang='lat' dir='ltr'><strong>qutun,</strong></span> <span class='ocrx_word' id='word_1_746' title='bbox 1219 4762 1340 4817; x_wconf 89' lang='lat' dir='ltr'><strong>pag.</strong></span> <span class='ocrx_word' id='word_1_747' title='bbox 1382 4746 1493 4803; x_wconf 72' lang='grc'><strong>451</strong></span> <span class='ocrx_word' id='word_1_748' title='bbox 1537 4756 1584 4801; x_wconf 89' lang='lat' dir='ltr'><strong>et</strong></span> <span class='ocrx_word' id='word_1_749' title='bbox 1626 4761 1758 4816; x_wconf 70' lang='lat' dir='ltr'><strong>sea,</strong></span> <span class='ocrx_word' id='word_1_750' title='bbox 1788 4757 1839 4801; x_wconf 86' lang='lat' dir='ltr'><strong>et</strong></span> <span class='ocrx_word' id='word_1_751' title='bbox 1946 4767 1966 4801; x_wconf 78' lang='grc' dir='ltr'><strong>ι</strong></span> <span class='ocrx_word' id='word_1_752' title='bbox 2000 4747 2264 4816; x_wconf 83' lang='lat' dir='ltr'><strong>Heliccm,</strong></span> <span class='ocrx_word' id='word_1_753' title='bbox 2289 4749 2587 4819; x_wconf 89' lang='lat' dir='ltr'><strong>Burinque,</strong></span> <span class='ocrx_word' id='word_1_754' title='bbox 2625 4768 2645 4801; x_wconf 77' lang='grc' dir='ltr'><strong>ι</strong></span> <span class='ocrx_word' id='word_1_755' title='bbox 2677 4748 2763 4804; x_wconf 91' lang='lat' dir='ltr'><strong>vel</strong></span> <span class='ocrx_word' id='word_1_756' title='bbox 2794 4759 2852 4803; x_wconf 92' lang='lat' dir='ltr'><strong>ut</strong></span> <span class='ocrx_word' id='word_1_757' title='bbox 2876 4750 2951 4804; x_wconf 89' lang='lat' dir='ltr'><strong>ait</strong></span> <span class='ocrx_word' id='word_1_758' title='bbox 2979 4748 3342 4816; x_wconf 88' lang='lat' dir='ltr'><strong>Marcellinus,</strong></span> <span class='ocrx_word' id='word_1_759' title='bbox 3379 4770 3398 4801; x_wconf 78' lang='grc' dir='ltr'><strong>ι</strong></span> <span class='ocrx_word' id='word_1_760' title='bbox 3429 4750 3533 4806; x_wconf 82' lang='lat' dir='ltr'><strong>lle-</strong></span> 
     </span>
    </p>
   </div>
   <div class='ocr_carea' id='block_1_93' title="bbox 227 4833 3529 4916">
    <p class='ocr_par' dir='ltr' id='par_1_93' title="bbox 227 4833 3529 4916">
     <span class='ocr_line' id='line_1_93' title="bbox 227 4833 3529 4916; baseline 0.002 -24"><span class='ocrx_word' id='word_1_761' title='bbox 227 4852 364 4906; x_wconf 80' lang='lat' dir='ltr'><strong>cap.</strong></span> <span class='ocrx_word' id='word_1_762' title='bbox 400 4833 466 4891; x_wconf 87' lang='grc'><strong>21</strong></span> <span class='ocrx_word' id='word_1_763' title='bbox 499 4847 548 4892; x_wconf 87' lang='lat' dir='ltr'><strong>et</strong></span> <span class='ocrx_word' id='word_1_764' title='bbox 584 4852 748 4907; x_wconf 62' lang='grc' dir='ltr'><strong>καφ,</strong></span> <span class='ocrx_word' id='word_1_765' title='bbox 796 4853 916 4908; x_wconf 89' lang='lat' dir='ltr'><strong>pag.</strong></span> <span class='ocrx_word' id='word_1_766' title='bbox 959 4836 1062 4892; x_wconf 79' lang='grc'><strong>451</strong></span> <span class='ocrx_word' id='word_1_767' title='bbox 1097 4846 1145 4891; x_wconf 87' lang='lat' dir='ltr'><strong>et</strong></span> <span class='ocrx_word' id='word_1_768' title='bbox 1200 4854 1380 4909; x_wconf 80' lang='lat' dir='ltr'><strong>seqq.;</strong></span> <span class='ocrx_word' id='word_1_769' title='bbox 1433 4836 1642 4903; x_wconf 86' lang='lat' dir='ltr'><strong>Strabo,</strong></span> <span class='ocrx_word' id='word_1_770' title='bbox 1684 4837 1776 4894; x_wconf 90' lang='lat' dir='ltr'><strong>lib.</strong></span> <span class='ocrx_word' id='word_1_771' title='bbox 1820 4854 1838 4892; x_wconf 89' lang='grc' dir='ltr'><strong>ι</strong></span> <span class='ocrx_word' id='word_1_772' title='bbox 1940 4842 2045 4898; x_wconf 92' lang='lat' dir='ltr'><strong>lice</strong></span> <span class='ocrx_word' id='word_1_773' title='bbox 2072 4852 2130 4897; x_wconf 86' lang='lat' dir='ltr'><strong>et</strong></span> <span class='ocrx_word' id='word_1_774' title='bbox 2158 4842 2322 4908; x_wconf 88' lang='lat' dir='ltr'><strong>Bura,</strong></span> <span class='ocrx_word' id='word_1_775' title='bbox 2374 4850 2515 4898; x_wconf 90' lang='lat' dir='ltr'><strong>totas</strong></span> <span class='ocrx_word' id='word_1_776' title='bbox 2569 4856 2720 4897; x_wconf 90' lang='lat' dir='ltr'><strong>mare</strong></span> <span class='ocrx_word' id='word_1_777' title='bbox 2769 4842 3093 4912; x_wconf 88' lang='lat' dir='ltr'><strong>accepit.....</strong></span> <span class='ocrx_word' id='word_1_778' title='bbox 3140 4840 3312 4914; x_wconf 90' lang='lat' dir='ltr'><strong>Supra</strong></span> <span class='ocrx_word' id='word_1_779' title='bbox 3338 4844 3529 4916; x_wconf 91' lang='lat' dir='ltr'><strong>oppida</strong></span> 
     </span>
    </p>
   </div>
   <div class='ocr_carea' id='block_1_94' title="bbox 236 4928 1258 5002">
    <p class='ocr_par' dir='ltr' id='par_1_94' title="bbox 236 4928 1258 5002">
     <span class='ocr_line' id='line_1_94' title="bbox 236 4928 1258 5002; baseline 0 -18"><span class='ocrx_word' id='word_1_780' title='bbox 236 4928 466 5001; x_wconf 60' lang='lat' dir='ltr'><strong>Garga,</strong></span> <span class='ocrx_word' id='word_1_781' title='bbox 493 4945 616 5002; x_wconf 86' lang='lat' dir='ltr'><strong>pag.</strong></span> <span class='ocrx_word' id='word_1_782' title='bbox 644 4929 733 4998; x_wconf 77' lang='lat'><strong>58,</strong></span> <span class='ocrx_word' id='word_1_783' title='bbox 755 4939 805 4986; x_wconf 87' lang='lat' dir='ltr'><strong>et</strong></span> <span class='ocrx_word' id='word_1_784' title='bbox 830 4946 994 5000; x_wconf 81' lang='lat' dir='ltr'><strong>seqq.,</strong></span> <span class='ocrx_word' id='word_1_785' title='bbox 1017 4941 1066 4985; x_wconf 86' lang='lat' dir='ltr'><strong>el</strong></span> <span class='ocrx_word' id='word_1_786' title='bbox 1090 4930 1258 5000; x_wconf 81' lang='lat' dir='ltr'><strong>alibi).</strong></span> 
     </span>
    </p>
   </div>
   <div class='ocr_carea' id='block_1_95' title="bbox 835 5084 1245 5126">
    <p class='ocr_par' dir='ltr' id='par_1_95' title="bbox 835 5084 1245 5126">
     <span class='ocr_line' id='line_1_95' title="bbox 835 5084 1245 5126; baseline -0.005 -1"><span class='ocrx_word' id='word_1_787' title='bbox 835 5084 1129 5126; x_wconf 77' lang='lat' dir='ltr'><strong>ARTICULUS</strong></span> <span class='ocrx_word' id='word_1_788' title='bbox 1166 5085 1245 5125; x_wconf 80' lang='grc'><strong>111.</strong></span> 
     </span>
    </p>
   </div>
   <div class='ocr_carea' id='block_1_96' title="bbox 229 5208 1835 5271">
    <p class='ocr_par' dir='ltr' id='par_1_96' title="bbox 229 5208 1835 5271">
     <span class='ocr_line' id='line_1_96' title="bbox 229 5208 1835 5271; baseline 0.004 -13"><span class='ocrx_word' id='word_1_789' title='bbox 229 5208 434 5271; x_wconf 65' lang='lat' dir='ltr'><strong>Quibus</strong></span> <span class='ocrx_word' id='word_1_790' title='bbox 455 5208 564 5257; x_wconf 89' lang='lat' dir='ltr'><strong>aliis</strong></span> <span class='ocrx_word' id='word_1_791' title='bbox 585 5208 829 5271; x_wconf 77' lang='lat' dir='ltr'><strong>exemplis</strong></span> <span class='ocrx_word' id='word_1_792' title='bbox 859 5211 1105 5261; x_wconf 79' lang='lat' dir='ltr'><strong>Arnobius</strong></span> <span class='ocrx_word' id='word_1_793' title='bbox 1145 5212 1374 5263; x_wconf 86' lang='lat' dir='ltr'><strong>ostendat</strong></span> <span class='ocrx_word' id='word_1_794' title='bbox 1409 5220 1525 5263; x_wconf 90' lang='lat' dir='ltr'><strong>ante</strong></span> <span class='ocrx_word' id='word_1_795' title='bbox 1559 5213 1835 5265; x_wconf 68' lang='lat' dir='ltr'><strong>christiana:</strong></span> 
     </span>
    </p>
   </div>
   <div class='ocr_carea' id='block_1_97' title="bbox 302 5270 1834 5338">
    <p class='ocr_par' dir='ltr' id='par_1_97' title="bbox 302 5270 1834 5338">
     <span class='ocr_line' id='line_1_97' title="bbox 302 5270 1834 5338; baseline 0.004 -18"><span class='ocrx_word' id='word_1_796' title='bbox 302 5270 562 5338; x_wconf 73' lang='lat' dir='ltr'><strong>religionis</strong></span> <span class='ocrx_word' id='word_1_797' title='bbox 581 5270 804 5338; x_wconf 70' lang='lat' dir='ltr'><strong>exortum</strong></span> <span class='ocrx_word' id='word_1_798' title='bbox 832 5274 1001 5338; x_wconf 84' lang='lat' dir='ltr'><strong>plures</strong></span> <span class='ocrx_word' id='word_1_799' title='bbox 1044 5276 1280 5327; x_wconf 80' lang='lat' dir='ltr'><strong>accidisse</strong></span> <span class='ocrx_word' id='word_1_800' title='bbox 1308 5274 1541 5338; x_wconf 82' lang='lat' dir='ltr'><strong>publicas</strong></span> <span class='ocrx_word' id='word_1_801' title='bbox 1566 5274 1834 5335; x_wconf 83' lang='lat' dir='ltr'><strong>calamita-</strong></span> 
     </span>
    </p>
   </div>
   <div class='ocr_carea' id='block_1_98' title="bbox 303 5332 1834 5397">
    <p class='ocr_par' dir='ltr' id='par_1_98' title="bbox 303 5332 1834 5397">
     <span class='ocr_line' id='line_1_98' title="bbox 303 5332 1834 5397; baseline 0.004 -14"><span class='ocrx_word' id='word_1_802' title='bbox 303 5344 403 5386; x_wconf 85' lang='lat' dir='ltr'><strong>tes.</strong></span> <span class='ocrx_word' id='word_1_803' title='bbox 429 5334 668 5397; x_wconf 83' lang='lat' dir='ltr'><strong>incendia,</strong></span> <span class='ocrx_word' id='word_1_804' title='bbox 689 5332 891 5393; x_wconf 78' lang='lat' dir='ltr'><strong>diluvia,</strong></span> <span class='ocrx_word' id='word_1_805' title='bbox 918 5336 1001 5385; x_wconf 91' lang='lat' dir='ltr'><strong>ubi</strong></span> <span class='ocrx_word' id='word_1_806' title='bbox 1025 5340 1088 5387; x_wconf 91' lang='lat' dir='ltr'><strong>de</strong></span> <span class='ocrx_word' id='word_1_807' title='bbox 1109 5338 1262 5387; x_wconf 84' lang='lat' dir='ltr'><strong>insula</strong></span> <span class='ocrx_word' id='word_1_808' title='bbox 1288 5332 1546 5397; x_wconf 73' lang='lat' dir='ltr'><strong>Atlantica,</strong></span> <span class='ocrx_word' id='word_1_809' title='bbox 1566 5332 1621 5388; x_wconf 86' lang='lat' dir='ltr'><strong>et</strong></span> <span class='ocrx_word' id='word_1_810' title='bbox 1642 5351 1834 5397; x_wconf 60' lang='lat' dir='ltr'><strong>compti.</strong></span> 
     </span>
    </p>
   </div>
   <div class='ocr_carea' id='block_1_99' title="bbox 306 5396 1832 5461">
    <p class='ocr_par' dir='ltr' id='par_1_99' title="bbox 306 5396 1832 5461">
     <span class='ocr_line' id='line_1_99' title="bbox 306 5396 1832 5461; baseline 0.003 -16"><span class='ocrx_word' id='word_1_811' title='bbox 306 5398 427 5445; x_wconf 79' lang='lat' dir='ltr'><strong>tatis</strong></span> <span class='ocrx_word' id='word_1_812' title='bbox 448 5396 663 5461; x_wconf 68' lang='lat' dir='ltr'><strong>amandi</strong></span> <span class='ocrx_word' id='word_1_813' title='bbox 699 5399 904 5447; x_wconf 57' lang='grc' dir='ltr'><strong>εισι-(110</strong></span> <span class='ocrx_word' id='word_1_814' title='bbox 936 5402 1103 5451; x_wconf 84' lang='lat' dir='ltr'><strong>annis:</strong></span> <span class='ocrx_word' id='word_1_815' title='bbox 1130 5402 1249 5451; x_wconf 88' lang='lat' dir='ltr'><strong>item</strong></span> <span class='ocrx_word' id='word_1_816' title='bbox 1273 5414 1383 5449; x_wconf 89' lang='lat' dir='ltr'><strong>cum</strong></span> <span class='ocrx_word' id='word_1_817' title='bbox 1431 5396 1610 5450; x_wconf 89' lang='lat' dir='ltr'><strong>helluis</strong></span> <span class='ocrx_word' id='word_1_818' title='bbox 1650 5396 1832 5461; x_wconf 69' lang='lat' dir='ltr'><strong>praelia,</strong></span> 
     </span>
    </p>
   </div>
   <div class='ocr_carea' id='block_1_100' title="bbox 304 5457 1834 5526">
    <p class='ocr_par' dir='ltr' id='par_1_100' title="bbox 304 5457 1834 5526">
     <span class='ocr_line' id='line_1_100' title="bbox 304 5457 1834 5526; baseline 0.005 -19"><span class='ocrx_word' id='word_1_819' title='bbox 304 5472 364 5526; x_wconf 68' lang='lat' dir='ltr'><strong>ac</strong></span> <span class='ocrx_word' id='word_1_820' title='bbox 388 5457 517 5507; x_wconf 87' lang='lat' dir='ltr'><strong>bella</strong></span> <span class='ocrx_word' id='word_1_821' title='bbox 541 5459 748 5526; x_wconf 67' lang='lat' dir='ltr'><strong>maxime</strong></span> <span class='ocrx_word' id='word_1_822' title='bbox 784 5461 1164 5526; x_wconf 77' lang='lat' dir='ltr'><strong>interAssyrios</strong></span> <span class='ocrx_word' id='word_1_823' title='bbox 1201 5469 1254 5513; x_wconf 87' lang='lat' dir='ltr'><strong>ct</strong></span> <span class='ocrx_word' id='word_1_824' title='bbox 1295 5462 1610 5526; x_wconf 36' lang='lat' dir='ltr'><strong>Bactrianos,</strong></span> <span class='ocrx_word' id='word_1_825' title='bbox 1630 5457 1757 5513; x_wconf 82' lang='lat' dir='ltr'><strong>Nino</strong></span> <span class='ocrx_word' id='word_1_826' title='bbox 1780 5457 1834 5514; x_wconf 82' lang='lat' dir='ltr'><strong>et</strong></span> 
     </span>
    </p>
   </div>
   <div class='ocr_carea' id='block_1_101' title="bbox 302 5520 1833 5588">
    <p class='ocr_par' dir='ltr' id='par_1_101' title="bbox 302 5520 1833 5588">
     <span class='ocr_line' id='line_1_101' title="bbox 302 5520 1833 5588; baseline 0.004 -18"><span class='ocrx_word' id='word_1_827' title='bbox 302 5520 565 5588; x_wconf 68' lang='lat' dir='ltr'><strong>Zoroastre</strong></span> <span class='ocrx_word' id='word_1_828' title='bbox 604 5520 827 5580; x_wconf 82' lang='lat' dir='ltr'><strong>ducibus,</strong></span> <span class='ocrx_word' id='word_1_829' title='bbox 871 5520 1397 5588; x_wconf 26' lang='lat' dir='ltr'><strong>aliaqucﬂAlc-xandri,</strong></span> <span class='ocrx_word' id='word_1_830' title='bbox 1422 5533 1569 5588; x_wconf 88' lang='lat' dir='ltr'><strong>atque</strong></span> <span class='ocrx_word' id='word_1_831' title='bbox 1594 5525 1833 5588; x_wconf 81' lang='lat' dir='ltr'><strong>Romano-</strong></span> 
     </span>
    </p>
   </div>
   <div class='ocr_carea' id='block_1_102' title="bbox 304 5582 1834 5654">
    <p class='ocr_par' dir='ltr' id='par_1_102' title="bbox 304 5582 1834 5654">
     <span class='ocr_line' id='line_1_102' title="bbox 304 5582 1834 5654; baseline 0.005 -21"><span class='ocrx_word' id='word_1_832' title='bbox 304 5598 430 5654; x_wconf 37' lang='lat' dir='ltr'><strong>rum.</strong></span> <span class='ocrx_word' id='word_1_833' title='bbox 452 5582 597 5637; x_wconf 88' lang='lat' dir='ltr'><strong>bella.</strong></span> <span class='ocrx_word' id='word_1_834' title='bbox 635 5595 692 5632; x_wconf 91' lang='lat' dir='ltr'><strong>ac</strong></span> <span class='ocrx_word' id='word_1_835' title='bbox 721 5582 1016 5643; x_wconf 71' lang='lat' dir='ltr'><strong>postulatum</strong></span> <span class='ocrx_word' id='word_1_836' title='bbox 1053 5587 1298 5638; x_wconf 81' lang='lat' dir='ltr'><strong>Christum</strong></span> <span class='ocrx_word' id='word_1_837' title='bbox 1344 5582 1428 5637; x_wconf 79' lang='lat' dir='ltr'><strong>res</strong></span> <span class='ocrx_word' id='word_1_838' title='bbox 1457 5582 1661 5639; x_wconf 81' lang='lat' dir='ltr'><strong>ﬂuxisse</strong></span> <span class='ocrx_word' id='word_1_839' title='bbox 1687 5587 1834 5654; x_wconf 83' lang='lat' dir='ltr'><strong>longe</strong></span> 
     </span>
    </p>
   </div>
   <div class='ocr_carea' id='block_1_103' title="bbox 299 5647 820 5710">
    <p class='ocr_par' dir='ltr' id='par_1_103' title="bbox 299 5647 820 5710">
     <span class='ocr_line' id='line_1_103' title="bbox 299 5647 820 5710; baseline 0 -14"><span class='ocrx_word' id='word_1_840' title='bbox 299 5647 460 5709; x_wconf 81' lang='lat' dir='ltr'><strong>magis</strong></span> <span class='ocrx_word' id='word_1_841' title='bbox 480 5657 755 5710; x_wconf 83' lang='lat' dir='ltr'><strong>prosperas.</strong></span> <span class='ocrx_word' id='word_1_842' title='bbox 809 5694 820 5701; x_wconf 78' lang='grc'><strong>,</strong></span> 
     </span>
    </p>
   </div>
   <div class='ocr_carea' id='block_1_104' title="bbox 312 5774 1832 5851">
    <p class='ocr_par' dir='ltr' id='par_1_104' title="bbox 312 5774 1832 5851">
     <span class='ocr_line' id='line_1_104' title="bbox 312 5774 1832 5851; baseline 0.007 -23"><span class='ocrx_word' id='word_1_843' title='bbox 312 5776 446 5844; x_wconf 68' lang='lat' dir='ltr'><strong>Qutc</strong></span> <span class='ocrx_word' id='word_1_844' title='bbox 470 5774 728 5832; x_wconf 87' lang='lat' dir='ltr'><strong>hactenus</strong></span> <span class='ocrx_word' id='word_1_845' title='bbox 754 5777 1035 5835; x_wconf 86' lang='lat' dir='ltr'><strong>retulimus</strong></span> <span class='ocrx_word' id='word_1_846' title='bbox 1090 5779 1424 5851; x_wconf 87' lang='lat' dir='ltr'><strong>publicarum</strong></span> <span class='ocrx_word' id='word_1_847' title='bbox 1468 5781 1832 5839; x_wconf 82' lang='lat' dir='ltr'><strong>calamitatum</strong></span> 
     </span>
    </p>
   </div>
   <div class='ocr_carea' id='block_1_105' title="bbox 1940 4931 3528 5007">
    <p class='ocr_par' dir='ltr' id='par_1_105' title="bbox 1940 4931 3528 5007">
     <span class='ocr_line' id='line_1_105' title="bbox 1940 4931 3528 5007; baseline 0.003 -19"><span class='ocrx_word' id='word_1_848' title='bbox 1940 4933 2048 4989; x_wconf 89' lang='lat' dir='ltr'><strong>duo</strong></span> <span class='ocrx_word' id='word_1_849' title='bbox 2074 4934 2355 5006; x_wconf 88' lang='lat' dir='ltr'><strong>navigatur</strong></span> <span class='ocrx_word' id='word_1_850' title='bbox 2397 4931 2548 4989; x_wconf 90' lang='lat' dir='ltr'><strong>:duo</strong></span> <span class='ocrx_word' id='word_1_851' title='bbox 2581 4942 2781 4998; x_wconf 88' lang='lat' dir='ltr'><strong>autem,</strong></span> <span class='ocrx_word' id='word_1_852' title='bbox 2829 4949 2950 5003; x_wconf 72' lang='lat' dir='ltr'><strong>qum</strong></span> <span class='ocrx_word' id='word_1_853' title='bbox 2983 4934 3254 5000; x_wconf 90' lang='lat' dir='ltr'><strong>novimus,</strong></span> <span class='ocrx_word' id='word_1_854' title='bbox 3300 4952 3420 5007; x_wconf 62' lang='lat' dir='ltr'><strong>quae</strong></span> <span class='ocrx_word' id='word_1_855' title='bbox 3463 4938 3528 4992; x_wconf 90' lang='lat' dir='ltr'><strong>ad</strong></span> 
     </span>
    </p>
   </div>
   <div class='ocr_carea' id='block_1_106' title="bbox 1942 5026 3527 5101">
    <p class='ocr_par' dir='ltr' id='par_1_106' title="bbox 1942 5026 3527 5101">
     <span class='ocr_line' id='line_1_106' title="bbox 1942 5026 3527 5101; baseline 0.001 -17"><span class='ocrx_word' id='word_1_856' title='bbox 1942 5028 2187 5085; x_wconf 91' lang='lat' dir='ltr'><strong>notitiam</strong></span> <span class='ocrx_word' id='word_1_857' title='bbox 2219 5036 2461 5085; x_wconf 89' lang='lat' dir='ltr'><strong>nostram</strong></span> <span class='ocrx_word' id='word_1_858' title='bbox 2492 5028 2754 5083; x_wconf 88' lang='lat' dir='ltr'><strong>memoria</strong></span> <span class='ocrx_word' id='word_1_859' title='bbox 2780 5026 2976 5083; x_wconf 91' lang='lat' dir='ltr'><strong>litteris</strong></span> <span class='ocrx_word' id='word_1_860' title='bbox 3019 5038 3229 5085; x_wconf 86' lang='lat' dir='ltr'><strong>servata</strong></span> <span class='ocrx_word' id='word_1_861' title='bbox 3260 5031 3527 5101; x_wconf 82' lang='lat' dir='ltr'><strong>perduxit.</strong></span> 
     </span>
    </p>
   </div>
   <div class='ocr_carea' id='block_1_107' title="bbox 1939 5118 3531 5195">
    <p class='ocr_par' dir='ltr' id='par_1_107' title="bbox 1939 5118 3531 5195">
     <span class='ocr_line' id='line_1_107' title="bbox 1939 5118 3531 5195; baseline 0.002 -20"><span class='ocrx_word' id='word_1_862' title='bbox 1939 5122 2112 5188; x_wconf 82' lang='lat' dir='ltr'><strong>Quam</strong></span> <span class='ocrx_word' id='word_1_863' title='bbox 2140 5120 2306 5176; x_wconf 89' lang='lat' dir='ltr'><strong>multa</strong></span> <span class='ocrx_word' id='word_1_864' title='bbox 2336 5121 2439 5176; x_wconf 91' lang='lat' dir='ltr'><strong>alia</strong></span> <span class='ocrx_word' id='word_1_865' title='bbox 2458 5118 2583 5175; x_wconf 90' lang='lat' dir='ltr'><strong>aliis</strong></span> <span class='ocrx_word' id='word_1_866' title='bbox 2603 5118 2739 5175; x_wconf 90' lang='lat' dir='ltr'><strong>locis</strong></span> <span class='ocrx_word' id='word_1_867' title='bbox 2767 5135 2945 5176; x_wconf 87' lang='lat' dir='ltr'><strong>mersa</strong></span> <span class='ocrx_word' id='word_1_868' title='bbox 2991 5123 3152 5177; x_wconf 87' lang='lat' dir='ltr'><strong>sunt!</strong></span> <span class='ocrx_word' id='word_1_869' title='bbox 3193 5122 3337 5190; x_wconf 84' lang='lat' dir='ltr'><strong>Quot</strong></span> <span class='ocrx_word' id='word_1_870' title='bbox 3359 5137 3531 5195; x_wconf 77' lang='lat' dir='ltr'><strong>popu-</strong></span> 
     </span>
    </p>
   </div>
   <div class='ocr_carea' id='block_1_108' title="bbox 1938 5215 3505 5290">
    <p class='ocr_par' dir='ltr' id='par_1_108' title="bbox 1938 5215 3505 5290">
     <span class='ocr_line' id='line_1_108' title="bbox 1938 5215 3505 5290; baseline 0 -19"><span class='ocrx_word' id='word_1_871' title='bbox 1938 5215 2021 5271; x_wconf 93' lang='lat' dir='ltr'><strong>los</strong></span> <span class='ocrx_word' id='word_1_872' title='bbox 2044 5225 2136 5271; x_wconf 90' lang='lat' dir='ltr'><strong>aut</strong></span> <span class='ocrx_word' id='word_1_873' title='bbox 2163 5224 2302 5270; x_wconf 91' lang='lat' dir='ltr'><strong>terra</strong></span> <span class='ocrx_word' id='word_1_874' title='bbox 2332 5216 2386 5270; x_wconf 92' lang='lat' dir='ltr'><strong>in</strong></span> <span class='ocrx_word' id='word_1_875' title='bbox 2415 5229 2499 5281; x_wconf 91' lang='lat' dir='ltr'><strong>se,</strong></span> <span class='ocrx_word' id='word_1_876' title='bbox 2528 5222 2622 5268; x_wconf 89' lang='lat' dir='ltr'><strong>aut</strong></span> <span class='ocrx_word' id='word_1_877' title='bbox 2646 5229 2795 5270; x_wconf 91' lang='lat' dir='ltr'><strong>mare</strong></span> <span class='ocrx_word' id='word_1_878' title='bbox 2835 5215 3083 5270; x_wconf 85' lang='lat' dir='ltr'><strong>inclusit!</strong></span> <span class='ocrx_word' id='word_1_879' title='bbox 3122 5235 3141 5269; x_wconf 78' lang='grc' dir='ltr'><strong>ι</strong></span> <span class='ocrx_word' id='word_1_880' title='bbox 3172 5215 3405 5290; x_wconf 84' lang='lat' dir='ltr'><strong>(Scaea,</strong></span> <span class='ocrx_word' id='word_1_881' title='bbox 3434 5216 3505 5271; x_wconf 89' lang='lat' dir='ltr'><strong>ibi</strong></span> 
     </span>
    </p>
   </div>
   <div class='ocr_carea' id='block_1_109' title="bbox 1939 5306 3527 5380">
    <p class='ocr_par' dir='ltr' id='par_1_109' title="bbox 1939 5306 3527 5380">
     <span class='ocr_line' id='line_1_109' title="bbox 1939 5306 3527 5380; baseline 0.001 -16"><span class='ocrx_word' id='word_1_882' title='bbox 1939 5309 2074 5373; x_wconf 79' lang='lat' dir='ltr'><strong>dent,</strong></span> <span class='ocrx_word' id='word_1_883' title='bbox 2101 5325 2218 5371; x_wconf 85' lang='lat' dir='ltr'><strong>cap.</strong></span> <span class='ocrx_word' id='word_1_884' title='bbox 2249 5307 2343 5373; x_wconf 82' lang='grc'><strong>25,</strong></span> <span class='ocrx_word' id='word_1_885' title='bbox 2376 5324 2495 5379; x_wconf 88' lang='lat' dir='ltr'><strong>pag.</strong></span> <span class='ocrx_word' id='word_1_886' title='bbox 2530 5306 2686 5380; x_wconf 67' lang='lat' dir='ltr'><strong>89b.)</strong></span> <span class='ocrx_word' id='word_1_887' title='bbox 2728 5308 2887 5365; x_wconf 88' lang='lat' dir='ltr'><strong>Prius</strong></span> <span class='ocrx_word' id='word_1_888' title='bbox 2915 5324 3045 5364; x_wconf 89' lang='lat' dir='ltr'><strong>vero</strong></span> <span class='ocrx_word' id='word_1_889' title='bbox 3075 5318 3346 5364; x_wconf 89' lang='lat' dir='ltr'><strong>auctorem</strong></span> <span class='ocrx_word' id='word_1_890' title='bbox 3373 5325 3527 5366; x_wconf 92' lang='lat' dir='ltr'><strong>suum</strong></span> 
     </span>
    </p>
   </div>
   <div class='ocr_carea' id='block_1_110' title="bbox 1936 5399 3531 5472">
    <p class='ocr_par' dir='ltr' id='par_1_110' title="bbox 1936 5399 3531 5472">
     <span class='ocr_line' id='line_1_110' title="bbox 1936 5399 3531 5472; baseline 0.001 -14"><span class='ocrx_word' id='word_1_891' title='bbox 1936 5403 2197 5458; x_wconf 89' lang='lat' dir='ltr'><strong>citaverat</strong></span> <span class='ocrx_word' id='word_1_892' title='bbox 2226 5399 2635 5456; x_wconf 81' lang='lat' dir='ltr'><strong>Callisthenem.</strong></span> <span class='ocrx_word' id='word_1_893' title='bbox 2670 5400 2870 5456; x_wconf 80' lang='lat' dir='ltr'><strong>Eadem</strong></span> <span class='ocrx_word' id='word_1_894' title='bbox 2888 5400 2957 5457; x_wconf 91' lang='lat' dir='ltr'><strong>de</strong></span> <span class='ocrx_word' id='word_1_895' title='bbox 2979 5401 3206 5466; x_wconf 85' lang='lat' dir='ltr'><strong>Sidone,</strong></span> <span class='ocrx_word' id='word_1_896' title='bbox 3225 5411 3385 5472; x_wconf 89' lang='lat' dir='ltr'><strong>atque</strong></span> <span class='ocrx_word' id='word_1_897' title='bbox 3410 5404 3531 5460; x_wconf 90' lang='lat' dir='ltr'><strong>aliis</strong></span> 
     </span>
    </p>
   </div>
   <div class='ocr_carea' id='block_1_111' title="bbox 1938 5493 3531 5566">
    <p class='ocr_par' dir='ltr' id='par_1_111' title="bbox 1938 5493 3531 5566">
     <span class='ocr_line' id='line_1_111' title="bbox 1938 5493 3531 5566; baseline 0.001 -15"><span class='ocrx_word' id='word_1_898' title='bbox 1938 5495 2380 5552; x_wconf 78' lang='lat' dir='ltr'><strong>inundationibus</strong></span> <span class='ocrx_word' id='word_1_899' title='bbox 2425 5493 2623 5552; x_wconf 87' lang='lat' dir='ltr'><strong>Strabo</strong></span> <span class='ocrx_word' id='word_1_900' title='bbox 2646 5505 2933 5562; x_wconf 79' lang='lat' dir='ltr'><strong>memorat,</strong></span> <span class='ocrx_word' id='word_1_901' title='bbox 2965 5513 3123 5566; x_wconf 89' lang='lat' dir='ltr'><strong>quem</strong></span> <span class='ocrx_word' id='word_1_902' title='bbox 3150 5496 3289 5551; x_wconf 90' lang='lat' dir='ltr'><strong>sicut</strong></span> <span class='ocrx_word' id='word_1_903' title='bbox 3318 5507 3372 5553; x_wconf 89' lang='lat' dir='ltr'><strong>et</strong></span> <span class='ocrx_word' id='word_1_904' title='bbox 3399 5496 3531 5554; x_wconf 89' lang='lat' dir='ltr'><strong>Ovi-</strong></span> 
     </span>
    </p>
   </div>
   <div class='ocr_carea' id='block_1_112' title="bbox 1938 5589 3532 5663">
    <p class='ocr_par' dir='ltr' id='par_1_112' title="bbox 1938 5589 3532 5663">
     <span class='ocr_line' id='line_1_112' title="bbox 1938 5589 3532 5663; baseline 0.001 -15"><span class='ocrx_word' id='word_1_905' title='bbox 1938 5592 2108 5659; x_wconf 91' lang='lat' dir='ltr'><strong>dium,</strong></span> <span class='ocrx_word' id='word_1_906' title='bbox 2141 5607 2435 5663; x_wconf 90' lang='lat' dir='ltr'><strong>rursusque</strong></span> <span class='ocrx_word' id='word_1_907' title='bbox 2460 5590 2724 5648; x_wconf 89' lang='lat' dir='ltr'><strong>Senecam</strong></span> <span class='ocrx_word' id='word_1_908' title='bbox 2756 5600 2811 5644; x_wconf 91' lang='lat' dir='ltr'><strong>et</strong></span> <span class='ocrx_word' id='word_1_909' title='bbox 2841 5589 3072 5645; x_wconf 87' lang='lat' dir='ltr'><strong>Plinium</strong></span> <span class='ocrx_word' id='word_1_910' title='bbox 3120 5590 3272 5647; x_wconf 87' lang='lat' dir='ltr'><strong>adire</strong></span> <span class='ocrx_word' id='word_1_911' title='bbox 3299 5590 3532 5662; x_wconf 89' lang='lat' dir='ltr'><strong>quilibet</strong></span> 
     </span>
    </p>
   </div>
   <div class='ocr_carea' id='block_1_113' title="bbox 1941 5682 3589 5758">
    <p class='ocr_par' dir='ltr' id='par_1_113' title="bbox 1941 5682 3589 5758">
     <span class='ocr_line' id='line_1_113' title="bbox 1941 5682 3589 5758; baseline 0.002 -18"><span class='ocrx_word' id='word_1_912' title='bbox 1941 5685 2081 5742; x_wconf 89' lang='lat' dir='ltr'><strong>haud</strong></span> <span class='ocrx_word' id='word_1_913' title='bbox 2112 5701 2257 5756; x_wconf 66' lang='lat' dir='ltr'><strong>aegre</strong></span> <span class='ocrx_word' id='word_1_914' title='bbox 2300 5685 2500 5758; x_wconf 90' lang='lat' dir='ltr'><strong>poterit</strong></span> <span class='ocrx_word' id='word_1_915' title='bbox 2547 5682 2776 5758; x_wconf 87' lang='lat' dir='ltr'><strong>(Strab.,</strong></span> <span class='ocrx_word' id='word_1_916' title='bbox 2821 5682 2960 5737; x_wconf 78' lang='lat' dir='ltr'><strong>lib.t</strong></span> <span class='ocrx_word' id='word_1_917' title='bbox 3003 5682 3221 5756; x_wconf 61' lang='lat' dir='ltr'><strong>(irroga,</strong></span> <span class='ocrx_word' id='word_1_918' title='bbox 3259 5701 3382 5757; x_wconf 90' lang='lat' dir='ltr'><strong>pag.</strong></span> <span class='ocrx_word' id='word_1_919' title='bbox 3427 5687 3534 5755; x_wconf 75' lang='lat'><strong>58;</strong></span> <span class='ocrx_word' id='word_1_920' title='bbox 3585 5718 3589 5723; x_wconf 93' lang='lat'><strong><em>-</em></strong></span> 
     </span>
    </p>
   </div>
   <div class='ocr_carea' id='block_1_114' title="bbox 1943 5776 3539 5851">
    <p class='ocr_par' dir='ltr' id='par_1_114' title="bbox 1943 5776 3539 5851">
     <span class='ocr_line' id='line_1_114' title="bbox 1943 5776 3539 5851; baseline -0.003 -14"><span class='ocrx_word' id='word_1_921' title='bbox 1943 5779 2122 5851; x_wconf 79' lang='lat' dir='ltr'><strong>Ouid.,</strong></span> <span class='ocrx_word' id='word_1_922' title='bbox 2151 5779 2243 5835; x_wconf 88' lang='lat' dir='ltr'><strong>lib.</strong></span> <span class='ocrx_word' id='word_1_923' title='bbox 2275 5796 2342 5839; x_wconf 75' lang='lat' dir='ltr'><strong>xv</strong></span> <span class='ocrx_word' id='word_1_924' title='bbox 2377 5776 2697 5847; x_wconf 82' lang='lat' dir='ltr'><strong>Metamorph</strong></span> <span class='ocrx_word' id='word_1_925' title='bbox 2729 5820 2745 5846; x_wconf 92' lang='lat'><strong>,</strong></span> <span class='ocrx_word' id='word_1_926' title='bbox 2772 5790 2947 5831; x_wconf 79' lang='lat' dir='ltr'><strong>versas</strong></span> <span class='ocrx_word' id='word_1_927' title='bbox 2964 5776 3068 5835; x_wconf 85' lang='grc'><strong>261</strong></span> <span class='ocrx_word' id='word_1_928' title='bbox 3100 5787 3148 5832; x_wconf 83' lang='lat' dir='ltr'><strong>et</strong></span> <span class='ocrx_word' id='word_1_929' title='bbox 3170 5794 3301 5845; x_wconf 68' lang='lat' dir='ltr'><strong>sea;</strong></span> <span class='ocrx_word' id='word_1_930' title='bbox 3328 5777 3539 5849; x_wconf 81' lang='lat' dir='ltr'><strong>Scaea,</strong></span> 
     </span>
    </p>
   </div>
  </div>
