4158 6264
631 293 735 350 MS

1897 286 2353 371 ntsssnrt'rto
2390 290 2672 357 ratem

3362 220 3403 231 ...-

3816 294 3918 352 ML

628 412 719 471 lib.
751 411 868 479 cia,
890 426 1005 482 cap.
1051 410 1143 476 39,
1175 427 1295 484 pag.
1325 408 1466 476 89?;
1493 405 1664 477 Elim,
1696 408 1787 465 lib.
1830 423 1890 472 tt,
1929 424 2046 479 cap.
2072 407 2144 464 93
2168 418 2216 464 et
2245 410 2297 473 Λ
2324 409 2376 466 in
2406 410 2555 467 circo
2584 410 2776 471 leones
2804 411 3017 473 solutos
3059 412 3231 481 dedit,
3282 429 3406 473 cum
3452 412 3685 485 alioquin
3713 411 3915 483 alligati

629 506 719 571 94,
747 524 864 577 pag-
894 505 1003 567 358
1030 515 1080 565 et
1103 507 1261 577 rem).

702 601 898 659 Verum
926 616 1184 672 quanam,
1214 599 1426 672 rogabit
1468 599 1681 669 aliquis,
1714 599 1928 659 ratione
1956 598 2225 661 Arnobius

628 693 812 751 dicere
860 696 1054 764 potuit.
1088 694 1205 750 hac
1225 709 1345 766 qua:
1384 694 1453 750 de
1495 693 1764 750 Atlantica
1806 692 1980 751 insula
2021 700 2222 759 narrat,

628 799 754 846 ante
801 790 991 846 decem
1038 788 1337 860 contigisse
1388 803 1650 845 annorum
1697 787 1902 851 millia?
1957 785 2227 857 Numquid

629 882 916 954 ignorabat
941 897 973 937 a
1001 880 1318 949 cbristianis
1349 881 1522 941 multo
1562 881 1780 938 brevius
1805 896 1834 939 a
1865 880 2047 940 mundi
2072 895 2225 941 crea-

628 978 779 1033 tione
805 992 1071 1032 annorum
1099 977 1335 1047 spatium
1365 975 1690 1047 computari.
1735 974 1843 1030 Sed
1876 975 2035 1032 facile
2064 975 2227 1033 solvi-

627 1079 715 1126 tur
744 1069 902 1140 hujus
930 1068 1265 1126 difﬁcultatis
1293 1069 1491 1127 nodus.
1511 1067 1629 1125 Non
1661 1067 1805 1123 enim
1838 1083 1991 1127 suam
2019 1067 2090 1127 ibi
2120 1068 2226 1125 Ar—

628 1164 849 1229 nobius,
876 1164 971 1219 sed
1004 1163 1264 1232 Platonis,
1295 1164 1495 1219 ibidem
1515 1179 1545 1218 a
1572 1178 1632 1220 se
1658 1164 1828 1225 citati,
1857 1162 2080 1232 protulit
2105 1162 2227 1231 oni-

630 1258 873 1320 nionem.
904 1256 992 1324 qui
1024 1257 1364 1314 sacerdotem
1391 1256 1585 1314 Soloni
1630 1256 1707 1313 sic
1739 1256 2046 1325 loquentem
2072 1255 2225 1311 indtt-

625 1350 703 1405 cit
726 1348 928 1415 (Plato,
958 1350 1012 1404 iit
1040 1347 1219 1413 Titum,
1250 1359 1373 1407 tam.
1404 1364 1483 1414 tu,
1532 1366 1651 1418 pag.
1679 1347 1775 1416 25)
1816 1369 1828 1405 :
1870 1357 1970 1409 Τῆς
2011 1351 2095 1411 καὶ
2145 1350 2225 1404 ἕν-

624 1442 737 1501 θάδι
767 1442 1160 1516 διακοσμήσεως
1206 1444 1328 1521 παρ’
1356 1446 1473 1517 ἡμῖν
1512 1445 1561 1499 ἄν
1608 1452 1715 1504 τοῖς
1738 1442 1889 1518 ἱεροῖς
1925 1444 2220 1518 γράμμασιν

625 1538 1017 1611 οκτακισχιλίων
1038 1540 1160 1595 ἐτῶν
1180 1539 1385 1614 ἀριθμὸς
1403 1539 1711 1613 γέγραπται.
1727 1541 1849 1612 περὶ
1882 1534 1937 1595 δὲ
1956 1544 2054 1593 τῶν
2078 1558 2221 1595 swa-

625 1628 959 1702 κισχίλιαῖτη
982 1631 1256 1705 γεγονότων
1277 1630 1493 1687 πολιτῶν
1511 1650 1595 1687 σοι
1610 1627 1821 1691 δηλώσω
1850 1627 1933 1689 διὰ
1954 1628 2216 1703 βραχέων.

2326 506 2604 574 darentur,
2637 506 2705 565 ad
2750 506 3116 569 conficiendos
3140 523 3237 566 eos
3275 508 3455 567 missis
3482 523 3515 562 a
3545 522 3671 581 rege
3699 506 3913 563 Boccho

2322 598 2749 668 iaculatoribus?
2792 600 2926 656 Nam
2975 608 3031 657 ct
3059 600 3370 672 Pompeium
3422 600 3651 673 primum
3684 598 3739 655 in
3768 598 3916 657 circo

2326 692 2740 763 elephantorum
2785 694 3156 767 duodeviginti
3206 712 3438 767 pugnam
3481 695 3737 760 edidisse,
3767 709 3915 762 cont-

2330 787 2510 849 missis
2542 803 2691 845 more
2720 788 2888 858 praelii
2920 787 3093 845 noxiis
3127 788 3455 856 hominibus,
3485 787 3552 845 ad
3602 786 3767 845 ullam
3799 802 3912 863 rem

2330 878 2522 945 bertam
2555 881 2822 951 pertinet?
2852 881 3110 953 Princeps
3132 882 3385 946 civitatis,
3413 890 3469 939 et
3498 882 3637 937 inter
3663 881 3914 951 antiquos

2331 972 2620 1042 principes.
2651 984 2709 1030 ut
2731 974 2873 1033 fama
2895 976 3133 1041 tradidit,
3162 976 3417 1035 bonitatis
3442 974 3678 1037 eximiae.
3708 988 3916 1033 memo-

2329 1063 2496 1129 rabile
2528 1070 2731 1136 putavit
2774 1068 3073 1139 spectaculi
3115 1083 3307 1140 genus,
3343 1084 3483 1125 novo
3509 1083 3659 1125 more
3690 1067 3917 1141 perdere

2329 1158 2593 1223 homines.
2659 1162 2995 1233 Depugnant,
3044 1177 3233 1232 parum
3262 1171 3381 1227 est;
3429 1161 3790 1225 lanciuantur,
3822 1177 3916 1233 pa-

2328 1267 2445 1315 rum
2468 1262 2572 1310 est.
2602 1254 2809 1326 ingenti
2840 1255 2987 1311 mole
3008 1255 3321 1325 annnalium
3370 1255 3713 1317 obteruntur.
3738 1254 3919 1310 Satius

2327 1356 2447 1405 erat
2491 1348 2591 1413 ista
2625 1352 2676 1405 iu
2707 1348 3039 1415 oblivionem
3072 1348 3184 1411 ire;
3214 1363 3286 1404 ne
3327 1349 3451 1420 quis
3497 1361 3684 1419 postea
3726 1358 3921 1419 potens

2326 1438 2579 1504 disceret,
2616 1442 2986 1515 invideretque
3020 1444 3099 1499 rei
3129 1444 3350 1503 minime
3382 1444 3650 1513 humanm.
3686 1444 3728 1498 0
3749 1459 3923 1514 quan—

2330 1540 2439 1597 luut
2467 1532 2715 1604 caliginis
2746 1536 3017 1601 mentibus
3044 1536 3296 1607 humanis
3325 1536 3511 1606 objicit
3539 1552 3731 1613 magna
3754 1537 3922 1599 fclici-

2328 1626 2446 1691 tasl
2487 1623 2582 1695 Ille
2607 1640 2667 1691 se
2695 1641 2854 1699 supra
2886 1643 3069 1695 rerum
3102 1636 3349 1701 naturain
3381 1643 3502 1684 esse
3530 1635 3640 1687 tum
3670 1629 3917 1697 credidil.

624 1726 748 1781 Jam
776 1742 891 1783 uera
921 1737 1214 1785 nostrarum
1262 1740 1432 1784 rerum
1459 1732 1624 1783 statua
1652 1724 1765 1789 quis
1790 1721 1915 1785 olim
1946 1724 2098 1794 fuerit
2124 1738 2218 1775 au-
2250 1736 2296 1815 β
2324 1732 2446 1785 cum
2472 1727 2548 1779 tot
2577 1719 2895 1791 miserorum
2922 1721 3199 1793 hominum
3227 1732 3475 1777 catervas
3519 1724 3621 1785 sub
3642 1722 3753 1777 alio
3779 1723 3919 1791 caelo

629 1834 814 1875 narunt
854 1828 968 1872 octo
1015 1817 1233 1874 millium
1264 1817 1419 1877 series
1447 1817 1500 1875 iu
1537 1816 1723 1877 nostris
1770 1815 1929 1873 sacris
1971 1814 2113 1875 libris
2141 1829 2221 1883 re-

626 1920 930 1981 censentur:
955 1927 1134 1967 nouem
1158 1921 1327 1968 autem
1353 1910 1521 1969 millia
1542 1926 1795 1969 annorum
1815 1909 2017 1974 serient,
2038 1908 2220 1979 quibus

630 2005 708 2060 illi
734 2004 955 2076 majores
984 2005 1284 2063 exstiterunt
1313 2002 1402 2059 tibi
1429 2002 1639 2061 breviter
1665 1999 2041 2065 demonstrabo.

699 2097 780 2155 Ex
821 2095 1006 2161 mundi
1045 2111 1196 2163 vero,
1245 2110 1309 2155 ac
1355 2095 1692 2166 potissimum
1741 2091 1993 2157 Sodomae
2030 2102 2085 2147 ct
2113 2090 2222 2161 Gn-

625 2190 866 2261 mprrhte
912 2190 1175 2253 incendiis
1221 2190 1583 2251 Tertulliauus
1629 2187 1874 2249 ethnicos
1925 2186 2218 2256 redarguit,

623 2285 1081 2357 quemadmodum
1107 2300 1207 2345 suo
1246 2286 1368 2345 loco
1408 2282 1777 2347 ostendemus.
1810 2281 1923 2343 Nec
1953 2281 2109 2351 hujus
2138 2281 2219 2347 in-

622 2380 1099 2453 cendiilosephus
1128 2390 1334 2441 tantum
1382 2379 1713 2443 mentionem
1763 2377 1911 2443 fecit,
1959 2376 2051 2433 sed
2098 2374 2216 2445 ipse

621 2474 784 2531 etiam
833 2473 940 2540 his,
988 2482 1048 2530 ut
1092 2472 1328 2540 videtur,
1380 2471 1561 2535 verbis
1609 2469 1890 2529 Cornelius
1939 2469 2213 2529 Tacitus:

628 2584 646 2619 ι
676 2566 790 2637 Ego
810 2565 1063 2627 Judalcas
1085 2566 1358 2637 quondam
1388 2565 1552 2625 urbes
1583 2565 1703 2636 igne
1730 2565 1937 2631 caelesti
1961 2563 2217 2635 ﬂagrasse

620 2659 982 2719 Nucesserim
1023 2677 1041 2717 ο
1078 2657 1435 2732 (Tertulliatt.,
1495 2657 1741 2729 Apolog.,
1781 2673 1896 2727 cap.
1928 2655 2021 2723 40,
2052 2665 2099 2710 et
2126 2655 2217 2711 lib.

621 2749 684 2803 de
713 2747 882 2818 Pall.,
906 2768 1024 2821 cap.
1052 2750 1122 2818 3;
1155 2750 1398 2821 Ioseph,
1430 2749 1519 2809 lib.
1550 2764 1565 2802 ι
1593 2749 1844 2815 Antiquil.
1866 2747 2074 2813 Judai.,
2097 2764 2213 2819 cap.

618 2843 710 2901 22.
756 2856 800 2898 et
846 2846 936 2903 lib.
989 2862 1022 2900 ν
1068 2847 1131 2905 de
1156 2844 1291 2901 Bell.
1318 2843 1554 2911 Judaic.,
1583 2859 1699 2913 cap.
1725 2844 1801 2910 5;
1836 2841 2028 2910 Tacit.,
2062 2841 2151 2903 lib.
2182 2858 2217 2897 v

618 2934 843 3004 Histor.,
871 2947 986 3013 post
1006 2938 1171 3007 init.).

2325 1812 2468 1879 natis
2499 1811 2691 1879 belluis
2716 1813 2998 1883 obiiceret,
3027 1829 3149 1871 cum
3192 1814 3393 1885 bellqu
3426 1817 3565 1872 inter
3595 1825 3702 1871 tulit
3732 1817 3921 1889 dispa-

2324 1905 2402 1963 ria
2432 1904 2683 1973 animalia
2712 1906 3099 1975 cqmmitteret,
3148 1922 3272 1969 cum
3322 1909 3373 1963 in
3403 1918 3697 1978 conspectu
3729 1909 3915 1981 populi

2323 1994 2551 2059 Romani
2574 1998 2802 2057 multum
2826 2001 3103 2071 sanguinis
3130 2000 3399 2069 funderet,
3433 2019 3555 2058 mox
3588 2004 3709 2073 plus
3737 2006 3912 2073 ipsum

2324 2087 2548 2160 (undere
2575 2099 2878 2153 coacturus.
2914 2110 2935 2163 ξ
2974 2092 3029 2149 Si
3054 2095 3174 2165 quis
3214 2103 3389 2153 tamen
3422 2097 3714 2150 contendat
3741 2096 3917 2151 Arno-

2324 2181 2469 2241 bium
2518 2198 2625 2237 non
2672 2183 2741 2239 de
2791 2184 2914 2250 hoc,
2948 2184 3043 2240 sed
3086 2185 3153 2245 de
3190 2185 3456 2259 superiori
3491 2188 3770 2245 hominum
3791 2203 3915 2251 cum

2324 2274 2518 2345 belluis
2535 2277 2833 2339 certamine
2862 2292 2985 2347 esse
3017 2279 3451 2353 intelligendum,
3481 2279 3607 2345 huic
3638 2297 3744 2337 non
3772 2282 3914 2337 mul-

2322 2377 2432 2441 tum
2453 2370 2891 2441 repugnabimus.
3027 2386 3063 2427 ο

2391 2461 2650 2534 Ultimum
2683 2481 2844 2534 porro
2871 2468 3158 2540 gentilium
3200 2480 3601 2543 argumentum,
3647 2486 3715 2531 ex
3739 2471 3918 2528 bello-

2318 2570 2438 2629 rum
2464 2555 2766 2629 frequentia
2801 2561 3050 2630 petitum,
3085 2561 3209 2617 inde
3238 2561 3412 2632 primo
3457 2562 3550 2621 ille
3598 2563 3760 2623 diluit
3790 2564 3915 2633 (Ar-

2320 2650 2463 2715 nob,
2494 2651 2583 2707 lib.
2609 2668 2648 2718 ι,
2680 2669 2797 2724 pag.
2831 2652 2909 2724 5),
2961 2654 3104 2731 quod
3151 2654 3397 2727 ingentes
3440 2657 3715 2723 hominum
3746 2662 3915 2735 copiae

2319 2757 2390 2811 ex
2422 2743 2689 2801 Atlantica
2719 2746 2894 2805 insula
2915 2760 3279 2824 emergentes,
3331 2750 3641 2813 innumeras
3670 2754 3916 2813 nationes

2318 2834 2743 2921 proﬂigaverint,
2791 2855 2855 2895 ac
2900 2840 3222 2905 deleverint.
3257 2841 3365 2903 Sed
3396 2844 3464 2898 de
3496 2844 3579 2915 his
3602 2845 3759 2915 paulo
3786 2857 3915 2903 ante

2316 2929 2575 2991 diximus.

690 3031 871 3102 Pergit
919 3031 1207 3100 Arnobius,
1252 3033 1433 3102 aitque
1478 3039 1605 3097 ante
1653 3028 1999 3097 christianos,
2034 3052 2057 3083 ι
2086 3043 2209 3099 cum
2238 3054 2282 3123 Ο
2319 3115 2330 3123 -
2386 3022 2632 3123 Secundo
2653 3027 2833 3123 itaque
2857 3029 3134 3123 etnobius
3174 3031 3468 3105 gentilibus
3492 3031 3677 3109 objicit
3700 3030 3897 3113 (lbid.)

618 3122 751 3185 feris
800 3123 962 3185 bella.
1010 3134 1064 3179 et
1113 3125 1296 3195 praelia
1346 3140 1466 3190 cum
1518 3123 1763 3188 leonibus
1800 3130 1953 3195 gesta
1999 3132 2146 3183 sunt.
2186 3141 2207 3177 ι
2254 3115 2281 3123 Ὗ
2317 3115 2459 3181 inter
2492 3120 2747 3191 Assyrios
2776 3131 2829 3181 et
2855 3121 3190 3192 Bactrianos,
3239 3125 3376 3187 Nino
3425 3136 3477 3181 et
3506 3124 3795 3195 Zoroastre
3815 3127 3912 3185 du-

618 3214 861 3286 (Arnob.,
885 3216 975 3271 lib.
999 3233 1040 3284 t,
1069 3234 1189 3289 pag.
1222 3218 1298 3289 5).
1331 3221 1400 3277 At
1430 3212 1501 3281 ibi
1531 3217 1576 3279 si
1607 3216 1674 3272 de
1725 3216 1945 3283 t~ra:liis,
1985 3232 2104 3288 qua:
2134 3218 2215 3275 in-

618 3317 824 3365 structo
846 3308 1123 3369 hominum
1153 3311 1420 3377 exercitu,
1452 3325 1574 3371 cum
1605 3307 1736 3373 feris
1757 3320 1813 3365 et
1842 3309 2038 3371 belluis
2062 3323 2215 3373 com-

618 3401 781 3459 missa
810 3401 1048 3468 fuerunt,
1077 3410 1269 3469 testem
1323 3402 1621 3469 desideres,
1656 3401 1749 3459 tibi
1772 3402 1838 3469 Α.
1871 3401 2078 3471 Gellius
2098 3402 2207 3455 cito

616 3491 763 3551 dabit
789 3491 1153 3561 Tuberonem.
1183 3495 1273 3564 qui
1306 3497 1581 3555 memoriae
1615 3496 1890 3555 mandavit
1941 3493 2204 3564 Regulum

615 3588 754 3659 apud
804 3588 1100 3660 Bagradam
1150 3589 1374 3655 ﬂuvium
1427 3588 1718 3659 in;Africa
1752 3588 1943 3658 positis
1964 3588 2203 3653 castris:

620 3698 640 3733 ι
675 3680 928 3743 Prndium
951 3684 1158 3754 grande
1181 3695 1343 3754 atque
1369 3698 1497 3743 acre
1534 3683 1726 3749 fecisse
1754 3682 2016 3745 adversus
2042 3697 2203 3747 unum

612 3784 921 3844 serpentem
970 3776 1084 3837 illic
1115 3776 1498 3844 stabulantem,
1541 3777 1809 3839 inusitata:
1832 3777 2205 3841 immanitatis,

613 3880 845 3939 eumque
873 3883 1064 3940 magna
1096 3871 1258 3935 totius
1285 3871 1558 3937 exercitus
1589 3869 1949 3934 conﬂictione,
1980 3869 2207 3929 ballistis

611 3972 773 4032 atque
803 3963 1091 4033 catapultis
1117 3963 1207 4023 diu
1237 3976 1627 4036 oppugnatum,
1661 3964 1886 4036 ejusque
1934 3962 2205 4027 interfecti

611 4055 841 4123 corium,
890 4057 1111 4127 longum
1162 4059 1327 4129 pedes
1368 4068 1586 4119 centum
1642 4070 1697 4121 et
1740 4059 1930 4128 viginti
1980 4059 2206 4123 Romam

611 4151 827 4209 misisse
866 4150 1103 4224 1(Gell.,
1160 4153 1248 4211 lib.
1280 4170 1334 4213 Vt
1373 4152 1531 4215 Noct.
1588 4153 1770 4220 Attia,
1815 4170 1931 4226 cap.
1981 4154 2037 4220 5,
2082 4171 2205 4224 pag.

610 4243 763 4315 568).
824 4245 1024 4309 Eadem
1070 4262 1136 4303 ex
1184 4246 1338 4313 Livio
1385 4257 1570 4304 narrat
1616 4247 1863 4309 Valerius
1918 4246 2201 4316 Maximus,

609 4346 773 4407 atque
820 4339 981 4399 etiam
1016 4338 1241 4407 Plinius,
1283 4341 1375 4411 qui
1421 4356 1534 4409 rein
1583 4351 1765 4405 notam
1813 4356 1937 4397 esse
1988 4343 2202 4409 asserit,

611 4427 737 4484 item
769 4429 995 4498 Seneca,
1029 4431 1274 4499 Orosius,
1304 4433 1520 4502 Florus,
1575 4445 1629 4493 et
1670 4435 1760 4490 alii
1790 4433 1996 4507 (Vala.
2030 4434 2204 4502 illam,

611 4521 701 4585 lib.
730 4539 769 4589 ι,
825 4540 942 4593 cap.
975 4524 1030 4588 8,
1080 4524 1108 4594 §
1146 4526 1231 4593 l9,
1265 4543 1386 4597 pag.
1442 4526 1540 4592 77;
1590 4526 1761 4595 Plin.,
1797 4527 1885 4589 lib.
1930 4544 2023 4593 vut
2061 4527 2197 4591 Hist.

610 4628 808 4687 uatum,
849 4634 966 4687 cap.
1010 4618 1094 4687 14,
1146 4635 1264 4690 pag.
1300 4619 1443 4684 £55;
1494 4618 1704 4686 Scaea,
1748 4622 1897 4691 epist.
1943 4622 2034 4691 8%,
2080 4639 2199 4694 pag.

610 4709 748 4774 156;
783 4708 961 4778 liram,
990 4710 1078 4765 lib.
1109 4726 1185 4778 tv,
1214 4727 1330 4782 cap.
1363 4711 1437 4777 8;
1472 4709 1646 4781 Flor.,
1676 4712 1765 4771 lib.
1800 4730 1857 4781 tt.
1885 4731 2004 4785 cap.
2037 4713 2116 4788 2).

682 4804 757 4869 At
783 4804 827 4859 si
859 4804 1132 4873 Arnobius
1153 4803 1222 4869 de
1260 4805 1648 4873 certaminibus
1674 4816 1816 4877 agat,
1860 4807 2056 4879 quibus
2094 4808 2207 4880 gla-

608 4898 848 4969 diatores
877 4908 932 4957 et
977 4899 1203 4965 athleta:
1230 4914 1351 4959 cum
1371 4898 1619 4959 leonibus
1658 4912 1711 4961 et
1739 4900 1859 4957 aliis
1885 4901 2078 4973 beiluis
2112 4918 2206 4971 nn-

610 4994 846 5064 gnntnri.
875 4993 927 5047 in
959 5007 1181 5057 arenam
1210 4991 1638 5056 descendebant.
1665 4992 1735 5049 de
1770 4994 1835 5053 iis
1866 4993 2091 5061 forsitan
2121 4995 2205 5061 in-

611 5085 936 5159 telligendus
973 5096 1078 5153 est,
1130 5102 1362 5158 quorum
1409 5088 1718 5158 spectacula
1774 5086 1922 5159 Sylla
1964 5098 2019 5143 et
2047 5087 2206 5145 Pom-

610 5182 764 5251 peius
794 5180 993 5255 aliique
1020 5179 1308 5243 dederunt.
1365 5181 1435 5239 At
1481 5190 1682 5251 praeter
1720 5194 1805 5245 ea,
1855 5193 1975 5251 quae
2014 5178 2083 5249 de
2122 5178 2208 5235 his

609 5275 936 5344 spectaculis
965 5273 1093 5331 alibi
1141 5274 1434 5342 attigimus,
1463 5272 1662 5328 videsis
1689 5272 1946 5341 Plinium,
1983 5272 2205 5343 Dionem

609 5363 880 5432 Cassium,
901 5375 1064 5437 atque
1096 5367 1148 5425 iu
1173 5366 1366 5435 primis
1389 5365 1650 5427 Senecam
1665 5363 1912 5435 tDissert.
1933 5365 1987 5419 iu
2009 5364 2205 5431 Minue.

614 5459 819 5527 Ortum,
850 5477 969 5533 cap.
1002 5459 1057 5524 9,
1090 5472 1188 5519 art.
1222 5459 1290 5522 2;
1328 5456 1497 5526 Plia.,
1544 5460 1631 5521 lib.
1665 5475 1757 5527 vttt
1810 5459 2002 5527 Natat.
2056 5460 2205 5526 bisL,

609 5569 728 5624 cap.
761 5554 850 5620 16,
879 5571 998 5625 pag.
1040 5552 1173 5619 ltili;
1207 5551 1306 5607 Dia
1335 5549 1505 5609 Cass“
1538 5551 1627 5607 lib.
1657 5568 1818 5608 xxxix
1851 5552 1992 5608 llist.
2024 5551 2207 5619 Rom.;

609 5648 820 5714 Senem,
849 5648 936 5705 lib.
971 5649 1033 5702 de
1057 5647 1249 5715 Brevit.
1277 5648 1416 5713 vitta,
1450 5662 1568 5710 cap.
1599 5647 1667 5713 tit
1698 5655 1746 5717 et
1778 5647 1868 5715 14,
1898 5665 2016 5722 pag.
2052 5646 2200 5721 707).

609 5740 702 5812 qui
747 5739 885 5807 hanc
918 5741 1292 5807 crudelitatem
1336 5741 1416 5797 sic
1464 5741 1741 5811 exagitat:
1776 5758 1795 5797 ί
1828 5738 1966 5813 Num
2018 5751 2073 5795 et
2106 5742 2211 5803 hoc

629 5848 953 5903 quemquam
995 5847 1189 5901 curare
1234 5835 1534 5905 permittas,
1566 5832 1709 5908 quod
1739 5832 1945 5907 primus
1970 5833 2029 5895 ιι.
2064 5836 2211 5913 Sylla

2315 3210 2488 3277 cibus,
2522 3227 2628 3271 non
2657 3213 2802 3269 ferro
2833 3218 3207 3277 tantummodo
3226 3226 3281 3277 et
3303 3216 3529 3286 riribus,
3560 3217 3653 3273 sed
3688 3217 3913 3288 magicis

2315 3305 2476 3365 etiam
2512 3308 2719 3377 artibus
2746 3308 2934 3378 prtclio
2960 3311 3088 3365 olim
3118 3310 3478 3369 decertatum.
3515 3316 3581 3365 At
3613 3312 3768 3367 testis
3814 3325 3912 3377 no-

2316 3398 2398 3475 bis
2420 3410 2502 3469 esl
2521 3401 2786 3463 Eusebius
2810 3400 3153 3465 Zoroastrem
3180 3420 3391 3477 magum
3449 3416 3574 3463 tunc
3616 3402 3914 3467 Bactrianis

2311 3493 2632 3564 imperasse.
2678 3510 2798 3551 cutn
2822 3497 2964 3573 apud
3010 3496 3266 3569 Assytius
3296 3497 3460 3575 Ninus
3490 3507 3745 3568 regnat-et
3776 3498 3914 3573 (Ea-

2308 3584 2436 3650 seb.,
2466 3585 2553 3639 lib.
2575 3603 2611 3641 x
2630 3585 3088 3659 Prwpar.evang.,
3117 3606 3232 3670 cap.
3266 3590 3319 3653 9,
3351 3608 3472 3669 pag.
3500 3592 3650 3665 4:54).
3679 3590 3734 3645 lu
3766 3592 3910 3647 illius

2308 3685 2486 3755 autem
2520 3677 2782 3751 chronicq
2834 3679 2969 3746 lucc,
3005 3698 3126 3752 qua:
3155 3683 3221 3737 ad
3272 3699 3387 3745 rem
3419 3695 3660 3747 nostram
3706 3687 3910 3747 condu-

2310 3783 2435 3845 cere
2462 3771 2737 3837 videntur,
2766 3773 2930 3839 verba
2953 3774 3183 3844 legimus
3216 3792 3230 3828 :
3260 3794 3280 3828 ‹
3322 3776 3641 3849 Zoroastres
3696 3794 3905 3853 magus,

2309 3878 2402 3929 rex
2449 3862 2885 3931 Bactrianorum,
2927 3867 3105 3926 clarus
3157 3868 3405 3935 habetur,
3448 3871 3714 3929 adversus
3745 3888 3905 3941 quem

2307 3952 2475 4023 Ninus
2502 3955 2795 4025 dimicavit.
2839 3976 2857 4011 ι
2899 3954 3053 4031 Quod
3082 3959 3298 4030 quidem
3327 3959 3489 4031 Trogi
3519 3961 3760 4035 Pompei,
3791 3963 3902 4033 Au-

2311 4048 2528 4127 gustini,
2560 4048 2893 4125 Hieronymi,
2928 4060 2982 4107 et
3008 4051 3186 4117 Orosii
3235 4056 3564 4113 auctoritate
3609 4040 3902 4121 conﬁrma-

2312 4152 2397 4203 tur
2427 4140 2517 4214 (In
2546 4144 2774 4201 chronic.
2803 4144 2871 4199 ad
2898 4146 3121 4203 Annum.
3155 4148 3220 4211 7;
3250 4147 3436 4221 Trog.,
3464 4149 3556 4207 lib.
3582 4167 3631 4218 t;
3658 4152 3903 4225 August.,

2311 4237 2401 4294 lib.
2445 4254 2536 4294 xxt
2574 4239 2636 4299 de
2664 4238 2841 4306 Ciril.,
2872 4258 2989 4313 cap.
3043 4242 3132 4309 il,
3184 4259 3305 4315 pag.
3345 4242 3483 4311 654;
3514 4243 3821 4317 Hieronym.
3852 4246 3907 4301 in

2310 4350 2428 4406 cap.
2461 4350 2499 4401 tt
2521 4332 2685 4403 Oscae,
2717 4350 2889 4391 versus
2916 4334 2974 4403 2,
3003 4353 3125 4409 pag.
3155 4336 3317 4405 1251,
3356 4354 3473 4394 non.
3522 4340 3685 4406 alia;
3727 4340 3903 4407 Orum,

2233 4380 2287 4464 Ρ
2311 4380 2731 4505 nigrai):

2382 4519 2768 4581 Verumtamen
2788 4520 2872 4577 his
2896 4523 3055 4594 plane
3094 4521 3371 4583 adversari
3398 4525 3613 4591 videtur
3638 4526 3906 4589 Diodorus

2310 4612 2544 4683 Siculus,
2578 4614 2670 4693 qui
2697 4615 2783 4683 ubi
2814 4615 2939 4675 Nini
2965 4616 3225 4673 adversus
3256 4619 3567 4685 Bactrianos
3597 4621 3905 4694 expeditio-

2309 4722 2433 4763 nem
2466 4707 2747 4777 describit,
2779 4709 2970 4781 norum
3017 4710 3210 4767 ducem
3266 4726 3373 4768 non
3414 4712 3781 4791 Zoroastrem.
3805 4713 3903 4773 sed

2309 4800 2604 4877 Oxyartetn
2633 4803 2869 4883 appellat
2922 4804 3164 4878 (Diodor.
3197 4806 3391 4874 Sicul.,
3436 4807 3525 4865 lib.
3554 4825 3591 4875 tt
3624 4807 3900 4875 Bibliotll.,

2309 4911 2429 4967 pag.
2462 4895 2530 4951 66
2554 4906 2600 4950 et
2644 4896 2831 4969 seqq).
2888 4896 3095 4955 Deinde
3123 4914 3256 4955 vero
3301 4900 3432 4955 nihil
3479 4901 3636 4972 plane
3684 4903 3898 4974 magici,

2310 5002 2487 5058 neque
2519 4988 2718 5045 insoliti
2747 5003 2813 5044 eo
2837 4992 2889 5045 in
2917 4992 3104 5063 prtelio
3150 4994 3550 5063 animadvertit,
3574 4996 3672 5053 sed
3699 4995 3909 5069 Oxyar-

2311 5083 2379 5138 tis
2404 5092 2608 5138 tantum
2634 5092 2805 5138 artem
2832 5094 2889 5140 et
2912 5086 3213 5151 solertiam,
3243 5105 3347 5159 qua
3371 5105 3491 5144 cum
3521 5102 3727 5158 partem
3749 5109 3908 5150 exer-

2308 5175 2446 5230 citus
2474 5174 2597 5231 Nini
2620 5176 2672 5230 in
2703 5177 2961 5247 quasdam
2985 5179 3229 5236 locorum
3281 5185 3559 5254 angustias
3598 5189 3901 5255 pertraxis-

2308 5281 2412 5339 set,
2444 5273 2578 5339 inito
2606 5273 2921 5340 certamine,
2952 5274 3154 5346 iugavit
3189 5278 3391 5343 hostes,
3425 5290 3749 5352 centumque
3778 5284 3906 5339 mil-

2313 5363 2378 5418 lia
2410 5379 2474 5420 ex
2505 5366 2568 5419 iis
2603 5365 2819 5421 occidit.
2857 5365 2964 5422 Sed
3012 5366 3103 5422 ille
3157 5379 3342 5439 postea
3374 5386 3403 5426 a
3435 5370 3573 5427 Nino
3596 5375 3769 5428 victus
3794 5384 3902 5431 est.

2309 5456 2426 5529 Huc
2451 5460 2680 5529 accedit,
2715 5461 2855 5532 quod
2887 5460 3069 5531 plures
3099 5461 3301 5520 fuerint
3328 5465 3402 5521 uti
3427 5464 3652 5534 Plinius,
3686 5467 3903 5534 Suidas,

2308 5561 2363 5606 et
2390 5552 2480 5605 alii
2507 5552 2817 5622 observant,
2847 5552 3151 5610 Zoroastris
3182 5558 3400 5613 nomine
3428 5562 3740 5631 nuncnputi.
3774 5562 3904 5618 Sca-

2314 5643 2450 5717 liger
2480 5654 2661 5705 autem
2681 5645 2882 5703 Laertii
2908 5648 3219 5717 testimonio
3242 5649 3471 5721 probare
3496 5662 3720 5709 conatur
3748 5651 3905 5723 (Sca-

2316 5739 2429 5809 lig.,
2456 5738 2507 5792 in
2528 5736 2720 5795 Chron.
2753 5740 2966 5810 Ettscb.,
2994 5761 3118 5815 pag.
3149 5744 3262 5817 15),
3294 5760 3440 5812 eum,
3470 5746 3559 5816 qui
3584 5762 3769 5813 magns
3793 5750 3912 5815 luit,

2317 5828 2520 5903 Xerse,
2553 5841 2714 5903 atque
2746 5834 2951 5899 idcirco
2980 5835 3120 5909 Nino
3144 5837 3305 5903 etiam
3353 5838 3536 5915 multis
3559 5836 3773 5901 sarculis
3794 5855 3915 5898 esse
