4166 6256
238 254 352 311 445

1474 254 1540 313 ΙΝ
1579 252 1950 327 ΑΒΝΟΒΠΙΜ,
1989 257 2145 325 CAP.
2190 256 2278 325 ‘ll.

3428 258 3533 316 “6

242 369 627 453 posteriorem.
674 366 876 439 Censet
916 375 1098 433 tamen
1146 351 1445 441 Cotelerius
1492 369 1834 433 Zoroastrem
1864 370 1915 437 Α
1942 370 2167 441 populos
2218 370 2526 442 captivitate
2553 370 2635 429 ’et
2690 372 2911 437 servitio
2954 370 3301 444 subiugavit?
3362 369 3534 429 Nemo

240 479 467 539 magum
508 477 692 527 unum,
724 471 777 525 et
825 462 1075 535 eumdem
1124 465 1331 521 variato
1379 466 1598 521 nomine
1644 464 1836 533 luisse,

239 572 308 613 ac
337 555 557 623 Zarum,
591 554 928 619 Nazaratum,
962 556 1270 624 Zabratum,
1322 558 1595 625 Zaratem,
1622 558 1837 631 Zarem,

240 650 570 719 Zoroadum,
600 660 649 714 et
674 648 937 717 Zaradem
962 648 1174 721 (Cotcl.,
1198 662 1305 709 not.
1332 653 1383 707 in
1401 652 1490 711 lib.
1522 669 1576 709 tv
1613 652 1837 724 Recogn.

241 742 444 809 Clem.,
475 760 593 819 pag.
623 743 776 815 568).
813 744 886 798 De
928 743 1073 803 illius
1124 760 1251 809 vero
1295 755 1453 805 aetate
1506 747 1669 805 varia:
1719 758 1842 805 sunt

244 838 554 909 Opiniones.
609 835 869 899 Eudoxus
918 838 1118 911 quippe
1170 848 1224 903 et
1270 840 1612 908 Aristoteles,
1668 841 1843 897 Plinio

240 938 556 995 attestante,
589 929 741 989 illum
764 930 983 993 Platone
1010 947 1101 987 scx
1132 932 1368 988 millibus
1398 950 1679 1001 anulorum,
1710 936 1841 991 Her-

244 1023 500 1080 modotus
538 1022 680 1093 apud
713 1023 1007 1091 Laertium,
1037 1034 1087 1078 et
1114 1024 1434 1092 Plutarchus
1481 1027 1717 1098 Trojano
1746 1044 1840 1087 ex-

244 1118 389 1175 cidio
420 1119 657 1189 quinque
683 1134 947 1174 annorum
999 1120 1260 1189 millibus,
1310 1121 1520 1189 Xantus
1551 1139 1679 1179 vero
1702 1124 1841 1194 apud

243 1211 496 1273 eumdem
527 1210 799 1285 Laertium
829 1211 1023 1279 Xerxis
1080 1214 1308 1273 transitu
1360 1215 1516 1269 annis
1573 1219 1843 1274 sexcentis

242 1305 598 1358 vetustiorem
643 1304 805 1359 fuisse
837 1303 1187 1375 prodiderunt
1231 1307 1421 1381 (Plin.,
1456 1308 1545 1363 lib.
1576 1326 1677 1379 xxx
1707 1309 1836 1368 Nat.

244 1394 400 1460 hist.,
443 1410 558 1466 cap.
600 1396 651 1458 1,
703 1412 822 1467 pag.
860 1397 994 1460 725;
1046 1396 1344 1465 Plutarch.,
1387 1399 1476 1455 lib.
1521 1401 1585 1455 de
1627 1400 1760 1457 Isid.
1794 1412 1840 1457 et

249 1483 480 1552 Osiride,
510 1487 632 1541 toris.
664 1501 724 1552 tt,
753 1505 873 1560 pag.
898 1488 1031 1555 569;
1086 1490 1282 1559 ἔλαεν-1.,
1314 1509 1531 1563 proem.,
1564 1492 1591 1566 §
1618 1494 1696 1563 2).
1731 1494 1838 1550 Sed

244 1578 373 1635 hmo
392 1581 700 1650 opinionum
723 1581 1009 1638 diversitas
1032 1584 1350 1655 Eusebium,
1384 1589 1763 1659 Augustinum,
1785 1600 1840 1647 et

1941 464 2085 518 enim
2139 473 2255 531 est,
2311 463 2402 537 qui
2434 463 2515 517 his
2567 465 2747 519 verbis
2792 464 3127 533 designatum
3189 480 3294 535 non
3340 478 3538 539 agnos-

1941 568 2028 610 cat
2098 556 2465 613 Alexandrum
2527 573 2813 629 magnum,
2881 566 2938 610 ut
3002 556 3289 626 Augustini
3354 556 3536 612 verbis

1944 656 2191 714 utamur,
2242 666 2262 700 ς
2315 648 2907 713 mtntilicentissimam,
2953 649 3281 719 minimeque
3322 648 3535 705 diutur-

1944 756 2088 808 nam,
2121 740 2298 813 «ejus»
2331 744 2645 825 potentiam,
2671 759 2770 813 qua
2799 742 3104 797 universam
3132 741 3341 809 Asiam,
3371 742 3535 795 immo

1944 848 2083 904 pene
2112 844 2282 888 totum
2311 837 2495 903 urbem
2532 836 2723 906 partim
2774 836 2823 888 vi
2864 844 2917 889 et
2954 836 3150 901 armis,
3183 835 3377 906 partim
3423 842 3535 887 ter-

1944 943 2068 981 rore
2113 928 2399 999 subegerat
2435 949 2452 981 ι
2490 929 2708 1001 (Arnob.
2736 971 2750 992 ,
2792 929 2883 986 lib.
2930 945 2986 1003 ι,
3019 947 3139 1005 pug.
3172 928 3491 1006 5;_August.
3515 971 3531 996 ,

1946 1018 2031 1074 lib.
2081 1036 2209 1078 xvnt
2248 1022 2310 1076 de
2347 1019 2495 1077 Civil.
2530 1040 2647 1093 cap.
2689 1022 2796 1091 ἀὲ,
2856 1039 2975 1095 pag.
3010 1021 3160 1093 524).
3200 1022 3274 1076 De
3310 1021 3403 1076 illo
3442 1036 3537 1075 au-

1946 1125 2053 1171 tem
2108 1126 2303 1187 prmter
2352 1116 2490 1170 alios
2536 1116 2756 1195 plures,
2790 1114 3069 1170 Plutarchi
3113 1113 3180 1169 de
3234 1114 3377 1168 illius
3424 1124 3536 1169 tum

1946 1208 2050 1265 vita
2105 1219 2215 1263 tum
2266 1208 2515 1277 fortuna,
2564 1209 2821 1273 Arriani,
2874 1208 2942 1262 de
2988 1207 3105 1283 eius
3154 1205 3533 1278 expeditione,

1944 1310 2001 1357 et
2054 1302 2237 1373 Quinti
2277 1304 2442 1365 Curtii
2492 1303 2559 1358 de
2604 1304 2769 1375 ipsius
2808 1302 3047 1369 historiis
3095 1302 3213 1355 libri
3267 1302 3537 1377 pra-cipue

1943 1395 2155 1469 legendi
2188 1407 2333 1453 sunt.
2378 1396 2511 1452 Deni
2535 1412 2617 1467 tuo
2650 1396 2913 1460 Romani,
2962 1397 3033 1450 ait
3076 1394 3382 1462 Arnobius,
3411 1405 3538 1449 ante

1940 1497 2124 1551 natum
2168 1486 2443 1545 Christum
2491 1491 2735 1542 nationes
2765 1502 2956 1543 omnes
3000 1497 3311 1550 vastarunt,
3360 1496 3411 1542 et
3439 1485 3533 1541 dc-

1942 1581 2181 1654 pOpulati
2223 1591 2349 1636 sunt
2371 1582 2622 1655 (Arnob.,
2657 1580 2747 1637 lib.
2778 1598 2829 1645 ι,
2864 1598 2982 1652 pag.
3017 1579 3092 1650 5).

245 1672 659 1746 Hieronymum,
689 1677 765 1730 uti
792 1676 1045 1741 vidimus,
1082 1694 1187 1732 non
1232 1678 1522 1749 prohibuit,
1550 1683 1837 1752 quominus

2013 1662 2119 1730 Sed
2146 1685 2202 1735 ut
2231 1676 2476 1729 insanam
2511 1675 2722 1737 illorum
2758 1673 3014 1727 ferociam
3045 1671 3225 1727 adhuc
3268 1671 3534 1742 reprime-

245 1769 491 1825 Arnobio
521 1780 709 1824 nostro
740 1769 1180 1841 suifragareotnr.
1213 1772 1407 1829 Suidas
1436 1790 1595 1845 porro
1646 1789 1839 1831 secun-

246 1862 377 1917 dum
405 1861 749 1919 Zoroastrem
781 1875 1152 1921 astronomum
1182 1866 1319 1922 Nino
1373 1883 1610 1924 coaevum
1659 1872 1841 1926 existi-

244 1963 359 2009 mat
400 1953 601 2025 (Silii,
653 1956 722 2010 ad
763 1955 967 2011 verbum
1014 1958 1397 2037 Ζωροάστρης).
1458 1960 1594 2029 Quid
1643 1963 1837 2018 mirum

248 2056 430 2102 autem
462 2048 507 2103 si
535 2050 580 2102 is
603 2064 810 2119 magus,
838 2051 1003 2105 immo
1029 2063 1082 2106 et
1114 2053 1324 2123 magiae,
1357 2054 1430 2106 uti
1454 2053 1623 2119 aiunt,
1655 2054 1841 2110 inven-

252 2150 362 2205 tor,
405 2155 434 2195 s
477 2141 726 2211 plurimis
782 2152 898 2198 arte
952 2145 1155 2217 magica
1207 2145 1465 2203 adversus
1507 2144 1703 2202 Ninum
1740 2163 1837 2219 pu-

248 2246 446 2304 gnasse
483 2234 732 2291 dicatur?

322 2323 390 2380 Ut
415 2334 471 2380 ut
504 2327 595 2393 sit,
628 2326 762 2381 nulli
806 2326 1023 2382 dubium
1057 2328 1189 2385 illud
1220 2345 1340 2387 esse
1373 2340 1566 2402 potest,
1596 2334 1737 2408 quod
1765 2334 1833 2391 ad

244 2417 604 2474 conlutandos
648 2421 878 2491 gentiles
925 2425 1119 2478 asserit
1163 2426 1466 2489 Arnobius,
1496 2428 1682 2483 multis
1711 2443 1838 2486 ante

244 2508 598 2567 christianam
619 2512 934 2585 religionem
965 2516 1181 2571 saeculis
1220 2530 1369 2588 gesta
1394 2517 1559 2575 fuisse
1586 2520 1839 2592 Assyrios

253 2600 401 2656 inter
428 2611 484 2656 et
505 2602 815 2660 Bactrianos
845 2608 980 2663 bella
1011 2623 1073 2663 ac
1106 2610 1313 2679 praelia.

323 2694 438 2751 Nec
475 2698 649 2753 minus
674 2710 887 2755 constat
932 2700 1223 2772 Trojanum
1252 2704 1452 2758 bellum
1483 2704 1641 2776 longe
1677 2707 1838 2763 etiam

244 2798 408 2843 antea
438 2790 764 2858 conlectum,
799 2793 870 2848 ob
892 2794 1131 2860 Helenae,
1178 2797 1351 2867 inquit
1394 2808 1581 2853 auctor
1636 2810 1838 2866 noster,

243 2880 347 2936 diis
367 2882 583 2938 ducibus
612 2896 763 2954 atque
789 2886 1157 2957 impulsoribus
1179 2901 1387 2958 raptum
1422 2891 1658 2961 (Arnob,
1693 2892 1779 2947 lib.
1800 2909 1838 2962 l,

1944 1776 2059 1834 ret,
2102 1768 2169 1831 ah
2199 1769 2329 1839 ipsis
2352 1776 2474 1839 post
2499 1765 2893 1839 Tertullianum
2927 1765 3198 1836 postulat,
3246 1780 3370 1819 num
3415 1764 3537 1837 quis

1942 1875 2140 1935 negare
2170 1859 2339 1945 possit
2374 1869 2490 1930 post
2520 1859 2720 1916 Christi
2768 1870 2997 1914 mortem
3039 1858 3318 1913 imminuta
3361 1858 3531 1915 luisse

1945 1956 2082 2015 bella
2111 1997 2126 2021 ,
2176 1969 2239 2009 ac
2285 1954 2477 2009 mediis
2505 1970 2625 2029 quae
2667 1965 2854 2027 postea
2908 1953 3117 2009 ﬂuxere
3159 1952 3534 2024 temporibus,

1948 2046 2377 2108 innumerabiles
2418 2057 2721 2118 reportatas
2761 2048 3048 2115 victorias,
3098 2045 3340 2121 prolatos
3368 2046 3538 2115 impe-

1946 2145 2011 2200 rii
2044 2146 2213 2209 lines,
2255 2153 2565 2221 tantamque
2617 2142 2785 2199 fuisse
2826 2157 3059 2197 annona:
3112 2140 3532 2207 abundantiam,

1944 2246 2001 2294 ut
2047 2252 2165 2293 eam
2220 2250 2412 2291 omnes
2462 2235 2708 2293 admirati
2755 2233 3135 2311 obstupuerint
3191 2231 3533 2305 (Tertullian.

1942 2330 2186 2405 Apolog.,
2217 2346 2333 2401 cap.
2356 2327 2391 2395 4
2412 2369 2425 2392 ,
2459 2337 2504 2383 et
2532 2328 2594 2381 de
2620 2326 2826 2392 Pallio,
2855 2344 2972 2405 cap.
3013 2325 3077 2390 2;
3101 2325 3317 2390 Arnob.,
3362 2325 3451 2379 lib.
3486 2342 3534 2392 ι,

1942 2446 1995 2496 p.
2027 2426 2103 2499 9).
2150 2426 2341 2482 Nonne
2370 2424 2535 2483 etiam
2578 2424 2711 2477 alias
2751 2423 3097 2487 innumeras,
3138 2418 3534 2497 inquit(lbid.,

1940 2540 2061 2593 pag.
2100 2521 2194 2591 6),
2228 2519 2617 2590 prosperitates
2653 2516 3028 2586 secundosqne
3070 2523 3297 2569 eventus
3338 2513 3536 2568 Christi

1942 2614 2153 2683 legibus
2193 2612 2560 2679 institutisque
2598 2609 2894 2675 debemus,
2948 2606 3144 2678 quibus
3194 2606 3395 2660 malum
3440 2619 3537 2674 pro

1943 2706 2087 2762 malo
2114 2705 2333 2774 rependi
2372 2702 2716 2774 prohibetur,
2761 2716 2824 2755 ac
2868 2699 3181 2770 praecipitur
3229 2697 3409 2753 illatas
3453 2696 3536 2751 in-

1940 2798 2113 2869 jurias
2159 2797 2424 2867 patienter
2451 2795 2627 2860 ferri,
2669 2806 2938 2860 suumque
2970 2792 3173 2860 potius.
3207 2804 3366 2859 quam
3395 2787 3530 2843 alie-

1946 2907 2075 2946 num
2134 2876 2362 2945 inridere
2428 2887 2786 2957 sanguinem?
2843 2884 2974 2939 Tam
3031 2882 3224 2937 falsum
3277 2896 3406 2951 ergo
3456 2890 3539 2937 est

243 2990 370 3044 pag.
402 2974 771 3046 5).Sedi|lud
822 2978 1040 3035 uberius
1071 2980 1139 3035 ab
1183 2984 1483 3052 Augustino
1506 2988 1834 3055 eXpositum,
1869 3008 1914 3072 ρ
1946 2986 2271 3041 christianos
2324 2983 2656 3053 publicarum
2706 2981 3071 3035 calamitatum
3134 2990 3257 3032 esse
3312 2989 3536 3031 causam

242 3083 433 3130 contra
479 3077 701 3133 eosdem
754 3078 998 3135 ethnicos
1052 3082 1164 3150 pari
1216 3092 1374 3153 atque
1402 3083 1584 3145 abillo
1634 3084 1843 3141 ratione

238 3176 469 3236 urgetur
518 3167 783 3240 (August.,
818 3170 905 3223 lib.
937 3187 993 3225 nt
1022 3172 1086 3227 de
1122 3173 1293 3240 Civit.,
1328 3192 1444 3246 cap.
1478 3175 1513 3228 2
1544 3186 1590 3229 et
1630 3178 1681 3244 5,
1718 3195 1837 3248 pag.

244 3258 319 3316 60
347 3270 394 3313 et
416 3259 529 3332 61).
561 3259 771 3316 Nemini
797 3279 957 3334 porro
977 3280 1096 3319 cum
1125 3265 1239 3320 lucc
1263 3267 1439 3337 ignota
1466 3282 1587 3323 esse
1620 3281 1837 3340 queant,

236 3363 409 3424 atque
435 3354 504 3410 ab
522 3355 755 3411 Homero
784 3358 1009 3429 aliisque
1031 3375 1192 3431 quam
1214 3362 1458 3431 plurimis
1488 3364 1841 3431 scriptoribus

239 3446 755 3512 tradanturalusinS
780 3452 1052 3533 prosequi,
1085 3467 1544 3524 supervacaneum
1576 3467 1677 3512 est.

314 3538 466 3594 Nulli
517 3557 730 3613 quoque
786 3544 1180 3614 incompertum
1238 3556 1320 3601 est
1360 3548 1558 3603 Xerxis
1583 3548 1842 3605 adversus

236 3631 471 3688 Gratcos
496 3632 717 3703 bellum,
752 3636 891 3707 quod
916 3637 1188 3692 Arnobius
1233 3639 1475 3709 posthaec
1506 3641 1693 3695 iisdem
1724 3642 1841 3697 eth-

241 3725 395 3779 nicis
422 3727 611 3781 merito
638 3728 891 3798 objectat.
923 3726 1056 3783 Cum
1087 3746 1216 3785 vero
1267 3731 1395 3785 illud
1434 3730 1641 3787 Xerxes
1677 3732 1845 3799 illatu-

238 3831 352 3872 rus
372 3826 532 3886 esset,
559 3819 622 3875 ab
648 3819 842 3875 eodem
878 3823 1118 3877 Arnobio
1143 3821 1339 3878 dicitur
1371 3840 1509 3877 mare
1557 3826 1704 3879 terris
1748 3826 1846 3879 im-

238 3909 474 3970 misisse.
517 3910 759 3980 perfosso
805 3913 1056 3968 nimirum
1089 3898 1270 3969 monte
1320 3916 1479 3978 Atho,
1510 3926 1555 3970 et
1594 3917 1845 3987 gressibus

237 4004 545 4059 tramisisse
570 4008 734 4061 maria
778 4007 1021 4077 (Arnob.,
1067 4009 1155 4065 lib.
1187 4027 1223 4076 ι,
1257 4027 1377 4081 pag.
1410 4010 1488 4083 5).
1520 4010 1650 4080 Quae
1674 4012 1843 4067 Luca-

233 4110 351 4151 nus
374 4096 460 4149 his
480 4099 723 4153 versibus
751 4100 949 4155 cecinit
972 4119 985 4153 :

336 4210 488 4287 Tales
508 4212 633 4287 fama
657 4219 786 4287 canit
811 4220 1044 4287 tumidum
1069 4231 1219 4287 super
1243 4232 1437 4287 aequora
1462 4218 1681 4272 Xerxem

339 4275 685 4345 Construxisse
707 4281 822 4345 vias,
840 4281 1044 4345 multum
1067 4275 1177 4331 cuin
1198 4275 1427 4345 pontibus
1444 4296 1591 4334 ausus

338 4337 700 4409 Europamqth
718 4344 867 4403 Asiae,
893 4344 1170 4409 Sestonque
1194 4337 1409 4409 admovit
1434 4345 1623 4409 Abydo,

340 4399 651 4472 lucesjitque
677 4399 864 4472 filetum'
882 4406 1032 4468 rapidi
1057 4399 1208 4472 super
1235 4399 1563 4472 Hellesponii,

343 4462 452 4545 you
473 4462 685 4545 Earum.)
695 4462 1072 4545 Zephyrumque
1098 4462 1293 4528 timens,
1317 4462 1428 4519 cuni
1447 4462 1562 4521 vcla'
1579 4479 1814 4545 ratesque

344 4525 402 4576 In
425 4528 640 4583 medium
657 4525 881 4583 deferret
903 4525 1082 4583 Athon.

717 4611 943 4678 (Lucam,
968 4612 1051 4667 lib.
1067 4630 1101 4665 ιι
1124 4614 1380 4678 Pharsal.,
1396 4625 1506 4673 ante
1526 4617 1717 4684 linem).

315 4743 547 4801 Brevius
577 4745 935 4817 Hieronymus
966 4764 980 4801 :
1015 4765 1035 4798 ‹
1072 4747 1281 4803 Xerxes
1308 4749 1397 4805 ille
1438 4766 1533 4805 rex
1573 4754 1844 4820 potentis-

232 4839 416 4895 simus
437 4881 452 4902 ,
492 4839 583 4910 qui
605 4840 1117 4905 subvertitmontes,
1144 4845 1308 4897 maria
1333 4846 1645 4899 constravit.
1679 4865 1697 4897 ι
1730 4846 1837 4903 Sed

232 4932 315 4987 de
348 4929 431 4986 bis
463 4932 614 5003 plura
654 4932 988 5001 Herodotus,
1028 4934 1290 4991 Diodorus
1316 4937 1528 4993 Siculus
1548 4981 1564 5004 ,
1593 4939 1799 4996 Plinius
1820 4983 1836 5007 ,

224 5023 484 5081 Justinus
538 5024 862 5091 historicus,
912 5025 1226 5093 Iuvenalis,
1268 5037 1321 5084 et
1369 5029 1457 5083 alii
1510 5028 1835 5105 (Hieroym.,

229 5119 395 5189 epist.
438 5118 507 5173 ad
563 5117 874 5183 Heliodor.,
929 5138 1051 5191 pug.
1099 5121 1237 5187 2'75;
1275 5120 1559 5191 llerodot.,
1597 5124 1684 5180 lib.
1728 5142 1833 5193 vn,

232 5211 268 5280 ᾗ
310 5209 413 5277 l9,
473 5221 522 5266 et
564 5228 739 5282 seqq.;
791 5210 1043 5280 Dicdum,
1087 5214 1176 5269 lib.
1210 5230 1246 5267 ιι
1288 5213 1574 5283 Bibliotlt.,
1628 5236 1679 5289 p.
1729 5218 1839 5276 245

229 5315 288 5360 et
340 5320 524 5376 scqq.,'
592 5305 767 5375 Plin.,
824 5307 913 5365 lib.
960 5325 1012 5363 tv
1077 5307 1219 5364 Hist.
1278 5322 1494 5378 natur.,
1556 5329 1671 5383 cap.
1746 5314 1834 5382 10,

228 5416 371 5472 pag.
433 5400 564 5465 435;
617 5401 858 5471 Justin.,
935 5402 1024 5458 Ιώ.
1081 5419 1157 5471 n;
1202 5402 1488 5474 Juvenal.,
1532 5407 1681 5462 satir.
1734 5408 1833 5476 10,

227 5509 381 5549 vers.
416 5493 518 5550 175
550 5506 594 5549 et
622 5512 761 5567 seqq.
782 5496 826 5569 ).

314 5586 419 5643 Cui
448 5591 608 5645 etiam
659 5601 845 5648 notum
892 5594 1350 5667 manifestumque
1386 5596 1516 5652 illud
1564 5614 1670 5655 non
1716 5611 1839 5668 est,

227 5681 386 5756 quod
438 5680 707 5739 Arnobius
748 5685 1021 5757 subjungit
1070 5705 1083 5741 :
1137 5709 1156 5743 ‹
1214 5690 1289 5745 Ex
1337 5689 1663 5748 Macedonia:
1717 5694 1839 5750 lini-

238 5776 355 5830 bus
417 5789 556 5829 unus
609 5786 826 5835 exortus
904 5778 1254 5850 adolescens,
1295 5780 1527 5845 Orientis
1566 5801 1753 5865 regna.
1785 5798 1841 5848 et

1868 4320 1921 4380 D

1946 3096 2104 3152 quam
2171 3080 2470 3141 certissime
2542 3085 2758 3135 constat
2813 3090 2906 3133 eas
2951 3074 3328 3135 ethnicorum.
3380 3085 3534 3129 eom-

1946 3175 2218 3230 mentitios
2265 3172 2398 3229 deos
2432 3171 2726 3227 colentium
2754 3212 2770 3238 ,
2822 3168 3082 3240 impietati
3130 3175 3382 3245 acceptas
3416 3165 3537 3251 )ure

1946 3266 2293 3331 meritissimo
2323 3266 2533 3329 referri.

2018 3360 2169 3429 Quod
2204 3359 2421 3432 quidem
2458 3369 2511 3419 et
2539 3357 2664 3427 inde
2689 3357 2868 3435 adhuc
2893 3354 3171 3421 evidenter
3193 3353 3538 3415 demonstra-

1949 3465 2057 3523 tur,
2102 3455 2225 3526 quia
2267 3453 2457 3533 iisdem
2487 3451 2720 3515 ethnicis
2763 3466 2870 3527 non
2918 3450 3094 3515 Solum
3141 3462 3300 3519 verus
3356 3448 3535 3514 Deus,

1947 3549 2043 3607 sed
2093 3549 2308 3619 ipsimet
2353 3547 2566 3615 illorum
2604 3546 2677 3619 dii
2722 3544 3003 3617 desprctui
3044 3555 3362 3610 summpque
3403 3539 3541 3605 indi-

1948 3642 2069 3698 brio
2100 3651 2254 3707 erant
2282 3640 2606 3712 (Ibig.,pag.
2641 3640 2709 3701 15
2740 3648 2786 3697 et
2812 3637 2999 3711 seqq)
3032 3634 3309 3691 Mortalem
3342 3632 3541 3713 quippe

1948 3736 2021 3793 uti
2054 3732 2189 3812 ipl‘ra
2243 3742 2363 3807 post
2404 3732 2698 3799 Arnobinm
2742 3729 3076 3805 videbimus,
3128 3741 3318 3801 eorum
3365 3733 3540 3781 ortum

1948 3825 2247 3899 adulteria,
2295 3825 2511 3894 aliaque
2560 3823 2611 3881 in
2660 3822 2966 3887 hominibus
2997 3834 3101 3885 non
3137 3818 3413 3885 toleranda
3446 3817 3541 3877 lla-

1949 3903 2078 3997 gitia
2119 3934 2181 3989 ac
2226 3918 2451 3987 crimina
2491 3916 2828 3995 impudenter
2867 3914 3226 3986 prmdicantcs
3251 3953 3264 3977 ,
3300 3928 3404 3966 non
3449 3928 3542 3983 po-

1946 4023 2123 4077 terant
2167 4021 2251 4071 sat
2289 4010 2540 4082 gravibus
2583 4010 2790 4087 poenis,
2833 4018 2992 4081 atque
3041 4005 3432 4063 calamitatibus
3473 4005 3542 4061 ab

1948 4108 2013 4165 iis
2060 4086 2255 4176 puniri.
2307 4104 2415 4162 Sed
2463 4103 2533 4179 de
2586 4104 2666 4173 his
2727 4086 3027 4169 audiendus
3083 4102 3246 4161 etiam
3289 4099 3393 4157 erit
3442 4112 3542 4155 suo

1946 4201 2067 4269 loco
2093 4197 2476 4261 Tertullianus.

2543 4349 2837 4392 Ita'rtcuws
2875 4349 2947 4389 tv.
2968 4338 2974 4347 ‘

1946 4471 2296 4534 Respondetur
2318 4471 2528 4520 ethnicis
2550 4469 2912 4521 sciscitantibus
2926 4479 3037 4534 quae
3055 4466 3295 4534 malorum
3325 4478 3429 4534 Sive
3456 4479 3544 4534 pu-

2010 4486 2047 4524 ts
2115 4485 2296 4521 nuetur
2318 4485 2528 4520 etnmcrs
2550 4485 2912 4521 setscnanuuus
2926 4485 3037 4534 qua:
3061 4485 3295 4517 maiorum
3325 4485 3429 4515 swe
3456 4485 3537 4530 pu-

2010 4485 2245 4585 bllgarnm
2272 4534 2598 4603 calamitatum
2618 4534 2687 4603 sit
2708 4544 2873 4603 causa,
2890 4544 2945 4580 ac
2966 4528 3537 4603 proba-turidqttod‘uni

2010 4599 2213 4657 bonum,
2238 4596 2383 4647 alteri
2409 4609 2520 4647 esse
2539 4594 2733 4652 utalnm,
2761 4591 3039 4657 frustraque
3082 4592 3225 4653 obiici
3252 4591 3406 4645 victos
3421 4591 3541 4645 Ale-

2008 4655 2229 4721 maunus,
2254 4659 2379 4709 fame
2407 4665 2605 4721 necatos
2645 4657 2867 4721 Gt-tulos,
2910 4655 3298 4721 ct’_'l‘ingitauos,
3339 4665 3539 4721 proltter

2009 4716 2302 4772 christianos
2324 4734 2432 4769 cum
2458 4723 2533 4769 eis
2554 4719 2847 4771 habitantes.
2884 4716 3137 4780 mullqu
3177 4716 3443 4767 absurdius
3458 4731 3538 4766 as-

2007 4788 2108 4836 seri
2140 4785 2262 4835 deos
2284 4784 2461 4834 iisdem
2484 4783 2766 4835 christianis
2799 4782 2949 4833 luisse
2989 4781 3157 4839 iratos,
3190 4792 3243 4830 et
3274 4780 3368 4833 hoc
3399 4793 3540 4838 uten-

2009 4848 2205 4897 dacium
2226 4861 2254 4896 a
2276 4844 2567 4909 quibusdam
2605 4843 2996 4897 mendicantibus
3031 4842 3243 4891 ethnicis
3284 4856 3399 4892 esse
3422 4855 3539 4890 con-

2007 4910 2188 4960 lictum.

2015 5040 2093 5095 Ea
2119 5048 2237 5095 erat
2259 5036 2595 5105 ethnicorum
2618 5033 2832 5101 cmcitas
2853 5076 2869 5099 ,
2901 5043 2959 5093 ut
2985 5034 3228 5106 quamvis
3258 5033 3388 5097 deos
3411 5045 3539 5089 suos

1945 5134 2300 5201 maximorum
2349 5129 2633 5197 criminum
2669 5145 2792 5189 rcus
2820 5128 2993 5198 palam
3046 5136 3537 5195 asseveranterque

1940 5237 2197 5299 agerent.
2244 5236 2557 5292 persuasum
2603 5230 2779 5275 tamen
2826 5219 3116 5275 habuerint
3156 5234 3261 5273 non
3313 5218 3365 5272 in
3414 5218 3531 5285 sui,

1942 5320 2037 5376 sed
2068 5318 2121 5373 in
2151 5316 2572 5373 christiannrum
2606 5312 2791 5367 odium
2837 5313 3081 5368 homines
3115 5309 3341 5382 publicis
3369 5308 3536 5364 cladi-

1940 5413 2042 5469 bus
2104 5406 2607 5476 calamitatibusque
2665 5405 2830 5460 luisse
2902 5405 3200 5460 divexatos.
3249 5401 3531 5457 Instabaut

1942 5505 2123 5575 itaque
2155 5501 2578 5572 importuneque
2629 5499 2889 5570 petebant
2929 5498 2972 5552 si
3026 5504 3107 5551 tot
3153 5504 3538 5564 tantorumque

1945 5598 2213 5654 malorum
2264 5595 2549 5651 christiani
2606 5580 2771 5649 causa
2823 5609 2926 5647 non
2992 5590 3228 5657 fuerint,
3288 5604 3537 5659 quantam

1941 5692 2179 5765 pctuerit
2213 5705 2332 5746 csse
2376 5690 2597 5744 illorum
2633 5702 2797 5743 causa
2832 5694 2881 5739 et
2917 5685 3091 5757 origo.
3125 5682 3233 5738 Sed
3264 5682 3389 5754 quid
3423 5680 3541 5736 base

1949 5787 2026 5846 ad
2057 5785 2197 5848 nos?
2224 5785 2519 5861 respondet
2547 5782 2819 5840 Arnobius
2850 5780 3064 5854 (Arnob.
3085 5826 3102 5852 ,
3130 5781 3222 5836 lib.
3269 5796 3321 5849 ι,
3350 5793 3476 5850 pag.
3512 5778 3552 5834 6
