4158 6264
627 360 733 415 447

1915 349 2368 411 DISSEBTATIO
2409 348 2690 406 PRIEVIA

3813 347 3917 402 HR

627 485 674 528 et
716 474 794 545 7).
826 469 992 528 Nobis
1029 473 1310 528 enimvero
1359 470 1565 528 sufficit
1603 473 1821 528 illorum
1845 516 1859 538 ,
1918 469 2011 542 qui
2077 468 2213 523 mala
2245 470 2294 527 Λ
2320 463 2714 519 medicamento
2742 458 3087 535 (Dioscorid.,
3133 463 3222 517 lib.
3250 479 3323 529 tv,
3352 479 3471 536 cap.
3498 461 3622 528 Mi},
3653 471 3700 517 et
3727 462 3816 517 lib.
3841 478 3915 528 \‘I,

627 567 808 622 omnia
849 565 1161 623 christianis
1192 564 1515 632 attribuunt,
1565 564 1753 620 falsam
1799 564 2075 636 depulisse
2117 566 2216 620 ob-

627 659 1026 716 trectationem.
1060 658 1200 726 Quid
1237 669 1451 727 autem,
1492 658 1538 714 si
1580 674 1647 715 ex
1681 659 2076 715 elementorum
2107 662 2218 731 agi—

627 754 867 820 tatione,
921 753 1162 810 siderum
1216 753 1452 809 motibus
1494 793 1512 818 ,
1563 763 1727 822 alque
1771 753 2015 808 materia:
2063 753 2215 818 fece,

627 851 1047 906 nocentissimos
1075 850 1468 922 pestiferosque
1495 865 1760 916 vapores,
1805 859 1865 903 ut
1906 848 2069 904 docet
2104 846 2218 904 Sc-

627 959 759 999 neca
781 984 796 1009 ,
826 943 1146 1012 exhalante,
1199 942 1476 998 oriantur?
1508 940 1716 1015 (Senec.
1736 982 1752 1008 ,
1781 940 1871 995 lib.
1919 956 1991 996 vn
2023 938 2214 996 Nalnr.

625 1048 830 1110 quiusa,
863 1055 984 1110 pag.
1017 1036 1175 1107 465.)

701 1131 969 1186 Praeterea
1019 1145 1140 1201 quae
1195 1128 1545 1193 hominibus,
1604 1127 1784 1184 omnia
1832 1129 2220 1184 commoditate

627 1240 725 1281 sua
765 1224 1144 1295 metientibus},
1195 1225 1335 1280 mala
1364 1225 1635 1287 videntur,
1660 1238 1854 1294 reapse
1885 1224 1985 1293 ipsi
2019 1222 2220 1277 mundo

625 1319 769 1374 bona
816 1328 941 1373 sunt
971 1317 1190 1389 (Arnob.
1214 1362 1230 1387 ,
1263 1316 1436 1391 ibid.).
1471 1317 1682 1372 Diluvia
1708 1317 1974 1390 siquidem
2002 1317 2218 1372 mundi-

626 1425 735 1482 que
763 1409 1220 1482 conflagrationes
1248 1425 1277 1465 a
1312 1409 1540 1465 Platone
1566 1425 1674 1464 non
1703 1409 1891 1466 mundi
1922 1408 2217 1482 pernicies,

627 1504 722 1559 sed
746 1545 762 1568 ,
790 1504 930 1560 sicut
959 1503 1029 1560 ab
1053 1503 1287 1575 Origene
1308 1545 1323 1569 ,
1352 1514 1406 1558 et
1431 1519 1460 1558 a
1487 1503 1643 1559 nobis
1669 1503 1800 1559 alibi
1831 1503 2181 1559 observatum
2203 1546 2216 1570 ,

627 1597 870 1668 ejusdem
898 1598 1082 1653 mundi
1103 1597 1348 1670 purgatio
1369 1607 1664 1653 censentur
1695 1595 1970 1668 (Plato,in
2001 1595 2215 1662 Timaeo,

628 1703 748 1746 tam.
774 1707 865 1758 ιιι,
898 1709 952 1761 p.
983 1690 1141 1756 29.,et
1172 1691 1263 1745 lib.
1289 1706 1345 1746 ιιι
1371 1691 1434 1744 de
1453 1690 1607 1762 Leg.,
1629 1699 1751 1744 tom.
1783 1707 1840 1757 ιι,
1875 1707 1994 1762 pag.
2027 1690 2152 1758 676,
2171 1701 2220 1746 et

627 1799 804 1854 seqq.;
857 1781 1041 1854 0rig.,
1097 1783 1190 1836 lib.
1235 1798 1288 1836 IV
1329 1792 1493 1837 contr.
1540 1779 1712 1848 Cels.,
1762 1800 1882 1855 pag.
1915 1783 2058 1850 175;
2118 1783 2220 1838 Su-

2329 576 2446 628 cap.
2478 556 2592 628 55).
2623 554 2730 611 Cur
2759 564 2934 611 autem
2970 556 3450 629 venenatafcreata
3483 557 3621 621 sint,
3667 553 3793 610 alibi
3830 555 3914 608 vi-

2319 651 2594 707 debimus.

2394 745 2631 814 Denique
2657 743 2863 798 nullum
2881 784 2896 809 ,
2920 743 2995 797 ait
3023 742 3324 810 Arnobius,
3349 752 3553 797 natura}
3576 741 3762 796 vitium
3794 750 3904 806 est,

2319 842 2364 896 si
2411 839 2639 894 ovilibus
2687 847 2742 892 et
2776 837 2979 892 laniciis
3011 835 3295 892 insidietur
3343 837 3537 907 lupus,
3569 843 3625 890 et
3666 848 3898 905 serpens

2320 950 2506 992 morsu
2559 934 2833 989 hominem
2881 929 3093 987 occidat
3144 930 3401 1002 (Arnob.,
3449 929 3536 983 lib.
3569 945 3625 994 ι,
3677 945 3801 1000 pag.
3832 928 3911 999 8).

2319 1028 2455 1084 Vide
2484 1036 2660 1082 autem
2690 1035 2868 1082 utrum
2911 1024 2982 1080 ibi
3029 1023 3120 1080 ille
3159 1023 3227 1078 ad
3269 1023 3366 1079 hos
3394 1036 3503 1078 non
3529 1020 3912 1078 collineaverit

2326 1121 2524 1192 Virgilii
2557 1135 2747 1176 versus
2781 1140 2794 1176 :

2415 1240 2483 1287 Ae
2509 1240 2661 1289 veluti
2683 1239 2830 1302 pleno
2853 1239 2995 1302 lupus
3010 1238 3267 1288 insidiatus
3289 1236 3428 1289 ovili.

2813 1319 3041 1388 (Virgil.,
3067 1320 3153 1374 lib.
3179 1337 3224 1372 vi
3245 1318 3455 1382 .azneid.,
3479 1332 3587 1370 vers
3625 1318 3727 1383 59).

2323 1427 2392 1484 Et
2414 1427 2517 1483 alio
2547 1427 2600 1484 in
2629 1426 2769 1482 libro
2800 1447 2812 1482 :

3040 1542 3096 1591 Si
3120 1541 3208 1592 tibi
3232 1540 3462 1590 lanicium
3485 1551 3635 1589 curae.

2970 1603 3094 1668 (Lib.
3121 1619 3170 1653 ιιι
3197 1603 3392 1669 Georg,
3421 1614 3547 1652 vers.
3571 1601 3708 1663 384.)

2324 1713 2565 1784 Simplici
2587 1713 2849 1784 siquidem
2871 1712 3051 1768 lanicii
3067 1713 3286 1767 nomine
3305 1720 3530 1781 uterque
3545 1725 3699 1778 oves,
3717 1723 3916 1780 agnos,

2325 1819 2685 1876 vervecesque
2706 1804 3140 1873 comprehendit.
3168 1804 3401 1876 Superbi
3422 1818 3583 1874 porro
3603 1811 3660 1858 et
3682 1803 3912 1858 nimium

628 1893 718 1948 per
762 1875 1022 1931 dissertet.
1063 1876 1118 1930 in
1163 1874 1578 1944 Minuc.0ctav.,
1610 1893 1726 1947 cap.
1758 1893 1812 1944 ι,
1842 1888 1942 1932 art.
1969 1878 2049 1948 4).
2079 1875 2217 1942 Quid

2326 1899 2626 1969 arrogantis
2685 1897 2916 1954 hominis
2965 1896 3236 1954 Arnobius
3298 1912 3421 1952 esse
3469 1904 3750 1952 asseverat
3801 1895 3919 1950 Deo

629 1983 782 2036 vero,
810 1967 953 2040 quod
984 1976 1316 2039 temperatus
1341 1969 1476 2024 solis
1501 1969 1684 2036 ardor,
1714 1981 1770 2024 ut
1800 1970 1875 2024 ait
1912 1969 2214 2038 Arnobius,

630 2061 818 2118 multis
873 2062 1128 2134 prodest,
1175 2078 1335 2134 quem
1361 2063 1561 2134 aliquis
1588 2073 1768 2120 tamen
1810 2065 2216 2135 voluptuarius,

628 2171 695 2212 eo
721 2157 916 2212 torreri
941 2157 1168 2225 solitus,
1202 2158 1365 2212 nimis
1396 2157 1769 2226 moderatum,
1812 2168 1905 2213 aut
1931 2159 2034 2214 sibi
2065 2159 2218 2232 peni-

628 2259 715 2305 tus
768 2249 1008 2306 ablatum
1053 2251 1425 2322 conqueritur.
1479 2250 1554 2306 lbi
1583 2262 1762 2307 autem
1812 2251 1882 2307 od
1927 2252 2079 2308 illum
2115 2253 2220 2309 Ar-

628 2343 822 2400 nobius
879 2343 1070 2402 alludit
1124 2360 1369 2412 morem,
1433 2359 1540 2416 quo
1590 2345 1717 2400 olim
1777 2345 1970 2400 molles
2014 2343 2219 2400 ethnici

627 2446 752 2492 ante
781 2436 961 2494 cibum
987 2437 1231 2495 exerceri
1256 2483 1270 2506 ,
1302 2453 1365 2492 ac
1389 2447 1576 2510 postea
1601 2437 1669 2492 ad
1700 2437 1872 2493 solem
1893 2436 1979 2491 vel
2010 2437 2215 2509 ignem,

627 2531 714 2590 vel
744 2531 999 2589 balneum
1043 2534 1167 2605 ungi
1192 2539 1605 2588 consueverant.
1641 2531 1791 2588 Unde
1817 2531 2033 2588 Persius
2068 2549 2082 2586 :

905 2647 1114 2699 Assiduo
1136 2652 1304 2698 curata
1325 2646 1535 2698 cuticula
1556 2645 1680 2698 sole.

697 2754 766 2812 Et
797 2756 957 2826 paulo
990 2764 1112 2825 post
1146 2775 1160 2812 :

719 2870 782 2920 At
803 2872 847 2920 si
871 2875 1048 2921 unctus
1069 2881 1240 2934 cesses
1263 2879 1318 2919 et
1338 2869 1463 2934 ﬁgas
1477 2873 1535 2934 in
1559 2875 1675 2920 cute
1697 2870 1874 2921 solem.

1186 2929 1538 2996 (Pers.,'satir.
1564 2934 1613 2996 4,
1641 2947 1764 2986 vers.
1792 2935 1910 2984 lSet
1929 2935 2034 2996 35.)

697 3038 973 3095 Juvenalis
1002 3053 1137 3094 vero
1169 3054 1183 3092 :

717 3152 895 3214 Nostra
916 3153 1052 3203 bibat
1072 3165 1278 3202 vernum
1301 3157 1551 3202 contracta
1573 3153 1782 3203 cuticula
1803 3152 1978 3214 solem,

716 3213 1030 3278 Eﬁ'ugiatque
1049 3223 1231 3278 togam,
1243 3217 1343 3278 jam
1361 3228 1493 3264 nunc
1510 3217 1562 3265 in
1580 3215 1777 3277 balnea,
1804 3219 1940 3265 salva

720 3276 924 3340 Fronte,
941 3276 1064 3327 licet
1087 3277 1248 3332 vadas.

1313 3339 1534 3400 (lavem,
1554 3341 1693 3392 satir.
1719 3342 1798 3402 12,
1824 3340 1876 3392 in
1920 3341 2035 3407 fin.)

628 3444 725 3502 llis
754 3443 938 3516 itaque
966 3445 1100 3500 solis
1123 3445 1289 3502 ardor
1310 3454 1472 3502 tanta:
1499 3447 1762 3518 voluptati
1788 3456 1904 3502 erat
1926 3489 1940 3513 ,
1959 3455 2219 3517 quantum

626 3538 716 3594 alii
744 3553 867 3594 cum
894 3537 997 3593 sibi
1024 3539 1320 3594 obnoxium
1349 3539 1752 3595 existimabant.

696 3633 879 3704 Pergit
906 3633 1182 3690 Arnobius
1213 3634 1368 3690 nobis
1389 3651 1496 3691 non
1524 3650 1648 3690 esse
1677 3645 2014 3707 compertum
2037 3646 2218 3691 utrum

625 3724 972 3798 pestilentiae,
1001 3725 1212 3791 morbi,
1248 3726 1445 3792 fames,
1479 3738 1534 3782 et
1560 3729 1680 3782 alia:
1703 3728 1970 3799 ejusmodi
1998 3730 2220 3785 calami-

627 3833 767 3879 tates
791 3838 896 3879 non
926 3822 1050 3878 ideo
1087 3823 1488 3890 interveniant;
1537 3832 1595 3878 ut
1649 3839 1770 3893 quae
1816 3825 1869 3878 in
1908 3824 2111 3880 mundo
2141 3827 2221 3880 vi-

627 3917 827 3972 dentur
872 3915 1176 3972 redundare
1196 3959 1212 3982 ,
1243 3933 1307 3972 ex
1352 3931 1418 3972 eo
1449 3915 1706 3971 tollantur
1735 3917 1984 3988 (Arnob.,
2017 3918 2106 3972 lib.
2165 3936 2217 3984 ι,

626 4029 746 4083 pag.
779 4010 856 4082 8).
898 4010 1264 4066 Tertullianus
1285 4010 1550 4082 siquidem
1578 4010 1721 4065 haud
1748 4009 2060 4066 dubitanter
2085 4014 2221 4069 scri-

624 4104 705 4159 bit
756 4121 770 4157 :
835 4122 854 4155 ι
919 4102 1129 4158 Revera
1169 4102 1322 4169 lues,
1354 4111 1411 4158 et
1450 4100 1624 4157 fames
1649 4144 1663 4167 ,
1704 4111 1759 4156 et
1794 4101 1970 4170 bella,
2020 4111 2079 4158 et
2119 4119 2218 4158 vo-

625 4195 842 4267 ragines
881 4195 1156 4250 civitatum
1181 4237 1196 4259 ,
1239 4209 1337 4265 pro
1390 4193 1635 4250 remedio
1683 4192 1990 4264 deputanda
2015 4236 2030 4262 ,
2078 4204 2219 4249 tam-

626 4303 788 4359 quam
832 4297 1053 4343 tonsura
1088 4287 1438 4343 inolescentis
1472 4287 1690 4359 generis
1731 4285 1952 4342 humani
1987 4305 2006 4338 ι
2060 4286 2216 4360 (Ter-

627 4381 858 4448 tullian.,
890 4383 981 4437 lib.
1011 4382 1074 4436 de
1110 4382 1312 4451 Anim.,
1343 4397 1460 4451 cap.
1491 4381 1604 4453 50).

700 4473 864 4529 Addit
887 4482 1078 4530 auctor
1104 4483 1290 4529 noster
1317 4474 1588 4529 immerito
1629 4474 1878 4530 concludi
1923 4485 2216 4543 veratrum,

629 4569 682 4624 id
703 4579 817 4638 est,
852 4569 1004 4623 utait
1040 4567 1247 4624 Plinius
1267 4611 1282 4634 ,
1314 4567 1616 4624 elleborum
1651 4567 1772 4623 ideo
1806 4570 1954 4625 nasci
1984 4585 2092 4624 non
2122 4570 2217 4626 de-

630 4661 813 4716 buisse
833 4661 957 4730 quia
990 4659 1296 4716 hominibus
1323 4675 1653 4715 venenosum
1673 4670 1754 4715 est
1771 4660 1984 4730 (Arnob.
2009 4703 2024 4727 ,
2047 4661 2137 4716 lib.
2162 4678 2213 4728 ι,

629 4776 684 4829 p.
704 4757 768 4824 8;
805 4755 951 4810 Plin.
976 4798 990 4820 ,
1024 4755 1113 4810 lib.
1145 4771 1246 4810 xxv
1283 4753 1424 4810 Hist.
1450 4768 1623 4811 natur.
1647 4801 1661 4823 ,
1697 4773 1814 4824 cap.
1837 4756 1889 4823 5,
1917 4773 2038 4827 pag.
2058 4755 2211 4827 591).

633 4851 847 4908 Homini
872 4851 1069 4922 quippe
1086 4851 1132 4906 si
1162 4849 1461 4906 veneficum
1496 4851 1599 4916 sit,
1623 4852 1804 4923 capris
1829 4862 1883 4907 et
1922 4853 2220 4909 coturnici-

631 4948 730 5002 bus
750 4989 765 5012 ,
801 4955 858 5001 ut
887 4945 1035 5001 canit
1059 4945 1343 5002 Lucretius
1365 4989 1381 5014 ,
1408 4945 1630 5018 prodest
1659 4964 1673 4999 :

724 5061 976 5112 Prarterea
1000 5063 1140 5112 nobis
1157 5071 1405 5112 veratrum
1430 5069 1508 5112 est
1530 5077 1643 5113 acre
1669 5076 1919 5114 venenum
1945 5081 1954 5115 :

724 5125 787 5174 At
809 5126 967 5189 capris
988 5126 1161 5188 adipes
1185 5133 1240 5176 et.
1260 5127 1594 5175 coturnicibus
1617 5133 1784 5189 auget.

1251 5208 1488 5270 (Lucret.,
1509 5205 1593 5260 lib.
1622 5225 1686 5272 IV,
1709 5209 1842 5261 circa
1881 5210 2038 5273 mea.)

631 5336 914 5393 Rationem
951 5336 999 5390 si
1037 5352 1280 5407 quaeras,
1313 5337 1454 5393 hanc
1495 5338 1683 5395 reddet
1711 5340 1805 5395 tibi
1851 5341 2172 5397 Ambrosius
2204 5361 2218 5397 :

638 5453 655 5482 ι
699 5431 1044 5488 tlelleborum
1090 5431 1246 5501 periti
1281 5431 1574 5501 loquuntur
1613 5447 1790 5488 escam
1832 5449 1988 5502 esse,
2029 5444 2085 5489 et
2121 5433 2224 5489 ali-

632 5523 865 5578 moniam
928 5524 1298 5588 coturnicum,
1359 5537 1426 5578 eo
1482 5524 1625 5594 quod
1698 5526 1930 5581 naturali
1983 5525 2218 5598 quodam

634 5628 1062 5686 temperamento
1114 5619 1194 5671 sui
1238 5617 1482 5688 corporis
1524 5617 1631 5671 vim
1665 5617 1842 5688 pabuli
1895 5620 2067 5674 noctis
2104 5620 2220 5674 evi-

631 5720 749 5768 tent
797 5730 816 5762 ι
884 5710 1181 5783 (Ambros.,
1242 5712 1334 5767 lib.
1396 5727 1452 5767 ιιι
1537 5710 1711 5777 ch.,
1771 5728 1888 5781 cap.
1923 5712 1992 5778 9,
2041 5712 2069 5783 §
2113 5715 2219 5777 59.

633 5821 752 5873 pag.
780 5802 894 5874 18).
932 5803 1273 5859 Dioscorides
1299 5819 1429 5860 vero
1449 5847 1465 5872 ,
1515 5804 1768 5875 illiusque
1813 5803 2082 5874 interpres
2115 5804 2221 5860 Ma-

633 5895 832 5952 thiolns
873 5897 1070 5953 docent
1098 5897 1396 5954 elleborum
1433 5899 1614 5957 album
1646 5898 1830 5956 multis
1866 5897 2071 5956 morbis
2101 5913 2223 5956 esse

2321 2007 2438 2048 eam
2471 1989 2612 2046 ferre
2641 1991 3040 2057 conditionem,
3073 2001 3134 2048 ut
3175 1989 3320 2063 quod
3373 1990 3662 2062 unicuique
3703 1990 3918 2063 placet,

2330 2085 2382 2141 id
2409 2084 2666 2140 continuo
2693 2084 2870 2141 facere
2897 2084 3116 2141 debeat.

2393 2175 2500 2231 Sed
2540 2185 2887 2231 contumaces
2910 2174 3142 2240 ethnici,
3176 2175 3310 2232 nihil
3338 2175 3514 2232 adhuc
3539 2175 3914 2241 remittentes,

2323 2267 2597 2322 instabant
2639 2282 2746 2322 non
2787 2268 2960 2323 solum
3004 2276 3160 2336 ante,
3193 2267 3288 2324 sed
3340 2278 3463 2339 post
3511 2267 3919 2326 disseminatam

2321 2362 2667 2417 cbristianam
2722 2362 3071 2434 religionem,
3133 2377 3197 2417 ac
3262 2371 3485 2434 propter
3549 2362 3917 2428 christianos,

2321 2469 2446 2510 cum
2483 2455 2606 2509 aliis
2653 2454 2941 2525 permistos
2967 2496 2982 2520 ,
3026 2452 3165 2508 bella
3199 2452 3490 2509 infeliciter
3535 2461 3719 2525 gesta,
3755 2469 3918 2522 agros

2321 2548 2608 2604 sterilitate
2650 2547 2924 2613 incultos,
2979 2555 3143 2615 atque
3195 2554 3416 2602 enectos
3455 2544 3599 2602 fame
3645 2545 3923 2602 homines.

2323 2640 2521 2696 Verum
2573 2649 2677 2694 tam
2735 2640 2858 2695 leve
2909 2638 3134 2693 rationis
3193 2647 3524 2694 momentum
3564 2637 3634 2692 ab
3680 2637 3922 2694 Arnobio

2321 2731 2484 2789 facile
2503 2730 2966 2788 destruitur.Nam
2986 2739 3042 2785 ut
3061 2730 3198 2785 scite
3219 2729 3310 2784 ille
3330 2730 3528 2800 arguit,
3549 2730 3593 2785 si
3610 2728 3925 2796 Alemanni,

2323 2823 2392 2879 de
2423 2824 2618 2894 quibus
2645 2823 2914 2878 Eusebius
2943 2832 2999 2878 et
3043 2822 3167 2888 alii,
3225 2830 3444 2893 propter
3483 2821 3789 2876 habitantes
3829 2836 3922 2875 se-

2322 2932 2443 2972 cum
2491 2916 2853 2983 christianos,
2901 2932 2930 2970 a
2985 2915 3245 2971 Romanis
3293 2915 3421 2973 victi
3458 2926 3619 2983 sunt,
3671 2916 3920 2972 eamdem

2325 3007 2566 3078 profecto
2586 3007 2656 3063 ob
2688 3008 2953 3062 rationem
2975 3005 3191 3077 ipsimct
3208 3007 3436 3063 Romani
3461 3022 3584 3063 cum
3605 3007 3920 3065 christianis

2323 3100 2602 3172 permisti,
2633 3100 2772 3154 vinci
2817 3099 3124 3156 debuerunt
3173 3099 3429 3170 (Arnob.,
3461 3101 3552 3155 lib.
3601 3116 3655 3165 ι,
3709 3117 3834 3172 pag.
3885 3101 3919 3156 9

2321 3204 2367 3248 et
2409 3211 2588 3264 scqq.;
2623 3192 2809 3247 Euseb.
2835 3234 2848 3255 ,
2879 3193 2932 3247 in
2963 3191 3156 3246 Chron.
3176 3233 3192 3256 ,
3222 3194 3290 3246 ad
3316 3209 3440 3247 ann.
3471 3193 3612 3248 1277
3643 3202 3689 3247 et
3731 3193 3922 3257 1516).

2273 3321 2292 3340 η
2324 3286 2380 3341 Si
2413 3301 2594 3340 mures
2642 3294 2696 3340 et
2742 3285 2998 3350 locustm,
3048 3284 3231 3339 Asiam
3272 3299 3336 3338 ac
3373 3283 3585 3356 Syriam
3631 3285 3922 3356 aliquando

2275 3363 2293 3381 ¹
2325 3379 2680 3443 infestarunt,
2709 3393 2804 3432 cur
2841 3392 2948 3431 non
2978 3375 3293 3446 Hispaniam
3319 3391 3537 3447 quoque
3568 3392 3632 3431 ac
3661 3376 3921 3442 Galliam,

2325 3471 2413 3527 ubi
2445 3471 2695 3525 similiter
2727 3470 2907 3541 plures
2931 3468 3197 3540 degebant
3222 3469 3536 3524 christiani?
3566 3469 3622 3524 Si
3651 3469 3834 3526 Getnli
3866 3484 3922 3528 et

2327 3565 2636 3637 Tangitani,
2669 3565 2760 3636 qui
2791 3565 2865 3619 uti
2896 3563 3054 3630 Mela,
3091 3562 3303 3630 Strabo,
3338 3563 3575 3629 Plinius,
3609 3563 3925 3630 Sallustius,

2323 3659 2521 3730 aliique
2545 3659 2870 3730 perhibent,
2903 3657 3100 3714 Africa:
3124 3658 3307 3730 populi
3335 3668 3525 3725 erant,
3556 3659 3802 3717 siccitate
3824 3703 3839 3727 ,
3870 3671 3925 3717 et

2323 3754 2572 3810 ariditate
2593 3795 2608 3820 ,
2639 3754 2724 3808 vel
2750 3753 2891 3808 fame
2907 3753 3002 3808 alii
3024 3754 3342 3823 gravissime
3369 3753 3610 3808 aﬂlictati
3636 3765 3791 3822 sunt,
3822 3771 3922 3812 cur

2323 3847 2488 3903 Mauri
2511 3891 2524 3914 ,
2550 3856 2604 3903 et
2625 3846 2914 3908 Nomades,
2947 3854 3001 3900 et
3027 3845 3121 3901 alii
3145 3860 3489 3901 communem
3518 3861 3642 3902 cum
3667 3849 3920 3904 christia-

2325 3939 2408 3994 nis
2435 3939 2594 3994 vitam
2621 3946 2865 4008 agentes,
2897 3947 3242 3993 messuerunt
3265 3945 3481 4008 segetes
3511 3938 3918 4009 amplissimas?

2323 4031 2530 4088 Eodem
2555 4032 2873 4086 Ambrosius
2901 4039 3220 4101 argumento
3247 4031 3500 4102 gentilem
3529 4030 3916 4103 Symmachum

2322 4124 2510 4180 cadent
2559 4123 2918 4194 objectantem
2973 4122 3169 4178 refellit
3212 4122 3406 4193 (Mela,
3454 4123 3544 4178 lib.
3596 4141 3644 4190 I;
3694 4125 3873 4180 Strab.
3902 4170 3917 4196 ,

2327 4221 2418 4275 lib.
2467 4235 2579 4275 xvu
2636 4218 2860 4290 Geogr.,
2915 4235 3036 4291 pag.
3066 4217 3202 4283 8'29;
3262 4215 3437 4282 Plin.,
3481 4219 3570 4272 lib.
3614 4235 3680 4286 tt,
3713 4237 3829 4291 cap.
3859 4223 3916 4283 2,

2322 4331 2444 4387 pag.
2476 4314 2614 4381 627,
2647 4324 2693 4368 et
2723 4313 2810 4368 lib.
2847 4329 2974 4381 ut,
3004 4329 3122 4382 cap.
3158 4312 3256 4376 15,
3298 4329 3420 4383 pag.
3456 4313 3557 4378 15;
3602 4311 3807 4369 Salust.
3854 4315 3918 4367 de

2321 4407 2466 4464 Bello
2495 4409 2731 4479 Jugurt.,
2759 4409 2911 4478 longe
2955 4417 3067 4477 post
3095 4406 3210 4460 init.
3237 4423 3251 4472 ;
3284 4407 3519 4460 Ambros.
3548 4450 3562 4472 ,
3604 4408 3756 4479 epist.
3809 4408 3878 4464 18
3900 4450 3914 4472 ,

2321 4501 2348 4571 §
2379 4501 2445 4557 19
2475 4509 2522 4554 et
2547 4517 2684 4571 seqq.
2709 4543 2724 4568 ,
2753 4517 2875 4574 pag.
2923 4498 3084 4570 858).
3138 4507 3170 4551 ’ές
3546 4567 3554 4575 ἱ

2393 4593 2534 4648 Nihil
2583 4592 2766 4664 itaque
2805 4593 3016 4647 veritati
3059 4592 3232 4663 magis
3289 4592 3622 4648 contrarium
3654 4607 3718 4648 ac
3747 4609 3919 4664 repu-

2247 4723 2301 4784 Β
2324 4702 2498 4760 gnans
2525 4686 2651 4757 fingi
2698 4695 2907 4756 poterat
2935 4685 3171 4740 absurda
3203 4685 3293 4740 illa
3341 4685 3691 4741 ethnicorum
3733 4687 3918 4742 crimi‘

2325 4779 2582 4844 natione,
2632 4794 2733 4846 qua
2788 4778 2884 4832 has
2924 4777 3266 4832 calamitates
3312 4794 3343 4830 a
3393 4777 3498 4832 diis
3544 4777 3623 4832 ira
3667 4778 3719 4832 in
3775 4776 3921 4833 chri-

2324 4875 2528 4928 stianos
2567 4872 2802 4928 incensis
2829 4870 3003 4925 illatas
3027 4887 3297 4942 nunquam
3329 4886 3432 4925 non
3458 4868 3914 4927 vociferabantur.

2327 4964 2525 5021 Verum
2565 4966 2680 5019 Inec
2706 4964 2942 5019 Arnobio
2981 4965 3112 5018 satis
3161 4980 3266 5018 non
3314 4963 3528 5018 fuerunt
3553 5007 3568 5028 ,
3616 4979 3680 5020 ac
3711 4965 3916 5035 duplici

2327 5060 2504 5116 adhuc
2545 5068 2864 5131 argumento
2928 5058 3184 5112 insulsam
3232 5057 3370 5110 hanc
3414 5057 3781 5128 opinationem
3826 5075 3917 5114 re-

2325 5155 2462 5210 fellit
2502 5152 2750 5226 (Arnob.,
2788 5149 2876 5204 lib.
2911 5167 2960 5216 ι,
2992 5168 3112 5221 pag.
3148 5147 3229 5220 9).
3260 5149 3390 5204 Nam
3440 5151 3686 5220 quamvis
3728 5167 3916 5207 verum

2329 5258 2504 5312 esset,
2555 5245 2698 5317 quod
2753 5257 2964 5312 tamen,
3021 5245 3092 5298 uti
3145 5258 3268 5298 mox
3324 5243 3662 5309 videbimus,
3719 5243 3915 5300 falsum

2327 5357 2450 5398 esse
2477 5341 2787 5403 contendit,
2821 5340 2954 5395 deos
2996 5349 3218 5410 propter
3243 5351 3495 5407 acceptas
3525 5356 3554 5394 a
3604 5341 3919 5396 christianis

2328 5433 2551 5504 injurias
2605 5432 2682 5487 ira
2737 5431 3096 5496 inflammari,
3151 5431 3472 5502 iniquissimi
3522 5445 3670 5487 certe
3711 5433 3918 5498 forent,

2329 5527 2374 5580 si
2438 5527 2489 5580 in
2542 5540 2725 5580 earum
2766 5523 3024 5579 ultionem
3058 5538 3162 5578 non
3194 5523 3366 5579 solum
3415 5524 3775 5591 christianos,
3819 5526 3917 5581 sed

2327 5621 2488 5675 etiam
2519 5621 2765 5675 ethnicos
2785 5663 2798 5686 ,
2834 5619 2938 5674 hoc
2963 5629 3046 5674 est
3067 5661 3080 5682 ,
3130 5629 3187 5673 ut
3221 5617 3292 5672 illi
3322 5619 3701 5691 opinabantur,
3731 5628 3919 5674 sontes

2327 5723 2378 5768 et
2409 5712 2649 5767 insontes
2676 5711 2785 5766 ullo
2811 5712 3016 5782 absque
3045 5711 3358 5766 discrimine
3384 5711 3627 5782 puniant.
3667 5712 3724 5766 Si
3770 5713 3918 5769 enim

2329 5805 2437 5860 veri
2470 5813 2622 5858 erant
2648 5803 2720 5858 dii
2746 5847 2760 5870 ,
2799 5812 3050 5875 poterant
3092 5804 3276 5874 utique
3301 5803 3540 5858 cultores
3561 5817 3689 5857 suos
3729 5805 3916 5859 omni-

2329 5897 2427 5953 bns
2453 5896 2728 5953 cumulare
2761 5897 2916 5950 bonis
2939 5939 2953 5963 ,
2981 5912 3043 5951 ac
3084 5895 3230 5951 solos
3282 5893 3632 5962 christianos,
3676 5895 3779 5948 sibi
3832 5896 3915 5950 in-
