4166 6256
235 263 344 321 Ηθ

1514 260 1575 316 ΙΝ
1617 257 1993 322 ARNOBIUM,
2034 256 2186 314 CAP.
2223 258 2309 313 Vl.

3418 260 3524 317 450

231 372 476 442 t‘cnsos,'
507 372 758 431 omnibus
801 371 1198 430 calamitatibus
1245 382 1300 430 et
1339 375 1572 431 miseriis
1601 392 1698 447 pro
1725 393 1834 432 me-
1864 382 1913 442 Α
1941 375 2047 429 Ιυιιι
2103 375 2326 444 publicis
2363 372 2795 439 calamitatibus,
2841 372 2934 429 sed
2986 372 3054 428 ab
3093 373 3327 430 ethnicis
3364 375 3526 433 etiam

236 467 343 522 rito
391 469 618 540 punire,
647 483 840 522 vexare
861 510 876 532 ,
910 482 1128 523 necare.
1159 465 1271 523 Non
1311 483 1441 538 ergo
1483 467 1550 523 ad
1586 483 1682 523 eos
1721 468 1836 539 ple-

235 559 472 615 ctendos
517 569 801 628 expectare
828 557 1096 613 debebant
1144 559 1313 613 multo
1368 559 1538 614 levius
1577 570 1632 615 et
1688 560 1838 614 infir-

235 654 382 709 mius
413 653 726 710 eorumdem
779 652 1061 723 gentilium
1111 653 1372 707 auxilium
1405 671 1417 706 :
1458 673 1477 706 ι
1505 654 1774 725 Numquid
1813 674 1830 706 ι

234 747 390 801 enim
427 765 446 798 ι
468 747 520 801 in
545 761 642 801 vos
670 766 688 799 ι
716 744 966 817 gentiles,
989 744 1553 816 aitArnobius(lbid.,
1580 763 1700 818 pag.
1719 748 1834 818 Η),

242 857 265 890 ι
317 841 585 909 saeviunt,
630 847 688 894 ut
737 839 1006 894 intestinis
1063 838 1374 894 vulneribus
1442 839 1726 906 concitati,
1781 839 1835 894 in

231 935 494 990 ultionem
523 933 866 1005 consurgatis
897 931 1130 988 illorum.
1158 933 1301 1002 Ergo
1329 933 1560 987 humana
1605 931 1834 1004 patroci-

231 1028 322 1082 nia
347 1026 420 1083 dii
460 1038 738 1099 quaerunt,
793 1036 847 1083 et
897 1026 1000 1081 nisi
1055 1035 1234 1082 vestra
1281 1025 1485 1082 fuerint
1533 1029 1836 1083 assertione

222 1123 496 1191 protecti,
547 1121 727 1177 idonei
793 1135 899 1176 non
952 1129 1079 1175 sunt
1133 1120 1273 1190 ipsi,
1325 1119 1418 1190 qui
1464 1121 1822 1190 propulsare,

230 1215 532 1287 defendere
562 1231 690 1272 suas
737 1215 956 1271 valeant
993 1214 1370 1270 contumelias.
1425 1214 1563 1282 Quin
1591 1215 1756 1271 immo
1789 1214 1835 1271 si

235 1327 427 1368 verum
469 1323 553 1368 est
598 1309 790 1366 ardere
831 1309 955 1365 illos
982 1310 1096 1377 ira,
1125 1309 1418 1380 permittite
1445 1309 1550 1364 illis
1596 1294 1846 1380 potesta-'

231 1412 345 1460 teru
391 1405 507 1470 sui,
539 1403 830 1459 defendant
858 1419 920 1460 se
957 1403 1095 1473 ipsi,
1127 1413 1288 1474 atque
1327 1403 1379 1458 in
1411 1403 1671 1459 ultionem
1717 1419 1834 1458 ma-

225 1496 453 1566 iestatis
505 1496 724 1554 offensae
778 1497 1062 1553 intestinas
1103 1505 1328 1552 exerant
1379 1495 1836 1568 experiamurque

229 1589 486 1646 virtutes.
525 1607 542 1640 ι

315 1685 514 1741 Verum
570 1683 836 1741 Heraldus
871 1683 1010 1740 hanc
1059 1684 1579 1757 argumentationem
1624 1685 1833 1740 levissi—

1940 470 2263 534 excruciari,
2309 480 2363 523 et
2413 467 2641 522 interfici
2695 466 3011 536 patiebatur.
3067 467 3183 523 Non
3239 467 3381 523 enim
3433 485 3528 524 ea-

1941 562 2061 618 dem
2090 572 2208 618 erat
2250 562 2666 617 christianorum
2707 573 2865 632 atque
2893 561 3174 632 gentilium
3215 562 3283 617 de
3329 562 3405 616 ira
3435 563 3529 618 Dei

1939 655 2143 726 opinio.
2199 654 2400 710 Deinde
2442 671 2573 710 vero
2602 654 2832 710 ethnicis
2881 655 3036 725 longe
3081 655 3326 727 dispares
3373 663 3531 710 erant

1939 747 2252 814 christiani,
2284 747 2372 818 qui
2405 747 2711 802 fatebantur
2738 746 2869 802 nihil
2910 748 3012 803 sibi
3060 747 3125 803 ad
3183 748 3322 803 hanc
3363 749 3528 804 vitam

1941 841 2260 912 promissum
2288 857 2300 895 :
2338 861 2355 891 ί
2385 839 2527 895 Nihil
2548 841 2692 896 enim
2714 883 2728 907 ,
2754 860 2772 893 ι
2815 841 2985 912 inquit
3012 841 3282 898 Arnobius
3313 840 3426 914 (tib.
3457 858 3528 907 rt,

1939 950 2060 1005 pag.
2095 933 2220 1005 98),
2272 951 2292 984 ι
2331 943 2415 988 est
2445 934 2599 989 nobis
2640 934 2963 1004 promissum
3003 934 3068 989 ad
3099 933 3238 991 hanc
3266 936 3468 1002 vitam,
3507 954 3525 987 ι

1937 1028 2032 1084 sed
2060 1028 2127 1082 ad
2166 1029 2436 1094 futuram,
2483 1044 2644 1101 quam
2685 1029 2896 1085 beatam
2939 1039 3309 1101 expectamus.
3355 1028 3531 1102 Atque

1936 1119 2061 1178 inde
2087 1121 2357 1178 concludit
2389 1139 2403 1176 :
2440 1141 2458 1173 ‹
2495 1121 2677 1194 Itaque
2717 1124 2844 1189 ista,
2874 1139 3031 1194 quam
3063 1122 3242 1180 dicitis
3266 1166 3281 1191 ,
3331 1139 3519 1194 perse-

1937 1215 2170 1272 cutionis
2191 1217 2488 1287 asperitas,
2533 1217 2782 1272 liberatio
2827 1226 3012 1272 nostra
3045 1225 3162 1284 est,
3207 1233 3314 1273 non
3347 1233 3533 1294 persc-

1936 1312 2116 1368 cutio:
2169 1327 2270 1366 nec
2314 1326 2528 1382 pennam
2581 1311 2796 1367 vexatio
2839 1310 3064 1378 inferet,
3109 1311 3205 1367 sed
3251 1311 3317 1365 ad
3358 1311 3530 1367 lucem

1936 1403 2198 1459 libertatis
2240 1401 2449 1460 educet.
2507 1423 2525 1454 ι
2575 1403 2776 1460 Eadem
2823 1419 3040 1477 quoque
3087 1415 3171 1461 est
3216 1403 3533 1460 Tertulliani

1936 1499 2256 1570 responsio,
2307 1507 2362 1552 ut
2428 1512 2527 1552 suo
2594 1498 2713 1554 loco
2777 1498 3124 1554 ostendemus
3178 1497 3429 1571 (Dissert.
3479 1497 3534 1552 in

1936 1588 2279 1659 Tertullian.,
2328 1607 2444 1662 cap.
2501 1589 2603 1656 16,
2653 1601 2756 1646 art.
2799 1590 2877 1662 3).
2910 1591 3053 1647 Nihil
3094 1607 3222 1663 ergo
3271 1591 3534 1647 adversus

1935 1684 2259 1741 christianos
2301 1683 2510 1756 objecta
2561 1684 2628 1740 ab
2670 1683 2900 1740 ethnicis
2952 1685 3028 1740 ira
3079 1684 3302 1740 deorum
3355 1683 3534 1740 facere

232 1791 376 1832 mam
405 1787 459 1833 et
489 1777 689 1832 nullius
720 1777 980 1833 momenti
1007 1792 1129 1833 esse
1157 1785 1376 1844 censet,
1398 1778 1726 1849 omninoque
1755 1794 1832 1834 as.
1865 1789 1910 1848 Β
1938 1787 2169 1848 poterat.

227 1877 512 1939 pernatur.
557 1869 665 1924 Sed
692 1884 828 1939 qua,
863 1878 1050 1940 putas,
1093 1870 1341 1926 ratione?
1385 1864 1521 1938 Quia
1560 1871 1702 1926 Deus
1743 1887 1831 1928 re-

232 1974 449 2020 servata
469 2005 484 2032 ,
514 1963 721 2034 inquit,
754 1963 856 2019 sibi
886 1963 1104 2035 perjurii
1135 1978 1285 2034 ptcna
1312 2007 1327 2032 ,
1360 1964 1475 2019 vult
1502 1964 1830 2034 impietatem

232 2056 513 2112 hominum
541 2058 609 2112 ab
635 2057 879 2128 ipsismet
918 2056 1223 2113 hominibus
1264 2059 1462 2128 puniri.
1495 2059 1566 2113 At
1592 2059 1636 2113 si
1675 2059 1832 2129 plane

244 2152 461 2207 infirma
485 2194 498 2216 ,
528 2151 838 2223 nulliusque
866 2151 1121 2222 ponderis
1148 2152 1219 2207 sit
1249 2152 1365 2208 haec
1395 2153 1790 2223 argumentatio
1812 2196 1826 2219 ,

237 2245 645 2318 redargueudus
675 2257 758 2302 est
789 2246 1123 2320 Cyprianus,
1173 2248 1263 2319 qui
1311 2247 1502 2303 eodem
1567 2249 1723 2318 plane
1777 2258 1832 2304 et

233 2338 435 2394 acriori
476 2339 638 2395 modo
666 2339 1068 2395 Demetrianum
1099 2340 1344 2411 aliosque
1391 2341 1620 2412 gentiles
1651 2342 1831 2397 insec-

245 2444 392 2488 tatur
421 2451 434 2486 :
469 2452 488 2485 ι
510 2434 566 2489 Si
593 2433 750 2504 quid,
792 2452 810 2484 ι
839 2432 913 2488 ait
935 2433 1023 2488 ille
1043 2476 1056 2496 ,
1078 2451 1097 2483 ‹
1128 2432 1230 2488 diis
1261 2432 1368 2488 tuis
1396 2433 1630 2489 numinis
1660 2443 1715 2489 et
1736 2449 1832 2504 po-

230 2528 449 2584 testatis
483 2538 596 2592 est,
623 2527 724 2598 ipsi
766 2530 820 2583 in
865 2527 1125 2583 ultionem
1155 2543 1306 2582 suam
1340 2537 1595 2598 surgant,
1773 2542 1832 2583 se

228 2641 334 2679 sua
356 2623 627 2694 majestate
650 2621 959 2679 defendant.
980 2624 1088 2678 Aut
1108 2622 1236 2693 quid
1257 2614 1514 2694 praestare
1528 2621 1830 2678 colentibus

231 2727 499 2788 possunt,
546 2717 634 2788 qui
683 2733 746 2774 se
795 2717 862 2774 de
909 2732 1016 2773 non
1063 2715 1373 2773 colentibus
1424 2717 1692 2773 vindicare
1723 2732 1829 2772 non

227 2810 503 2879 possunt?
529 2809 663 2864 Nam
693 2811 739 2865 si
771 2825 868 2877 eo,
914 2811 1002 2880 qui
1031 2810 1354 2872 vindicatur,
1385 2810 1552 2880 pluris
1591 2821 1674 2867 est
1701 2811 1791 2866 ille
1811 2851 1826 2876 ,

228 2903 322 2972 qui
356 2901 622 2970 vindicat,
657 2913 712 2957 tu
744 2903 845 2958 diis
876 2902 980 2958 tuis
1009 2904 1182 2972 major
1203 2918 1284 2959 es.
1312 2901 1368 2958 Si
1398 2912 1574 2958 autem
1606 2901 1670 2958 iis
1696 2918 1830 2972 quos

224 2996 406 3062 colis,
458 2997 632 3064 major
659 3012 748 3062 es,
781 3012 888 3052 non
919 3005 976 3051 tu
1019 2996 1142 3052 illos
1192 2996 1408 3066 colere,
1441 2997 1535 3052 sed
1583 2997 1651 3052 ab
1698 2998 1830 3067 ipsis

226 3091 412 3162 potius
437 3089 542 3146 coli
570 3089 739 3146 debes
756 3099 812 3146 et
841 3092 1054 3158 timeri,
1079 3102 1137 3146 ut
1165 3091 1439 3148 dominus.
1456 3091 1511 3148 Si
1534 3091 1656 3147 illos
1673 3091 1831 3148 ltcsos

2005 1893 2240 1965 Denique
2267 1903 2457 1950 auctor
2487 1903 2674 1953 noster
2709 1894 2884 1966 palam
2914 1905 3212 1967 aperteque
3241 1900 3524 1950 asseverat

1931 1987 2079 2043 dictu
2117 1987 2337 2043 omnino
2367 2004 2490 2046 esse
2519 1989 2816 2045 absurdum
2865 1990 2997 2046 deos
3022 2033 3037 2057 ,
3087 1991 3162 2046 uti
3205 1989 3369 2046 iidem
3415 1987 3532 2044 eth-

1932 2082 2035 2136 nici
2066 2082 2375 2152 garriebant
2397 2125 2412 2149 ,
2442 2098 2634 2139 revera
2661 2083 2818 2139 irasci
2845 2082 3060 2158 (Arnob.
3087 2126 3101 2150 ,
3130 2083 3219 2139 lib.
3254 2100 3304 2148 ι,
3335 2102 3390 2152 p.
3414 2083 3530 2154 ll).

1933 2175 2219 2232 lndecoros
2249 2177 2527 2234 enimvero
2559 2178 2900 2244 tribuebant,
2937 2180 3042 2235 diis
3082 2181 3195 2235 suis
3239 2181 3532 2237 iracundiae

1933 2278 2112 2325 motus
2133 2311 2149 2336 ,
2184 2271 2400 2342 iniquos
2426 2287 2490 2328 ac
2537 2271 2790 2328 belluinis
2822 2273 2980 2344 plane
3022 2275 3249 2330 similes.
3282 2275 3444 2346 Atqui
3485 2275 3532 2332 si

1932 2361 2004 2416 dii
2037 2362 2264 2419 fuissent
2304 2365 2445 2420 beati
2495 2374 2550 2421 et
2593 2367 2928 2423 immortales
2951 2409 2965 2434 ,
3009 2383 3116 2423 non
3147 2378 3398 2440 poterant
3422 2369 3531 2424 uti-

1933 2471 2037 2525 que
2065 2455 2150 2510 his
2177 2471 2398 2526 prorsus
2441 2457 2724 2528 culpandis
2769 2463 2864 2514 ine
2906 2459 3142 2516 motibus
3182 2461 3530 2518 inflammari.

1933 2550 2032 2618 Qui
2057 2551 2199 2606 enim
2234 2550 2544 2620 bujusmodi
2571 2552 2853 2608 affectibus
2879 2555 3170 2624 agitantur,
3203 2556 3348 2612 leves
3374 2565 3528 2622 sunt,

1933 2658 1996 2698 ac
2034 2642 2193 2698 modo
2240 2645 2442 2714 quieti,
2494 2643 2654 2700 modo
2705 2646 2862 2710 irati,
2908 2647 3106 2716 saepius
3165 2663 3294 2704 vero
3347 2649 3530 2720 injusti

1933 2735 2147 2806 quando
2190 2735 2326 2792 alios
2379 2737 2624 2792 insontes
2667 2737 2900 2805 laedunt,
2954 2746 3194 2810 tuncque
3235 2740 3358 2795 aliis
3397 2756 3530 2797 son-

1935 2828 2076 2884 tibus
2120 2831 2282 2884 etiam
2333 2831 2663 2887 irascuntur.
2715 2832 2912 2888 Totum
2955 2849 3118 2902 porro
3164 2834 3322 2907 hujus
3369 2852 3530 2906 argu-

1935 2924 2280 2980 mentationis
2308 2925 2472 2980 robur
2499 2936 2554 2981 et
2583 2926 2792 2997 pondus
2819 2941 2929 2982 non
2969 2928 3023 2982 in
3054 2943 3122 2982 eo
3169 2930 3403 2998 positum
3449 2941 3534 2988 est

1935 3015 2078 3087 quod
2125 3016 2240 3088 ipse
2287 3017 2354 3073 de
2402 3017 2497 3074 Dei
2545 3018 2692 3086 veri,
2729 3019 2798 3074 de
2845 3034 2953 3090 quo
3006 3019 3144 3075 infra
3190 3021 3330 3094 (cap.
3387 3041 3528 3096 seq.,

1935 3119 2034 3164 art.
2077 3109 2133 3180 3)
2161 3151 2176 3174 ,
2221 3110 2316 3166 sed
2345 3111 2487 3182 quod
2518 3111 2720 3168 ethnici
2768 3111 2838 3168 de
2893 3112 3118 3168 deorum
3176 3130 3398 3171 suorum
3451 3119 3529 3173 ira

228 3185 374 3240 ultio
402 3194 578 3241 vestra
609 3184 850 3240 defendit
872 3227 888 3252 ,
940 3185 1212 3256 quomodo
1259 3195 1313 3241 et
1349 3185 1583 3251 clausos,
1614 3201 1681 3241 ne
1734 3200 1830 3256 pe-
1863 3181 1907 3245 C
1941 3181 2388 3274 praedicabantur,

227 3287 420 3342 reaut,
475 3277 639 3332 tutela
687 3277 944 3333 custodit.
994 3277 1199 3333 Pudeat
1265 3278 1411 3347 ipsos
1459 3279 1639 3334 colere
1700 3294 1836 3349 quos

235 3373 528 3438 defendis;
573 3373 769 3444 pudeat
818 3371 1037 3429 tutelam
1084 3372 1151 3427 de
1198 3371 1263 3427 iis
1309 3388 1568 3444 sperare,
1619 3388 1753 3443 quos
1779 3382 1834 3428 tu

227 3468 351 3538 ipse
382 3469 554 3523 tueris
605 3487 624 3518 ι
655 3465 922 3539 (Cyprian.
964 3466 1033 3520 ad
1073 3466 1322 3533 Demetr.,
1355 3484 1475 3539 pag.
1519 3464 1668 3537 191).

326 3557 779 3615 Coudemnandus
828 3568 913 3616 est
965 3575 1177 3632 quoque
1216 3559 1559 3626 Lactantius,
1610 3559 1833 3616 Arnobii

224 3652 534 3721 discipulus
557 3694 570 3718 ,
603 3652 695 3724 qui
721 3653 912 3710 eodem
940 3653 1102 3710 modo
1144 3653 1405 3724 arguebat
1432 3653 1626 3709 frustra
1657 3655 1832 3709 ethni-

225 3763 333 3802 cos
375 3761 403 3800 a
438 3745 675 3818 diisZsuis
717 3757 1007 3816 expectare
1032 3748 1285 3815 tutelam,
1315 3748 1406 3819 qui
1437 3749 1648 3820 seipsos
1690 3751 1830 3806 tueri

227 3853 350 3895 nun
381 3839 574 3893 valent.
627 3839 694 3894 Et
738 3841 896 3909 paulo
945 3849 1108 3910 post:
1139 3841 1272 3896 Cum
1315 3840 1557 3906 ethnici,
1613 3841 1824 3912 inquit,

231 3951 252 3982 ε
296 3933 530 4001 puniunt
568 3931 936 4002 deprehensos
966 3933 1018 3987 in
1075 3933 1392 4005 sacrilegio,
1435 3933 1535 4002 ipsi
1579 3933 1646 3989 de
1699 3933 1830 3988 deo-

222 4044 359 4083 rum
420 4041 633 4082 suorum
705 4034 974 4097 potestate
1028 4026 1294 4082 diffidunt.
1364 4026 1471 4082 Cur
1523 4028 1667 4082 enim
1723 4026 1829 4081 illis

221 4119 573 4192 potissimum
627 4135 734 4175 nou
780 4120 1092 4191 relinquunt
1152 4120 1444 4176 ulciscendi
1473 4121 1554 4175 sui
1599 4122 1822 4188 locum,

221 4219 270 4270 si
311 4231 410 4271 eos
454 4229 614 4285 posse
654 4214 854 4286 aliquid
893 4215 1260 4270 arbitrantur?
1299 4233 1317 4266 ›
1355 4212 1560 4285 (Lact.,
1615 4215 1704 4269 lib.
1757 4215 1824 4278 4,

219 4327 358 4381 pag.
395 4309 496 4364 154
518 4318 564 4363 et
593 4307 740 4377 158.)
781 4307 1049 4379 Numquid
1077 4323 1204 4378 ergo
1231 4307 1493 4364 Heraldus
1526 4307 1624 4362 hos
1663 4309 1828 4364 alios-

220 4421 340 4476 que
377 4402 721 4459 doctissimos
763 4402 1020 4457 Ecclesia:
1061 4401 1244 4455 Patres
1270 4442 1286 4467 ,
1333 4409 1494 4455 tantm
1545 4400 1826 4472 imperitia:

221 4509 324 4554 aut
354 4498 605 4554 caecitatis
651 4497 950 4563 incusabit,
997 4505 1058 4551 ut
1111 4496 1292 4566 quanti
1336 4495 1454 4552 haec
1483 4508 1825 4568 argumenta-

223 4593 307 4647 tio
342 4590 413 4646 sit
466 4589 756 4662 ponderis,
791 4605 896 4645 non
924 4589 1197 4646 viderint?
1237 4587 1503 4660 Numquid
1550 4607 1679 4646 vero
1729 4591 1828 4647 He-
1853 4584 1907 4644 D

221 4685 559 4756 raldusipse
589 4701 694 4740 non
738 4683 872 4740 vidit
925 4683 1046 4738 illos
1096 4684 1495 4754 argumentari,
1535 4694 1593 4738 ut
1640 4686 1824 4749 aiunt,

221 4781 297 4836 ad
364 4780 671 4846 hominem,
718 4789 880 4851 atque
925 4795 988 4834 ex
1040 4778 1154 4849 ipsa
1205 4778 1485 4849 gentilium
1535 4778 1824 4848 opinione,

223 4890 344 4946 qua
389 4874 655 4931 docebant
690 4875 821 4930 deos
859 4887 987 4928 suos
1019 4873 1129 4936 ira,
1177 4886 1296 4942 qua:
1333 4886 1391 4926 se
1431 4870 1723 4926 ulciscendi
1768 4871 1828 4926 li-

225 4969 368 5025 bido
413 4979 527 5037 est,
554 4970 604 5023 in
636 4968 962 5025 christianos
1002 4966 1082 5021 sic
1122 4980 1308 5020 revera
1340 4963 1594 5028 accendi,
1630 4974 1686 5018 ut
1734 4980 1827 5021 eo-

222 5077 360 5117 rum
391 5077 550 5117 causa
601 5061 850 5116 maximis
899 5059 1292 5116 calamitatibus
1334 5067 1389 5113 ct
1423 5073 1549 5123 eos,
1581 5068 1635 5112 et
1661 5059 1828 5128 ipsosv

225 5164 355 5211 met
393 5153 617 5224 gentiles
665 5153 825 5209 simul
879 5151 1219 5224 affligerent?
1269 5149 1458 5206 Nonne
1512 5149 1637 5206 inde
1681 5159 1828 5205 recte

222 5247 511 5303 concludit
558 5246 826 5302 Arnobius
864 5245 1029 5311 deos,
1063 5245 1106 5300 si
1134 5245 1202 5300 ita
1240 5244 1360 5299 irati
1393 5244 1533 5308 sint,
1575 5242 1830 5298 debuisse

231 5341 354 5396 hoc
377 5340 620 5395 maxima:
660 5337 952 5394 iracundia:
992 5339 1189 5408 impetu
1217 5351 1406 5408 pennas
1431 5335 1498 5390 de
1525 5335 1652 5392 solis
1689 5334 1831 5390 chri-

221 5433 464 5500 stianis,
506 5448 600 5488 eos
629 5432 1074 5502 aspernantibus,
1106 5431 1282 5486 divina
1327 5446 1423 5486 sua
1465 5429 1697 5500 potentia
1737 5443 1828 5484 su-

223 5541 410 5591 mere,
443 5542 616 5597 neque
649 5541 770 5582 sese
814 5524 1103 5580 ulciscendi
1141 5523 1284 5579 vices
1317 5523 1542 5577 infirmis
1585 5522 1830 5578 commit-

221 5633 356 5678 tere
406 5619 751 5675 hominibus?

307 5716 419 5773 Nec
447 5714 694 5788 estquod
740 5715 860 5786 quis
901 5713 1120 5786 objieiat
1165 5713 1265 5769 hoc
1314 5720 1688 5784 argumentum
1734 5726 1829 5781 po-

219 5813 404 5872 tuisse
449 5809 751 5880 retorqueri
779 5809 835 5865 in
872 5808 1200 5866 christianos
1225 5848 1240 5878 ,
1270 5821 1407 5878 quos
1433 5805 1574 5864 Deus
1602 5822 1709 5866 non
1737 5820 1827 5862 so-

2005 3321 2346 3392 Quapropter
2364 3321 2451 3377 vix
2472 3340 2502 3377 a
2532 3337 2592 3378 se
2621 3323 2915 3394 impetrare
2958 3338 3120 3395 posse
3144 3323 3441 3397 significat,
3471 3337 3528 3384 ut

1936 3415 2126 3471 credat
2151 3414 2292 3470 hanc
2318 3415 2486 3472 fuisse
2537 3416 2945 3486 prudentiorum
2987 3417 3326 3475 ethnicorum
3357 3419 3532 3476 homi-

1938 3525 2064 3566 num
2094 3510 2402 3580 opinionem
2433 3509 2581 3581 (ibid.
2615 3529 2669 3581 p.
2702 3511 2816 3582 f5).
2842 3511 3092 3568 Putidum
3141 3513 3323 3587 itaque
3353 3517 3534 3586 potius

1934 3602 2207 3658 existimat
2227 3617 2351 3660 esse
2379 3603 2721 3659 mendacium
2750 3604 2820 3658 ab
2847 3602 3242 3676 haruspicibus,
3275 3607 3530 3677 fatidicis,

1933 3695 2138 3760 ariolis,
2171 3694 2383 3751 vatibus
2415 3705 2470 3750 et
2517 3695 2767 3752 fanaticis
2797 3695 2920 3752 ideo
2947 3699 3266 3766 confictum,
3298 3717 3366 3758 ne
3392 3711 3533 3757 tern-

1933 3792 2039 3863 plis
2063 3792 2176 3846 suis
2197 3793 2480 3862 sacrisque
2507 3790 2758 3856 desertis,
2791 3792 2960 3862 stipes
2985 3794 3316 3862 amitterent,
3346 3812 3479 3866 quas
3503 3813 3534 3851 a

1932 3885 2331 3940 consultoribus
2361 3885 2473 3939 suis
2501 3884 2586 3940 vel
2616 3884 2738 3939 aliis
2759 3900 2957 3955 cogere
3005 3887 3254 3944 solebant
3285 3887 3531 3960 (Arnob.,

1932 3977 2021 4032 lib.
2046 3993 2084 4042 ι,
2113 3994 2232 4048 pag.
2267 3975 2379 4047 15).
2401 3977 2568 4032 Minui
2601 3977 2744 4032 enim
2775 3989 3079 4048 cmperant,
3107 3987 3163 4036 et
3207 3997 3237 4034 a
3286 3981 3535 4050 paucissi-

1933 4071 2034 4125 mis
2060 4069 2350 4141 gentilibus
2378 4069 2763 4141 erogabautur,
2797 4079 3082 4140 postquam
3129 4071 3182 4124 in
3211 4071 3534 4129 immensqu

1931 4165 2103 4220 crevit
2126 4164 2549 4219 christianorum
2568 4178 2845 4218 numerus.
2871 4163 2946 4220 De
2967 4163 3071 4219 hoc
3101 4175 3280 4220 autem
3299 4166 3535 4220 maximo

1930 4275 2029 4316 suo
2056 4259 2255 4314 damno
2284 4256 2760 4329 conquerebantur
2794 4257 2846 4312 in
2886 4256 3076 4328 primis
3104 4256 3350 4324 lenones,
3378 4258 3533 4315 sicuti

1931 4355 2007 4409 ait
2024 4353 2392 4409 Tertulliauus
2415 4351 2684 4422 (TertulL,
2715 4350 2934 4423 Apolog.
2957 4367 3075 4421 cap.
3099 4349 3214 4422 45),
3242 4351 3532 4422 aquarioli,

1931 4444 2304 4516 perductores,
2359 4445 2562 4510 sicarii,
2620 4443 2920 4512 venenarii,
2973 4445 3136 4514 magi,
3196 4443 3531 4516 haruspices,

1931 4537 2107 4604 arioli,
2143 4536 2532 4603 mathematici,
2561 4537 2630 4594 de
2672 4535 2870 4608 quibus
2920 4551 3020 4592 suo
3068 4537 3190 4593 loco
3230 4537 3535 4608 disputabi-

1933 4648 2072 4688 mus.
2099 4632 2268 4688 Nemo
2294 4643 2474 4688 autem
2515 4631 2832 4688 diffitebitur
2857 4630 3108 4687 etlmicos
3159 4632 3419 4700 majorem
3450 4632 3534 4688 his

1932 4725 2321 4796 posterioribus
2349 4726 2603 4782 habuisse
2652 4725 2836 4788 fidem,
2867 4725 2956 4794 qui
3006 4725 3301 4794 przedicare
3330 4725 3528 4791 futura,

1931 4833 2023 4878 aut
2051 4837 2310 4892 responsa
2332 4821 2556 4876 deorum
2583 4834 2645 4876 se
2665 4819 2794 4874 dare
2809 4817 3152 4888 iactitabant.
3169 4817 3529 4886 Quamobrem

1930 4917 2036 4972 illis
2085 4917 2239 4972 lacile
2292 4914 2588 4971 credebant
2662 4911 3049 4968 mentientibus
3091 4911 3349 4966 mundum
3409 4911 3530 4968 ideo

1930 5009 2176 5063 maximis
2201 5007 2432 5078 opprimi
2457 5005 2870 5069 calamitatibus,
2899 5003 3022 5076 quia
3049 5003 3330 5060 christiani
3352 5007 3525 5071 novis,

1929 5100 2086 5155 sicuti
2141 5099 2511 5164 venditabant,
2562 5112 2673 5153 suae
2725 5097 3003 5169 religionis
3056 5097 3529 5168 superstitionibus

1931 5195 2064 5250 iram
2085 5195 2495 5252 concitaverunt
2513 5191 2762 5248 deorum.

2005 5312 2172 5367 Porro
2193 5317 2375 5365 autem
2402 5309 2556 5376 satis,
2575 5309 2651 5364 uti
2682 5316 2956 5380 putamus,
2985 5323 3053 5364 ex
3083 5307 3343 5364 hactenus
3370 5302 3529 5362 dictis

1932 5403 2149 5458 cuilibet
2172 5399 2510 5456 manifestum
2540 5414 2662 5456 esse
2682 5399 2846 5454 debet
2874 5399 3158 5470 impudens
3184 5398 3319 5454 illud
3350 5397 3527 5454 ethni-

1931 5511 2118 5550 corum
2150 5493 2512 5560 mendacium,
2545 5491 2724 5547 etalia
2754 5489 2824 5545 ab
2872 5490 2938 5544 iis
2980 5490 3238 5545 adversus
3271 5489 3526 5545 christia-

1934 5605 2055 5645 nam
2088 5587 2405 5658 religionem
2436 5585 2670 5656 objecta,
2701 5583 2769 5640 ab
2795 5581 3034 5638 Arnobio
3062 5579 3305 5637 funditus
3333 5583 3530 5648 everti,

1933 5694 1992 5742 et
2019 5681 2388 5740 invictissimis
2415 5680 2685 5736 rationum
2713 5676 3003 5732 momentis
3021 5674 3409 5745 ,demonstrari
3439 5690 3536 5730 so-

1937 5781 2040 5836 lam
2074 5778 2213 5834 hanc
2236 5774 2654 5834 christianorum
2682 5768 3004 5842 religionem
3034 5781 3159 5827 esse
3177 5783 3385 5827 veram.
3403 5765 3548 5834 Qua:
