4158 6264
559 340 564 347 '
649 307 747 393 ist

1938 332 2394 400 DISSERTATID
2433 314 2712 402 PRAEViA

3829 340 3936 402 459.

648 462 825 509 autem
854 448 995 508 illius
1021 451 1364 518 documenta,
1392 462 1445 507 et
1468 452 1737 522 quomodo
1759 453 1912 511 abeo
1944 446 2158 525 tradita,
2182 472 2245 512 ac
2271 466 2323 532 Α
2349 476 2487 525 rum,
2527 470 2581 515 et
2622 459 2775 532 quasi
2824 474 2923 516 nos
2972 454 3192 531 cernat,
3241 462 3429 519 faciem
3477 460 3819 518 sublevamus
3866 461 3938 517 ad

648 555 979 617 propugnata
996 540 1212 613 fuerint,
1239 542 1347 616 jam
1370 543 1668 601 videamus.

1248 699 1475 757 CAPUT
1517 700 1629 757 ιιι.

647 838 1026 894 Examinantur
1060 848 1257 893 asserta
1292 840 1353 892 ab
1392 839 1615 894 Arnobio
1640 838 1934 911 christiana:
1979 839 2239 911 religionis

1002 934 1303 989 documenta
1331 951 1391 989 ac
1417 936 1639 1005 primunt
1660 935 1723 990 de
1753 918 1879 991 Deo.

1173 1076 1471 1123 λιιτιευιυε
1494 1078 1705 1124 ιιιιιιιιιε.

644 1209 833 1269 Quibus
854 1210 1098 1257 rationum
1130 1209 1393 1257 momentis
1418 1207 1667 1257 Arnobius
1697 1204 1861 1256 Deum
1886 1205 2133 1257 exsistere
2153 1203 2244 1254 de-

704 1278 962 1328 monstret.
989 1270 1167 1333 quidve
1188 1271 1413 1321 statuerit
1437 1271 1503 1321 de
1518 1269 1652 1319 illius
1675 1275 1868 1329 natura,
1887 1276 1938 1318 et
1958 1280 2103 1331 quam
2125 1280 2243 1331 per-

704 1335 877 1397 spicue
919 1346 1030 1385 eam
1073 1333 1216 1397 plane
1262 1334 1605 1395 incorpoream
1650 1346 1766 1397 esse
1809 1334 2135 1397 demonstret,
2189 1342 2244 1379 ac

702 1394 952 1508 guttnerito
967 1396 1189 1460 quaedam
1206 1397 1313 1457 ejus
1330 1394 1589 1460 responsio
1606 1410 1633 1444 a
1655 1394 1944 1458 quibusdam
1968 1394 2246 1456 reprehen-

736 1473 763 1507 a
787 1472 863 1508 ur.

736 1467 863 1508 atur.

640 1591 647 1641 l
713 1588 951 1645 Primum
985 1587 1337 1658 proculdubio
1369 1602 1432 1642 ac
1463 1587 1818 1657 praecipuum,
1852 1600 1959 1656 quo
1990 1583 2245 1641 fundatur

642 1691 751 1737 tota
779 1681 1223 1749 cltristianorum,
1274 1691 1330 1736 et
1373 1681 1653 1752 gentilium
1683 1679 1874 1749 religio
1914 1677 2237 1745 destruitur,

639 1775 1018 1831 documentum
1068 1785 1189 1843 est,
1249 1791 1413 1830 unum
1474 1774 1749 1828 dumtaxat
1811 1772 2241 1842 omnipotentem

2342 552 2537 608 ccelum
2568 571 2587 605 ι
2626 548 2866 622 (Arnob.,
2909 546 2999 609 lib.
3049 570 3111 617 ιι,
3159 550 3279 627 pag.
3308 555 3423 629 45).
3474 550 3643 624 Quam
3677 572 3835 626 porro
3883 556 3938 612 id

2341 663 2529 702 verum
2556 646 2645 712 sit,
2680 658 2730 703 te
2761 647 2975 703 docebit
2996 648 3109 718 jam
3133 649 3328 705 citatus
3358 666 3385 704 a
3417 650 3571 706 nobis
3592 638 3809 718 Cicero,
3842 651 3938 723 qui

2341 741 2534 795 alicubi
2585 742 2802 812 scripsit
2835 734 2847 795 ὲ
2883 760 2902 794 ι
2936 736 3137 798 Omnes
3181 758 3300 800 esse
3342 745 3448 800 vim
3480 754 3535 801 et
3563 753 3811 799 naturam
3852 742 3939 800 di-

2342 836 2521 890 vinam
2554 828 2905 892 arbitrantur.
2935 837 3046 893 Nec
3073 852 3204 893 vero
3231 832 3283 892 id
3310 828 3603 895 collocutio
3631 839 3934 906 hominum,

2343 940 2435 983 aut
2478 920 2988 1002 consensnselﬁcit,
3022 946 3127 985 non
3164 922 3422 986 institutis
3465 932 3648 1002 opinio
3692 940 3777 986 est
3810 945 3944 986 con-

2343 1021 2581 1087 ﬁrmata,
2635 1040 2741 1077 non
2784 1000 3016 1092 legibus.
3047 1022 3206 1078 Omni
3230 1018 3409 1079 autem
3443 1025 3495 1079 in
3542 1040 3604 1080 re
3642 1024 3935 1080 consensio

2342 1116 2583 1170 omnium
2636 1117 2873 1186 gentium
2906 1117 2990 1172 lex
3024 1126 3229 1172 natura:
3269 1115 3503 1188 putanda
3548 1116 3631 1173 est
3668 1126 3687 1171 ι
3724 1115 3942 1190 (Cicer.,

2344 1197 2472 1264 lib.l
2513 1206 2751 1277 Tuscul.,
2786 1226 2906 1280 pag.
2943 1208 3064 1278 M9,
3102 1210 3194 1264 lin.
3229 1211 3423 1279 penult.
3454 1222 3499 1266 et
3526 1227 3687 1291 αντιφ,
3734 1219 3779 1266 et
3824 1211 3949 1277 lib.,

2344 1318 2379 1357 ιι
2404 1302 2467 1357 de
2488 1300 2692 1373 Legib.,
2723 1294 2842 1375 pag.
2873 1302 2998 1369 525,
3032 1302 3124 1358 lin.
3158 1300 3276 1376 22).
3320 1301 3505 1373 Neque
3552 1301 3602 1359 id
3631 1303 3698 1359 ab
3738 1300 3804 1359 eo
3836 1304 3945 1371 im-

2344 1394 2638 1467 prudenter
2675 1396 2878 1452 dictum
2925 1392 3223 1463 arbitreris,
3257 1390 3400 1468 quod
3433 1386 3501 1452 ab
3541 1396 3657 1467 ipso
3684 1386 3808 1451 alibi
3845 1412 3944 1451 re-

2346 1483 2569 1562 petitum
2593 1492 2856 1547 invenies.
2890 1489 3256 1559 Quamobrem
3282 1484 3554 1546 Arnobius
3573 1476 3772 1546 alicubi
3795 1487 3946 1545 haud

2345 1570 2653 1641 dubitanter
2681 1594 2957 1641 asseverat
2990 1601 3112 1640 cum
3144 1600 3267 1640 esse
3316 1578 3587 1641 amentem
3609 1626 3625 1652 ,
3668 1572 3733 1639 ac
3776 1582 3946 1640 stulte

2345 1678 2711 1750 desperatum,
2738 1678 2829 1748 qui
2855 1678 3023 1734 Deum
3049 1678 3313 1734 exsistere
3336 1677 3571 1748 ambigat
3602 1693 3616 1731 :
3649 1672 3784 1732 satis
3812 1690 3945 1732 vero

2346 1789 2469 1830 esse
2511 1772 2735 1838 homini,
2769 1758 2823 1828 et
2849 1772 2893 1828 si
2923 1772 3026 1827 alia
3074 1764 3283 1844 ignoret
3322 1768 3475 1827 illum
3526 1786 3861 1841 agnoscere,
3890 1780 3950 1827 et

645 1868 814 1922 Deum
868 1870 1152 1923 exsistere.
1198 1869 1469 1923 Arnobius
1498 1877 1677 1922 autem
1733 1865 1785 1920 id
1836 1866 2241 1922 evidentissitne
2271 1866 2319 1939 Β
2348 1870 2486 1925 hanc
2531 1884 2793 1924 summam
2846 1882 2967 1924 esse
2994 1868 3272 1925 scientiam
3306 1886 3319 1922 :
3357 1887 3376 1920 ι
3420 1867 3602 1923 Rebus
3627 1911 3643 1934 ,
3685 1887 3704 1920 ι
3743 1865 3943 1938 inquit,

638 1958 973 2017 demonstrat
1008 1977 1073 2017 ex
1108 1964 1274 2032 ipsius
1299 1961 1580 2017 ell'ectibus
1611 1952 1854 2029 (Arnob.,
1886 1960 1978 2017 ‘lib.
2007 1977 2045 2024 ι,
2069 1979 2123 2031 p.
2151 1961 2238 2027 16,

641 2065 690 2108 et
712 2056 801 2108 lib.
834 2072 893 2121 ιι,
951 2060 1073 2127 pag.
1121 2055 1234 2126 43),
1288 2056 1469 2111 innata
1521 2054 1727 2110 cunctis
1774 2050 2081 2110 hominibus
2125 2053 2243 2124 ejus

638 2149 779 2211 idea,
814 2158 866 2204 ct
897 2142 1197 2221 agnitione,
1248 2142 1310 2205 a‘c
1361 2138 1547 2203 intima
1597 2140 1836 2203 omnium
1887 2146 2238 2203 conscientia.

637 2238 981 2312 Singulorum
1011 2240 1153 2297 enim
1186 2240 1382 2296 animis
1421 2241 1558 2297 adeo
1589 2239 1768 2305 inSita,
1805 2240 1889 2296 vel
1944 2236 2126 2311 potius
2155 2239 2241 2293 ih-

636 2343 760 2389 nata
786 2328 871 2389 est
898 2350 960 2391 ea
991 2330 1161 2400 notio,
1195 2344 1251 2390 ut
1279 2334 1436 2389 facile
1468 2322 1766 2406 agnoscant
1793 2348 1851 2389 se
1898 2336 1927 2388 a
1965 2319 2077 2388 beo
2112 2336 2242 2389 vero

637 2426 911 2498 accepisse
961 2424 1068 2483 non
1117 2430 1289 2483 soltnn
1331 2420 1474 2498 quod
1526 2426 1633 2482 sint
1674 2424 1942 2493 homines,
1998 2425 2143 2496 quod
2175 2424 2245 2480 vi-

641 2536 805 2589 vant,
865 2525 1112 2594 spirent,
1168 2522 1508 2589 mereantur,
1560 2510 1653 2578 sed
1703 2518 1845 2592 quod
1890 2512 2035 2577 totus
2080 2508 2242 2577 etiam

636 2612 892 2688 mundus,
921 2621 1026 2687 sol,
1058 2602 1211 2686 iuna,
1256 2620 1547 2683 elementa,
1584 2630 1749 2683 terra,
1784 2616 2086 2688 ca'lc'raque
2127 2616 2247 2671 om-

639 2714 725 2771 nia
754 2718 820 2773 ab
851 2718 941 2772 illo
966 2728 1149 2772 creata
1179 2717 1306 2781 sint,
1350 2716 1573 2786 ejusque
1609 2710 1945 2786 providentia
1992 2712 2245 2784 regantur

636 2794 1195 2891 etadministrcntur.‘
1228 2810 1283 2864 In
1335 2811 1493 2879 hujus
1540 2825 1668 2863 vero
1699 2807 1999 2879 argumenti
2042 2804 2245 2861 cenﬁr-

639 2908 931 2961 mulionem
959 2905 1095 2960 scite
1125 2887 1418 2975 snbjungit,
1457 2903 1561 2958 hoc
1605 2902 1734 2958 nulli
1762 2919 1829 2959 ex
1858 2887 2243 2957 commentitiis

636 2990 913 3067 gentilium
940 2982 1042 3052 diis
1072 3012 1229 3066 posse
1271 2980 1511 3051 attribui.
1538 2995 1673 3050 Nam
1715 2994 1891 3050 cuncti
1931 2993 2031 3048 hos
2053 2986 2241 3048 Omnes

640 3086 796 3155 deos,
828 3092 983 3145 sicuti
1012 3097 1068 3145 et
1091 3088 1348 3144 mundum
1372 3096 1524 3144 certo
1551 3087 1783 3159 quodam
1816 3098 2061 3159 tempore
2083 3086 2240 3142 'ort'OS

636 3200 758 3238 esse
781 3174 1193 3254 proﬁtebantur.

2352 1981 2370 2014 ι
2409 1978 2475 2018 ex
2497 1948 2771 2027 omnibus,
2804 1976 2923 2032 quae
2968 1968 3207 2031 augusta:
3247 1961 3488 2016 continet
3512 1948 3809 2015 divinitatis
3841 1958 3949 2015 ob-

2345 2056 2595 2122 scuritas,
2637 2056 2810 2111 solum
2849 2056 3018 2110 Deum
3045 2070 3165 2111 esse
3206 2046 3555 2111 indubitalem
3579 2097 3593 2122 ,
3629 2053 3803 2108 solum
3844 2069 3947 2110 ve-

2345 2164 2487 2215 rum,
2518 2158 2573 2203 et
2601 2138 2668 2205 de
2690 2165 2796 2219 quo
2826 2144 3008 2207 nullus
3040 2150 3315 2223 ambigere
3346 2150 3450 2206 nisi
3478 2162 3664 2204 amens
3692 2148 3863 2219 possit
3888 2157 3949 2203 et

2344 2240 2737 2312 desperationis
2783 2243 3006 2311 insanae,
3052 2260 3211 2316 quem
3253 2235 3384 2301 satis
3421 2244 3491 2300 sit
3520 2245 3695 2311 scire,
3724 2253 3781 2299 ut
3806 2242 3949 2299 nihil

2345 2336 2488 2391 aliud
2519 2334 2757 2401 noveris,
2789 2332 2972 2409 sisque
3013 2354 3196 2394 veram
3239 2348 3293 2395 et
3318 2341 3609 2395 maximam
3655 2330 3940 2395 scientiam

2345 2420 2687 2495 consecutus,
2700 2432 2753 2485 in
2774 2432 2880 2487 Deo
2895 2420 3077 2487 rerum
3092 2434 3266 2503 capite
3279 2420 3333 2489 et
3350 2433 3656 2504 cognitione
3686 2432 3895 2489 deﬁxus
3914 2426 3939 2486 ι

2345 2522 2449 2579 Sed
2477 2521 2595 2577 haec
2621 2523 2872 2592 superius
2900 2539 2928 2576 a
2961 2524 3121 2580 nobis
3149 2523 3370 2595 probata
3390 2568 3407 2594 ,
3446 2528 3585 2580 nunc
3618 2523 3788 2581 fusius
3810 2540 3946 2596 pro-

2345 2612 2495 2685 sequi
2524 2615 2746 2670 necesse
2774 2602 2881 2669 non
2926 2615 3137 2670 videtur
3179 2606 3420 2688 (Arnob,
3470 2612 3557 2670 lib.
3589 2632 3647 2682 ιι,
3693 2634 3813 2688 pag.
3844 2616 3940 2684 86,

2345 2720 2469 2764 (om.
2504 2725 2518 2762 ι
2563 2707 2842 2780 Apparat.,
2888 2716 3007 2781 pag.
3037 2708 3176 2778 688,
3221 2719 3269 2765 et
3311 2709 3591 2778 dissertat.,
3614 2710 3669 2765 in
3712 2696 3943 2780 Ninum,

2343 2817 2462 2873 cap.
2495 2790 2548 2868 3,
2575 2815 2675 2856 art.
2706 2804 2786 2872 5).

2358 2964 2361 2973 η
2413 2896 2482 2951 Αι
2513 2895 2664 2951 vides
2688 2906 2833 2952 certe
2854 2914 3014 2968 quam
3043 2898 3321 2969 perSpicue
3344 2899 3483 2954 Deus
3506 2899 3578 2954 ibi
3605 2898 3674 2973 ab
3696 2898 3946 2956 Arnobio

2341 2970 2551 3047 dicatur
2592 3007 2772 3047 rerum
2800 2992 3038 3047 omnium
3068 3000 3246 3063 caput,
3277 2992 3426 3048 solus
3457 3008 3615 3048 verus
3642 2970 3780 3047 Deus
3813 2991 3945 3064 (Ar-

2342 3082 2486 3151 nob.,
2531 3083 2621 3140 lib.
2654 3101 2693 3153 ι,
2736 3103 2857 3157 pag.
2892 3085 3005 3159 l3).
3041 3086 3183 3141 Alibi
3218 3078 3349 3143 vero
3395 3101 3502 3142 non
3534 3086 3710 3141 minus
3735 3079 3946 3142 diserte

2341 3168 2409 3233 ab
2449 3179 2541 3234 illo
2581 3169 2883 3250 appellatur
2925 3176 3224 3253 ingenitus,
3271 3174 3624 3249 immortalis,
3677 3191 3941 3249 aeternus,

708 3275 938 3329 Tantum
964 3289 1144 3329 autem
1175 3274 1227 3329 in
1257 3274 1358 3329 hac
1379 3274 1847 3345 argumentatione
1872 3272 2103 3338 roboris,
2124 3270 2235 3327 'evi-
2263 3264 2311 3339 Ε
2343 3272 2712 3345 incorporeus,
2763 3274 3037 3345 qualitatis
3084 3285 3137 3330 et
3165 3272 3479 3346 quantitatis
3522 3270 3738 3347 expers,
3768 3276 3940 3331 incir-

635 3369 855 3434 dentiae,
888 3376 943 3423 et
968 3367 1375 3440 perspicuitatis
1402 3370 1524 3424 eSse
1550 3374 1768 3433 censet;
1824 3370 1885 3422 ut
1935 3366 2179 3438 q‘uamVis
2204 3381 2233 3422 a

636 3464 848 3520 cunctis
865 3462 1175 3517 hoininibus
1206 3460 1486 3532 ignoretur
1517 3463 1657 3533 quis,
1679 3460 1872 3533 qualis,
1895 3456 2235 3532 quantusque

634 3559 705 3613 sit
734 3558 909 3624 Deus;
955 3554 1014 3613 in
1062 3555 1282 3610 dubium
1331 3558 1535 3621 tamen,
1568 3560 1635 3608 an
1683 3554 1777 3608 ille
1822 3554 1913 3620 sit,
1957 3569 1985 3607 a
2020 3554 2235 3609 nemine

633 3666 780 3707 same
806 3654 1002 3707 mentis
1030 3650 1249 3705 homine
1272 3646 1452 3705 Vocari
1470 3634 1656 3720 possit.
1682 3644 1799 3704 tatu
1827 3658 1980 3713 vero,
2004 3648 2059 3702 in
2076 3652 2235 3718 supe-

634 3746 761 3800 riori
792 3750 978 3802 nostra
1010 3744 1075 3800 de
1125 3744 1337 3799 Minucii
1368 3744 1566 3800 Felicis
1592 3728 1822 3799 Octavio
1852 3742 2235 3799 disS‘ertatione

639 3840 779 3911 (cap.
812 3841 865 3905 5,
899 3849 998 3894 art.
1024 3832 1104 3910 Β),
1129 3838 1466 3894 ostendimus
1489 3852 1595 3893 non
1618 3822 1979 3907 medoillu'm,
2006 3838 2102 3893 sed
2118 3836 2233 3909 Cy-

634 3930 880 4003 prianum
932 3934 1116 3999 etiam,
1176 3930 1603 3996 Ter'tttllianum.
1653 3930 2014 3997 Lactantiut'n,
2066 3932 2234 3986 immo

630 4025 902 4080 ethnicum
948 4026 1159 4096 quoque
1217 4024 1533 4080 Ciceronem
1597 4024 1784 4081 eadem
1841 4026 2051 4081 ratione
2118 4036 2227 4080 tam

626 4118 779 4174 'certo
800 4163 815 4187 ,
849 4126 1008 4189 quam
1034 4117 1314 4174 evidenter
1339 4116 1745 4175 demonstrasse
1776 4124 1939 4174 tntum
1972 4119 2236 4175 duntaxat

632 4228 751 4268 esse
769 4208 962 4277 Deum,
983 4212 1138 4282 cujus
1163 4210 1368 4267 inﬁnita
1394 4212 1659 4281 potestate
1678 4213 1856 4267 omnia
1879 4218 2059 4268 creata
2078 4214 2230 4281 sunt,

633 4321 695 4360 ac
718 4302 1056 4376 providentia
1085 4305 1320 4360 mirabili
1348 4304 1737 4375 gubernantur.
1765 4306 1834 4361 At
1860 4307 1929 4362 de
1952 4305 2235 4362 Lactantio

631 4409 686 4455 et
711 4398 1051 4456 Tertulliano
1078 4399 1282 4472 aliquid
1314 4398 1493 4456 adhuc
1522 4399 1661 4455 infra
1708 4396 2019 4456 dicendum.
2046 4401 2231 4471 Praep-

634 4505 778 4550 terea
811 4492 1082 4549 Arnobius
1121 4488 1316 4549 alicubi
1364 4490 1507 4548 haud
1537 4493 1854 4549 dubitanter
1897 4494 2228 4564 pronuntiat,

632 4584 773 4658 quod
798 4587 847 4641 'si
887 4584 1005 4641 ﬁeri
1048 4596 1251 4658 posset,
1285 4580 1342 4640 u't
1392 4585 1687 4640 animantia
1754 4582 1994 4657 ipsaeque
2041 4599 2271 4672 sensus“

2338 3364 2699 3438 cumscriptus
2722 3410 2738 3435 ,
2770 3370 3090 3435 immensus,
3133 3372 3248 3427 sine
3276 3371 3401 3435 situ,
3444 3382 3615 3438 motu,
3643 3383 3699 3427 et
3726 3371 3939 3438 habitu,

2338 3462 2577 3516 omnium
2609 3477 2788 3517 rerum
2816 3462 2966 3519 locus
2992 3474 3047 3520 et
3076 3466 3330 3534 spatium,
3375 3466 3543 3536 prima
3583 3481 3769 3534 causa,
3815 3466 3939 3522 fons

2337 3571 2540 3621 rerum,
2569 3567 2717 3612 Sator
2742 3559 3067 3614 smculorum
3094 3575 3159 3616 ac
3190 3564 3514 3631 temporum,
3557 3572 3731 3632 pater,
3762 3560 3945 3617 domi-

2337 3664 2458 3711 nus,
2489 3659 2700 3705 creator
2730 3635 2994 3717 omnium,
3039 3663 3090 3707 et
3124 3652 3509 3731 omnipotens,»
3536 3654 3623 3723 qui
3650 3652 3717 3708 ab
3762 3652 3941 3708 homi-

2337 3743 2494 3798 nibus
2525 3758 2625 3798 uec
2665 3743 2832 3827 videri
2858 3730 3033 3815 potest
3063 3761 3163 3802 nec
3188 3747 3445 3816 explicari
3477 3744 3665 3820 (Ibid.,
3694 3763 3817 3819 pag.
3844 3747 3935 3815 17,

2338 3828 2436 3898 19;
2467 3837 2554 3890 lib.
2585 3853 2639 3902 ιι,
2672 3853 2793 3907 pag.
2821 3836 2914 3904 45,
2943 3837 3034 3903 67,
3057 3838 3148 3906 74,
3173 3838 3261 3904 75,
3286 3837 3383 3902 95;
3407 3838 3499 3894 lib.
3527 3854 3607 3906 ιιι,
3634 3828 3757 3910 pag.
3785 3836 3939 3908 101).

2330 3920 2466 3998 ’ρυίε
2509 3941 2723 3998 autem,
2781 3931 2935 3988 nobis
2981 3932 3312 3999 tacentibus,
3353 3933 3478 3989 inde
3533 3948 3642 3989 non
3691 3933 3939 4005 agnoscit

2335 4037 2494 4092 quam
2539 4032 2686 4079 recte
2710 4023 2802 4079 ille
2827 4023 3058 4081 divinam
3091 4026 3434 4095 explicaverit
3462 4035 3729 4092 naturam,
3758 4041 3938 4097 quan-

2336 4123 2496 4187 taque
2523 4117 2820 4188 diligentia,
2853 4129 2909 4175 et
2938 4128 3139 4190 quanto
3166 4118 3345 4176 Studio
3367 4119 3545 4175 omnia
3567 4118 3703 4189 fere,
3733 4127 3790 4175 et
3816 4117 3937 4175 sin-

2333 4209 2457 4279 gula
2490 4210 2581 4264 Dei
2604 4211 2856 4265 attributa
2883 4211 3204 4267 recenseat?

2409 4304 2483 4359 De
2511 4303 2575 4359 iis
2608 4319 2768 4373 porro
2794 4305 2915 4374 quia
2943 4305 3069 4361 alibi
3098 4294 3237 4361 haud
3284 4305 3455 4363 semel
3509 4306 3934 4377 disputavimus,

2334 4395 2560 4452 sufﬁciat
2587 4397 2824 4451 animum
2853 4397 2919 4451 ad
2948 4394 3079 4453 illud
3110 4399 3333 4454 rationis
3372 4404 3705 4455 momentum
3739 4401 3936 4456 adver-

2293 4512 2301 4519 τν
2335 4501 2470 4558 tere,
2519 4505 2626 4562 quo
2651 4490 2858 4545 Auctor
2901 4502 3087 4547 noster
3127 4493 3444 4549 catholicam
3495 4494 3561 4551 de
3610 4494 3936 4567 incorporea

2333 4583 2449 4637 sive
2484 4583 2747 4653 Spirituali
2788 4583 2884 4638 Dei
2914 4595 3102 4639 natura
3135 4587 3456 4641 sententiam
3496 4595 3676 4642 tuetur
3711 4603 3775 4643 ac
3802 4603 3935 4659 pro-

622 4686 879 4752 ‘cxpcrtes
905 4691 1162 4737 creatura:
1212 4676 1496 4751 quemdam
1530 4679 1755 4737 ederent
1797 4681 1945 4736 vocis
1972 4682 2228 4747 scnitu'm,

2340 4683 2540 4746 pugnat
2567 4692 2580 4729 :
2616 4694 2635 4728 ε
2664 4664 2915 4739 Νοειιει,ι
2940 4677 3107 4747 inquit
3135 4676 3376 4751 (Arnob.,
3408 4676 3496 4732 lib.
3523 4694 3603 4745 ιιι,
3630 4694 3750 4750 pag.
3779 4679 3933 4750 107),

630 4785 743 4828 tum
774 4773 917 4828 illico
939 4774 1188 4844 magistra
1215 4789 1279 4827 ac
1303 4774 1441 4828 duce
1481 4772 1671 4827 natura
1711 4781 1877 4828 unum
1910 4773 2098 4839 Deam,
2145 4778 2234 4827 s'o-

627 4866 847 4937 lumque
875 4882 1053 4921 rerum
1095 4867 1333 4921 omnittm
1386 4870 1686 4922 creatOrc‘m
1719 4867 1979 4921 exsiStere
2031 4865 2232 4921 clama-

631 4968 753 5015 rent
785 4958 1023 5032 (Ar‘nob..
1059 4960 1148 5014 lib.
1178 4975 1217 5028 ι,
1244 4962 1364 5031 pag.
1396 4957 1507 5030 l8).
1535 4958 1672 5028 Quin
1700 4961 1861 5015 etiam
1890 4958 1936 5014 si
1967 4948 2229 5014 Clementi

630 5050 994 5110 Alexandrino
1039 5049 1348 5121 credamus,
1400 5051 1738 5107 Xenocrates
1768 5040 1821 5107 et
1862 5051 2225 5119 Democritus,

629 5146 1078 5219 quemadmodum
1106 5147 1235 5201 alibi
1271 5156 1300 5200 a
1326 5142 1490 5202 nobis
1516 5147 1860 5201 observatum
1892 5152 1994 5212 est,
2028 5143 2227 5199 docue-

630 5251 757 5297 runt
780 5256 901 5296 esse
928 5240 1164 5311 aliquam
1193 5243 1246 5294 in
1277 5240 1439 5295 mutis
1464 5238 1826 5294 minitantibus
1853 5237 1950 5292 Dei
1979 5236 2225 5291 notitiam

630 5351 692 5390 ac
718 5336 1079 5406 cognitionem
1116 5334 1288 5399 (Tom.
1320 5350 1357 5389 ιι
1384 5332 1665 5405 Apparat.,
1696 5334 1786 5389 lib.
1818 5348 1896 5400 nr,
1933 5331 2135 5389 dissert.
2168 5330 2223 5399 2,

629 5440 745 5499 cap.
774 5426 829 5495 6,
858 5436 961 5482 art.
983 5428 1036 5494 l,
1066 5443 1189 5499 pag.
1216 5425 1369 5496 848).
2088 5500 2089 5503 η

701 5520 920 5577 Cunctis
951 5530 1130 5575 autem
1160 5518 1471 5574 hominibus
1499 5519 1609 5585 illa,
1635 5521 1711 5575 ait
1730 5521 2019 5589 Arnobius,
2044 5521 2119 5576 ita
2146 5519 2229 5575 in-

630 5622 755 5669 nata
785 5624 887 5681 est,
916 5620 979 5669 'nt
1007 5622 1197 5670 omnes
1223 5613 1541 5668 naturaliter
1567 5613 1737 5693 Deum
1766 5613 2039 5683 invocent,
2071 5629 2226 5670 eum-

630 5720 737 5776 que
758 5713 952 5761 testem
980 5705 1355 5762 constituant:
1386 5722 1408 5757 ί
1443 5704 1614 5772 Quem
1650 5712 1861 5771 omnes,
1890 5705 2090 5776 inquit,
2132 5719 2229 5761 na—

634 5797 877 5853 turaliter
922 5796 1142 5873 scimus,
1188 5796 1306 5853 sive
1351 5804 1474 5852 cum
1520 5796 1932 5852 exclam‘amus:
1974 5795 2022 5851 0
2048 5796 2224 5853 Deus!

635 5888 748 5944 sive
771 5902 896 5944 cum
925 5886 1075 5943 illum
1107 5876 1299 5946 testem
1342 5889 1512 5948 Deum
1552 5886 1927 5949 constituimus
1953 5888 2231 5963 improbo-

2339 4785 2358 4820 ι
2392 4768 2459 4822 de
2489 4765 2593 4822 hoc
2623 4768 2887 4823 sententia
2926 4768 3048 4823 talis
3080 4779 3184 4824 est.
3230 4769 3490 4825 Naturam
3528 4783 3744 4825 onmem
3785 4768 3930 4826 divi-

2333 4876 2477 4928 nam,
2508 4872 2629 4931 qme
2652 4876 2825 4931 neque
2847 4876 2970 4915 esse
2996 4861 3223 4932 eruperit
3249 4862 3559 4934 aliquando,
3587 4881 3686 4920 nec
3708 4864 3931 4920 vitalem

2332 4954 2398 5009 ad
2428 4956 2716 5011 terminum
2747 4955 2819 5008 sit
2846 4954 3137 5025 aliquando
3168 4966 3391 5011 ventura
3416 4999 3430 5024 ,
3465 4956 3805 5012 lineamentis
3837 4968 3933 5013 ca-

2332 5063 2456 5104 rere
2481 5048 2758 5120 corporeis
2778 5088 2793 5115 ,
2827 5064 3003 5119 neque
3025 5048 3162 5104 ullas
3189 5047 3483 5104 formarum
3522 5048 3725 5121 efﬁgies
3756 5051 3932 5122 possi-

2329 5139 2481 5209 dere,
2501 5139 2695 5212 quibus
2713 5142 2918 5196 extima
2947 5141 3378 5213 circumscriptio
3403 5143 3768 5200 membrorum
3790 5145 3934 5201 solet

2330 5246 2645 5307 coagmenta
2693 5234 2867 5292 ﬁnire.
2903 5236 3174 5307 Quidquid
3220 5239 3365 5293 enim
3397 5238 3505 5295 tale
3554 5250 3669 5305 est,
3701 5239 3932 5296 mortale

2329 5345 2451 5386 esse
2478 5329 2823 5395 arbitramur,
2855 5337 2909 5385 et
2936 5330 3133 5397 labile;
3181 5346 3281 5386 nec
3327 5326 3574 5387 obtinere
3611 5340 3928 5403 perpetuam

2329 5421 2603 5478 credimus
2631 5424 2924 5487 aavitatem,
2955 5422 3098 5493 quod
3123 5423 3382 5479 extremis
3411 5423 3706 5480 coercitum
3731 5420 3932 5479 ﬁnibus

2332 5516 2635 5571 necessaria
2666 5514 3044 5572 circumcludit
3079 5518 3414 5572 extremitas.
3455 5537 3475 5570 ι
3505 5506 3649 5574 Nihil
3689 5518 3932 5589 profecto

2331 5622 2395 5662 ea
2421 5608 2833 5665 ratiocinatione
2879 5607 2947 5665 ad
2991 5608 3373 5666 Stabiliendam
3414 5610 3788 5682 incorpoream
3829 5609 3927 5667 Dei

2333 5710 2577 5757 naturam
2620 5701 2827 5759 ﬁrmius
2865 5710 2919 5758 et
2945 5701 3288 5759 loculentius.
3331 5694 3500 5760 Recte
3540 5701 3800 5759 enimille
3827 5717 3929 5774 pro

2332 5805 2484 5851 certo
2509 5805 2564 5852 et
2593 5794 2699 5852 ﬁxo
2728 5798 2899 5868 ponit,
2932 5782 3191 5869 quidquid
3214 5812 3532 5870 corporeum
3559 5806 3664 5866 est,
3693 5799 3780 5853 vel
3803 5812 3930 5854 cor-

2335 5887 2482 5960 poris
2530 5882 2872 5948 lineamentis
2909 5904 2972 5947 ac
3012 5882 3183 5949 forma
3227 5878 3591 5962 componitur,
3635 5882 3770 5948 illud
3802 5904 3928 5950 esse
