4166 6256
234 325 342 383 453

1488 326 1554 389 IN
1597 294 1971 404 absorbuit,
2011 320 2166 392 cat).
2210 312 2320 393 vn.

3399 366 3403 373 υ
3420 338 3526 398 454

232 453 541 510 extensum,
572 438 785 516 suisque
818 430 1044 516 proinde
1083 430 1277 506 ﬁnibus
1302 456 1356 507 et
1385 452 1643 507 extremis
1669 453 1830 522 parti-
1858 454 1911 525 Α
1937 461 2038 519 est,
2068 454 2156 524 qui
2196 470 2301 510 non
2346 438 2600 511 facillime
2630 436 2918 527 perspiciat
2946 444 3137 513 iisdem
3167 456 3393 516 Arnobii
3437 479 3524 518 re-

228 534 331 590 Dus
359 536 603 591 clausum
634 553 694 591 ac.
720 532 1214 612 circumscriptum.
1240 544 1308 598 At
1337 543 1596 614 quidquid
1628 545 1697 598 ita
1722 547 1826 601 cir-

228 626 611 696 cumcluditur,
631 646 695 686 eo
723 630 840 702 ipso
864 634 1091 690 mortale
1109 635 1198 700 sit,
1223 646 1456 705 oportet.
1484 628 1624 692 Deus
1646 646 1824 694 autem

230 738 347 793 non
377 724 549 779 solum
581 724 902 779 immortalis
928 736 1030 787 est,
1056 726 1152 783 sed
1180 728 1340 784 etiam
1370 740 1637 799 aeternus,
1664 743 1826 804 atque

224 817 441 873 idcirco
469 819 842 888 incorporeus,
876 832 931 877 et
956 832 1161 901 natura:
1188 825 1500 894 spiritualis.
1774 894 1781 901 .

306 906 475 980 Quam
514 926 829 983 persuasum
858 925 1036 970 autem
1066 898 1306 971 Arnubiu
1332 916 1462 973 illud
1487 917 1668 984 fuerit,
1699 898 1825 975 inde

221 1004 406 1061 adhuc
429 1006 730 1072 coniicitur,
761 1008 903 1073 quod
940 1006 1172 1065 ethnicis
1199 1009 1331 1066 deos
1370 1026 1496 1066 suos
1534 996 1824 1082 corporeos

220 1097 409 1168 aliquo
442 1097 757 1155 Iudaeorum
786 1099 1318 1174 Sadducaeorumque
1358 1104 1668 1160 testimonio
1693 1120 1824 1160 con-

220 1191 445 1248 iirmare
488 1193 844 1259 conantibus,
891 1192 1036 1249 hunc
1082 1194 1426 1264 responderit
1466 1195 1519 1250 in
1561 1196 1820 1253 modum:

227 1303 250 1337 ι
287 1285 473 1356 Neque
514 1274 799 1356 quisquam
845 1284 1098 1342 Judaicas
1136 1287 1189 1341 in
1221 1287 1324 1343 hoc
1368 1287 1489 1343 loco
1534 1274 1690 1344 nobis
1728 1304 1823 1360 op—

216 1385 433 1448 ponat,
460 1386 513 1433 et
539 1378 820 1433 Sadducmi
849 1380 1065 1447 generis
1093 1379 1320 1449 fabulas,
1346 1390 1597 1452 tanquam
1623 1381 1824 1438 formas

218 1473 470 1528 tribuant
499 1482 655 1544 atque
684 1486 746 1529 os
772 1472 908 1529 Deo.
955 1473 1068 1530 Hoc
1110 1476 1256 1532 enim
1297 1485 1516 1546 putatur
1548 1475 1602 1531 in
1634 1458 1821 1533 eorum

215 1567 384 1623 libris
410 1566 536 1633 dici,
564 1576 618 1624 et
638 1568 792 1622 utvel
814 1583 875 1623 re
894 1578 1041 1623 certa
1070 1576 1228 1639 atque
1248 1569 1568 1625 auctoritate
1597 1570 1820 1637 ﬁrmari,

216 1676 351 1735 quae
392 1674 482 1718 aut
522 1663 652 1718 nihil
679 1661 746 1719 ad
780 1677 877 1719 nos
925 1660 1186 1731 attinent,
1220 1676 1320 1719 nec
1350 1664 1527 1735 aliqua
1570 1663 1822 1736 portione

216 1756 512 1828 quidquam
545 1756 746 1813 habent
787 1768 1075 1813 commune
1117 1755 1393 1812 nobiscum
1435 1775 1449 1813 :
1480 1768 1569 1811 aut
1597 1757 1641 1812 si
1671 1767 1817 1825 sunt,

1930 546 2143 614 sponsis
2171 589 2184 612 ,
2242 544 2467 618 aliisque
2496 548 2612 618 qua:
2656 548 2948 627 retulimus
2989 536 3318 623 argumentis
3368 557 3527 626 s'piri-

1931 636 2130 695 malem
2162 652 2213 694 et
2241 626 2615 712 incorpoream
2656 626 2749 699 Dei
2799 640 3044 702 naturam
3079 636 3235 717 plane
3266 640 3433 706 assert
3463 666 3527 706 ac

1928 729 2212 787 vindicari.

2516 824 2806 888 linteones
2821 850 2879 890 tt.

1928 937 2240 1015 Quamrre’cte
2263 940 2512 1015 Arnobius
2533 953 2721 1015 asserat
2754 944 2956 1015 formam
3001 947 3097 1015 Dei
3122 964 3219 1015 non
3261 965 3408 1015 posse
3432 967 3525 1004 ex-

1988 1000 2178 1080 plicari,
2202 1016 2257 1077 ac
2279 1000 2735 1080 quomodo-doceat,
2763 1011 2960 1080 quiensit
2985 1000 3528 1080 ejus__int_métisitas,i2t

1989 1068 2200 1115 scientia
2232 1068 2438 1129 inﬁnita,
2465 1068 2683 1132 nihilque
2704 1068 2981 1124 hominibus
3002 1068 3167 1126 simile
3188 1076 3387 1128 habeat.

1996 1185 2191 1244 Mirum
2249 1188 2480 1247 fortasse
2538 1192 2699 1248 alicui
2775 1182 3045 1253 videbitur
3100 1202 3201 1254 'cur
3253 1200 3525 1259 Arnobius

1925 1279 2179 1349 ethnicis,
2210 1283 2278 1339 ab
2308 1286 2426 1355 ipso
2448 1301 2568 1356 qua:
2602 1282 2694 1342 Dei
2718 1276 2888 1343 forma
2922 1294 2988 1346 sit
3018 1292 3344 1363 petentibus,
3376 1294 3527 1367 inge-

1925 1392 2030 1432 nue
2076 1378 2407 1449 respondeat
2444 1398 2457 1433 :
2492 1398 2511 1431 α
2554 1380 2611 1437 Si
2640 1380 2821 1437 veram
2868 1385 3032 1439 vultis
3076 1387 3262 1443 audire
3308 1398 3528 1445 senten-

1925 1467 2089 1525 tiam:
2114 1474 2206 1525 aut
2233 1472 2432 1526 nullam
2449 1472 2614 1528 habet
2639 1472 2776 1530 Deus
2800 1474 3050 1546 formam,
3080 1482 3167 1533 aut
3190 1480 3234 1536 si
3263 1480 3525 1538 informa-

1923 1570 2010 1617 tus
2025 1562 2397 1635 estaliqua.ea
2414 1578 2534 1635 quae
2555 1565 3193 1636 sit,profectonescitnus
3228 1592 3247 1626 ι
3279 1575 3524 1644 (Ατηοὺη

1923 1654 2013 1709 lib.
2036 1672 2113 1714 ut.
2140 1674 2259 1729 pag.
2285 1654 2577 1730 iiO).Qtnd
2594 1644 2973 1733 ergo:itiqttiet
3002 1666 3190 1721 nescio
3211 1668 3361 1738 quis?
3374 1684 3528 1724 num-

1922 1747 2046 1817 quid
2072 1749 2162 1805 ille
2181 1751 2455 1805 nesciebat
2490 1752 2580 1807 Dei
2614 1754 2861 1808 naturam
2892 1770 2998 1810 non
3028 1764 3151 1813 esse
3183 1750 3525 1828 corpoi‘eam,

220 1859 281 1904 ut
329 1848 601 1916 creditur,
650 1849 839 1915 sociae,
885 1850 1162 1921 quierendi
1208 1860 1334 1906 sunt
1376 1850 1529 1906 vobis
1582 1851 1815 1919 ethnicis;
1848 1841 2015 1926 Bsed
2036 1843 3265 1917 τηετθερίτὶιυιιιθωῖουιίωθ(ιιιίάθιη,εῖουιθι
3283 1846 3529 1923 Plinii“e

219 1942 438 1998 altioris
464 1941 836 2013 intelligentiae
864 1942 1121 1999 doctores
1142 1985 1156 2007 ,
1198 1959 1297 2015 per
1323 1959 1460 2016 quos
1491 1944 1704 2012 possitis
1728 1943 1824 1999 ad-

218 2036 457 2105 discere,
494 2039 689 2109 quibus
739 2037 913 2092 modis
941 2037 1227 2093 conveniet
1274 2036 1571 2094 litterarum
1611 2039 1820 2093 illarum

218 2131 399 2188 nubes
443 2143 603 2203 atque
646 2131 924 2186 involucra
963 2131 1207 2186 relaxare
1252 2151 1270 2185 ι
1309 2129 1473 2205 (Ibid.
1503 2144 1627 2204 pag.
1672 2130 1818 2191 106i.

217 2225 335 2282 Sed
363 2227 507 2295 plura
534 2223 610 2279 ibi
640 2241 667 2277 a
698 2225 1089 2280 recentioribus
1115 2222 1436 2295 quibusdam
1461 2224 1663 2281 criticis
1691 2238 1821 2281 cen-

217 2319 388 2375 SOrize
439 2317 739 2373 severitatis
793 2329 920 2373 nota
969 2318 1279 2372 inuruntur.
1321 2316 1503 2372 Primo
1553 2318 1818 2389 siquidem

217 2412 497 2469 Arnobius
521 2412 589 2467 ab
613 2413 724 2467 illis
744 2412 983 2484 arguitur
1005 2412 1158 2483 quasi
1186 2413 1347 2467 nimis
1382 2412 1626 2478 confuse,
1658 2423 1820 2483 atque

216 2508 389 2564 etiam
415 2506 718 2578 periculose
756 2507 1025 2577 loquatur.
1056 2505 1189 2560 Nam
1217 2507 1263 2561 si
1294 2506 1360 2561 de
1396 2505 1599 2562 veteris
1628 2505 1819 2562 Testa-

216 2602 399 2657 menti
444 2598 590 2654 libris
618 2594 781 2655 verba
815 2601 963 2664 facit,
1007 2598 1111 2654 hoc
1138 2599 1511 2668 proculdubio,
1547 2599 1817 2670 inquiunt,

214 2704 312 2752 est
337 2695 559 2765 impium
582 2682 633 2749 et
652 2694 978 2749 horrendum
1005 2711 1017 2745 :
1043 2694 1087 2748 si
1105 2693 1171 2749 de
1189 2686 1555 2748 Rabbinorum
1579 2694 1817 2765 scriptis,

215 2788 274 2843 id
306 2794 532 2858 prorsus
570 2786 756 2841 inutile
790 2798 893 2841 est.
935 2785 1138 2841 Omnes
1182 2786 1458 2841 enimvero
1482 2786 1715 2841 fatentur
1755 2780 1818 2842 eti

214 2891 436 2937 scatere
455 2880 671 2936 fabulis.
691 2879 942 2937 Secundo
971 2894 1233 2934 summam
1252 2881 1344 2935 ille
1368 2880 1711 2951 imperitiam,
1743 2878 1820 2935 uti

213 2979 392 3041 aiunt,
426 2977 656 3047 prodere
681 2976 919 3041 videtur,
964 2989 1086 3029 cum
1114 2978 1307 3031 asserit
1338 2976 1506 3030 Deum
1548 2990 1576 3030 a
1620 2966 1821 3031 Iudaeis

214 3084 543 3139 corporeum
576 3068 722 3124 credi
744 3077 798 3124 et
826 3066 1127 3139 praedicari.
1179 3052 1342 3123 Celso
1369 3068 1565 3139 quippe
1594 3082 1820 3139 respon-

212 3163 310 3219 det
326 3164 590 3232 Origenes
607 3162 823 3217 Judzeos
842 3177 872 3216 a
894 3160 1159 3216 Numeuio
1182 3161 1521 3234 Pythagoreo
1548 3162 1600 3216 in
1629 3177 1817 3217 eorum

1923 1934 2080 1990 dictis
2105 1944 2269 2005 patet,
2290 1935 2420 1992 illud
2437 1948 2692 2005 neverat;
2719 1939 2814 1996 sed
2838 1934 3009 1998 libere
3035 1952 3087 1998 et
3104 1943 3313 2001 sinCere
3332 1946 3530 2002 fatetur

1922 2027 2124 2082 tantam
2138 2034 2258 2084 eSSe
2272 2022 2468 2085 divina:
2484 2040 2711 2101 natura),
2732 2035 3083 2105 omniumque
3097 2035 3214 2105 ejus
3229 2036 3531 2109 proprieta—

1923 2121 2035 2178 tum
2060 2120 2114 2180 et
2136 2120 2515 2183 att’rib'utorum
2542 2124 2928 2200 perfectionem
2948 2173 2963 2200 ,
2990 2132 3047 2187 tit
3066 2131 3154 2188 illa
3185 2146 3286 2191 nec
3313 2132 3529 2193 inli'r'mo

1922 2215 2156 2272 hominis
2187 2217 2402 2289 ingenio
2429 2218 2841 2292 comprehendi,
2870 2223 2975 2280 nec
3003 2224 3127 2281 ullis
3150 2228 3321 2298 ipsius
3349 2228 3530 2286 verbis

1921 2310 2177 2380 explicari
2229 2312 2423 2382 po'Ssit.
2471 2312 2636 2388 Cujus
2696 2314 2914 2385 quidem
2971 2318 3113 2375 hanc
3156 2320 3288 2377 dicit
3346 2336 3529 2378 veram

1921 2402 2233 2475 certantque
2260 2420 2381 2462 esse
2427 2410 2729 2473 rationem;
2768 2407 2894 2481 ‘qnia
2936 2410 3058 2466 cum
3086 2427 3150 2468 ea
3179 2416 3250 2468 sit
3276 2412 3528 2472 humana:

1922 2498 2119 2553 mentis
2146 2486 2449 2581 infirmitas,
2499 2500 2557 2555 tit
2604 2500 2862 2573 quidquid
2889 2503 3155 2574 percipit,
3189 2506 3291 2563 suo
3321 2506 3528 2566 tantum

1921 2590 2237 2663 imperfecto
2266 2595 2317 2650 et
2354 2594 2505 2651 linito
2532 2596 2693 2651 modo
2721 2582 3011 2667 concipiat,
3040 2597 3246 2656 idcirco
3282 2602 3391 2658 non
3422 2618 3525 2676 po-

1922 2695 2029 2742 test
2083 2680 2373 2757 perfectam
2433 2682 2757 2761 concipere,
2804 2699 2898 2747 aut
2943 2693 3248 2764 exprimere
3304 2680 3529 2753 ibliiiita:

1923 2776 2018 2835 Dei
2058 2786 2263 2837 natura:
2318 2776 2520 2840 itleam.
2574 2784 2754 2854 Audi,
2799 2792 3017 2857 quzrso‘,
3071 2788 3332 2859 pra'clara
3379 2782 3528 2848 illius

1922 2872 2082 2929 verba
2119 2894 2132 2929 :
2172 2896 2191 2927 ς
2228 2864 2497 2949 Quidquid
2531 2874 2597 2934 de
2627 2870 2736 2934 Deo
2765 2875 2988 2947 dixeris,
3038 2874 3303 2954 ‘qt‘tidquid
3348 2885 3527 2941 tacita:

1926 2967 2127 3022 i'nentis
2154 2971 2480 3040 Cogitatione
2509 2972 2844 3043 conceperis,
2878 2976 2929 3029 in
2966 2977 3257 3031 humanum
3294 2979 3528 3036 transilit.

1922 3068 1978 3116 et
2020 3063 2387 3134 corrumpitur
2418 3064 2671 3132 sensut'n;
2707 3078 2804 3123 nec
2849 3052 3013 3123 habet
3052 3066 3286 3143 prepriaa
3310 3074 3527 3147 signifi-

1922 3154 2151 3209 cationis
2176 3167 2379 3238 notam,
2409 3156 2551 3230 Quod
2582 3160 2780 3215 nostris
2808 3156 3007 3219 tlibitt'ti'
3035 3162 3242 3234 've‘rbis’,
3270 3170 3431 3238 atque
3458 3166 3526 3224 ad

212 3274 385 3332 grege
410 3258 779 3322 annumerari,
826 3258 916 3327 qui
962 3258 1131 3312 Deum
1173 3258 1394 3311 omnino
1436 3257 1816 3326 incorporeum
1924 3249 2134 3317 negotia
2167 3236 2399 3303 humana
2425 3249 2760 3321 compositis.
2810 3251 2961 3310 U'nus
2991 3250 3076 3312 est
3104 3236 3525 3317 hominisiintel-

214 3366 344 3410 esse
374 3352 755 3409 existimabant
779 3349 980 3422 (θήρη
1004 3349 1093 3405 lib.
1122 3365 1141 3404 ι
1167 3338 1341 3404 contr:
1361 3348 1522 3415 Cela.,
1549 3365 1666 3420 pag.
1706 3347 1816 3419 15).

286 3448 398 3505 Sed
420 3448 507 3504 bis
525 3446 761 3502 auctoris
779 3446 948 3501 nostri
972 3442 1454 3514 reprehensoribus
1473 3443 1634 3513 paulo
1653 3452 1821 3497 atten-

214 3543 327 3597 tius
360 3540 896 3595 animadvertendum
924 3548 1042 3592 erat
1070 3538 1141 3592 ibi
1187 3550 1342 3603 eum,
1393 3536 1532 3590 sicut
1560 3534 1814 3600 diximus,

210 3637 554 3706 respondere
583 3633 834 3698 ethnicis,
863 3633 952 3703 qui
984 3646 1300 3701 corpoream
1333 3630 1557 3684 deorum
1597 3630 1816 3683 suorum

208 3740 470 3785 naturam
483 3729 795 3782 auctoritate
808 3725 1118 3781 Iudaeorum
1131 3722 1614 3779 etSadduczeorum
1629 3728 1817 3777 contra

207 3823 550 3879 christianos
588 3820 826 3876 stabilire
876 3819 1203 3874 nitebantur.
1240 3817 1406 3872 Docet
1435 3825 1611 3870 autem
1645 3814 1818 3885 dupli-

209 3919 296 3975 cis
326 3918 544 3987 generis
578 3932 697 3973 esse
726 3916 940 3971 illorum
978 3914 1179 3983 scripta
1207 3925 1259 3968 et
1286 3913 1514 3968 litteras.
1558 3910 1815 3980 Quantam

211 4013 370 4068 enim
392 4053 404 4072 ,
446 4009 626 4081 quales
659 4008 1011 4080 proculdubio
1040 4008 1197 4063 erant
1225 4004 1671 4069 Sadducaaorutu,
1701 4004 1813 4073 qui;

210 4107 353 4161 utin
382 4103 600 4159 Actibus
639 4101 1004 4173 aPOalOlOI‘lﬂn
1032 4094 1263 4172 legimus
1295 4121 1308 4155 :
1341 4098 1531 4153 Dicunt
1568 4114 1669 4151 non
1713 4112 1819 4151 esse

210 4198 657 4261 resurrectionem,
692 4200 850 4264 neque
876 4194 1147 4265 angelum,
1182 4204 1342 4262 neque
1382 4191 1619 4261 spiritum
1648 4189 1816 4264 (Ach,

214 4298 377 4356 ntit,
392 4291 473 4360 8),
491 4304 652 4362 atque
668 4290 869 4347 idcirco
886 4290 1087 4353 omnia,
1118 4305 1185 4343 ne
1198 4286 1310 4341 Deo
1327 4287 1541 4357 quidem
1565 4294 1811 4353 excepto,

212 4401 344 4441 esse
370 4400 621 4455 copurea.
652 4383 756 4439 Sed
788 4384 977 4437 horutn
1001 4384 1200 4451 scripta
1236 4364 1370 4433 nihil
1392 4377 1666 4433 habebant
1692 4392 1814 4431 cum

209 4479 638 4535 christianorum
678 4476 883 4547 placitis
926 4482 1246 4537 commune,
1289 4480 1349 4528 ac
1396 4471 1622 4542 proinde
1666 4470 1815 4527 chri-

208 4569 410 4626 stianis
460 4569 622 4640 objici
674 4586 777 4624 non
829 4566 1098 4638 poterant.
1154 4566 1274 4621 Alia
1327 4581 1458 4621 vero
1511 4575 1668 4621 erant
1717 4564 1813 4619 Ju-

1923 3340 2094 3397 lectus
2121 3341 2188 3397 de
2221 3342 2313 3397 Dei
2349 3348 2538 3399 natura
2572 3342 2929 3416 certissimus,
2967 3351 3013 3405 si
3051 3352 3212 3419 scias,
3244 3358 3299 3408 et
3322 3342 3526 3411 sentias

1922 3432 2053 3486 nihil
2089 3428 2157 3490 de
2194 3432 2283 3489 illo
2310 3442 2472 3505 posse
2500 3432 2713 3494 mortali
2746 3440 2993 3497 Oratione
3022 3440 3266 3514 depromi
3300 3462 3319 3497 ι
3360 3438 3524 3517 (Ibid.

1922 3540 2043 3600 pag.
2075 3522 2221 3601 ili).
2252 3530 2598 3602 Quapropter
2625 3532 2766 3589 haud
2796 3522 3104 3592 dubitanter
3144 3534 3340 3594 ibidem
3372 3554 3525 3597 asse-

1920 3626 2073 3678 vera‘t
2110 3626 2313 3679 tantum
2341 3624 2553 3691 abesse,
2583 3626 2642 3682 iit
2682 3622 2793 3684 Deo
2820 3627 2927 3683 ulla
2962 3626 3251 3701 cujuslibet
3280 3620 3525 3703 corporis

1921 3714 2244 3772 lineamenta
2270 3719 2590 3787 tribuamus,
2612 3704 2742 3792 quin
2765 3722 2941 3790 ponus
2966 3722 3037 3777 illi
3062 3723 3330 3780 num-anas
3358 3725 3522 3781 animi

1921 3812 2089 3866 nostri
2115 3812 2357 3881 virtutes,
2382 3800 2684 3882 scientiam,
2712 3815 3146 3887 intelligentiam,
3174 3818 3519 3890 sapientiam,

1920 3902 2289 3970 sobrietatem,
2321 3906 2679 3977 probitatem,
2705 3911 3086 3977 constantiam,
3112 3921 3166 3967 et
3184 3908 3322 3966 ‘alias
3349 3914 3521 3968 aScri-

1919 3997 2046 4054 bere
2091 4014 2396 4055 vereantur.
2455 4001 2589 4057 Nam
2634 4000 2717 4056 hac
2754 4002 3015 4068 virtutes,
3071 4012 3127 4060 et
3172 3992 3289 4061 haec
3342 4000 3522 4062 homi-

1920 4106 2046 4147 num
2072 4092 2209 4147 bona
2240 4110 2305 4148 ex
2333 4094 2600 4165 oppositis
2620 4092 2832 4151 tantum
2867 4094 3053 4153 eorum
3085 4096 3252 4165 ’vitiis,
3278 4086 3420 4171 quod
3453 4101 3522 4158 de

1920 4182 2032 4242 Deo
2075 4186 2180 4243 dici
2227 4186 2429 4261 nequit,
2460 4188 2527 4245 ab
2556 4174 2635 4248 eis
2666 4186 2765 4262 pro
2794 4186 3084 4250 imbecilla:
3122 4188 3325 4253 I'nentis
3358 4207 3521 4269 captu

1918 4274 2272 4336 aestimantur.

1988 4372 2128 4429 Nihil
2160 4385 2240 4432 est
2285 4380 2462 4434 autem
2502 4374 2556 4435 in
2598 4374 2700 4437 hac
2743 4378 2969 4439 Aruobii
3012 4376 3183 4440 nestri
3232 4378 3513 4456 doctrina,

1916 4467 2016 4523 nisi
2052 4466 2210 4539 plane
2241 4486 2428 4526 sanum
2471 4483 2526 4529 et
2564 4472 2947 4533 o'rtliodoxum.
2978 4477 3111 4534 Nam
3148 4490 3178 4534 a
3214 4472 3518 4552 Theophilo

1916 4560 2329 4631 Antltiochcno,
2364 4564 2820 4638 quemadmodum
2862 4566 2930 4626 ab
2968 4562 3101 4641 illo,
3141 4575 3400 4647 scriptum
3442 4577 3521 4631 le-

209 4667 462 4721 dmorum
488 4637 709 4734 scripta,
752 4680 868 4735 qua:
909 4663 1107 4719 nostris
1145 4658 1290 4717 socia
1317 4660 1698 4721 credebantur,
1745 4674 1807 4713 ac
1834 4637 1888 4723 ﬂ
1911 4657 2083 4728 gimus
2135 4637 2467 4732 (Thraphil.,
2516 4660 2605 4718 lib.
2637 4682 2655 4720 ι
2700 4658 2767 4720 ad
2797 4662 3062 4740 An'tolyc.,
3087 4637 3367 4741 imp-7i)
3404 4687 3416 4724 :
3451 4668 3519 4727 Τὸ

209 4759 363 4814 tales
393 4761 629 4827 proiecto
670 4765 793 4813 sunt
825 4756 1032 4813 Veteris
1066 4754 1395 4810 Testautenti
1428 4752 1569 4808 libri.
1596 4753 1665 4808 At
1694 4753 1815 4823 quia

208 4852 269 4906 in
329 4852 447 4905 istis
483 4848 722 4907 membra
780 4838 889 4905 Deo
938 4848 1269 4916 tribuuntur,
1302 4848 1425 4903 inde
1469 4847 1704 4916 etlinici,
1762 4854 1818 4903 nt

210 4945 612 5000 confirmarent
637 4942 770 4998 deos
790 4956 918 4998 suos
944 4946 1065 4999 esse
1086 4949 1397 5012 corporeus,
1439 4944 1814 5011 argumentum

211 5036 511 5093 ducebant.
545 5037 653 5093 Sed
698 5038 985 5104 restiondet
1022 5036 1293 5092 Arnobius
1332 5036 1653 5107 qtttcreudos
1692 5028 1815 5089 esse

208 5132 286 5186 ab
318 5130 446 5195 illis,
478 5132 679 5186 altioris
703 5131 1048 5201 intelligentia
1077 5131 1327 5197 doctores,
1353 5129 1603 5185 omnibus
1632 5122 1810 5184 statim

206 5224 433 5291 obvios,
478 5240 577 5280 nec
619 5225 749 5294 ipsis
789 5227 1016 5281 ethnicis
1065 5225 1297 5296 ignotos,
1341 5225 1430 5295 qui
1466 5224 1557 5278 illa
1600 5222 1811 5279 Veteris

202 5316 552 5373 Testatnenti
587 5319 769 5383 verba,
793 5319 971 5385 quibus
1001 5318 1165 5372 modis
1192 5318 1442 5381 convenit,
1474 5315 1577 5370 hoc
1602 5324 1705 5378 est,
1735 5315 1812 5369 al-

204 5412 495 5480 legorico,
565 5410 969 5479 metaphorico,
1021 5424 1083 5464 ac
1127 5410 1387 5481 mystico,
1436 5410 1542 5461 no‘n
1594 5402 1811 5463 litteiali

206 5516 385 5559 sensu
427 5502 769 5574 intelligenda
809 5516 931 5558 esse
977 5504 1133 5570 plane
1178 5498 1641 5556 demonstrabant.
1672 5500 1808 5570 Quid

202 5607 399 5650 autem
419 5595 471 5649 in
499 5594 583 5650 his
601 5595 820 5650 Arnobii
846 5594 1119 5664 responsis
1138 5602 1193 5652 et
1212 5586 1366 5648 dictis
1390 5596 1812 5663 reprehensione

206 5688 477 5760 dignum,
526 5697 619 5743 aut
668 5702 837 5744 sacrae
874 5686 1084 5743 Veteris
1134 5686 1466 5743 Testamenti
1506 5682 1813 5745 auctoritati

208 5790 269 5838 et
294 5781 546 5853 dignitati
583 5782 939 5848 contrarium,
968 5780 1224 5852 quodque
1245 5780 1313 5836 ab
1348 5780 1467 5838 aliis
1500 5774 1813 5839 orthodoxis

211 5868 478 5933 Ecclesia:
502 5871 746 5947 patribus
768 5869 1031 5933 assertum
1052 5882 1159 5932 non
1188 5875 1384 5935 fuerit?
1399 5878 1469 5936 At
1503 5890 1663 5939 nemo
1682 5886 1813 5936 sane

1917 4753 2008 4823 μὲν
2033 4748 2163 4815 εἶδος
2192 4761 2284 4810 τοῦ
2304 4764 2432 4811 Θεοῦ
2455 4751 2697 4832 ἆρρητοῡ,
2729 4766 2815 4816 καὶ
2836 4760 3205 4840 ἀνέκφραστον,
3234 4764 3320 4818 καὶ
3345 4764 3416 4834 μή
3438 4760 3520 4817 δυ-

1915 4845 2125 4917 νάμενον
2172 4842 2437 4921 ὃφθαλμοῐς
2483 4844 2745 4924 σάρκὶνοις
2797 4851 3074 4926 ὃρασθῆνὰι
3111 4871 3125 4909 :
3172 4844 3270 4907 Dei
3314 4850 3519 4924 quidem

1915 4935 2082 5006 {arma
2135 4940 2278 4994 nobis
2327 4940 2529 4994 orculla
2576 4940 2830 5014 explicari
2862 4938 3070 5016 neqzki't,
3120 4956 3211 5000 nec
3257 4940 3521 5016 tcorporeis

1916 5031 2079 5085 oculis
2119 5032 2333 5085 videtur.
2366 5033 2592 5089 Plurimi
2636 5050 2766 5090 vero
2797 5037 3003 5106 antiqni
3034 5030 3299 5094 Ecclesiae
3333 5032 3520 5111 patres

1915 5134 2101 5192 aperte
2132 5126 2330 5195 negant
2375 5126 2583 5190 οὐσίαν,
2633 5127 2747 5183 sive
2796 5138 2852 5183 ut
2898 5130 3080 5199 aiunt,
3129 5130 3421 5188 essentiam
3466 5142 3522 5190 et

1914 5214 2271 5301 substantiam
2304 5216 2417 5275 Deo
2447 5222 2770 5288 Convenire,
2803 5223 2897 5279 sed
2940 5224 3087 5280 illum
3130 5241 3292 5297 super
3330 5240 3520 5282 omnes

1914 5311 2191 5377 essentiu‘s,
2222 5313 2276 5365 et
2316 5312 2702 5383 intelligendas
2742 5316 2816 5373 ita
2858 5317 3104 5376 eminere
3125 5362 3138 5383 ,
3168 5316 3230 5375 'ut
3259 5316 3520 5393 quidquid

1914 5401 2145 5458 humana
2178 5408 2359 5461 'mente
2394 5404 2748 5488 intelligitur,
2778 5412 2846 5467 ab
2876 5414 2943 5470 eo
2975 5406 3041 5471 iis
3082 5408 3335 5471 omnibus
3358 5416 3521 5488 longe

1912 5500 2293 5569 prmslanliore
2339 5498 2453 5556 tolli
2494 5482 2713 5560 debeat.
2748 5503 2859 5562 Nos
2886 5514 3017 5564 vero
3062 5504 3116 5563 id
3159 5504 3188 5563 ἐι
3232 5482 3521 5568 Clei‘n‘euie

1912 5593 2281 5651 Aleriandrino
2311 5602 2365 5653 et
2393 5595 2514 5654 libri
2548 5599 2611 5656 de
2631 5600 2834 5657 Divinis
2860 5598 3174 5674 nominibus,
3210 5608 3297 5678 qui
3322 5596 3525 5683 Diony-

1912 5684 1996 5773 sio
2032 5688 2387 5764 Ateopagi'w
2409 5690 2721 5763 ascribitur,
2754 5692 2977 5755 auctore
3008 5692 3530 5773 luculente‘r'e'xpli-

1915 5772 2095 5839 eat‘tiiu
2124 5782 2376 5840 vidimus.
2406 5783 2570 5841 Plura
2601 5784 2820 5858 quidem
2849 5788 3082 5848 aliorum
3122 5782 3390 5852 Ecclesiae
3417 5772 3540 5855 Da-

1912 5886 2059 5937 trum
2091 5877 2399 5938 testimonia
2451 5881 2556 5941 huc
2584 5878 2932 5947 accumulare
2961 5898 3277 5963 promptum
3325 5878 3481 5949 foret
3532 5911 3553 5953 ι
