4158 6264
615 333 721 389 455

1897 303 2345 369 DISSERTATIO
2380 300 2656 360 ΡιιιΕνιΑ

3801 292 3905 346 ibi)

617 451 714 509 sed
741 450 862 524 quia
894 445 1027 503 illud
1055 459 1087 501 a
1114 440 1367 506 Patavio,
1397 433 1759 495 Thomassino
1781 474 1796 502 ,
1834 442 1889 489 et
1915 433 2035 487 aliis
2064 430 2206 485 anti-
2237 437 2288 496 Α
2312 432 2396 480 est
2419 465 2434 489 ,
2466 438 2527 478 se
2557 417 2948 524 cognoscendo
2976 416 3168 521 omnia.
3187 428 3270 524 ac.
3297 412 3510 524 singula
3528 451 3544 476 ,
3591 407 3859 524 praeterita
3887 449 3905 473 ,

618 548 852 617 eipatum
883 550 986 608 est,
1020 539 1090 595 ab
1118 538 1183 593 iis
1215 530 1554 607 proferendis
1585 529 1838 584 duximus
1871 541 1993 582 esse
2021 538 2211 592 super—

619 616 916 695 sedendum
961 635 1110 704 (tom.
1136 647 1152 684 ι
1177 631 1452 700 Apparat.,
1472 623 1560 678 lib.
1588 639 1625 686 l,
1661 621 1863 676 dissert.
1892 619 1980 682 10,
2009 634 2127 685 cap.
2157 616 2210 680 l,

619 731 728 801 §5,
755 739 802 784 et
835 728 924 784 lib.
965 743 1043 791 ut,
1073 724 1332 778 dissertat.
1365 721 1421 786 ‘2,
1452 735 1572 789 cap.
1600 718 1655 782 6,
1685 727 1789 771 art.
1829 715 1880 780 1,
1915 730 2034 785 pag.
2071 710 2209 776 948;

623 824 830 889 Petam,
863 822 952 877 lib.
993 837 1010 874 ι
1052 817 1302 888 Theolog.
1335 815 1533 886 dogm.,
1574 829 1692 883 cap.
1718 810 1773 878 6,
1816 809 1844 880 §
1876 809 1944 864 10
1970 817 2018 861 et
2050 821 2210 875 scqq.,

621 936 745 990 pag.
775 917 848 972 45
872 925 920 970 ει
947 910 1134 985 seqq.).

693 1013 996 1069 Observare
1026 1017 1205 1064 tamen
1237 1003 1394 1062 nobis
1419 1002 1595 1059 adhuc
1619 1000 1803 1063 liceat,
1843 995 1986 1069 quod
2017 995 2086 1050 ab
2117 995 2216 1049 Ar-

625 1108 788 1164 nobio
815 1103 1105 1169 asseritur,
1151 1103 1341 1168 Deum,
1377 1097 1592 1154 tametsi
1623 1095 1774 1150 nullo
1803 1093 1912 1149 ﬁne
1951 1101 2046 1147 aut
2092 1090 2216 1145 loco

623 1201 1066 1269 circumscriptus
1089 1208 1142 1254 et
1168 1197 1476 1251 immensus.
1494 1193 1596 1260 sit,
1625 1190 1867 1247 omnium
1895 1199 2073 1243 tamen
2127 1201 2218 1270 re-

626 1314 744 1354 rum
775 1305 832 1354 et
859 1296 1036 1351 locum
1074 1306 1196 1348 esse
1237 1298 1294 1345 et
1322 1289 1556 1360 spatium
1579 1328 1592 1352 ,
1632 1285 1718 1340 his
1754 1281 1979 1354 pulchre
2020 1278 2219 1336 confir—

628 1392 762 1449 mari
782 1387 1104 1447 Tertulliani
1132 1385 1312 1442 verbis
1337 1402 1350 1438 :
1391 1403 1409 1434 ‹
1441 1381 1540 1437 Est
1569 1381 1709 1436 Deus
1731 1378 2100 1448 omnipotens,
2127 1373 2221 1445 qui

627 1496 800 1543 totum
845 1485 1034 1540 orbem
1083 1495 1247 1537 manu
1285 1474 1646 1550 apprehendit
1689 1473 1837 1529 velut
1866 1471 2090 1536 nidum,
2134 1468 2222 1524 cui

628 1580 825 1636 cmlum
853 1578 1103 1642 thronus,
1130 1585 1186 1630 et
1213 1583 1358 1628 terra
1387 1568 1706 1633 scabellum,
1731 1567 1784 1620 in
1815 1580 1923 1635 quo
1944 1563 2122 1619 omnis
2142 1561 2223 1616 lo-

630 1689 748 1740 cus,
771 1688 878 1726 non
903 1673 1018 1740 ipse
1043 1668 1096 1723 in
1124 1667 1267 1732 loco,
1298 1663 1392 1735 qui
1419 1659 1794 1718 universitatis
1818 1666 2058 1713 extrema
2083 1656 2223 1710 linea

630 1773 714 1821 est
742 1783 762 1816 ι
796 1754 1153 1834 (Tertullian.,
1201 1757 1322 1810 adv.
1362 1753 1566 1819 Prax.,
1607 1769 1724 1821 cap.
1766 1750 1864 1814 16,
1905 1766 2026 1820 pag.
2069 1745 2219 1817 648).

2317 514 2603 585 praesentia
2631 529 2694 568 ac
2718 513 2892 566 futura
2919 509 3217 580 cognoscit.
3243 510 3311 562 At
3337 506 3599 561 infinitam
3623 519 3742 559 esse
3767 501 3910 557 hanc

2315 607 2681 678 cognitionem
2705 645 2721 672 ,
2753 603 2993 670 nullique
3019 601 3108 656 alii
3135 609 3445 673 competere
3467 641 3480 663 ,
3512 599 3634 663 quis
3666 608 3904 666 negave-

2316 701 2386 756 rit
2408 701 2431 755 ’ἲ
2452 699 2591 768 Quin
2624 698 2790 754 immo
2811 697 2858 753 ei
2892 697 2972 751 sic
2997 695 3212 767 prepria
3239 703 3352 761 est,
3383 701 3442 748 ut
3465 689 3767 747 doctissimi
3791 685 3910 757 qui-

2316 793 2440 849 dam
2475 792 2735 848 Ecclesizc
2777 800 2957 862 patres
2995 791 3234 846 divinum
3277 788 3420 843 illius
3443 786 3684 842 Verbum
3713 799 3778 838 cx
3812 782 3912 837 hac

2317 888 2454 958 ipsa,
2487 886 2783 956 procedere
2811 884 3141 941 existiment.
3177 883 3290 950 Qua
3321 880 3535 952 quidem
3563 879 3631 934 de
3657 876 3916 948 opinione

2317 979 2456 1034 alius
2483 978 2841 1050 opportunior
2868 974 3176 1032 disserendi
3210 975 3364 1030 locus
3391 972 3627 1029 dabitur.

2917 1129 3212 1171 AB'I'ICULUS
3249 1129 3328 1169 Ill.

2508 1253 2677 1304 L’trum
2705 1265 2821 1303 sana
2839 1253 2905 1302 sit
2920 1253 3125 1303 Arnobii
3149 1251 3212 1302 de
3238 1254 3310 1301 ira
3331 1250 3430 1301 Dei
3454 1249 3716 1301 sententia.

2394 1381 2526 1436 Tota
2552 1382 2779 1438 Arnobii
2817 1380 2886 1437 de
2917 1382 2992 1436 ira
3029 1381 3124 1437 Dei
3162 1380 3462 1452 disputatio
3495 1395 3685 1450 parum
3729 1377 3925 1434 ortho-

2322 1473 2460 1532 doxa
2509 1477 2778 1533 nonnullis
2819 1476 3052 1531 videtur.
3088 1473 3286 1531 Contra
3332 1474 3564 1545 gentiles
3602 1472 3782 1534 enim,
3826 1470 3921 1540 qui

2323 1570 2454 1626 deos
2482 1586 2638 1634 suos,
2684 1569 2842 1625 sicuti
2886 1567 3120 1624 vidimus
3149 1567 3290 1638 (cap.
3335 1584 3540 1638 super.,
3572 1576 3676 1619 art.
3704 1563 3784 1636 4),
3813 1564 3921 1617 im-

2326 1662 2573 1734 placabili
2620 1663 2672 1717 in
2719 1661 3050 1717 christianos
3090 1660 3368 1718 iracundia
3408 1659 3739 1714 inﬂammari
3790 1673 3930 1710 nun-

2325 1772 2486 1828 quam
2521 1771 2628 1811 non
2656 1756 3040 1822 clamitabant,
3084 1756 3162 1810 sic
3188 1761 3639 1825 argumentatur:
3674 1769 3694 1802 ι
3726 1751 3839 1805 ()ur
3867 1757 3926 1803 ut

633 1857 788 1913 Prius
829 1869 960 1910 vero
1001 1866 1103 1908 nec
1141 1850 1320 1905 minus
1349 1847 1630 1904 enucleati!
1671 1840 2008 1912 Theophilus
2034 1839 2225 1896 Αηῑῖο-
2255 1855 2302 1914 Β
2330 1849 2490 1906 irasci
2522 1849 2739 1920 populis
2764 1849 3072 1906 christianis
3103 1847 3515 1919 angustissimos
3542 1845 3669 1901 illos
3695 1843 3928 1900 adseve-

632 1951 878 2012 clientis,
933 1946 1051 2002 lucc
1109 1943 1177 2000 ad
1227 1941 1550 2012 Autolycum
1600 1937 1894 2007 scripserat
1951 1935 2003 1987 in
2063 1930 2226 1986 verba

635 2044 892 2116 (Tlteoplt.
916 2082 930 2106 ,
980 2041 1071 2095 lib.
1114 2055 1151 2093 ll
1189 2038 1258 2092 ad
1301 2035 1509 2101 AutoL,
1553 2050 1672 2104 pag.
1706 2028 1800 2100 8|)
1831 2045 1847 2083 :
1876 2033 2007 2083 Θεοῦ
2043 2023 2097 2080 δέ
2136 2030 2228 2080 τοῦ

636 2136 860 2208 ὑψίστου
887 2137 973 2189 καὶ
1004 2132 1452 2202 παντοκράτορος,
1483 2128 1570 2181 καὶ
1597 2131 1690 2180 τοῦ
1719 2119 1863 2182 ὄντος
1891 2125 2021 2176 Θεοῦ
2041 2159 2055 2185 ,
2088 2117 2227 2173 τοῦτ’

638 2229 750 2286 ἐὶττι
785 2234 854 2302 μή
901 2227 1052 2300 μόνον
1099 2226 1158 2282 τό
1204 2224 1507 2294 παντὰχοσε
1554 2214 1712 2283 εἶναι,
1763 2215 1888 2272 ἀλλά
1932 2217 2018 2268 καὶ
2064 2217 2233 2267 πάντα

638 2326 838 2398 ἐφορᾷν,
878 2325 965 2378 καὶ
993 2322 1196 2376 πάντῶν
1226 2319 1448 2379 ἀκούειν,
1479 2311 1556 2368 ότι
1596 2319 1692 2384 μὴν
1737 2307 1862 2381 μηδέ
1914 2309 2052 2363 τὸέν
2089 2306 2233 2376 τόπῳ

642 2419 942 2493 χωρεῖσθαι³
991 2417 1033 2468 εἰ
1072 2412 1126 2467 δέ
1165 2416 1234 2484 μή
1269 2432 1348 2485 γε,
1387 2411 1571 2482 μείζων
1598 2405 1624 2461 ὁ
1650 2412 1841 2482 χωρῶν
1886 2402 2041 2462 τόπος
2072 2403 2235 2455 αὐτοῦ

641 2514 984 2587 εὐρεθησεται,
1021 2513 1195 2582 μεῖζον
1223 2527 1324 2582 γαρ
1353 2506 1465 2559 ἐστι
1490 2503 1559 2557 ’τό
1592 2508 1802 2578 χωροῦν
1839 2504 1931 2554 τοῦ
1958 2496 2233 2571 χωρουμέ-

641 2629 749 2662 νον.
781 2607 904 2666 Θεὸς
935 2606 1037 2678 ’γὰρ
1067 2605 1126 2656 οὐ
1154 2607 1428 2676 χωρεῖται,
1461 2597 1565 2652 ἀλλ’
1597 2596 1751 2657 αὐτός
1795 2597 1910 2650 ἐστι
1948 2593 2108 2651 τόπος
2137 2597 2237 2645 τῶν

643 2699 788 2753 ὁὶων.
819 2695 920 2751 Dei
947 2694 1186 2750 altissimi
1230 2701 1277 2745 et
1312 2687 1677 2759 omnipotentis
1697 2730 1710 2751 ,
1740 2696 1786 2740 et
1826 2683 2114 2740 exsistentis
2144 2682 2240 2735 hoc

643 2791 790 2859 quasi
829 2789 1094 2860 proprium
1125 2795 1230 2852 est,
1274 2795 1329 2838 ut
1371 2801 1473 2838 non
1501 2782 1669 2837 solum
1698 2781 1882 2851 ubique
1925 2779 2024 2844 sit,
2068 2792 2241 2830 verum

645 2885 820 2940 omnia
857 2897 1082 2954 praesens
1116 2878 1353 2948 inspiciat
1389 2885 1436 2932 et
1469 2874 1672 2928 audiat.
1711 2871 1973 2926 Prceterea
2009 2883 2100 2923 nec
2130 2868 2241 2921 loco

645 2980 868 3049 capitur,
898 2974 1093 3046 alioqui
1121 2975 1264 3028 locus
1291 2971 1380 3041 qui
1414 2971 1585 3040 ipsum
1613 2966 1782 3037 capit,
1822 2981 1882 3019 ea
1911 2965 2077 3034 major
2103 2963 2242 3015 inve—

653 3072 867 3126 niretur.
898 3068 1041 3122 Nam
1084 3065 1139 3120 id
1166 3065 1302 3135 quod
1337 3063 1477 3132 capit
1505 3078 1563 3116 eo
1582 3101 1598 3129 ,
1634 3059 1772 3132 quod
1798 3059 2032 3129 capitur,
2076 3057 2244 3125 majus

647 3175 742 3220 est.
775 3162 908 3218 Deus
933 3162 1068 3216 enim
1098 3159 1209 3214 loco
1239 3171 1559 3229 nequaquam
1588 3152 2042 3216 circumscribitur,
2071 3164 2243 3204 verum

2329 1941 2461 1996 ratis
2492 1941 2661 2008 deos;
2707 1942 2776 1996 ita
2820 1958 2925 1996 non
2971 1939 3283 2008 advertitis,
3323 1955 3430 1995 non
3461 1938 3656 1994 videtis
3697 1936 3930 1992 allectus

2331 2051 2490 2106 quam
2527 2046 2731 2105 turpes,
2764 2052 2926 2108 quam
2961 2036 3244 2092 indecoras
3274 2033 3590 2090 numinibus
3619 2030 3932 2087 auribuatis

2333 2128 2610 2182 insanias?
2639 2128 2778 2196 Quid
2801 2126 2886 2187 est
2916 2129 3060 2184 enim
3087 2127 3234 2182 aliud
3263 2127 3443 2193 irasci,
3471 2141 3631 2198 quam
3665 2125 3930 2188 insanire,

2333 2236 2492 2291 quam
2523 2219 2734 2286 furere,
2765 2237 2924 2292 quam
2956 2223 3007 2276 in
3041 2221 3262 2276 ultionis
3296 2218 3573 2275 libidinem
3603 2216 3762 2283 ferri,
3789 2225 3848 2272 et.
3875 2216 3930 2270 in

2333 2316 2554 2370 alterius
2583 2314 2784 2370 doloris
2813 2331 3052 2379 crucem,
3092 2336 3110 2366 ι
3147 2315 3200 2370 id
3227 2325 3306 2371 est
3325 2357 3341 2382 ,
3373 2313 3674 2369 cruciatum
3694 2353 3710 2377 ,
3747 2330 3766 2363 ι
3795 2310 3932 2366 cﬂ'e-

2337 2406 2436 2461 rati
2469 2407 2701 2478 pectoris
2729 2407 3058 2463 alienatione
3099 2406 3515 2462 hacchari?.....
3546 2405 3646 2461 Ubi
3673 2405 3817 2461 enim
3849 2411 3938 2458 est

2340 2501 2502 2567 ullus,
2532 2503 2671 2557 sicut
2699 2502 3034 2572 sapientibus
3072 2501 3304 2568 videtur,
3338 2501 3585 2568 affectus,
3609 2500 3681 2555 ibi
3708 2515 3936 2556 necesse

2341 2609 2424 2654 est
2447 2615 2569 2654 esse
2601 2600 2926 2669 passionem.
2968 2599 3064 2657 Ubi
3099 2601 3278 2672 passio
3306 2601 3408 2656 sita
3437 2609 3540 2668 est,
3571 2601 3938 2670 perturbatio-

2343 2707 2466 2746 nem
2504 2701 2931 2748 consentaueum
2980 2701 3066 2748 est
3119 2694 3399 2763 consequi.
3455 2692 3558 2749 Ubi
3603 2694 3942 2764 perturbatio

2342 2793 2447 2851 est,
2479 2784 2550 2839 ibi
2575 2785 2731 2840 dolor
2761 2795 2815 2842 et
2839 2785 3106 2857 aegritudo
3137 2795 3240 2842 est.
3277 2785 3375 2842 Ubi
3405 2786 3561 2842 dolor
3589 2797 3643 2840 et
3672 2785 3940 2858 aegritudo

2344 2888 2450 2941 est,
2482 2877 2842 2934 imminutioni
2875 2888 2929 2934 et
2953 2879 3286 2946 corruptioni
3326 2879 3436 2949 jam
3485 2879 3636 2934 locus
3676 2890 3776 2934 est.
3799 2880 3941 2946 Qum.

2345 2969 2452 3025 duo
2482 2971 2527 3026 si
2569 2981 2794 3037 vexant,
2826 2971 2980 3027 adest
3008 2971 3215 3026 vicinus
3246 2971 3526 3036 interitus,
3547 2970 3939 3051 "mors_t_)mnia

2349 3065 2538 3122 liniens
2576 3085 2592 3118 ι
2627 3066 2869 3138 (Arnob.,
2900 3066 2989 3122 lib.
3016 3083 3054 3135 ι,
3078 3084 3198 3140 pag.
3226 3066 3338 3138 10).
3366 3067 3529 3139 Atqui
3547 3043 3942 3136 ηὴίεεθίιῖξῖἷέῗ,

2349 3160 2524 3232 inquit
2552 3160 2849 3228 Heraldus,
2885 3161 3190 3218 Stoicorum
3222 3162 3440 3233 opinio,
3472 3161 3626 3233 cujus
3654 3161 3947 3218 falsitatem

648 3263 758 3329 ipse
806 3268 881 3312 εει
924 3256 1154 3311 omnium
1199 3254 1360 3308 Ιοσιιεο
1408 3249 1775 3319 QuamObl‘em
1811 3245 2079 3316 Al'lo'yco
2109 3242 2243 3314 Obii‘
2273 3255 2318 3317 C
2348 3257 2428 3312 sic
2454 3255 2765 3311 Lactantius
2791 3257 3066 3328 patefecit,
3092 3266 3150 3311 ut
3179 3260 3316 3312 hanc
3338 3255 3562 3312 Arnobii
3589 3256 3944 3326 praeceptoris

649 3351 812 3406 cienti
844 3349 1012 3406 Deum
1032 3391 1047 3414 ,
1085 3348 1161 3403 uti
1200 3361 1355 3402 sacra
1385 3343 1662 3414 Scriptura
1696 3338 2035 3404 testiﬁcatur,
2066 3337 2118 3391 in
2148 3352 2243 3406 pa-

651 3442 832 3498 radiso
857 3441 1185 3504 ambulasse,
1217 3437 1512 3510 respondet
1533 3435 1584 3491 id
1612 3435 1716 3490 dici
1738 3433 1807 3489 de
1837 3432 2011 3489 Verbo
2037 3429 2243 3495 divino,

651 3555 680 3594 a
727 3551 838 3609 quo
879 3545 936 3591 et
979 3548 1207 3606 persona
1259 3531 1438 3586 Patris
1482 3539 1758 3599 assumpta
1799 3534 1917 3590 est,
1969 3535 2024 3580 et
2067 3522 2248 3580 omnia

651 3643 832 3690 creata
859 3642 1003 3689 sunt.
1029 3633 1100 3687 At
1119 3633 1264 3693 Θεὸς,
1295 3626 1487 3698 inquit,
1521 3629 1608 3681 καὶ
1632 3629 1804 3696 πατὴρ
1832 3631 1932 3677 τῶν
1952 3620 2075 3676 ὅλων
2099 3622 2246 3692 ἀχὼ-

653 3730 806 3804 ρητός
844 3731 988 3793 ἐστι,
1031 3727 1116 3780 καὶ
1141 3727 1193 3778 ἐν
1227 3724 1371 3793 τόπῳ
1409 3723 1516 3792 οὐχ
1547 3719 1860 3795 εὑρίσκεται,
1896 3719 1955 3770 οὐ
1994 3717 2094 3789 γάρ
2135 3715 2248 3768 ἐστι

655 3823 812 3885 τόπος
850 3831 944 3882 τῆς
985 3820 1363 3893 κᾳταπαύσεως
1393 3817 1575 3871 αὐτοῦ.
1612 3813 1749 3867 Deus
1776 3813 2127 3866 universorum
2157 3823 2248 3877 pa—

655 3926 730 3970 ter
757 3915 870 3971 loco
912 3930 1002 3969 nec
1031 3912 1335 3978 includitur,
1376 3925 1534 3980 neque
1573 3905 1768 3961 inloco
1813 3902 2102 3969 invenitur,
2148 3915 2249 3954 non

655 4011 790 4066 enim
813 4021 894 4065 est
917 4009 1084 4071 locus,
1109 4007 1164 4060 in
1187 4022 1288 4077 quo
1309 4005 1418 4075 ipse
1441 4001 1688 4070 quiescat.

725 4102 867 4172 Quid
889 4102 1091 4158 clarius
1119 4109 1175 4156 et
1218 4097 1395 4170 aptius
1422 4094 1726 4152 desiderari
1773 4098 1954 4164 potest
1981 4088 2046 4145 ad
2079 4087 2249 4143 stabi-

657 4197 895 4253 liendam
943 4209 1130 4250 veram
1174 4203 1337 4264 atque
1386 4188 1747 4245 orthodoxam
1799 4185 2022 4241 Arnobii
2079 4179 2252 4238 nostri

657 4290 983 4356 doctrinam,
1004 4288 1096 4359 qui
1118 4285 1249 4342 alibi
1274 4284 1451 4341 adhuc
1472 4290 1788 4339 constanter
1814 4286 2112 4343 asseverat,
2138 4275 2254 4330 veri

660 4386 756 4441 Dei
789 4384 1067 4457 proprium
1096 4396 1250 4446 esse;
1301 4389 1361 4436 ut
1405 4379 1586 4435 omnia
1613 4376 1666 4430 vi
1699 4391 1795 4431 sua
1823 4373 2113 4444 compleat,
2150 4387 2254 4426 non

662 4478 916 4551 partiliter
943 4476 1180 4546 uspiam,
1215 4473 1421 4544 inquit,
1455 4471 1507 4527 id
1547 4479 1662 4537 est,
1694 4484 1966 4539 nunquam
2011 4465 2250 4529 divisus,

661 4571 746 4627 vel
769 4579 828 4626 ut
845 4569 974 4625 alibi
995 4569 1131 4624 dixit
1148 4567 1388 4641 (Arnob.,
1415 4566 1504 4620 lib.
1523 4581 1599 4631 vr,
1620 4583 1740 4637 pag.
1767 4563 1870 4620 192
1889 4573 1936 4617 et
1957 4580 2076 4636 pag.
2097 4561 2252 4633 204),

2348 3349 2432 3406 sui
2451 3350 2777 3406 sententiam
2809 3351 3194 3422 perstrinxisse
3219 3349 3487 3405 videatur.
3511 3349 3767 3416 Quamvis
3793 3350 3943 3405 enim

2352 3443 2443 3498 ille
2484 3443 2682 3500 alicubi
2729 3455 2938 3500 asserat
2981 3445 3115 3500 iram
3143 3461 3249 3500 non
3282 3445 3478 3500 decere
3513 3443 3788 3499 hominem
3816 3461 3946 3518 gra-

2349 3552 2469 3591 vem
2497 3551 2560 3591 ac
2583 3536 2907 3606 sapientem,
2931 3536 3059 3592 alibi
3093 3549 3270 3593 tamen
3295 3538 3532 3594 ostendit
3558 3538 3723 3594 Deum
3759 3554 3951 3595 revera

2349 3644 2532 3684 ll‘ilSCI.

2421 3722 2528 3778 Sed
2559 3723 2648 3779 illa
2683 3724 2897 3780 Heraldi
2945 3725 3252 3781 criminatio
3299 3725 3489 3782 frivola
3533 3726 3692 3798 plane
3734 3737 3860 3796 est,
3893 3739 3951 3784 et

2349 3817 2543 3886 puerili
2585 3817 2984 3890 amphibologia
3024 3818 3258 3874 laborat.
3303 3817 3384 3873 Ira
3432 3819 3696 3890 siquidem
3739 3820 3955 3877 duobus

2350 3910 2522 3967 modis
2547 3910 2844 3982 accipitur,
2894 3927 2960 3967 ac
3003 3912 3235 3983 primum
3282 3928 3312 3966 a
3357 3911 3620 3969 Cicerone
3648 3912 3948 3968 delinitur:

2357 4023 2376 4056 ι
2405 4003 2598 4060 Libido
2624 4004 2878 4072 puniendi
2907 4005 3045 4075 ejus,
3069 4005 3160 4076 qui
3188 4005 3435 4060 videatur
3464 4005 3671 4062 laesisse
3692 4006 3889 4075 injuria
3925 4025 3946 4059 ι

2351 4095 2565 4170 (Cicer.,
2614 4097 2706 4154 lib.
2737 4113 2788 4153 tv
2834 4097 3088 4165 Tuscul.,
3121 4115 3241 4170 pag.
3275 4099 3378 4155 166
3399 4140 3414 4165 ,
3463 4099 3558 4153 lin.
3591 4097 3670 4169 8).
3715 4097 3854 4166 Quid
3884 4097 3963 4153 sit

2351 4203 2533 4248 autem
2557 4191 2727 4248 libido
2749 4194 2794 4248 si
2816 4193 2884 4249 ab
2907 4193 3026 4264 ipso
3047 4208 3295 4264 quaeras:
3330 4212 3347 4244 ‹
3379 4192 3498 4258 Est,
3528 4212 3547 4246 ι
3583 4192 3778 4264 inquit,
3810 4211 3829 4241 ‹
3856 4191 3959 4247 im-

2355 4285 2628 4341 moderata
2659 4288 2921 4358 appetitio
2947 4286 3153 4357 Opinati
3192 4287 3371 4358 magni
3401 4286 3527 4342 boni
3549 4328 3564 4353 ,
3604 4288 3799 4343 rationi
3843 4304 3954 4343 non

2353 4381 2735 4453 obtemperans
2766 4400 2784 4434 ι
2835 4381 3044 4455 (Idem,
3093 4383 3185 4436 lib.
3231 4398 3320 4448 tu,
3369 4399 3493 4454 pag.
3538 4382 3671 4447 151,
3704 4382 3797 4436 lin.
3835 4381 3956 4452 40).

2353 4472 2714 4540 Quamobrem
2766 4490 2794 4526 a
2842 4473 3047 4530 Seneca
3097 4473 3293 4531 dicitur
3336 4473 3562 4530 affectus
3607 4474 3841 4531 maxime
3881 4490 3953 4530 ex

2354 4565 2603 4622 omnibus
2627 4575 2761 4621 teter
2786 4581 2849 4622 ac
2877 4567 3113 4636 rabidus,
3141 4568 3232 4639 qui
3262 4576 3408 4622 totus
3436 4568 3738 4623 concitatus
3771 4569 3821 4623 in
3849 4566 3942 4622 im-

663 4665 935 4734 partititer,
969 4671 1118 4729 atque
1144 4662 1198 4715 in
1235 4659 1460 4714 membra
1489 4659 1701 4722 divisus,
1733 4659 1828 4714 sed
1854 4658 2052 4729 ubique
2088 4667 2250 4723 totus,
2282 4655 2337 4716 D
2361 4668 2486 4731 petu
2515 4658 2719 4716 doloris
2748 4672 2853 4728 est,
2880 4669 2936 4716 et
2961 4677 3120 4733 quem
3157 4681 3176 4712 ε
3206 4660 3450 4717 nonnulli
3491 4661 3766 4732 sapientes
3795 4661 3956 4718 dixe-

664 4759 734 4813 ita
765 4766 822 4813 ut
851 4770 954 4812 nec
997 4753 1166 4821 adsit,
1199 4768 1300 4809 nec
1339 4753 1471 4807 absit
1505 4768 1524 4807 :
1553 4767 1738 4808 verum
1767 4751 2090 4822 ubicumque
2121 4767 2259 4820 pra:-

663 4868 793 4908 sens
813 4892 831 4918 ,
861 4863 1055 4906 omnes
1081 4863 1150 4904 ex
1180 4863 1522 4920 quacumque
1555 4845 1741 4902 mundi
1781 4854 1932 4916 parte
1978 4845 2260 4918 loquentes

664 4945 869 5014 audiat,
891 4952 1055 5015 atque
1077 4957 1265 4999 eorum
1297 4942 1486 4997 tacitas
1506 4940 1706 4996 mentis
1733 4939 2090 5007 cogitationes
2121 4937 2261 4992 auti-

665 5042 844 5112 cipata
869 5037 1181 5110 cognitione
1210 5035 1523 5108 prospiciat.

739 5133 1006 5187 Praeterea
1034 5133 1197 5187 docet
1225 5137 1450 5192 rectam,
1483 5128 1703 5200 dignam
1735 5127 1867 5195 Deo,
1899 5135 1957 5182 et
1982 5140 2104 5196 qua:
2134 5125 2262 5180 reli-

667 5228 883 5299 gionem
911 5225 1192 5282 constituit
1222 5223 1361 5278 hanc
1387 5237 1509 5278 esse
1552 5221 1878 5278 sententiam
1901 5260 1916 5285 ,
1951 5235 2053 5290 qua
2079 5217 2262 5274 credi-

669 5338 790 5377 mus
816 5320 972 5376 illum
999 5318 1136 5374 nihil
1166 5317 1370 5374 habere
1398 5315 1605 5371 homini
1635 5315 1836 5382 simile,
1867 5313 2002 5370 nihil
2033 5328 2262 5383 exspec-

672 5423 788 5471 tare
828 5413 1168 5472 extrinsecus
1208 5411 1537 5477 adveniens,
1578 5411 1727 5466 nullo
1773 5409 1905 5477 iraa,
1937 5408 2262 5478 voluptatis,

675 5510 914 5576 honoris,
947 5507 1282 5573 ambitionis,
1315 5505 1583 5562 mercedis
1606 5505 1820 5571 affectu,
1849 5504 1932 5561 vel
1955 5505 2119 5560 animi
2143 5520 2269 5575 per-

677 5601 986 5660 turbatione
1013 5602 1218 5658 moveri
1245 5620 1259 5658 :
1292 5599 1511 5672 etquod
1543 5599 1616 5654 illi
1647 5600 1926 5668 proprium
1959 5610 2062 5665 est,
2093 5617 2187 5655 sua
2218 5616 2270 5654 se

677 5700 722 5754 vi
764 5713 944 5763 nosse,
990 5695 1095 5752 hoc
1116 5704 1234 5764 est,
1282 5696 1521 5768 seipsum
1566 5701 1801 5772 quantus
1828 5694 2112 5765 qualisque
2153 5702 2269 5763 est,

676 5794 940 5865 perfecte,
970 5807 1178 5863 suaque
1218 5792 1272 5846 vi
1299 5803 1632 5863 cognoscere
1663 5787 1780 5862 (lib.
1808 5803 1905 5855 vn,
1939 5804 2064 5860 pag.
2095 5787 2204 5843 222
2227 5797 2275 5842 et

679 5887 834 5960 242).
858 5889 928 5947 Ει
951 5897 1102 5945 recte
1115 5885 1368 5961 quidem;
1393 5901 1516 5943 nam
1542 5886 1704 5952 Deus,
1733 5883 1828 5959 qui
1847 5885 2088 5942 omnium
2111 5897 2276 5940 causa

2363 4762 2489 4808 runt
2513 4752 2732 4808 brevem
2758 4753 3056 4809 insaniam»
3091 4754 3327 4826 (Senec.,
3356 4754 3447 4809 lib.
3471 4771 3488 4809 ι
3511 4755 3575 4809 de
3594 4753 3708 4819 Ira,
3757 4755 3957 4826 cap.'i,

2362 4848 2452 4903 lib.
2479 4865 2536 4915 ιι,
2569 4865 2684 4920 cap.
2707 4849 2799 4916 55,
2820 4858 2868 4903 et
2897 4850 2986 4904 lib.
3014 4866 3096 4916 Ill,
3124 4867 3243 4920 cap.
3271 4850 3306 4905 5
3331 4859 3378 4905 et
3407 4850 3488 4920 4).
3516 4849 3626 4906 Nec
3647 4850 3818 4906 semel
3841 4850 3965 4920 qui-

2362 4943 2482 4998 dem
2518 4943 2784 5014 pessimos
2826 4943 3237 5016 horrendosque
3273 4943 3392 5013 ejus
3419 4943 3648 5000 ell'ectus
3677 4942 3963 4998 describit.

2365 5041 2704 5110 Augustinus
2746 5055 2878 5096 vero
2923 5039 3126 5109 aliquid
3158 5038 3422 5111 superiori
3463 5037 3742 5094 Ciceronis
3776 5036 3970 5093 deﬁni-

2364 5134 2497 5190 tioni
2545 5134 2769 5205 insuper
2813 5133 3053 5205 adjecit:
3101 5152 3119 5185 ι
3155 5133 3328 5204 Ipsam
3377 5133 3533 5198 iram,
3568 5151 3585 5183 ›
3619 5132 3720 5192 ait.
3776 5151 3794 5182 ι
3825 5129 3961 5186 nihil

2366 5230 2513 5287 aliud
2551 5246 2704 5296 esse,
2752 5245 2912 5300 quam
2945 5227 3240 5285 ulciscendi
3287 5227 3565 5283 libidinem
3593 5237 3808 5282 veteres
3833 5225 3967 5282 deli-

2371 5327 2586 5383 nierunt
2608 5367 2624 5393 ,
2658 5325 2906 5396 quamvis
2942 5337 3326 5392 nonnunquam
3359 5321 3553 5388 homo,
3599 5321 3687 5376 ubi
3717 5318 3971 5374 vindicta:

2373 5418 2551 5475 nullus
2590 5427 2674 5474 est
2711 5432 2902 5474 sensus
2923 5459 2940 5482 ,
2983 5417 3144 5472 etiam
3171 5413 3335 5470 rebus
3366 5413 3617 5469 inanimis
3653 5414 3917 5468 irascatur
3946 5429 3965 5462 ι

2372 5511 2638 5584 (August.,
2674 5512 2762 5566 lib.
2801 5527 2893 5566 xw
2920 5510 2984 5564 de
3009 5509 3186 5570 Civit.,
3213 5525 3327 5579 cap.
3355 5508 3443 5573 15,
3470 5525 3590 5580 pag.
3616 5506 3766 5578 367).

2445 5604 2602 5658 Nulla
2649 5613 2829 5660 autem
2877 5599 3156 5658 dubitandi
3208 5601 3348 5655 ratio
3395 5608 3510 5666 est,
3557 5600 3684 5670 quin
3730 5600 3844 5653 haec
3893 5599 3970 5652 ira

2377 5697 2518 5752 mala
2546 5696 2618 5752 sit
2643 5704 2699 5752 et
2725 5693 3101 5768 improbanda.
3131 5693 3262 5749 Nam
3294 5703 3352 5747 ut
3383 5701 3530 5750 recte
3552 5691 3711 5749 docet
3736 5691 3969 5758 Ambro-

2375 5789 2528 5846 sius:
2565 5808 2584 5841 ι
2617 5789 2933 5846 Potentibus
2981 5788 3058 5843 ira
3104 5804 3200 5844 sua
3228 5787 3410 5859 gravis
3449 5795 3554 5853 est,
3584 5785 3846 5856 improbis
3876 5801 3975 5842 nc-

2377 5883 2565 5956 quitia,
2606 5881 2768 5955 justis
2787 5881 3114 5941 conditionis
3160 5880 3473 5938 inﬁrmitas»
3503 5879 3792 5951 (Ambros.,
3821 5877 3911 5934 lib.
3938 5893 3977 5936 tt
