4158 6264
263 303 365 360 457
1331 331 1340 338 —
1497 297 1561 353 IN
1602 293 1974 360 ARNOBIUM,
2015 295 2165 351 CAP.
2212 297 2322 351 Vll.
3437 297 3540 355 458

257 423 326 478 de
367 420 622 493 interpell.
675 419 824 484 Job.,
871 434 991 490 cap.
1033 417 1089 486 ϐ,
1133 417 1161 490 §
1204 417 1292 481 16,
1323 433 1440 489 pag.
1473 414 1622 487 6'52).
1647 416 1842 484 Quam-
1875 424 1926 482 Α
1951 429 2070 485 pag.
2096 412 2248 486 225),
2279 432 2299 466 ε
2327 428 2497 484 picum.
2518 413 2976 481 constitutionem,
2996 429 3107 470 non
3125 423 3329 470 motum
3353 416 3542 482 animi,

253 515 442 570 obrem
474 529 504 567 a
535 512 800 582 theologis
850 509 1192 566 scholasticis
1245 517 1468 564 vocatur
1501 507 1695 576 passio,
1727 521 1848 576 quae
1953 508 2020 562 ad
2050 508 2305 563 ultionem
2353 507 2755 564 exardesccntis
2799 509 3086 578 signiﬁcari
3113 525 3256 578 smpe
3289 510 3544 564 tractavi-

255 605 461 678 aliquid
507 606 697 662 saltem
729 604 1032 676 imperfecti
1078 618 1259 659 secum
1308 616 1524 670 semper
1570 601 1843 669 importat.
1955 618 2095 658 mus.
2129 622 2146 651 μ
2182 603 2380 659 Verum
2404 604 2673 659 Arnobius
2701 604 2936 674 loquitur
2963 604 3031 659 de
3062 605 3137 658 ira
3167 619 3274 658 non
3308 605 3407 658 hoc
3429 604 3549 674 qui-

257 700 535 758 Arnobius
578 708 755 753 autem
795 696 863 752 de
913 697 1012 752 hac
1057 697 1171 767 ipsa
1203 693 1574 765 proculdubio
1613 692 1852 760 disputat
1954 693 2105 759 dem,
2160 694 2253 750 sed
2303 696 2480 765 priore
2535 704 2738 750 tantum
2789 695 3089 766 signiﬁcatu
3141 708 3356 766 accepta
3384 738 3399 761 ,
3445 712 3549 766 qua

255 793 362 856 ira,
392 806 553 862 quam
585 788 803 845 Ethnici
831 788 937 844 diis
961 789 1072 843 suis
1098 787 1338 842 tribuere
1364 802 1471 841 non
1499 784 1844 841 verebantur.
1952 784 2165 841 Ethnici
2207 785 2338 841 deos
2365 801 2493 842 suos
2519 787 2837 843 inﬂammari
2867 788 3192 858 garriebant.
3225 793 3396 859 Atque
3450 789 3554 845 hoc

257 884 425 939 Visne
455 882 588 940 illud
630 883 725 938 tibi
754 882 874 938 aliis
901 881 1022 953 ejus
1063 881 1246 938 verbis
1289 881 1544 952 probari?
1585 878 1706 934 Cito
1736 881 1852 933 haec
1953 876 2073 946 ipso
2101 893 2286 945 sensu,
2319 879 2443 933 alibi
2471 880 2663 935 asserit
2707 881 2907 945 Deum,
2942 900 2959 930 ‹
2991 881 3132 951 quod
3176 882 3392 950 smpius,
3418 902 3435 933 ι
3468 883 3551 935 in-

255 961 640 1048 proferemus:
673 994 692 1027 ι
725 975 793 1030 Et
838 975 883 1030 si
929 974 1301 1030 deﬁnitionem
1346 984 1620 1029 teneamus
1667 971 1848 1037 illam,
1953 970 2088 1040 quit,
2122 989 2140 1022 ‹
2174 973 2373 1027 dictum
2403 984 2506 1040 est,
2540 989 2646 1028 non
2679 974 2968 1030 ardescere
3001 978 3199 1030 irarum
3233 978 3486 1031 ﬂammis.
3525 998 3544 1029 ›

253 1085 416 1142 quam
456 1070 808 1141 pertinaciter
848 1069 1162 1126 meminisse
1188 1068 1440 1124 convenit
1478 1082 1576 1124 nos
1614 1081 1850 1137 semper,
1955 1065 2304 1134 (Arnob.,lib.
2328 1083 2421 1133 vn,
2445 1085 2565 1139 pag.
2585 1067 2736 1137 222.)
2761 1067 2927 1124 Recte
2949 1077 3126 1124 autem
3152 1069 3288 1125 hanc
3307 1071 3358 1124 in
3384 1071 3552 1126 Deum

257 1168 540 1223 universos
579 1165 885 1220 animorum
924 1163 1145 1220 allectus
1173 1164 1387 1234 ignotos
1415 1162 1520 1217 diis
1547 1176 1689 1227 esse,
1722 1176 1852 1216 con—
1956 1156 2088 1211 iram
2121 1158 2316 1214 cadere
2343 1175 2451 1216 non
2477 1176 2635 1230 posse
2664 1172 2962 1227 asseverat,
2994 1177 3197 1233 eosque
3221 1179 3414 1219 revera
3445 1179 3552 1221 non

256 1270 571 1316 scctanenm
616 1268 698 1314 est
727 1258 951 1314 credere
992 1273 1282 1329 numquam
1330 1258 1460 1312 deos
1490 1256 1646 1311 irasci
1677 1273 1690 1309 :
1723 1257 1852 1327 quin
1955 1269 2076 1309 esse
2106 1255 2256 1319 deos,
2289 1259 2377 1328 qui
2405 1273 2468 1312 ea
2500 1259 2896 1315 excandescere
2924 1261 3262 1316 dicebantur.

257 1357 430 1412 immo
453 1355 658 1410 nullum
682 1353 934 1409 affectum
963 1353 1132 1423 magis
1153 1367 1273 1408 esse
1293 1352 1362 1407 ab
1382 1351 1465 1407 his
1491 1350 1670 1421 longe,
1694 1365 1852 1420 quam
2030 1345 2131 1402 Ubi
2179 1348 2322 1402 enim
2341 1391 2354 1414 ,
2389 1349 2543 1404 sicuti
2586 1351 2746 1420 paulo
2773 1362 2929 1406 antea
2974 1363 3167 1408 annota
3180 1355 3353 1408 vimus
3373 1397 3386 1418 ,
3422 1355 3562 1411 dixit

255 1450 356 1520 qui
401 1447 530 1502 feris
557 1456 611 1502 et
650 1446 846 1503 belluis
897 1444 1404 1515 proximus,.turbat
1443 1442 1857 1513 tempestatibus
1959 1439 2140 1505 irasci,
2175 1441 2308 1495 nihil
2341 1458 2463 1498 esse
2499 1443 2641 1498 aliud
2671 1461 2830 1515 quam
2862 1446 3116 1511 insanire,
3151 1448 3350 1511 furere,
3383 1449 3432 1502 in
3474 1450 3556 1502 ul-

258 1538 556 1608 patientes,
582 1549 633 1594 et
662 1537 728 1592 ad
755 1537 1052 1607 periculum
1086 1536 1411 1592 interitionis
1439 1535 1660 1590 inducit.
1692 1533 1860 1602 Quid-
1961 1532 2162 1589 tionem
2198 1535 2430 1590 libidinis
2462 1536 2586 1592 ferri
2627 1549 2682 1592 et
2709 1538 2956 1592 bacchari
2979 1582 2994 1603 ,
3037 1541 3374 1596 continenter
3403 1541 3557 1611 adje-

258 1631 399 1704 quid
445 1632 583 1686 enim
628 1639 860 1686 vexatur
897 1629 1123 1700 alicujus
1159 1630 1234 1682 rei
1275 1644 1341 1684 ex
1384 1636 1553 1691 motu,
1603 1626 1859 1697 passibile
1959 1626 2078 1680 cit:
2113 1645 2132 1678 ‹
2164 1627 2276 1682 Hoc
2318 1643 2446 1698 ergo
2472 1629 2541 1684 dii
2575 1631 2754 1700 magni
2795 1642 3023 1695 norunt,
3070 1635 3474 1702 perpetiuntur,
3505 1643 3562 1689 et

256 1733 489 1782 constat
515 1736 635 1778 esse
681 1730 737 1777 et
783 1720 1008 1792 fragile:
1042 1720 1184 1791 quod
1217 1720 1446 1790 passioni
1478 1719 1860 1790 fragilitatiquc
1961 1721 2201 1774 sentiunt
2243 1721 2386 1791 quod
2434 1721 2590 1787 ferae,
2639 1722 2782 1791 quod
2831 1723 3049 1788 belluas,
3097 1725 3235 1795 quod
3267 1728 3561 1782 mortifera:

264 1817 595 1888 subjectum,
630 1814 682 1870 id
715 1829 939 1870 necesse
985 1824 1068 1869 est
1115 1829 1236 1869 esse
1275 1814 1503 1869 mortale
1531 1831 1544 1866 :
1578 1815 1656 1867 ira
1686 1821 1862 1867 autem
1894 1816 1942 1875 B
1967 1812 2243 1868 continent
2275 1823 2538 1869 venenato
2576 1816 2628 1868 in
2659 1814 2822 1870 dente
2850 1817 3107 1880 nutrices,
3149 1837 3166 1869 ι
3204 1818 3278 1890 (id
3310 1829 3412 1884 est,
3447 1835 3565 1874 ser-

261 1917 450 1974 vexat,
483 1917 538 1965 et
578 1908 845 1980 patientes
887 1922 947 1962 se
986 1905 1166 1962 solvit.
1200 1904 1342 1976 Ergo
1369 1920 1490 1960 esse
1521 1905 1745 1959 mortale
1777 1903 1864 1958 di-
1965 1910 2156 1974 peutes
2177 1919 2441 1968 venenum
2465 1906 2520 1960 in
2548 1921 2684 1976 aqua
2714 1907 3018 1973 fundentes,
3043 1909 3110 1964 de
3133 1910 3327 1979 quibus
3347 1909 3562 1978 Cicero,

265 2005 502 2060 cendum
534 2013 637 2065 est,
665 2002 810 2072 quod
857 2001 1200 2072 passionibus
1229 2000 1527 2070 subjectum
1567 2009 1650 2055 est
1696 1999 1808 2054 irai.
1841 2019 1857 2048 ι
1966 1995 2248 2068 Lucanus)
2294 2007 2348 2052 et
2389 1998 2480 2052 alii
2529 2017 2546 2050 ε
2578 1999 2719 2068 quod
2770 1999 3006 2055 levitatis
3037 2002 3091 2056 in
3139 2001 3393 2066 homine,
3422 2004 3567 2075 quod

281 2098 526 2166 (ΑνηοΙι.ν
555 2097 643 2151 lib.
670 2112 767 2161 vu,
792 2111 909 2166 pag.
950 2094 1110 2164 2M.)
1136 2094 1274 2162 Quid
1305 2104 1482 2149 autem
1513 2094 1630 2148 l‘alsi
1660 2103 1753 2148 aut
1791 2095 1870 2148 vi-
1968 2099 2183 2146 terreno
2228 2092 2280 2146 in
2310 2092 2583 2148 animante
2608 2094 2876 2163 culpabile
2903 2106 3018 2158 est.
3053 2109 3317 2166 praestans
3348 2099 3436 2152 illa
3468 2116 3565 2154 na-

271 2191 400 2246 tiosi
433 2191 486 2246 in
519 2189 617 2244 hac
641 2189 1127 2260 argumentatione,
1162 2203 1283 2258 quae
1309 2203 1377 2242 ex
1409 2189 1472 2242 iis
1496 2189 1720 2248 eruitur,
1749 2203 1868 2257 qua:

2004 2198 2126 2249 ura,
2175 2194 2229 2238 et
2272 2184 2325 2238 in
2375 2195 2644 2256 perpetuae
2676 2187 2888 2240 virtutis
2928 2187 3182 2244 lirmitate
3229 2192 3567 2266 consistens,

275 2283 495 2338 Ethnici
537 2282 604 2337 de
628 2282 853 2338 deorum
885 2297 1105 2336 suorum
1136 2281 1186 2334 in
1213 2280 1540 2336 christianos
1566 2281 1666 2344 ira,
1701 2281 1870 2335 illius—

2004 2273 2109 2329 cire
2143 2294 2161 2328 ιι
2215 2275 2311 2345 (al.
2353 2279 2598 2346 sentire),
2653 2297 2671 2328 ι
2710 2290 3053 2335 asseveratur
3094 2296 3123 2335 a
3173 2285 3326 2338 vobis
3383 2304 3400 2337 ι
3447 2285 3574 2358 (Ar-

274 2393 384 2447 que
436 2373 792 2446 iniquissimis
843 2374 1077 2428 motibus
1128 2388 1418 2443 numquam
1472 2387 1581 2445 non
1628 2372 1871 2428 vendita-

2004 2365 2116 2431 :ob.,
2143 2365 2232 2421 lib.
2260 2384 2296 2432 ι,
2331 2387 2450 2440 pag.
2486 2387 2548 2435 x;
2580 2372 2770 2435 Cicer.,
2817 2373 2908 2426 lib.
2954 2390 3003 2427 tv
3057 2375 3302 2430 Academ.
3365 2391 3572 2450 (ιηιιξειἼ

272 2470 410 2526 ham
434 2469 458 2522 τ
1976 2473 2097 2528 pag.
2115 2458 2217 2523 55;
2267 2459 2492 2528 Lucam,
2518 2461 2608 2516 lib.
2635 2479 2710 2529 ix,
2737 2479 2868 2518 vers.
2897 2465 3046 2536 772),
3081 2468 3332 2523 nimirum
3358 2473 3574 2540 gentili-

356 2559 513 2616 Aliud
537 2575 668 2616 vero
695 2569 778 2616 est
805 2575 973 2630 genus
1019 2560 1132 2625 iraa,
1163 2573 1322 2626 quam
1367 2559 1570 2628 antiqui
1617 2557 1874 2613 Ecclesia;
1976 2551 2074 2606 bus
2104 2553 2192 2622 qui
2219 2553 2324 2608 diis
2356 2555 2551 2610 vestris
2584 2556 2836 2620 tribuitis,
2864 2558 3118 2627 quidquid
3148 2563 3224 2615 ira
3257 2565 3310 2617 in
3338 2563 3571 2620 homini-

279 2655 504 2719 Patres,
529 2668 589 2707 ac
616 2661 803 2722 postea
829 2650 1140 2706 scholastici
1169 2649 1401 2720 theologi
1427 2651 1560 2704 nihil
1585 2651 1725 2704 aliud
1758 2664 1879 2704 esse

281 2745 514 2809 docent,
545 2743 647 2799 nisi
676 2743 897 2799 oliensae
932 2751 989 2798 et
1025 2752 1261 2812 acceptae
1291 2741 1502 2811 injuria:
1529 2757 1737 2812 aequam
1759 2781 1774 2808 ,
1816 2755 1880 2796 ac

277 2841 410 2896 sine
447 2838 605 2892 animi
649 2837 1057 2908 perturbatione
1098 2837 1393 2901 ultionem,
1435 2834 1522 2890 vel
1549 2837 1753 2903 justum
1782 2834 1880 2889 de-

280 2935 418 2990 bitze
445 2946 617 3004 poena:
646 2931 948 3002 inlligenda:
988 2931 1270 3002 judicium.
1314 2930 1568 2986 Libenter
1595 2939 1776 2984 autem
1805 2929 1880 2981 ia-

285 3037 472 3082 tentur
499 3027 666 3082 Deum
690 3042 757 3082 eo
778 3025 940 3081 modo
968 3026 1147 3081 irasci.
1175 3025 1306 3080 Nam
1339 3042 1358 3076 l
1390 3025 1466 3078 ira
1492 3024 1608 3088 Dei,
1639 3043 1658 3076 ›
1686 3025 1763 3077 ait
1782 3025 1885 3077 Au-

287 3120 537 3192 gustinus
564 3120 679 3192 (lib.
706 3135 796 3184 xv,
823 3118 886 3172 de
914 3116 1086 3183 Civit.,
1113 3135 1230 3186 cap.
1255 3119 1347 3182 9.5,
1379 3134 1499 3188 pag.
1534 3116 1689 3186 409),
1725 3135 1744 3166 ‹
1777 3129 1884 3169 non

1978 2643 2077 2698 bus
2105 2653 2161 2698 et
2189 2645 2382 2700 belluis
2410 2648 2534 2702 mali
2580 2647 2780 2703 habere
2825 2648 3178 2719 dignoscitur.
3208 2654 3346 2720 Quid
3391 2667 3572 2713 autem

1981 2734 2034 2789 in
2063 2744 2172 2790 tota
2197 2735 2296 2792 hac
2315 2741 2780 2810 argumentatione
2799 2743 2945 2812 carpi
2977 2753 3174 2813 potest,
3199 2748 3342 2816 quod
3372 2765 3477 2802 non
3505 2751 3579 2806 sit

1983 2841 2170 2881 sanum
2216 2839 2270 2882 et
2317 2830 2720 2886 orthodoxum?
2769 2831 2965 2888 Contra
3007 2835 3264 2892 Ethnieos
3309 2841 3577 2896 Arnobius

1984 2918 2162 2986 docet,
2194 2922 2423 2992 totisque
2451 2925 2648 2995 ingenii
2674 2925 2879 2981 viribus
2901 2927 3278 2988 demonstrare
3299 2935 3580 2990 contendit

1987 3010 2039 3064 in
2069 3027 2250 3066 verum
2278 3013 2442 3068 Deum
2473 3017 2666 3071 cadere
2694 3033 2800 3071 non
2826 3033 2984 3088 posse
3007 3022 3250 3076 vitiosam
3282 3025 3436 3089 iram,
3464 3043 3583 3096 pra-

1988 3119 2192 3175 vosque
2219 3105 2357 3160 illius
2385 3116 2563 3161 motus
2593 3117 2649 3163 et
2673 3108 2913 3164 effectus.
2946 3115 3012 3166 At
3051 3129 3339 3186 numquam
3370 3120 3586 3188 negavit

286 3212 628 3284 perturbatio
653 3210 818 3265 animi
847 3210 964 3281 ejus
988 3220 1090 3276 est,
1119 3209 1210 3264 sed
1233 3209 1515 3278 judicium,
1543 3224 1649 3278 quo
1680 3207 1884 3276 irroga-
1911 3213 1956 3275 C
1990 3197 2040 3251 in
2059 3197 2180 3252 υθο
2204 3213 2322 3251 eam
2355 3213 2474 3253 esse
2505 3200 2641 3254 iram
2663 3241 2678 3265 .
2719 3218 2840 3271 quae
2873 3204 2943 3257 sit
2972 3214 3175 3260 rectum
3227 3223 3397 3276 paena:
3437 3212 3579 3266 iuilio

289 3316 379 3360 tur
409 3320 562 3374 paena
595 3313 836 3372 peccato.
870 3322 888 3354 ι
923 3303 1094 3357 Antea
1118 3316 1246 3356 vero
1272 3299 1532 3371 Origenes
1563 3300 1723 3356 Celso
1753 3299 1886 3370 obji-

288 3397 454 3453 cienti
480 3396 746 3452 humanos
769 3395 862 3450 ira:
891 3395 1132 3465 aliosque
1160 3392 1386 3448 allectus
1413 3393 1464 3447 in
1497 3393 1665 3448 sacris
1691 3393 1890 3446 nostris

303 3492 605 3562 Scripturis
651 3490 763 3545 Deo
799 3489 1056 3554 attribui,
1087 3487 1378 3556 respondet
1407 3486 1614 3540 illarum
1641 3496 1890 3540 auctores

291 3599 452 3641 more
479 3582 628 3653 loqui
679 3581 976 3646 hominum,
1026 3587 1080 3634 et
1124 3578 1373 3632 utilitatis
1418 3577 1658 3648 ipsorum
1704 3590 1890 3640 causa,

294 3678 398 3735 sed
437 3691 623 3732 verum
669 3673 1021 3729 scribentium
1065 3685 1281 3726 sensum
1312 3670 1379 3725 ab
1405 3669 1622 3724 homine
1667 3667 1891 3738 spiritali

296 3769 464 3826 facile
505 3767 765 3838 dignosci.
818 3763 953 3821 Tum
998 3764 1341 3819 continenter
1384 3762 1581 3830 adjecit
1627 3761 1890 3832 (Urigen.,

303 3863 403 3916 lib.
431 3877 501 3924 tv,
525 3870 655 3915 cont.
687 3857 842 3924 Cels.,
879 3873 1004 3928 pag.
1028 3855 1159 3928 2H)
1197 3855 1414 3930 εὈργήν
1456 3850 1541 3909 οὖν
1587 3855 1893 3927 ὀνομάζομεν

301 3959 462 4012 Θεοῦ,
491 3955 548 4006 οὐ
573 3953 726 4011 πάθος
751 3948 797 4006 δ’
825 3951 984 4004 αὐτοῦ
1014 3949 1170 4007 αὐτὴν
1199 3942 1324 4000 εἶναι
1362 3947 1540 4018 φάμεν,
1573 3945 1698 4000 ἀλλὰ
1720 3968 1770 4000 τι
1796 3968 1898 4000 πα·

297 4044 754 4122 ραλςιμϐανόμενον
807 4044 879 4102 εἰς
929 4045 1017 4099 τὴν
1068 4037 1151 4094 διὰ
1208 4039 1624 4114 σκυθρωποτὲρον
1686 4039 1896 4110 ἀγωγῶν

300 4139 600 4202 παίδευσιν,
630 4145 737 4197 τοῖς
763 4139 831 4192 τὰ
856 4132 1042 4190 τοσάδε
1073 4135 1159 4186 καὶ
1193 4130 1360 4188 τοιάδε
1388 4131 1729 4206 ἡμαρτηκόσι.
1761 4129 1896 4198 Ergo

305 4251 430 4288 cum
455 4235 589 4286 iram
615 4229 712 4284 Dei
751 4229 1093 4291 nominamus,
1126 4242 1225 4280 non
1254 4223 1493 4292 a/fectum
1522 4225 1632 4294 ejus
1661 4224 1896 4290 dicimus,

302 4331 398 4386 sed
445 4295 692 4398 quiddam
734 4313 981 4378 severiore
1013 4320 1284 4390 disciplina
1332 4319 1585 4390 castigans
1641 4318 1898 4383 homines,

307 4435 382 4479 tot
418 4422 671 4493 tantisque
696 4418 915 4490 peccatis
944 4415 1206 4469 obnoxios.
1237 4413 1430 4469 Plures
1457 4413 1530 4468 uti
1561 4413 1898 4468 Ambrosium

307 4519 555 4588 aliosque
582 4514 826 4569 similiter
855 4511 1134 4581 loquentes
1164 4508 1418 4563 inducere
1449 4524 1728 4576 possemus
1755 4507 1902 4572 (Am-

1987 3291 2176 3361 gendzc
2197 3291 2480 3361 judicium,
2505 3305 2557 3348 et
2581 3295 2725 3362 justa
2755 3295 2978 3350 ol'l'ensa:
3007 3298 3233 3368 alicujus
3261 3301 3416 3355 ultio.
3443 3304 3579 3370 Quid

1989 3393 2166 3439 autem
2208 3385 2402 3440 citatus
2439 3387 2507 3439 ab
2554 3387 2784 3443 lleraldo
2813 3388 3123 3446 Lactantius
3144 3393 3216 3447 de
3249 3393 3332 3448 ira
3364 3395 3455 3452 Dei
3487 3400 3584 3455 do-

1990 3477 2176 3541 cuerit,
2205 3492 2304 3533 suo
2333 3479 2451 3534 loco
2479 3480 2877 3551 indagabimus.

2593 3632 2888 3673 ARTICULUS
2928 3636 2998 3675 IV.

1997 3749 2432 3830 UtrumArnobius
2453 3754 2727 3830 crediderit
2741 3754 2900 3830 Deum
2923 3770 3035 3808 esse
3061 3763 3278 3813 omnium
3299 3778 3407 3816 cum
3428 3780 3587 3830 paenae

2176 3821 2180 3830 ’
2371 3824 2472 3863 tum
2496 3816 2652 3879 culpa:
2676 3819 2913 3867 malorum
2943 3829 3211 3874 auctorem.
3429 3816 3441 3830 '
3467 3816 3599 3860 "'"2

2068 3959 2334 4026 Quosdam
2355 3961 2540 4017 audire
2565 3963 2718 4018 nobis
2741 3965 3004 4033 videmur,
3032 3971 3120 4041 qui
3149 3974 3444 4030 Arnobium
3475 3995 3590 4048 gra-

1999 4049 2198 4104 vissimi
2226 4052 2278 4105 in
2303 4066 2399 4107 sua
2427 4052 2494 4106 de
2521 4054 2608 4108 Dei
2633 4058 3022 4125 omnip0tentia
3050 4063 3412 4131 disputatione
3439 4085 3591 4126 erro-

2000 4142 2075 4196 ris
2113 4143 2367 4199 audacter
2414 4146 2748 4202 insimulant.
2781 4149 2971 4205 Nonne
3001 4157 3166 4217 enim,
3199 4157 3462 4230 inquiunt,
3492 4166 3590 4220 ali-

2001 4251 2157 4306 quem
2187 4235 2387 4292 inducit
2415 4237 2516 4292 sibi
2551 4239 2935 4309 ohjicientem;
2969 4246 3012 4300 si
3046 4248 3138 4300 Dei
3169 4251 3440 4310 voluntate
3471 4273 3589 4310 nm-

2003 4329 2089 4383 nia
2120 4332 2280 4397 liant,
2311 4331 2548 4402 nihilque
2585 4335 2704 4389 sine
2745 4334 2836 4389 illa
2887 4337 3001 4392 ﬁeri
3045 4352 3238 4411 queat,
3268 4344 3392 4401 inde
3439 4351 3590 4419 sequi

2006 4420 2155 4476 illum
2197 4422 2456 4477 malorum
2507 4425 2782 4494 omnium,
2827 4429 3021 4499 quibus
3065 4433 3310 4490 homines
3353 4441 3592 4509 quotidie

2005 4513 2336 4579 cruciantur,
2381 4530 2504 4571 esse
2532 4528 2808 4575 auctorem
2823 4521 2848 4573 Ἰ
2874 4523 3027 4588 Quod
3059 4527 3274 4594 quidem
3309 4544 3588 4605 postquam

309 4613 477 4676 ὁποι,
505 4608 595 4662 lib.
621 4607 682 4660 de
713 4604 843 4672 Noe,
871 4620 985 4675 cap.
1020 4605 1074 4668 4,
1103 4601 1130 4674 §
1154 4602 1208 4668 9,
1239 4619 1360 4674 pag,
1388 4600 1536 4674 251).
1573 4601 1679 4658 Sed
1708 4603 1830 4674 quia
1852 4603 1903 4658 id
1931 4617 1985 4677 1)
2008 4607 2364 4664 attentissime
2393 4609 2482 4666 ille
2509 4614 2691 4668 animo
2717 4617 2994 4685 expendit,
3017 4600 3329 4688 persuasum
3350 4600 3594 4685 sibi-esse

311 4701 532 4773 longius
563 4699 735 4763 foret,
767 4697 878 4752 sola
921 4696 1264 4766 subjiciemus
1312 4696 1425 4749 huic
1470 4693 1654 4749 Hilarii
1700 4695 1905 4750 verba:

320 4814 341 4849 ι
373 4793 522 4851 Ultio
565 4791 854 4847 constituta
904 4790 980 4844 ira
1028 4804 1149 4844 esse
1194 4787 1287 4843 Dei
1333 4787 1602 4854 creditur;
1649 4805 1756 4844 non
1785 4791 1910 4859 quia

311 4886 729 4948 indemutahilis
756 4885 844 4940 illa
872 4884 988 4948 Dei,
1014 4894 1066 4938 et
1087 4883 1263 4952 quieta
1286 4891 1475 4936 natura
1506 4891 1651 4937 motu
1682 4883 1911 4952 impetus

316 4983 524 5040 turbidi
549 4980 876 5044 incalescat;
911 4977 1004 5033 sed
1032 4975 1173 5045 quod
1201 4976 1313 5041 ille,
1345 4976 1437 5046 qui
1459 4991 1554 5044 per
1577 4976 1912 5030 constitutio-

313 5095 448 5135 nem
478 5091 654 5148 ptenze
703 5081 919 5129 maneat
949 5073 1001 5126 in
1046 5086 1240 5142 pinna,
1279 5070 1475 5126 sentiat
1511 5070 1612 5124 sibi
1640 5080 1913 5126 auctorem

315 5173 488 5243 hujus
518 5167 922 5225 constitutionis
952 5167 1169 5220 iratum.
1201 5165 1367 5220 Poena
1395 5165 1536 5220 enim
1565 5165 1815 5234 patientis
1839 5165 1915 5221 ira

318 5281 450 5322 esse
477 5262 718 5320 creditur
756 5259 1114 5315 decernentis.
1146 5261 1317 5328 Atque
1353 5258 1425 5313 ita
1466 5258 1711 5313 irascitur
1747 5259 1916 5326 Deus,

320 5373 452 5415 cum
497 5371 595 5427 per
625 5369 799 5425 pinnae
837 5353 1078 5408 dolorem
1123 5351 1255 5407 iram
1285 5350 1486 5406 decreti
1517 5351 1570 5405 in
1600 5367 1660 5406 se
1688 5353 1922 5410 sentiant

320 5466 452 5508 esse
486 5448 695 5520 puniti,
738 5462 858 5518 quae
897 5461 1001 5501 non
1044 5461 1139 5514 per
1180 5444 1600 5500 demutationem
1634 5453 1838 5501 natura:
1869 5447 1920 5502 in

323 5550 470 5605 iram
491 5563 557 5603 ex
588 5546 947 5618 placabilitate
993 5552 1263 5599 commota
1289 5552 1402 5608 est,
1441 5543 1534 5597 sed
1566 5559 1632 5599 ex
1661 5547 1925 5601 constitu-

326 5646 483 5701 tione
513 5658 687 5714 pmnte
731 5643 808 5698 ira
855 5642 924 5696 sit
963 5639 1266 5710 puniendis.
1309 5658 1327 5689 ι
1387 5636 1609 5707 (Hilar.,
1656 5639 1828 5696 Tract.
1877 5644 1929 5697 in

327 5736 543 5792 Psalm.
570 5751 629 5801 it,
659 5733 688 5806 §
718 5735 806 5801 l7,
838 5751 955 5805 pag.
977 5733 1093 5804 ὃὸ.)
1125 5731 1309 5802 Neque
1352 5729 1404 5784 id
1442 5732 1606 5786 semel
1635 5733 1762 5788 dixit
1793 5754 1805 5789 :
1836 5737 1931 5791 sed

327 5834 397 5889 in
420 5833 500 5886 ira
521 5829 650 5896 Dei,
682 5829 852 5900 inquit
875 5827 1052 5882 adhuc
1082 5825 1274 5900 (lbid.,
1297 5825 1350 5900 in
1379 5825 1561 5896 psalm.
1585 5830 1814 5901 vaut,§
1841 5831 1931 5897 l9,

785 5921 1057 5986 ΡΑτιιοι.
1106 5919 1180 5980 V.

2010 4699 2246 4757 declarat
2273 4719 2334 4758 ea
2363 4707 2499 4760 mala
2529 4723 2704 4777 neque
2737 4725 2804 4764 ex
2844 4711 3157 4780 clementis,
3193 4733 3367 4786 neque
3398 4737 3467 4776 ex
3500 4740 3594 4778 eo-

2012 4811 2128 4888 rum
2152 4796 2508 4868 inazqualitate
2529 4803 2657 4856 oriri
2685 4803 2875 4871 (Idem,
2897 4806 2988 4860 lib.
3020 4823 3078 4873 n,
3102 4826 3221 4880 pag.
3240 4813 3308 4866 80
3330 4824 3376 4867 et
3402 4821 3593 4888 seqq.).

2013 4887 2130 4943 Non
2163 4892 2304 4944 enim
2351 4893 2467 4946 ﬁeri
2525 4909 2682 4963 posse
2711 4906 2899 4965 putat,
2953 4910 3008 4952 ut
3052 4917 3170 4971 qua:
3203 4920 3417 4960 sensum
3453 4887 3597 4978 judi-

2014 4981 2262 5053 ciumque
2291 5000 2393 5040 non
2439 4985 2672 5052 habent,
2718 4991 2874 5044 noxia
2903 4993 3011 5046 sint
3050 5007 3102 5048 et
3147 4997 3428 5057 malitiosa.
3463 5006 3598 5066 Quid

2015 5090 2144 5146 ergo
2171 5077 2236 5131 ad
2269 5077 2383 5133 haec
2411 5081 2513 5135 sibi
2542 5082 2750 5151 objecta
2782 5083 2871 5139 ille
2893 5099 3080 5156 postea
3113 5097 3434 5162 respondet?
3459 5099 3604 5158 Nihil

2017 5186 2148 5226 sane
2173 5173 2336 5239 aliud,
2365 5174 2465 5228 nisi
2492 5191 2678 5244 parum
2712 5178 2975 5238 interesse
3003 5185 3326 5257 sciamusne,
3355 5207 3420 5246 an
3450 5195 3602 5265 igno-

2020 5282 2201 5322 remus
2225 5283 2344 5338 quce
2390 5270 2513 5323 mali
2538 5286 2696 5326 causa
2725 5274 2813 5328 sit.
2845 5275 3018 5332 Unum
3057 5282 3252 5353 quippe
3281 5287 3419 5342 scire
3450 5291 3604 5348 nobis

2022 5359 2268 5414 sufficere
2293 5361 2586 5418 arbitratur
2610 5365 2741 5419 nihil
2770 5385 2796 5419 a
2831 5368 2940 5423 Deo
2967 5375 3210 5436 noxium,
3236 5379 3505 5437 exitiabile
3552 5395 3608 5441 et

2028 5454 2355 5509 mortiferum
2387 5459 2650 5526 prolicisci
2671 5503 2684 5526 ,
2724 5461 2962 5535 nihilque
2989 5469 3056 5522 ab
3081 5485 3146 5524 eo
3172 5471 3285 5527 ﬁeri
3309 5517 3322 5533 .
3359 5478 3456 5531 nisi
3494 5495 3611 5535 om-

2030 5548 2190 5603 nibus
2215 5551 2478 5620 salutare,
2509 5554 2695 5620 dulce,
2719 5559 2979 5650 ‘Optahile,
3008 5572 3216 5631 gratum
3264 5577 3313 5621 et
3336 5570 3616 5638 jucundis-

2031 5657 2247 5699 Simum.

2105 5735 2292 5794 Nonne
2320 5749 2495 5796 autem
2540 5751 2650 5798 tota
2671 5786 2684 5810 ,
2720 5745 2900 5810 aiunt,
2938 5746 3036 5802 hac
3075 5750 3128 5804 in
3155 5755 3398 5812 oratione
3424 5761 3619 5831 caligat

2038 5840 2091 5887 οι
2114 5835 2324 5890 meum
2351 5835 2638 5907 Arnobius,
2667 5839 2868 5894 malum
2894 5841 3066 5913 culpa:
3091 5862 3119 5901 a
3147 5849 3290 5905 malo
3314 5868 3486 5923 ptum:
3513 5873 3620 5922 non

2870 5933 2942 6004 15
