4158 6264
615 326 724 388 ιεθ

1891 313 2342 376 DISSERTATIO
2378 311 2659 372 MVIA

3788 305 3895 364 160

615 439 1033 516 distinguendo?
1061 439 1196 509 Quis
1220 451 1454 508 namque
1491 435 1544 494 in
1585 435 1755 492 sacris
1782 435 1985 490 nostris
2015 435 2197 504 Scrip-
2227 445 2280 508 Α
2305 429 2448 488 Deus
2491 430 2673 500 itaque
2719 428 2859 492 sicut
2896 435 2950 484 et
2985 425 3230 494 Christus
3269 424 3543 486 neminem
3584 423 3748 495 cogit,
3795 424 3892 479 sed

620 543 753 600 turis
781 554 888 596 non
923 536 1080 607 plane
1109 535 1324 604 hospes.
1354 548 1418 588 ac
1451 532 1764 602 peregrinus
1785 573 1800 598 ,
1833 533 2040 587 nesciat
2077 529 2206 584 mali

615 635 819 703 culpas,
853 631 963 694 Deo
995 629 1356 700 permittente,
1387 626 1684 688 diabolum,
1715 624 1842 680 mali
1877 638 2006 677 vero
2033 636 2207 691 parum

621 717 970 793 peccantibus
999 715 1236 782 inﬂicttn,
1265 715 1553 785 ipsummet
1584 713 1772 776 Deum,
1802 721 1950 766 recto
1975 725 2104 764 sane
2126 709 2208 778 ju-

614 814 754 872 dicio
783 827 905 867 esse
931 808 1243 868 auctorem?
1273 807 1462 864 Nonne
1501 806 1662 862 etiam
1704 804 1836 862 illud
1865 803 2074 860 discere
2107 818 2203 872 po-

615 907 710 962 tuit
740 922 805 960 ex
836 903 1188 966 Tertulliano,
1212 901 1302 971 qui
1327 899 1541 970 quidem
1573 899 1661 958 ubi
1689 897 1950 954 adversus
1979 896 2205 952 Marcio-

612 1001 696 1062 nis
725 999 793 1055 de
820 998 962 1054 malo
989 996 1090 1052 deo
1119 994 1383 1054 malorum
1425 1001 1647 1047 auctore
1670 1005 1910 1050 errorem
1939 988 2198 1054 disputat,

609 1095 683 1150 ihi
714 1095 848 1156 scite
877 1102 1163 1160 utrumque
1191 1087 1323 1143 illud
1355 1085 1554 1146 malum
1583 1084 1900 1154 distinguit:
1938 1101 1956 1133 ι
1993 1080 2102 1138 Nos
2122 1121 2138 1146 ,
2173 1099 2192 1134 ι

607 1189 813 1260 inquit,
850 1206 867 1246 ι
905 1185 1141 1250 adhibita
1170 1182 1514 1238 distinctione
1544 1180 1820 1249 utriusque
1859 1177 2078 1241 formae,
2109 1191 2200 1232 se-

609 1282 808 1354 paratis
838 1280 994 1335 malis
1020 1278 1220 1346 delicti,
1251 1286 1305 1331 et
1338 1275 1492 1332 malis
1516 1273 1784 1344 supplicii,
1815 1272 1974 1333 malis
1995 1271 2192 1340 culpae,

607 1387 663 1434 et
701 1377 856 1433 malis
895 1388 1093 1446 paenae,
1125 1387 1281 1427 suum
1313 1368 1508 1439 cuique
1537 1367 1672 1436 parti
1703 1365 1990 1428 definimus
2014 1374 2200 1426 aucto-

607 1487 726 1527 rem
761 1488 773 1524 :
805 1467 1070 1524 malorum
1098 1463 1316 1536 quidem
1359 1460 1559 1532 peccati
1598 1469 1652 1520 et
1677 1459 1847 1529 culpae
1883 1456 2196 1516 diabolum:

606 1564 869 1622 malorum
911 1575 1039 1616 vero
1069 1556 1313 1630 supplicii
1350 1565 1403 1610 et
1445 1569 1617 1622 poma:
1663 1552 1830 1608 Deum
1860 1558 2197 1613 creatorem;

608 1666 666 1722 ut
710 1654 797 1712 illa
848 1667 973 1726 pars
1018 1648 1235 1708 malitiae
1283 1647 1600 1717 deputetur,
1636 1643 2013 1712 ismjustitize,
2056 1639 2198 1698 mala

603 1748 886 1809 condentis
922 1744 1120 1816 judicia
1147 1742 1408 1798 adversus
1439 1739 1575 1796 mala
1603 1738 1806 1796 delicti.
1841 1738 1913 1792 De
1948 1738 2029 1792 his
2064 1751 2196 1806 ergo

2311 537 2500 580 omnes
2526 522 2807 592 aequaliter
2840 532 3015 588 vocat,
3049 531 3102 577 et
3126 523 3332 577 cunctis
3357 521 3423 576 ad
3451 535 3512 576 se
3539 517 3786 575 veniendi
3816 518 3894 572 fa-

2309 617 2383 676 cit
2417 624 2760 686 potestatem.
2801 615 2857 671 Si
2888 615 3009 686 quis
3037 629 3165 686 ergo
3200 630 3308 671 non
3350 614 3548 678 veniat,
3582 612 3725 667 illius
3759 624 3893 666 sane

2310 725 2417 766 non
2460 711 2555 766 Del
2596 711 2751 780 culpa
2793 720 2896 767 est.
2933 710 3094 781 Atqui
3124 727 3190 766 ex
3216 709 3316 766 hac
3344 708 3751 765 ratiocinatione
3776 707 3893 762 eri.

2308 804 2501 860 denter
2549 804 2820 876 colligitur
2854 805 3150 860 Arnobium
3186 803 3480 860 credidisse
3521 802 3658 856 mala
3697 799 3888 871 culpae,

2307 897 2508 963 delicti,
2541 908 2594 954 et
2625 900 2860 965 malitim,
2891 913 2993 954 non
3026 914 3092 953 ex
3126 898 3252 962 Deo,
3287 896 3382 953 sed
3408 911 3472 951 ex
3503 896 3669 950 libera
3698 907 3894 964 prava-

2306 1008 2411 1061 que
2431 992 2664 1047 hominis
2687 993 2964 1048 voluntate
2989 992 3254 1064 proficisci
3281 1009 3295 1046 :
3325 991 3461 1046 mala
3489 1000 3665 1045 autem
3697 1003 3892 1056 omnm,

2307 1084 2382 1144 uti
2411 1084 2612 1140 dictum
2636 1095 2741 1149 est,
2768 1085 2837 1142 ab
2861 1101 2928 1141 eo
2953 1085 3168 1157 quidem
3198 1083 3384 1155 infligi,
3413 1085 3505 1140 sed
3527 1093 3750 1154 cogente
3772 1097 3897 1152 pec-

2303 1179 2537 1238 cantium
2590 1180 2822 1244 malitia,
2877 1196 3036 1250 quam
3091 1179 3406 1250 impunitam
3456 1176 3724 1233 dimittere
3781 1190 3891 1231 non

2303 1282 2496 1342 potest.
2719 1278 2724 1284 ‘

2373 1365 2571 1427 Contra
2599 1377 2776 1423 tamen
2797 1367 3015 1437 objiciet
3041 1367 3237 1438 aliquis
3261 1366 3554 1423 Arnobium
3584 1373 3896 1422 constanter

2303 1473 2528 1527 negasse
2553 1460 2715 1515 ullam
2739 1460 3061 1516 calamitatis
3089 1476 3304 1516 causam
3334 1475 3493 1530 posse
3522 1473 3769 1528 umquam
3793 1457 3893 1512 ho-

2305 1553 2540 1614 minibus
2580 1555 2646 1609 ab
2686 1556 2801 1624 ipso
2845 1555 2955 1610 Deo
2994 1555 3202 1621 inferri.
3250 1555 3460 1608 Diserte
3499 1551 3762 1623 siquidem
3802 1551 3896 1606 ille

2305 1647 2982 1719 pronuntiatuQuidquid
3021 1648 3163 1720 potis
3200 1660 3282 1702 est
3317 1661 3533 1702 causam
3574 1645 3898 1702 calamitatis

2303 1741 2527 1807 inferre,
2559 1742 2685 1813 quid
2715 1744 2786 1798 sit
2805 1744 3039 1810 primum
3069 1740 3357 1796 videndum
3380 1751 3481 1804 est,
3510 1749 3565 1794 et
3585 1739 3653 1793 ab
3682 1738 3778 1792 Dei
3803 1752 3901 1792 no-

602 1851 813 1898 creator
842 1837 1121 1910 profitetur
1163 1833 1315 1890 malis
1334 1875 1346 1898 ,
1375 1847 1494 1900 quae
1520 1839 1827 1899 congruunt
1849 1828 2036 1898 indici.
2061 1829 2193 1896 Qum

2315 1837 2443 1891 nine
2492 1837 2802 1907 longissima
2851 1837 3013 1892 debet
3056 1836 3347 1892 diﬁeritate
3395 1837 3603 1906 seponi.
3642 1854 3661 1887 ι
3697 1832 3900 1906 (Idem,

602 1937 819 2009 quidem
851 1934 990 1992 mala
1034 1932 1140 1992 illis
1179 1930 1318 1986 mala
1362 1937 1516 1990 sunt,
1546 1927 1741 1996 quibus
1787 1923 2195 1994 rependuntur:

599 2041 853 2086 caeterum
875 2041 976 2084 suo
1001 2024 1220 2084 nomine
1243 2021 1404 2085 bona,
1431 2036 1533 2089 qua
1553 2018 1720 2089 justa,
1747 2025 1801 2074 et
1827 2016 2093 2073 bonorum
2113 2015 2200 2071 de-

603 2129 856 2193 fensoris,
887 2136 942 2183 et
967 2124 1286 2182 delictorum
1319 2120 1558 2185 inimica,
1587 2125 1750 2185 atque
1794 2117 1845 2171 in
1875 2114 1980 2170 hoc
2007 2115 2201 2170 ordine

602 2223 714 2292 Deo
757 2220 938 2290 digna.
970 2236 988 2269 ι
1022 2215 1384 2287 (Tertullian.,
1414 2211 1501 2265 lib.
1536 2227 1593 2276 ιι,
1622 2211 1740 2264 adv.
1771 2208 2057 2274 Marciam,
2079 2224 2198 2278 cap.

603 2316 690 2381 14,
725 2330 844 2384 pag.
875 2308 1030 2380 464.)
1059 2309 1157 2366 Cui
1184 2306 1400 2378 quidem
1449 2305 1564 2360 hmc
1606 2303 1824 2359 uberius
1856 2301 2202 2371 prosequenti

601 2420 656 2464 et
694 2407 957 2464 assereuti
995 2403 1354 2474 suffragantur
1401 2398 1695 2469 Origenes.
1757 2395 2088 2467 Augustinus
2146 2403 2204 2449 et

601 2504 692 2561 alii
715 2516 910 2572 magno
933 2512 1159 2556 numero
1181 2505 1234 2552 et
1255 2509 1524 2552 consensu
1544 2492 1734 2546 Patres
1759 2489 2037 2550 Ecclesiai,
2061 2502 2198 2557 quos

603 2599 657 2654 in
691 2614 768 2662 re,
800 2593 935 2658 nulli
964 2590 1255 2660 incognita,
1290 2587 1375 2642 hic
1406 2585 1678 2656 appellare
1705 2583 1837 2638 nihil
1867 2595 2091 2636 necesse
2115 2589 2201 2635 est

606 2694 779 2765 (Orig.
803 2734 817 2757 ,
853 2691 940 2746 lib.
984 2705 1057 2756 vr,
1102 2698 1266 2742 contr.
1313 2683 1448 2737 Cels.
1469 2723 1484 2746 ,
1517 2698 1635 2751 pag.
1669 2678 1808 2741 524;
1835 2678 2075 2747 August,
2105 2676 2196 2729 lib.

604 2798 772 2846 contr.
802 2786 1092 2848 Adimaut.,
1121 2797 1235 2850 cap.
1265 2777 1369 2844 26,
1397 2773 1547 2846 eto.).
1577 2771 1844 2842 Numquid
1874 2787 2003 2840 ergo
2029 2772 2204 2824 Arno-

606 2883 726 2940 bius
754 2882 869 2934 lucc
899 2875 1181 2948 ignoravit,
1209 2880 1300 2926 aut
1321 2870 1366 2924 si
1396 2877 1672 2936 comperta
1698 2863 1904 2928 habuit,
1933 2878 2028 2917 cur
2051 2859 2202 2915 brevi

606 2972 985 3046 explicatione,
1017 2969 1100 3022 vel
1130 2963 1360 3034 duplicis
1387 2961 1512 3015 mali
1549 2957 1916 3017 distinctione,
1949 2969 2054 3008 non
2093 2953 2201 3006 sol-

606 3072 682 3127 vit
713 3068 936 3138 hujusce
963 3058 1292 3118 diflicnltatis
1318 3053 1559 3110 nodum?
1589 3049 1857 3120 Numquid
1886 3061 2202 3138 persuasum

609 3165 685 3218 illi
713 3137 847 3225 erat,
877 3156 1020 3228 quod
1045 3171 1074 3207 a
1102 3151 1347 3224 proxime
1383 3149 1548 3204 citato
1572 3143 1804 3213 Origene
1837 3142 2038 3196 dictum
2066 3137 2201 3207 legi-

2309 1929 2398 1984 lib.
2429 1945 2524 1994 vn,
2561 1947 2681 2000 pag.
2723 1929 2878 2000 938.)
2918 1929 3107 1984 Nonne
3147 1939 3324 1984 autem
3360 1928 3444 1982 his
3487 1928 3574 1984 ille
3616 1928 3798 1983 verbis
3849 1928 3903 1982 in

2306 2025 2634 2092 ipsissimuin
2675 2023 2897 2079 offendit
2926 2023 3213 2078 Marcionis
3252 2037 3513 2089 errorem,
3546 2037 3652 2092 quo
3687 2022 3900 2092 garrie-

2307 2115 2397 2169 bat
2423 2116 2587 2170 Deum
2611 2116 2829 2185 quidem
2854 2117 3119 2172 bonorum
3143 2130 3262 2171 esse
3283 2127 3580 2181 auctorem,
3609 2114 3748 2169 mala
3771 2129 3904 2170 vero

2305 2209 2507 2274 omnia,
2546 2223 2902 2278 quaecumque
2935 2209 3064 2275 sint,
3105 2223 3173 2263 ex
3198 2207 3306 2262 alio
3331 2206 3563 2278 quodam
3593 2207 3734 2262 malo
3756 2206 3908 2277 prin-

2309 2305 2454 2374 cipio
2486 2303 2770 2358 manasse?

2381 2396 2579 2450 Verum
2611 2396 2705 2466 qui
2740 2397 2809 2450 ita
2843 2403 3271 2466 argumentatur,
3305 2396 3350 2450 is
3381 2394 3623 2466 profecto
3660 2394 3904 2450 animum

2308 2505 2412 2542 non
2445 2490 2576 2543 satis
2605 2489 2840 2544 advertit
2866 2489 3162 2544 Arnobium
3204 2489 3275 2543 tbi
3315 2490 3624 2559 opinionem
3656 2489 3905 2544 refellere
3981 2559 3988 2566 .

2306 2582 2607 2651 gentilium,
2641 2583 2732 2652 qui
2765 2581 2927 2636 stulte
2954 2579 3352 2636 contendebant
3380 2579 3516 2636 alios
3546 2582 3676 2637 deos
3712 2592 3904 2636 natura

2305 2692 2401 2730 sua
2429 2677 2600 2730 bonos
2623 2692 2745 2732 esse
2772 2685 2826 2731 et
2857 2689 3164 2747 prosperos,
3198 2675 3333 2729 alios
3367 2691 3492 2729 vero
3523 2675 3695 2730 malos
3725 2684 3779 2729 et
3807 2673 3906 2728 ad-

2308 2782 2516 2832 versus,
2544 2777 2707 2838 atque
2754 2769 2853 2823 hos
2889 2768 3153 2822 malorum
3185 2767 3424 2820 omnium
3457 2774 3511 2821 et
3538 2767 3908 2821 calamitatum

2316 2877 2435 2929 (tum
2480 2876 2606 2915 vera
2642 2861 2778 2914 mala
2823 2861 3067 2916 Ethnicis
3097 2861 3432 2927 videbantur,
3467 2875 3587 2916 esse
3625 2871 3903 2925 auctores;

2320 2963 2375 3007 ta
2406 2964 2585 3009 tamen
2610 2965 2669 3008 ut
2694 2954 2905 3020 hostiis,
2935 2953 3235 3019 sacrificiis,
3263 2954 3490 3022 aliisque
3517 2953 3910 3024 superstitiosis

2311 3047 2507 3102 ritibus
2547 3047 2766 3117 placati,
2798 3047 2866 3102 de
2898 3048 3053 3118 malis
3089 3046 3281 3102 fierent
3309 3049 3458 3115 boni,
3490 3059 3583 3102 aut
3615 3056 3764 3103 certe
3803 3047 3908 3102 ho-

2307 3143 2439 3196 mini
2473 3157 2579 3197 non
2613 3152 2892 3197 nocerent.
2936 3142 3205 3197 Arnobius
3249 3157 3375 3196 vero
3414 3142 3628 3196 tametsi
3674 3141 3910 3195 fateatur

610 3266 696 3312 tur
721 3274 735 3310 :
763 3253 819 3310 Si
851 3254 973 3323 quis
1001 3250 1135 3304 alius
1174 3247 1324 3301 locus
1361 3254 1445 3298 est
1484 3242 1538 3296 in
1580 3235 2014 3294 rebusltumauis
2042 3248 2197 3288 scru-
2228 3241 2272 3303 (Σ
2304 3235 2627 3292 christianos
2669 3235 2858 3290 iisdem
2889 3243 3052 3304 atque
3080 3233 3337 3289 Ethnicos
3367 3233 3600 3303 opprimi
3626 3233 3911 3288 calamita-

612 3361 724 3406 tatu
751 3346 988 3402 difficilis
1016 3354 1220 3397 natura;
1250 3347 1470 3399 nostr-az,
1503 3336 1644 3390 inter
1670 3332 1768 3386 hos
1795 3330 1988 3385 merito
2014 3341 2202 3381 nume-

614 3442 721 3500 rari
765 3447 940 3510 potest
978 3435 1239 3489 malorum
1283 3431 1454 3504 origp.
1491 3446 1510 3478 ι
1545 3424 1737 3498 (0rig.,
1782 3425 1870 3476 lib.
1914 3437 2000 3484 tv,
2031 3429 2198 3473 contr.

614 3533 784 3596 ϐάρη
829 3548 948 3602 pag.
994 3528 1148 3598 207.)
1185 3525 1276 3580 Sic
1322 3531 1501 3576 autem
1550 3520 1642 3574 ille
1691 3531 1866 3587 graice
1914 3514 2199 3582 loquitur:

615 3628 768 3703 Εἴπερ
805 3627 890 3680 οὖν
918 3621 1061 3684 ἄλλος
1098 3642 1174 3680 τις
1206 3619 1362 3677 τόπος
1392 3623 1490 3671 τῶν
1527 3615 1576 3668 ἐν
1617 3614 1898 3683 ἀνθρώποις
1926 3610 2207 3674 ἐξετάσεως

614 3721 867 3792 δεόμενος,
899 3714 1213 3790 δυσθήρατός
1236 3713 1348 3764 ἐστι
1369 3716 1430 3780 τῇ
1453 3711 1600 3779 piceo
1629 3709 1791 3778 ἡμῶν,
1823 3708 1872 3759 ἐν
1898 3705 2099 3763 τούτοις
2122 3703 2208 3754 καὶ

617 3817 646 3872 ἠ
675 3821 776 3872 τῶν
803 3817 970 3864 κακῶν
996 3808 1207 3877 ταχθεὶν
1229 3798 1501 3875 ἂνγένεσις.
1525 3797 1640 3852 Non
1667 3811 1884 3870 prorsus
1914 3795 2090 3863 inepta
2117 3792 2209 3847 tibi

619 3910 847 3962 fortasse
870 3901 1135 3957 videbitur
1159 3899 1274 3952 haec
1301 3898 1459 3958 ratio,
1487 3895 1529 3948 si
1564 3907 1852 3962 parumper
1873 3887 2212 3943 animadver-

622 4013 704 4060 tas
750 3999 888 4055 banc
929 3995 998 4050 de
1038 3993 1163 4048 mali
1211 3991 1415 4060 origine
1461 3985 1812 4057 qumstionem
1851 3998 2010 4038 unam
2041 3997 2105 4036 ex
2149 3981 2214 4034 iis

625 4093 866 4153 Aruobio
891 4090 1082 4156 videri,
1103 4088 1171 4142 de
1193 4103 1295 4158 qua
1320 4086 1458 4140 inter
1478 4099 1536 4138 se
1556 4079 1920 4152 digladientur
1942 4077 2210 4140 homines,

629 4189 871 4258 nihilque
893 4185 1025 4241 certi
1053 4199 1083 4239 a
1112 4198 1168 4237 se
1193 4180 1355 4238 statui
1381 4192 1544 4250 posse
1569 4174 1919 4230 confitentur.
1946 4173 2220 4241 Quaprop-

632 4295 716 4340 ter
756 4298 824 4338 ne
850 4281 1060 4349 longius
1099 4274 1476 4346 disputationis
1512 4270 1657 4324 filum
1689 4267 1921 4329 ducere,
1965 4275 2022 4320 et
2058 4273 2217 4318 extra

635 4378 959 4450 propositam
987 4389 1016 4428 a
1041 4387 1100 4428 se
1126 4371 1196 4426 ibi
1222 4370 1290 4424 de
1318 4367 1492 4424 anima
1521 4364 1874 4435 quaestionem
1903 4360 2101 4414 diutius
2128 4375 2222 4412 va-

631 4472 744 4544 gari
773 4467 1073 4539 cogeretur,
1099 4464 1226 4519 satis
1253 4462 1354 4516 sibi
1389 4474 1508 4514 esse
1543 4458 1744 4527 putavit
1777 4456 1952 4524 palam
1981 4453 2223 4508 Ethnicis

636 4565 883 4624 omnibus
899 4560 1173 4616 declarare
1201 4557 1304 4612 hoc
1331 4569 1491 4609 unum
1518 4568 1547 4606 a
1569 4552 1880 4606 christianis
1901 4559 2052 4603 certo
2073 4547 2222 4608 sciri,

2307 3331 2469 3393 tibus,
2499 3347 2561 3386 ac
2597 3332 2704 3387 Deo
2735 3333 3098 3401 permittente,
3135 3332 3493 3386 atrocissimis
3523 3332 3805 3401 suppliciis
3841 3331 3913 3386 ob

2307 3424 2452 3478 illius
2489 3425 2887 3480 confessionem
2927 3425 2994 3480 ab
3027 3425 3270 3480 Ethnicis
3310 3426 3488 3480 vexari
3525 3434 3580 3480 et
3617 3425 3911 3490 trucidari;

2309 3515 2426 3570 hinc
2453 3525 2654 3580 tamen,
2680 3519 2755 3571 uti
2789 3517 3037 3588 superius
3067 3517 3320 3583 vidimus,
3348 3533 3453 3572 non
3481 3517 3617 3571 mala
3646 3516 3910 3588 profecto,

2310 3611 2407 3666 sed
2456 3612 2593 3666 bona
2636 3628 2758 3668 esse
2799 3615 3010 3676 asserit,
3054 3612 3248 3682 quibus
3277 3612 3346 3667 ad
3386 3612 3651 3668 libertatis
3693 3622 3916 3669 :eternae

2311 3705 2486 3760 lucem
2507 3706 2827 3761 educantur.
2857 3705 2904 3777 (Ι
2915 3706 3050 3771 dem,
3073 3705 3187 3760 libr.
3218 3722 3274 3773 ιι,
3305 3723 3426 3778 pag.
3455 3705 3544 3774 98,
3568 3722 3687 3776 cap.
3713 3723 3914 3779 super.,

2313 3816 2411 3854 art.
2441 3801 2524 3868 ι.)

2387 3892 2554 3948 Recte
2597 3893 2840 3964 quidem,
2873 3894 3106 3966 inquies,
3153 3897 3197 3950 si
3252 3895 3522 3950 Arnobius
3559 3894 3916 3953 Ethnicorum

2317 4002 2559 4042 errorem
2585 3989 2906 4054 refellendo,
2934 3990 3070 4044 intra
3096 3992 3335 4044 veritatis
3359 3991 3618 4045 terminos
3640 4005 3762 4046 sese
3787 4005 3918 4046 con-

2319 4078 2589 4134 tinuisset.
2635 4081 2740 4136 Sed
2785 4082 2871 4136 ille
2908 4084 3216 4152 generalem
3265 4082 3400 4138 hanc
3446 4083 3702 4154 nulloque
3745 4084 3917 4139 limite

2319 4171 2778 4242 circumscriptam
2813 4175 3016 4244 profert
3039 4175 3394 4230 assertionem
3418 4195 3429 4228 :
3454 4195 3471 4227 ι
3497 4176 3763 4248 Quidquid
3787 4179 3919 4233 mite

2320 4276 2424 4332 est,
2458 4267 2833 4342 placidumque
2863 4279 3074 4334 natura,
3108 4271 3176 4324 ab
3208 4271 3436 4326 nocendi
3470 4272 3652 4341 procul
3683 4280 3772 4344 est
3793 4287 3916 4338 usu,

2319 4370 2374 4414 et
2397 4365 2724 4431 cogitatione
2744 4364 3061 4419 discretum.
3090 4383 3108 4416 ι
3135 4365 3376 4437 (Arnob.,
3401 4365 3489 4419 lib.
3515 4381 3611 4432 vn,
3639 4384 3761 4436 pag.
3785 4365 3916 4432 228,

2325 4465 2368 4509 et
2408 4458 2573 4528 seqq.)
2617 4457 2753 4525 Quin
2795 4475 2924 4514 vero
2965 4458 3160 4515 ibidem
3205 4460 3402 4530 adjecit
3444 4477 3550 4515 non
3593 4461 3762 4531 magis
3804 4461 3922 4516 ﬁeri

2329 4565 2516 4620 posse;
2554 4553 2719 4622 utqui
2753 4564 2942 4608 natura
2973 4570 3069 4610 sua
3102 4555 3273 4610 bonus
3305 4566 3405 4621 est,
3438 4557 3590 4610 alteri
3623 4567 3836 4622 noceat,
3866 4565 3923 4611 et

640 4663 807 4718 Deum
835 4654 960 4711 mali
989 4668 1089 4708 nec
1111 4665 1328 4708 causam
1365 4662 1504 4712 8538.
1544 4661 1644 4701 nec
1669 4654 1967 4699 aIIClOI'Bm-
1998 4641 2222 4696 Diflilel'i
2251 4642 2305 4702 D
2329 4647 2529 4717 aliquid
2555 4646 2743 4702 ali‘erat
2781 4649 2929 4715 mali,
2955 4665 3114 4721 quam
3140 4659 3194 4704 ut
3227 4651 3362 4721 ignis
3385 4652 3434 4704 in
3461 4651 3625 4721 frigus
3657 4659 3915 4705 mutetur.

595 4761 605 4772 '
638 4767 817 4812 tamen
846 4766 950 4805 non
995 4759 1273 4818 possumus
1303 4744 1442 4798 hanc
1466 4741 1534 4796 de
1565 4741 1689 4795 mali
1721 4748 1941 4794 auctore
1967 4736 2224 4807 disquisi-

641 4849 840 4906 tionem
868 4842 937 4900 ihi
963 4842 1031 4894 ab
1059 4840 1173 4909 ipso
1218 4835 1458 4906 potuisse
1494 4834 1690 4887 clarius
1730 4830 2024 4900 explicari;
2058 4842 2228 4897 quan-

643 4937 927 5012 doquidem
958 4933 1048 4988 ille
1077 4934 1126 4988 in
1158 4932 1260 4985 hoe
1294 4927 1483 4986 eodem
1511 4927 1650 4995 loco,
1675 4925 1728 4982 in
1755 4925 1857 4978 alia
1886 4925 2023 4978 scitu
2051 4923 2228 4975 minus

643 5034 821 5104 digna,
857 5044 953 5084 nec
980 5026 1045 5081 ad
1079 5025 1374 5079 institutum
1401 5021 1484 5078 de.
1507 5020 1684 5076 anima
1713 5031 2021 5073 sermonem
2059 5014 2230 5085 magis

643 5121 1016 5188 conducentia,
1048 5119 1201 5188 longe
1227 5113 1484 5171 excurrit.

713 5220 896 5290 Neque
924 5226 1099 5270 tamen
1130 5212 1442 5267 inanimum
1471 5208 1697 5263 inducas
1730 5206 1858 5262 illud
1893 5207 2114 5261 omnino
2145 5207 2229 5260 in-

642 5327 844 5375 tactum
893 5314 960 5370 ab
997 5326 1063 5364 eo
1103 5307 1358 5377 relinqui.
1402 5306 1594 5362 Postea
1635 5305 1778 5358 enim
1814 5311 2000 5373 aperte
2038 5302 2233 5356 asserit

644 5413 834 5474 Deum,
870 5405 1082 5462 tametsi
1117 5403 1457 5469 omnipotens
1490 5399 1579 5464 sit,
1608 5399 1808 5453 nemini
1841 5412 2091 5466 umquam
2121 5395 2230 5448 vim

643 5506 710 5559 ad
742 5499 1065 5558 credendum
1101 5505 1193 5550 aut
1229 5491 1493 5563 agendum
1537 5493 1732 5546 inferre
1769 5491 2012 5562 (Δωσὼ,
2041 5488 2132 5542 lib.
2165 5502 2225 5550 ιι,

645 5614 763 5666 pag.
813 5593 904 5653 88,
948 5601 995 5644 et
1036 5584 1222 5658 δίψῃ).
1267 5586 1322 5640 Si
1366 5599 1524 5654 quem
1575 5583 1718 5637 enim
1762 5583 1983 5635 invitum
2027 5577 2229 5649 aliquid

642 5701 801 5760 agerc
836 5695 1071 5752 cogeret,
1104 5697 1208 5734 non
1240 5678 1408 5748 gratia
1445 5674 1803 5745 proculdubio
1832 5674 1991 5738 foret,
2020 5675 2115 5729 sed
2150 5673 2231 5727 vis

643 5794 694 5836 et
738 5776 1019 5848 injustitia,
1056 5792 1159 5842 qua
1191 5772 1448 5828 voluntati
1493 5771 1697 5837 liberte,
1731 5768 1796 5824 ad
1840 5769 1891 5824 id
1933 5769 2074 5838 quod
2119 5785 2226 5823 non

642 5876 774 5943 vult,
816 5890 877 5928 ac
919 5867 1133 5940 refugit,
1174 5868 1438 5939 agendum
1489 5865 1786 5924 necessitas
1833 5863 2222 5934 imponeretur.

2329 4743 2470 4811 Ergo
2511 4743 2599 4796 ille
2635 4759 2820 4798 revera
2863 4745 3074 4799 censuit
3113 4746 3304 4810 Deum,
3345 4756 3532 4800 natura
3569 4761 3664 4798 sua
3698 4745 3919 4808 bonum,

2330 4835 2459 4888 nulli
2509 4851 2668 4905 posse
2709 4837 2876 4890 ullum
2923 4852 3125 4905 pusum,
3167 4837 3509 4903 calamitatis,
3543 4846 3632 4890 aut
3673 4835 3924 4905 supplicii

2333 4929 2529 4982 malum
2567 4944 2772 4991 creare,
2803 4945 2900 4983 nec
2939 4931 3094 4999 hujus
3120 4945 3242 4984 esse
3271 4945 3484 4985 causam
3524 4939 3578 4984 et
3618 4937 3918 4986 auctorem.

2333 5019 2484 5086 Quod
2514 5035 2643 5075 sane
2673 5021 2724 5074 in
2754 5020 3043 5076 Marcionis
3071 5037 3309 5076 errorem
3343 5021 3555 5076 recidit.

2409 5115 2476 5168 At
2513 5122 2656 5168 certe
2691 5113 3082 5184 quantumlibet
3124 5113 3394 5183 generalis
3422 5113 3665 5169 videatur
3698 5113 3783 5168 illa
3816 5115 3923 5170 Ar-

2337 5208 2477 5261 nohii
2506 5207 2819 5276 propositio,
2846 5208 2911 5260 ad
2939 5206 3194 5261 Ethnicos
3219 5215 3530 5272 tantum,'et
3553 5221 3740 5262 eorum
3768 5223 3928 5277 spec-

2335 5312 2412 5355 tat
2439 5301 2601 5355 falsas
2624 5303 2926 5371 opiniones,
2960 5302 3046 5371 qui
3075 5317 3171 5372 pro
3198 5310 3349 5356 certo
3375 5301 3649 5371 ponebant
3683 5302 3813 5359 deos
3852 5305 3926 5358 ita

2336 5405 2522 5450 natura
2563 5411 2657 5450 sua
2693 5404 2784 5449 aut
2813 5395 3004 5460 bonos,
3039 5405 3130 5448 aut
3160 5395 3328 5448 malos
3367 5411 3521 5461 esse;
3555 5404 3609 5450 ut
3647 5411 3744 5464 pro
3774 5396 3928 5452 libito

2335 5505 2396 5543 ac
2423 5491 2528 5543 ulla
2553 5491 2670 5545 sine
2698 5506 2856 5544 causa
2889 5491 3006 5558 pios
3037 5487 3282 5543 homines
3311 5499 3365 5544 et
3397 5490 3612 5559 impios,
3643 5491 3843 5559 probos
3871 5499 3929 5547 et

2335 5584 2609 5653 improbos
2625 5584 3020 5638 calamitatibus
3033 5594 3084 5638 et
3104 5585 3338 5640 miseriis
3354 5584 3721 5641 indifferenter
3737 5589 3931 5643 obrue—

2333 5686 2472 5731 rent.
2509 5675 2586 5730 Ad
2621 5679 2734 5732 hzec
2760 5693 2906 5743 vero,
2938 5678 3006 5733 de
3034 5679 3206 5747 pinnis
3243 5678 3405 5733 etiam
3445 5687 3500 5733 et
3534 5681 3790 5735 arumnis
3833 5680 3930 5735 ille

2334 5772 2590 5842 loquitur,
2649 5787 2768 5841 quae
2821 5773 2978 5828 bonis
3029 5773 3238 5845 piisque
3291 5772 3600 5829 hominibus
3649 5773 3924 5840 accidunt,

2329 5877 2558 5936 quaeque
2600 5879 2706 5920 non
2735 5865 2882 5933 mali,
2917 5866 3012 5924 sed
3043 5882 3257 5938 seraper
3282 5865 3408 5922 boni
3438 5865 3662 5939 aliquid,
3691 5867 3767 5923 uti
3798 5881 3927 5924 mox
