4158 6264
617 343 726 399 465

1885 319 2334 381 DlSSEItTATlO
2374 315 2650 376 PBASVIA

3783 313 3890 370 ὅθί

616 460 771 522 stius,
797 469 898 510 non
920 467 984 508 ex
1006 451 1172 507 sacris
1189 448 1390 504 nostris
1411 442 1784 515 scriptoribus,
1801 439 1898 495 sed
1920 440 1988 494 ab
2013 437 2204 493 Ethni-
2233 449 2284 508 Α
2309 435 2362 490 in
2392 437 2544 499 mala,
2580 436 2707 490 dum
2741 435 3000 490 bonorum
3035 448 3098 490 ac
3121 434 3386 489 malorum
3417 431 3705 487 discrimen
3736 429 3890 522 igno-

627 550 705 606 cis
732 562 794 603 ac
819 544 1130 600 nominatim
1161 540 1337 596 Plinio
1363 547 1417 593 et
1445 533 1731 591 Plutarcho
1761 531 2034 596 delibavit,
2064 528 2203 598 quod

625 655 773 701 recte
798 657 829 695 a
862 639 1137 694 Lactantio
1173 634 1495 705 exagitator.
1518 629 1852 684 Clementem
1884 623 2203 680 Alexandri-

624 753 753 793 num
793 735 871 791 eis
909 729 1261 805 proculdubio
1296 726 1619 797 subjungere
1656 730 1882 794 poterat,
1914 719 2002 790 qui
2039 717 2205 788 pluri-

627 846 745 887 mos
773 828 907 884 alios
932 828 1222 896 scriptores
1249 820 1512 887 ethnicos,
1541 819 1793 874 miseram
1822 813 2050 869 hominis
2078 827 2205 866 con—

622 922 880 978 ditionem
938 918 1316 988 deplorantes,
1377 914 1428 968 in
1481 910 1751 974 medium,
1810 907 1886 961 uti
1939 905 2202 969 vidimus,

616 1011 1238 1088 protulit(Plin.,lib.vn
1270 1006 1461 1062 Natur.
1495 1006 1639 1070 hist.,
1659 1016 1894 1074 prooem;
1917 998 2204 1064 Platarch.,

620 1109 709 1164 lib.
745 1109 814 1172 de
856 1105 1101 1171 Formm,
1139 1119 1260 1174 pag.
1303 1099 1430 1165 927,
1461 1109 1583 1152 tom.
1627 1111 1698 1159 n;
1738 1094 1978 1157 Laetam,
2007 1091 2095 1145 lib.
2125 1104 2205 1156 ιιι,

619 1173 746 1272 cap:
773 1200 865 1264 28,
897 1208 944 1252 et
973 1197 1036 1252 de
1064 1195 1278 1266 0piﬁc.,
1317 1210 1434 1264 cap.
1466 1193 1501 1247 5
1528 1200 1574 1244 et
1606 1190 1640 1244 4
1661 1231 1676 1256 ,
1706 1200 1826 1243 tom.
1877 1203 1893 1240 ι
1925 1185 2204 1257 Apparat.,

616 1296 706 1351 lib.
737 1311 814 1360 ιιι,
846 1294 1046 1348 dissert.
1077 1291 1133 1356 2,
1173 1307 1290 1362 cap.
1333 1289 1417 1354 18,
1449 1295 1550 1340 art.
1582 1287 1636 1351 1,
1670 1301 1790 1355 pag.
1822 1282 1995 1347 1137;
2035 1296 2207 1350 supr.,

620 1391 714 1445 hoc
740 1405 882 1459 cap.,
909 1399 1009 1441 art.
1045 1387 1121 1457 1).

691 1479 881 1538 Utrum
913 1486 1092 1533 autem
1120 1484 1309 1531 auctor
1333 1481 1516 1529 noster
1544 1470 1629 1525 his
1655 1466 1903 1524 absurdis
1933 1465 2212 1521 erroribus

620 1589 808 1630 revera
849 1571 1042 1627 ductus
1072 1569 1252 1634 fuerit,
1296 1581 1402 1622 non
1444 1565 1696 1620 minimus
1740 1560 2017 1618 dubitandi
2061 1559 2212 1614 locus

618 1677 722 1723 est.
771 1665 890 1718 Jam
941 1664 1224 1718 enimvero
1264 1657 1604 1712 manifestum
1653 1655 1875 1710 fecimus
1913 1649 2211 1706 Arnobium

613 1755 981 1814 disertissimis
1023 1751 1256 1808 edixisse
1288 1750 1491 1814 verbis,
1525 1763 1630 1802 non
1671 1748 1843 1800 solum
1884 1744 2138 1799 mundum
2180 1757 2210 1795 a

2307 538 2446 583 rant.
2487 549 2504 580 ι
2534 527 2798 601 (Laetam,
2828 528 2917 584 lib.
2951 543 3004 582 v1
3043 526 3241 595 Instit.,
3277 544 3395 596 cap.
3430 527 3518 589 14,
3545 541 3664 597 pag.
3693 519 3851 593 595,)

2377 622 2447 674 At
2486 631 2662 675 utrum
2707 620 2822 675 haec
2861 619 2943 676 vel
2990 618 3095 674 alia
3149 621 3218 674 sit
3251 618 3476 674 Arnobii
3517 617 3685 672 nostri
3737 629 3891 671 mens

2307 723 2360 769 et
2388 716 2672 779 sententia,
2705 729 2770 770 eo
2791 714 2935 770 dictu
2963 712 3234 768 difﬁcilius
3258 753 3274 778 ,
3306 710 3448 783 quod
3481 709 3570 766 hic
3601 710 3752 765 locus
3783 724 3890 764 non

2309 807 2528 862 omnino
2555 807 2762 877 integer
2793 817 2897 872 est,
2926 805 3023 861 sed
3048 820 3238 875 magna
3274 804 3477 859 librarii
3501 843 3516 866 ,
3545 819 3664 873 quae
3693 801 3894 872 passim

2309 900 2505 971 ubique
2544 900 2988 971 deprehenditur,
3027 898 3236 954 inscitia
3276 906 3560 967 corruptus
3606 911 3668 950 ac
3699 895 3894 964 depra-

2310 1003 2483 1049 vatus.
2533 993 2664 1048 Nam
2698 1009 2796 1064 pro
2831 1009 2920 1048 seu
2968 993 3185 1064 scripsit
3225 992 3342 1057 sed,
3375 990 3452 1046 uti
3475 991 3584 1061 jam
3611 989 3893 1044 annotavi-

2311 1101 2448 1140 mus.
2490 1087 2687 1142 Verum
2719 1086 2833 1141 haec
2863 1086 3023 1142 lectio
3039 1084 3357 1156 quibusdam
3387 1085 3454 1139 ab
3474 1083 3694 1138 Arnobii
3724 1097 3890 1138 sensu

2309 1179 2386 1234 sic
2412 1179 2707 1236 abhorrere
2741 1180 3130 1244 existimatur;
3185 1187 3244 1233 ut
3289 1178 3340 1232 in
3377 1187 3525 1232 textu
3576 1190 3759 1232 vocem
3806 1191 3896 1229 seu

2309 1274 2522 1344 propria
2547 1274 2867 1331 auctoritate
2883 1274 3215 1329 substituere
3239 1287 3344 1327 non
3361 1271 3743 1327 dubitaverint.
3761 1271 3897 1339 Qui—

2309 1366 2433 1422 dam
2461 1383 2585 1424 vero
2613 1369 2728 1424 haec
2753 1369 2863 1424 dno
2887 1369 3073 1436 verba,
3104 1368 3355 1423 naturalis
3385 1368 3679 1440 inﬁrmitas,
3707 1368 3756 1421 in
3787 1378 3900 1422 tex-

2310 1467 2423 1514 tum
2451 1461 2654 1516 intrusa
2693 1471 2747 1516 et
2790 1460 3116 1532 amputanda
3165 1461 3518 1516 arbitrantur.
3549 1458 3656 1516 Sed
3696 1459 3898 1514 nullam

2310 1551 2541 1607 afferunt
2568 1553 2791 1623 hujusce
2832 1553 3187 1609 correctionis
3217 1554 3504 1608 rationem.

2383 1644 2490 1700 Nos
2530 1646 2708 1716 itaque
2737 1647 2826 1718 qui
2863 1646 2996 1701 nihil
3037 1647 3090 1700 in
3134 1647 3427 1701 Auctorum
3460 1653 3605 1700 textu
3635 1645 3756 1700 sine
3784 1659 3899 1698 ma-

2314 1737 2577 1808 nuscripti
2605 1739 2830 1808 alicujus
2860 1739 2987 1803 ﬁde,
3017 1749 3107 1793 aut
3136 1750 3280 1794 certa
3310 1738 3531 1793 omnino
3551 1737 3904 1805 evidentique

619 1855 731 1908 Deo
771 1849 1066 1912 conditum,
1110 1845 1204 1902 sed
1243 1846 1415 1914 ipsum
1460 1843 1619 1898 etiam
1663 1840 1933 1895 hominem
1981 1838 2080 1907 ipsi
2122 1851 2210 1890 ac-
2242 1849 2289 1908 B
2316 1831 2630 1900 probatione
2668 1833 2862 1886 mutari
2921 1833 3169 1886 volumus
3194 1873 3209 1896 ,
3258 1831 3479 1898 horum,
3508 1831 3552 1886 si
3593 1831 3911 1899 incorrupta

617 1954 832 2016 ceptum
864 1942 1090 2005 referre,
1130 1940 1271 2010 quod
1311 1938 1401 2003 sit,
1433 1937 1574 2007 quod
1615 1937 1775 1989 homo
1801 1933 2034 1998 dicatur,
2065 1930 2208 2001 quod

621 2039 792 2109 Spiret
814 2045 869 2091 et
889 2035 1052 2090 vivat.
1077 2032 1212 2088 Cum
1234 2046 1362 2102 ergo
1385 2029 1678 2084 Arnobiqu
1701 2026 1803 2084 sibi
1829 2027 2052 2096 turpiter
2075 2041 2207 2079 con-

617 2117 912 2187 tradixisse
946 2126 1151 2184 nemini
1189 2125 1448 2181 credibile
1491 2124 1603 2189 ﬁat,
1647 2138 1826 2178 nonne
1863 2122 2057 2176 merito
2104 2120 2209 2175 dici

615 2233 796 2296 potest
827 2223 975 2276 illum
1004 2218 1292 2290 prioribus,
1324 2233 1445 2286 quae
1471 2215 1727 2281 citantur,
1761 2215 1938 2270 verbis
1965 2212 2210 2268 ethnicos

617 2334 726 2375 non
766 2316 894 2381 alio,
927 2330 1086 2386 quam
1127 2313 1482 2382 ipsorummet
1521 2307 1704 2380 gladio
1739 2307 2005 2378 jugulare,
2050 2316 2210 2375 atque

614 2427 682 2468 ex
717 2410 890 2476 falsis,
928 2406 1121 2477 quibus
1158 2403 1352 2460 imbuti
1395 2413 1572 2466 erant,
1603 2415 1912 2472 Oppugnare
1941 2399 2210 2470 opinioni-

619 2505 762 2561 bus?
796 2501 1072 2559 Docebant
1101 2497 1363 2570 siquidem
1407 2495 1618 2550 animas
1660 2505 1870 2550 nostras
1897 2493 2063 2548 divini
2092 2507 2213 2547 esse

619 2597 859 2670 generis,
888 2609 1091 2665 easque
1117 2593 1186 2647 ab
1213 2591 1308 2646 illo
1335 2589 1527 2644 missas
1555 2589 1606 2642 in
1641 2589 1781 2643 hunc
1810 2586 2089 2652 mundum,
2121 2585 2213 2641 ubi

623 2693 863 2765 pristinae
905 2701 1240 2757 summaque
1278 2683 1552 2754 dignitatis
1591 2682 1803 2752 penitus
1842 2681 2209 2745 immemores,

623 2788 947 2862 quibuslibet
985 2781 1378 2841 calamitatibus
1422 2778 1731 2836 cruciantur
1783 2786 1838 2832 et
1889 2776 2208 2830 obruuntur.

623 2883 758 2952 Quis
785 2883 965 2952 itaque
994 2877 1095 2934 sibi
1124 2875 1266 2930 haud
1299 2889 1440 2944 aegre
1462 2870 1784 2943 persuadeat
1813 2867 2111 2924 Arnobium
2144 2867 2214 2921 ibi

622 2977 882 3032 adversus
913 2970 1174 3026 Ethnicos
1213 2983 1280 3022 ex
1325 2965 1451 3020 falsa
1494 2964 1710 3018 illorum
1757 2961 2012 3032 opinione
2051 2975 2213 3030 argu-

621 3071 849 3129 mentari
881 3086 896 3123 :
930 3067 1024 3126 sed
1055 3065 1205 3129 alibi,
1248 3065 1390 3119 sicut
1428 3076 1552 3116 mox
1599 3057 2027 3122 observavimus,
2060 3072 2212 3111 suam

625 3171 926 3242 explicasse
961 3164 1308 3228 sententiam,
1340 3161 1624 3231 palamque
1652 3149 1996 3214 asseverasse
2037 3155 2215 3211 homi-

618 3277 746 3318 nem
776 3276 806 3314 a
838 3259 950 3314 Deo
980 3271 1168 3311 revera
1197 3253 1364 3308 fuisse
1391 3251 1671 3307 creatum?

689 3353 772 3409 Ad
804 3351 1056 3406 miseram
1079 3359 1209 3401 vero
1239 3344 1472 3400 hominis
1497 3341 1861 3398 conditionem
1891 3341 2034 3412 quod
2087 3340 2212 3396 atti-

618 3456 735 3514 net,
764 3458 882 3501 eam
913 3455 1148 3514 quoque,
1205 3445 1390 3507 utpote
1420 3435 1485 3490 ad
1514 3443 1791 3506 peccatum
1824 3449 1921 3488 nos
1947 3433 2214 3488 inclinan-

620 3549 731 3596 tem
763 3578 779 3605 ,
837 3533 998 3590 deﬁet
1041 3530 1352 3602 Apostolus.
1385 3526 1492 3583 Sed
1527 3526 1640 3581 haec
1684 3529 1973 3596 propensio
2011 3541 2116 3579 non
2146 3541 2212 3579 ex

629 3633 764 3696 Deo,
796 3628 892 3685 sed
922 3643 988 3683 ex
1016 3623 1172 3695 primi
1220 3621 1453 3678 hominis
1485 3630 1706 3689 peccato
1738 3617 2012 3685 profluxit.
2041 3617 2215 3671 Ctele-

621 3741 744 3782 rum
777 3721 1048 3780 Arnobius
1079 3733 1184 3773 non
1215 3715 1343 3770 vitia
1367 3724 1421 3769 et
1450 3721 1671 3783 peccata
1699 3711 1771 3765 ibi
1799 3718 2084 3776 memorat,
2117 3709 2216 3764 sed

622 3832 891 3876 {erumnas
912 3824 966 3870 et
987 3811 1284 3873 molestias,
1307 3824 1426 3879 quae
1457 3807 1558 3862 etsi
1586 3821 1614 3858 a
1646 3805 1819 3874 primo
1843 3804 2076 3859 hominis
2095 3817 2218 3871 pec-

626 3919 748 3968 cato
779 3905 1192 3971 emanaverint;
1226 3916 1353 3958 vera
1391 3910 1589 3961 tamen,
1621 3907 1678 3952 ut
1701 3913 1861 3967 supra
1886 3913 1957 3951 ex
1987 3896 2220 3966 ipsemet

627 4003 873 4062 Arnobio
901 3997 1235 4056 ostendimus
1263 3994 1454 4065 (supr.,
1484 4008 1600 4061 cap.
1623 3988 1708 4061 4),
1742 4005 1847 4043 ηοιι
1877 3996 2003 4043 sunt
2033 3987 2171 4041 mala
2201 4026 2217 4052 ,

628 4097 724 4154 sed
743 4097 942 4152 bonum
963 4089 1124 4148 etiam
1146 4095 1405 4142 mternum
1427 4083 1564 4139 bene
1585 4080 1862 4136 utentibus
1895 4095 2080 4136 creare
2098 4093 2218 4149 pos-

634 4199 778 4248 sunt.

705 4285 941 4339 Rursum
967 4287 1147 4332 tamen
1181 4273 1465 4341 insurgunt
1493 4265 1924 4324 Elmenhorstius
1953 4272 2007 4319 et
2034 4263 2222 4317 lleral-

635 4379 758 4442 dus,
791 4373 1053 4442 nobisque
1078 4366 1351 4437 objectant
1396 4361 1688 4416 Arnobium
1716 4356 2016 4412 asseruisse
2042 4355 2219 4411 homi-

633 4487 758 4529 nem
791 4461 1024 4524 naturali
1049 4459 1358 4515 inﬁrmitate
1386 4467 1633 4525 peccare,
1667 4465 1773 4506 non
1802 4465 1932 4504 vero
1957 4448 2223 4505 electione

635 4558 950 4621 voluntatis.
978 4553 1248 4609 Christum
1275 4548 1554 4602 enimvero
1582 4544 1736 4599 bonis
1765 4542 2025 4612 malisque
2045 4543 2222 4611 opitu-

2315 1924 2456 1990 sint,
2508 1923 2734 1980 Arnobii
2771 1924 3056 1980 verborum
3094 1924 3261 1980 alium
3307 1925 3526 1979 omnino
3565 1923 3911 1993 suspicamur

2313 2032 2432 2072 esse
2453 2031 2694 2073 sensum.
2726 2019 2782 2072 In
2805 2033 2994 2074 eorum
3023 2019 3303 2073 enimvero
3341 2017 3653 2088 opinionem
3682 2016 3912 2086 pedibus

2312 2109 2540 2166 libenter
2563 2111 2779 2177 ibimus,
2807 2111 2898 2181 qui
2927 2111 3276 2181 probaverint
3302 2125 3495 2166 nomen
3523 2109 3652 2165 illud
3677 2120 3913 2180 peccato-

2312 2221 2416 2257 rem
2453 2205 2520 2260 ab
2547 2205 2792 2259 Arnobio
2837 2206 3003 2269 sumi,
3055 2221 3162 2258 non
3194 2205 3376 2274 utique
3405 2204 3472 2259 ad
3500 2202 3914 2275 signiﬁcandum

2313 2297 2586 2353 hominem
2607 2339 2623 2365 ,
2657 2299 2749 2368 qui
2781 2297 2980 2368 aliquid
3013 2309 3203 2354 contra
3231 2297 3467 2352 divinam
3495 2297 3606 2367 agit
3627 2296 3819 2366 legem,
3843 2311 3916 2351 ac

2316 2400 2590 2460 peccatum
2627 2392 2842 2461 proprie
2858 2391 3059 2446 dictum
3089 2390 3361 2458 admittit,
3386 2390 3482 2446 sed
3507 2390 3777 2446 hominem
3807 2391 3905 2461 qui

2314 2484 2541 2538 naturali
2567 2485 2876 2539 inﬁrmitate
2919 2485 2984 2538 ad
3033 2494 3313 2555 peccatum
3345 2495 3400 2540 et
3430 2484 3619 2539 vitium
3653 2486 3916 2557 proclivis
3990 2547 3998 2554 ο

2313 2586 2412 2630 est.
2446 2576 2577 2631 Eam
2603 2591 2733 2632 vero
2759 2591 2881 2632 esse
2911 2577 3052 2631 illius
3097 2577 3421 2632 sententiam
3450 2577 3574 2634 inde
3595 2579 3789 2633 confici
3817 2593 3916 2647 po-

2313 2676 2434 2735 test,
2469 2669 2610 2739 quod
2639 2670 2750 2736 ille,
2775 2670 2930 2725 sicuti
2957 2671 3290 2739 pauloantea
3316 2673 3907 2744 annotavimus(supr.,

2316 2761 2430 2815 hoc.
2457 2778 2574 2831 cap.
2601 2772 2702 2817 art.
2733 2762 2824 2834 4),
2859 2762 3216 2819 disertissime
3268 2768 3663 2822 asseveraverit
3705 2767 3914 2822 nemini

2315 2855 2422 2908 vim
2451 2871 2480 2908 a
2511 2855 2620 2909 Deo
2647 2854 2853 2920 inferri,
2879 2870 3066 2911 omnes
3091 2869 3356 2926 prorsusa
3387 2858 3600 2913 Christo
3626 2858 3909 2930 aequaliter

2316 2949 2515 3015 vocari,
2543 2963 2608 3004 ac
2638 2948 2889 3015 liberari,
2923 2950 3196 3006 neminem
3221 2953 3289 3004 ab
3313 2951 3431 3022 ejus
3452 2950 3777 3022 indulgentia
3801 2968 3901 3008 ex-

2313 3045 2475 3110 cludi,
2503 3045 2791 3115 datamque
2816 3045 3066 3100 omnibus
3094 3045 3321 3100 liberam
3347 3045 3539 3117 agendi
3560 3055 3907 3117 potestatem.

2314 3139 2652 3210 Quapropter
2677 3147 2944 3195 errantem
2971 3138 3243 3195 hominem
3267 3138 3414 3196 hisce
3440 3141 3858 3211 corripitverbis
3887 3159 3906 3196 :

2236 3233 2281 3297 (ξ
2319 3249 2338 3282 ι
2376 3231 2456 3287 Tu
2475 3233 2563 3302 qui
2593 3241 2646 3286 te
2669 3232 2827 3297 verti,
2845 3239 2900 3286 et
2925 3231 3030 3286 vim
3049 3231 3322 3287 desideras
3354 3232 3579 3303 perpeti,
3605 3241 3664 3286 ut
3685 3233 3735 3288 id
3759 3234 3911 3303 quod

2315 3324 2453 3378 nolis
2490 3323 2693 3379 efﬁcias
2723 3367 2738 3389 ,
2769 3331 2927 3393 atque
2971 3323 3199 3393 arripias
3237 3334 3492 3390 coactus;
3541 3340 3636 3380 cur
3681 3328 3893 3397 respuis

2315 3435 2594 3476 assumere
2622 3420 2894 3474 voluntate
2919 3419 2994 3485 id,
3021 3420 3163 3490 quod
3205 3436 3392 3488 versus
3423 3421 3723 3489 desideras,
3747 3432 3912 3492 atque

2317 3515 2630 3569 immutatus
2655 3511 2916 3569 efficere?
2942 3512 3098 3578 Nolo,
3119 3512 3325 3585 inquit,
3354 3523 3411 3570 et
3440 3515 3768 3571 voluntatem
3800 3532 3908 3571 non

2319 3609 2510 3664 habeo.
2543 3607 2682 3676 Quid
2727 3623 2857 3679 ergo
2901 3608 3206 3663 criminaris
3254 3609 3442 3674 Deum,
3493 3620 3760 3679 tamquam
3812 3611 3909 3665 tibi

2319 3701 2501 3757 desit?
2529 3700 2698 3770 Opem
2728 3699 3006 3756 desideras
3041 3701 3136 3756 tibi
3163 3700 3326 3767 ferre,
3373 3703 3525 3772 cujus
3545 3703 3682 3757 dona
3709 3712 3764 3758 et
3792 3719 3912 3758 mu-

2321 3808 2447 3849 nera
2474 3808 2580 3847 non
2597 3801 2799 3847 tantum
2825 3795 3132 3863 asperneris
3159 3835 3175 3860 ,
3220 3808 3403 3848 verum
3432 3793 3606 3848 inania
3634 3795 3796 3851 verba
3819 3811 3912 3852 co-

2321 3886 2602 3956 gnomines
2627 3894 2682 3940 et
2708 3884 3040 3954 jocularibus
3079 3884 3291 3940 facetiis
3319 3887 3692 3957 prosequaris?
3729 3907 3748 3940 ι
3782 3889 3906 3955 (Ar-

2322 3983 2440 4038 nob.
2466 4026 2481 4051 ,
2536 3985 2623 4039 lib.
2664 4001 2724 4051 ιι,
2757 4002 2876 4058 pag.
2919 3985 3034 4058 89.)
3062 3984 3328 4057 Numquid
3385 3986 3500 4041 haec
3545 3987 3688 4043 illius
3745 3989 3910 4045 verba

2323 4086 2468 4141 sunt,
2499 4078 2589 4148 qui
2616 4077 2889 4134 hominem
2918 4077 3143 4133 inﬁrma:
3191 4088 3393 4134 natum
3426 4095 3537 4134 sine
3589 4082 3912 4140 necessitate

2323 4185 2548 4240 peccare
2605 4171 2854 4226 asserat?
2911 4171 3075 4226 immo
3122 4186 3254 4226 vero
3300 4171 3578 4239 scriptoris
3626 4174 3912 4231 orthodoxi

2322 4260 2464 4317 hunc
2483 4278 2725 4318 errorem
2759 4263 2945 4332 procul
2972 4263 3191 4318 omnino
3229 4263 3589 4321 amandantis.
3617 4264 3750 4322 Cum
3781 4284 3915 4340 ergo

2322 4356 2616 4411 verisimile
2642 4372 2748 4411 non
2791 4357 2862 4412 sit
2890 4357 3188 4413 Arnobium
3217 4359 3318 4415 sibi
3352 4361 3452 4430 ipsi
3479 4361 3699 4417 omnino
3721 4363 3915 4421 adver-

2323 4450 2452 4515 sari,
2488 4449 2696 4520 objecta
2721 4449 2790 4505 ab
2817 4450 3217 4506 Elmenltorstio
3247 4453 3389 4508 illius
3417 4453 3600 4522 verba,
3650 4455 3718 4510 ad
3759 4457 3911 4513 illum

2323 4543 2681 4613 proculdubio
2714 4558 2930 4600 sensum
2983 4545 3284 4602 revocanda
3313 4559 3468 4614 sunt,
3500 4563 3608 4620 quo
3635 4550 3910 4606 hominem

633 4657 736 4714 lari
765 4653 908 4709 hunc
931 4648 1022 4704 ille
1048 4642 1238 4714 probat
1270 4641 1322 4693 in
1351 4637 1569 4692 modum
1604 4653 1617 4688 :
1649 4652 1668 4686 ι
1693 4633 1806 4688 Hoc
1834 4642 1918 4688 est
1940 4634 2218 4704 proprium
2247 4632 2301 4693 D
2324 4636 2388 4690 ad
2421 4645 2695 4706 peccatum
2726 4638 2957 4694 naturali
2988 4639 3297 4698 inﬁrmitate
3324 4657 3649 4714 prepensum
3674 4656 3911 4714 peccato-

640 4753 739 4810 Dei
759 4746 896 4810 veri,
942 4738 1304 4813 potentiaeque
1356 4729 1551 4801 regalis
1582 4768 1599 4792 ,
1642 4726 2025 4797 benignitatem
2068 4741 2220 4781 suam

638 4857 839 4916 negare
877 4835 1047 4900 nulli,
1081 4845 1181 4886 nec
1213 4836 1467 4916 reputare
1492 4823 1612 4893 quis
1643 4828 1910 4876 mereatur
1932 4861 1959 4916 ,_
2001 4830 2094 4916 aut
2120 4820 2224 4875 mi-

638 4912 813 5002 nime;
841 4944 966 4988 cum
990 4920 1250 4981 naturalis
1273 4915 1555 4973 infirmitas
1578 4921 1913 4984 peccatorem
1947 4912 2219 4967 hominem

641 5031 819 5095 faciat,
855 5038 961 5079 non
987 5014 1274 5073 voluntatis
1299 5053 1315 5078 ,
1342 5025 1437 5066 seu
1461 5009 1753 5082 (manuscr.
1785 5005 1909 5062 cod.
1944 5022 2055 5076 reg.
2109 5007 2220 5077 sed)

637 5117 974 5182 iudicationis
1025 5110 1242 5169 electio.
1282 5126 1299 5158 ι
1331 5103 1575 5178 (Arnob.,
1607 5103 1698 5157 lib.
1730 5119 1765 5164 ι,
1798 5118 1918 5172 pag.
1941 5100 2217 5172 29.)Qui-

635 5222 736 5278 bus
759 5229 890 5272 sane
916 5207 1094 5265 verbis
1122 5211 1270 5273 putat
1297 5199 1558 5254 Heraldus
1594 5195 1776 5252 abillo
1805 5194 2092 5265 signiﬁcari
2121 5195 2219 5249 ho-

634 5315 834 5372 minem
867 5321 968 5362 nec
1004 5299 1145 5358 velle
1175 5296 1370 5352 malum
1403 5335 1420 5358 ,
1471 5308 1570 5347 nec
1609 5291 1838 5361 eligere,
1865 5289 1958 5345 sed
1987 5291 2217 5346 naturali

634 5406 873 5466 caecitate
901 5399 954 5454 id
979 5393 1220 5466 judicare
1247 5388 1470 5448 bonum,
1491 5383 1634 5454 quod
1667 5397 1861 5438 revera
1889 5383 2088 5438 malum
2109 5393 2215 5438 est.

631 5501 823 5558 Nonne
859 5507 989 5564 ergo
1032 5482 1301 5544 Arnobius
1337 5486 1486 5533 recte
1519 5475 1757 5546 arguitur
1801 5476 1852 5529 in
1898 5473 2214 5546 huncquo-

633 5590 878 5652 rumdam
907 5592 1146 5640 veterum
1177 5570 1623 5648 philosophorum
1654 5583 1892 5634 errorem
1927 5569 2212 5638 incidisse,

632 5703 794 5762 quem
822 5676 1131 5738 Lactantius
1158 5671 1242 5726 his
1263 5667 1442 5723 verbis
1473 5663 1680 5718 notavit
1706 5663 1729 5713 ?
1789 5680 1808 5712 ι
1849 5661 2042 5717 Dicunt
2072 5678 2175 5762 eos.
2195 5705 2211 5728 ,

632 5755 723 5856 qui
749 5778 874 5836 mali
893 5771 1195 5829 videantur,
1221 5779 1325 5820 non
1355 5775 1449 5818 sua
1471 5765 1662 5829 sponte
1677 5769 1922 5825 peccare,
1954 5770 2054 5856 nec
2073 5755 2209 5856 mala

2326 4746 2431 4785 rem
2460 4731 2807 4802 nuncupavit.

2911 4869 3141 4928 CAPUT
3171 4872 3308 4930 VIII.

2419 4980 2497 5037 De
2513 4998 2712 5037 summa
2740 4982 2932 5039 Christi
2958 4986 3222 5042 divinitate
3243 4997 3291 5042 et
3327 4988 3697 5047 incarnationis
3722 4994 3834 5064 ejus

2971 5082 3230 5151 mysterio.

2851 5211 3146 5253 Αιιτιειιιῑιε
3175 5215 3386 5257 PRIMUS.

2319 5305 2473 5366 Quam
2497 5307 2668 5361 validis
2691 5313 2995 5373 argumentis
3015 5310 3256 5363 Arnobius
3277 5328 3555 5378 supremam
3578 5316 3759 5371 Christi
3783 5321 3908 5373 divi-

2735 5377 2940 5425 nitatem
2961 5383 3149 5426 asserat
3183 5385 3235 5428 et
3259 5377 3488 5430 vindicet.

2391 5479 2556 5535 Tanta
2590 5481 2863 5537 Arnobius
2913 5484 3296 5554 perspicuitate
3325 5495 3379 5542 et
3417 5487 3687 5544 evidentia
3716 5506 3902 5561 supre-

2322 5587 2461 5626 mam
2492 5574 2692 5631 ﬁliiDei
2719 5575 2922 5632 Chrisﬁ
2956 5577 3168 5631 domini
3189 5578 3525 5635 divinitatem
3575 5584 3772 5637 asserit
3795 5624 3808 5645 ,
3843 5593 3902 5637 ut

2317 5664 2445 5720 illud
2474 5681 2503 5718 a
2528 5669 2763 5734 nemine,
2792 5670 2894 5725 nisi
2909 5679 3093 5725 mente
3114 5681 3292 5741 capto,
3315 5674 3399 5729 vel
3427 5674 3724 5731 incredibili
3745 5691 3899 5744 pror-

2315 5771 2407 5812 sus
2463 5759 2759 5827 pervicacia
2815 5763 3090 5818 obcazcato
3139 5765 3307 5834 possit
3371 5782 3618 5838 umquam
3691 5769 3898 5839 negari.

630 5847 812 5962 potius
834 5869 1034 5947 eligere
1061 5903 1078 5932 ,
1110 5859 1205 5918 sed
1239 5858 1500 5914 bonorum
1528 5849 1708 5924 specie
1735 5848 1915 5920 lapsos
1934 5888 1950 5915 ,
1969 5847 2208 5906 incidere
2312 5847 2474 5915 Menti
2499 5859 2677 5908 autem
2701 5853 2819 5923 ejus
2845 5870 3003 5926 quam
3024 5855 3131 5913 alte
3156 5856 3376 5914 inﬁxum
3399 5858 3558 5916 fuerit
3568 5859 3898 5933 praecipuum
