4166 6256
277 291 388 346 465

1471 290 1538 346 ΙΝ
1576 289 1944 361 ARNOBIUM,
1985 290 2134 348 CAP.
2179 291 2309 348 Vill.

3446 296 3554 356 466

266 405 404 474 illud
435 406 747 463 christiana:
793 407 1073 478 religionis
1100 407 1480 464 documentum
1504 451 1518 475 ,
1551 407 1676 462 inde
1707 407 1864 476 plane
1892 410 1944 468 Α
1968 407 2129 462 velim
2166 427 2180 464 :
2219 427 2237 460 ι
2260 408 2502 475 Etiamsi,
2536 427 2554 460 ›
2583 409 2773 480 inquit,
2813 428 2832 461 ι
2861 418 3005 466 esset
3033 409 3084 466 id
3108 425 3314 476 verum,
3339 410 3470 466 locis
3496 421 3555 466 ut

269 499 500 570 colliges
529 542 544 564 ,
585 499 725 571 quod
756 498 808 555 id
837 515 938 555 nec
965 497 1305 566 Christianis,
1338 514 1436 554 nec
1467 498 1710 554 Ethnicis
1739 499 1868 568 ipsis

268 609 333 651 se
381 611 636 667 umquam
666 597 794 652 satis
834 595 1036 652 dixisse
1080 605 1135 652 et
1187 595 1484 651 inculcasse
1535 594 1637 649 sibi
1685 592 1867 650 videa-

268 696 382 742 tur.
416 686 656 744 Gentiles
685 689 963 743 enimvero
989 687 1265 753 audacter,
1292 689 1367 742 uti
1401 688 1492 742 ille
1521 684 1662 746 haud
1693 685 1865 740 semel

269 784 467 849 edixit,
512 783 842 854 ohjiciebant
883 783 1014 839 deos
1063 798 1190 838 suos
1240 798 1346 838 non
1397 781 1518 837 ideo
1557 780 1866 836 christianis

268 891 397 932 esse
427 876 670 944 infestos,
710 896 730 928 ι
757 876 898 948 quod
929 878 1349 948 omnipotentem
1383 876 1549 930 Deum
1579 874 1863 940 colerent,

266 970 389 1034 sed,
414 970 557 1041 quod
590 971 861 1026 hominem
888 982 1092 1036 natum,
1124 971 1407 1040 crucisqne
1434 969 1696 1040 supplicio
1727 969 1867 1024 inle-

268 1074 564 1134 remptum,
587 1072 641 1118 et
656 1064 819 1118 Deum
835 1062 1018 1127 fuisse,
1039 1074 1092 1118 et
1109 1064 1281 1117 adhuc
1298 1077 1612 1132 superesse»
1627 1060 1859 1126 (Arnob.,

271 1156 362 1210 lib.
419 1172 458 1222 ι,
493 1173 616 1227 pag.
657 1154 751 1225 19)
793 1156 1106 1221 crederent,
1155 1171 1217 1210 ac
1265 1155 1504 1224 quotidie
1552 1155 1861 1210 adorarent.

268 1249 456 1320 Neque
487 1249 540 1304 id
569 1248 675 1303 illis
703 1248 835 1303 vitio
876 1259 1080 1304 tantum
1131 1248 1412 1303 vertebant
1439 1289 1454 1313 ,
1503 1248 1596 1303 sed
1623 1248 1693 1302 ob
1723 1247 1862 1302 hanc

269 1357 490 1414 quoque
517 1343 906 1398 confessionem
936 1341 1081 1413 ipsos
1117 1341 1444 1412 quibuslibet
1467 1340 1744 1411 suppliciis
1766 1357 1862 1396 ex-

271 1437 661 1493 carniﬁcahant
690 1436 1152 1505 trucidabantque.
1186 1436 1437 1490 Animum
1467 1436 1645 1507 itaque
1671 1436 1860 1492 nobis-

269 1545 399 1585 cum
435 1531 576 1584 serio
602 1529 819 1586 adverte
848 1528 974 1600 quid
1002 1529 1272 1585 Arnobius
1299 1529 1416 1584 haec
1431 1545 1722 1601 numquam
1754 1546 1860 1584 non

282 1622 587 1677 tabularum
616 1636 766 1677 more
793 1621 1210 1680 vociferantibus
1254 1624 1607 1693 respondeat,
1640 1633 1694 1678 ct
1732 1638 1862 1678 con-

267 1714 452 1771 festim
482 1715 746 1786 intelliges
771 1731 929 1786 quam
976 1726 1164 1787 aperte
1193 1725 1248 1772 et
1273 1726 1419 1772 certo
1450 1732 1630 1772 veram
1660 1715 1862 1773 Christi

1969 499 2024 554 in
2053 499 2423 567 superioribus
2451 500 2654 556 dictum
2685 511 2787 566 est,
2819 511 2995 558 tamen
3019 518 3115 573 pro
3142 503 3340 567 multis,
3365 512 3420 560 et
3446 512 3552 559 tam

1968 593 2278 649 liberalibus
2305 593 2481 663 donis,
2513 611 2630 663 quae
2657 595 2815 651 abeo
2846 596 3085 667 profecta
3115 598 3167 652 in
3205 597 3358 653 nobis
3384 609 3507 652 sunt
3534 636 3553 664 ,

1969 685 2112 740 Dens
2141 685 2242 740 dici
2257 685 2497 741 deberet.
2532 685 2664 742 Cum
2693 704 2820 744 vero
2850 690 2986 746 Deus
3009 691 3078 744 sit
3105 705 3162 746 re
3175 700 3411 758 certa,et
3432 691 3551 747 sine

1967 778 2126 833 ullius
2148 777 2225 834 rei
2254 779 2598 836 dubitationis
2617 779 2710 854 (ita
2733 782 2785 836 in
2813 784 3175 854 manuscripto
3205 785 3390 839 codice
3406 784 3553 855 regio

1966 869 2183 944 legitur)
2212 872 2463 944 ambiguo
2484 916 2498 938 ,
2531 875 2864 931 inliciaturos
2893 876 3228 932 arbitramini
3251 893 3348 932 nos
3375 893 3498 934 esse
3525 920 3542 945 ,

1967 981 2123 1036 quam
2154 970 2386 1023 maxime
2417 969 2564 1023 illum
2587 986 2615 1024 a
2647 970 2800 1025 nubis
2829 972 2954 1037 coli,
2985 982 3038 1027 et
3069 973 3351 1043 pratsidem
3385 973 3552 1028 nosui

1969 1065 2211 1132 corporis
2252 1066 2588 1133 nuncupari?
2613 1065 2848 1136 Ergone,
2891 1067 3091 1138 inquiet
3117 1068 3306 1136 aliquis
3332 1065 3512 1122 furens
3537 1108 3553 1134 ,

1967 1157 2134 1211 iratus
2176 1168 2230 1213 et
2271 1159 2528 1228 percitus,
2586 1159 2727 1215 Deus
2757 1159 2846 1215 ille
2867 1171 2950 1216 est
2976 1160 3253 1215 Christus?
3280 1160 3420 1214 Deus
3442 1175 3556 1215 res-

1967 1252 2348 1321 pondebimus,
2395 1265 2448 1309 et
2516 1254 2831 1310 interiorum
2888 1257 3244 1324 potentiarttm
3288 1255 3428 1310 Deus
3459 1271 3474 1308 :
3507 1264 3561 1310 ct

1967 1345 2109 1412 quod
2138 1347 2307 1416 magis
2335 1347 2529 1402 infidos
2567 1349 2931 1404 acerbissimis
2957 1348 3233 1404 doloribus
3261 1358 3508 1418 torqueat
3537 1391 3552 1412 ,

1967 1437 2044 1491 rei
2093 1439 2338 1493 maximae
2385 1455 2543 1494 causa
2597 1456 2628 1494 a
2675 1456 2884 1495 summo
2919 1456 3043 1512 rege
3080 1441 3292 1495 missus.
3330 1460 3349 1492 ι
3397 1439 3556 1495 Vides

1970 1529 2210 1597 profecto
2235 1531 2504 1601 quomodo
2538 1533 2627 1588 ille
2657 1533 2736 1587 bis
2775 1542 2962 1603 terque
2993 1545 3220 1603 repetat,
3249 1543 3304 1588 et
3323 1533 3555 1588 inculcet

1968 1619 2241 1678 Christum
2297 1639 2401 1678 non
2451 1626 2666 1680 nomine
2697 1634 2851 1681 tenus
2879 1634 2933 1680 et
2953 1625 3335 1697 appellatione,
3369 1625 3464 1680 sed
3495 1640 3555 1679 re

1968 1723 2137 1780 certa,
2194 1724 2350 1786 atque
2381 1717 2484 1770 ulla
2511 1717 2715 1786 absque
2743 1716 3073 1771 dubitatione
3101 1717 3181 1772 vel
3209 1717 3554 1787 ambiguitate

269 1807 605 1864 divinitatem
641 1809 1032 1879 praedicaverit.
1063 1809 1201 1878 Quid
1228 1811 1394 1875 enim,
1427 1811 1652 1867 obsecro
1679 1819 1753 1878 te,
1784 1811 1862 1866 fa-
1893 1799 1942 1858 B
1971 1823 2156 1863 verum
2201 1824 2322 1865 esse
2371 1810 2539 1865 Deum
2566 1811 2807 1881 corporis
2839 1810 3007 1866 nostri
3037 1807 3316 1880 praesidem
3335 1854 3349 1878 ,
3394 1818 3449 1864 et
3469 1809 3552 1864 in-

269 1899 429 1955 cilius
448 1901 856 1973 promptiusque
882 1903 960 1959 illi
984 1915 1122 1972 erat,
1141 1919 1299 1974 quam
1323 1904 1650 1974 respondere
1667 1904 1860 1961 Chris-

265 2003 378 2048 tum
404 2011 510 2049 non
542 2011 671 2052 vere
696 2011 760 2051 ac
793 1999 1009 2068 proprie
1038 2040 1054 2065 ,
1113 1997 1209 2054 sed
1235 1999 1620 2070 metonymice,
1673 2010 1729 2055 et
1754 2001 1858 2055 im-

266 2089 484 2158 proprie
514 2087 680 2143 Deum
707 2104 737 2143 a
759 2090 1065 2145 christianis
1089 2089 1239 2145 credi
1269 2101 1324 2146 et
1351 2091 1652 2161 appellari?
1681 2093 1756 2147 Ea
1783 2093 1862 2148 si-

268 2181 485 2252 quidem
522 2181 740 2237 cuilibet
765 2183 919 2238 obvia
946 2184 1297 2253 responsione
1328 2183 1531 2240 Ethicis
1553 2200 1616 2240 os
1639 2186 1856 2256 penitus

267 2275 598 2332 occlusisset.
627 2276 733 2332 Sed
762 2286 964 2331 tantum
991 2277 1165 2345 abest,
1197 2290 1252 2332 ut
1282 2293 1401 2333 eam
1438 2279 1708 2346 adhibeat,
1727 2282 1860 2352 quin

264 2367 439 2438 ipsum
486 2367 758 2424 Christum
790 2384 972 2424 verum
1004 2370 1171 2425 Deum
1199 2385 1320 2425 esse
1366 2370 1492 2426 inde
1519 2371 1857 2429 demonstrat

269 2459 460 2529 (Ibid.,
488 2477 607 2532 pag.
641 2459 758 2532 2i),
796 2461 938 2531 quod
961 2477 1166 2516 summa
1196 2475 1248 2518 et
1274 2463 1555 2519 innumera
1598 2465 1857 2521 beneﬁcia

267 2553 523 2609 omnibus
546 2554 826 2625 aequaliter
862 2555 1167 2611 hominibus
1216 2557 1504 2612 contulerit
1532 2574 1546 2610 :
1585 2576 1602 2609 ι
1634 2558 1745 2614 Hoc
1775 2569 1862 2615 est

265 2648 440 2715 enim,
479 2668 498 2700 ι
532 2649 696 2720 inquit
729 2648 918 2721 (Ibid.,
947 2668 1066 2720 pag.
1103 2650 1216 2722 29),
1247 2669 1265 2701 ‹
1303 2653 1574 2721 proprium
1605 2653 1696 2708 Dei
1721 2655 1852 2721 veri,

264 2744 632 2814 potentiaeque
661 2745 876 2816 regalis,
907 2745 1286 2816 benignitatem
1314 2761 1463 2800 suam
1488 2737 1853 2817 negarenulli,

260 2853 368 2894 nec
399 2850 648 2909 reputare
677 2840 798 2911 quis
836 2848 1130 2901 mereatur,
1160 2850 1250 2895 aut
1277 2840 1518 2895 minime.
1559 2863 1576 2892 ι
1610 2842 1740 2909 Quae
1760 2858 1859 2897 au-

259 2943 374 2988 tem
419 2948 482 2988 ea
527 2935 636 2988 sint
679 2934 912 2989 breviter
940 2935 1172 3004 attingit,
1205 2944 1366 3004 atque
1424 2935 1554 2989 illttd
1589 2936 1857 3005 imprimis

261 3036 532 3081 memorat
562 3068 576 3090 ,
629 3026 772 3096 quod
817 3026 1064 3082 Christus
1118 3028 1364 3084 homines
1395 3033 1462 3083 ab
1498 3030 1773 3085 erroribus
1802 3041 1858 3086 et

260 3120 400 3176 falsa
428 3121 687 3192 religione
714 3121 781 3178 ad
826 3137 1008 3177 veram
1041 3122 1358 3187 traduxerit,
1391 3138 1593 3194 eosque
1613 3123 1860 3180 docuerit

263 3228 296 3266 a
328 3228 435 3284 quo
457 3214 708 3279 mundus,
734 3222 788 3268 et
811 3212 865 3268 hi
894 3215 1106 3284 ipsimet
1146 3215 1392 3269 homines
1421 3216 1585 3270 creati
1616 3216 1755 3284 sint,
1795 3233 1859 3271 ac

261 3307 389 3377 quis
417 3315 537 3376 post
565 3316 793 3361 mortem
825 3314 993 3362 status
1019 3321 1114 3362 eos
1151 3317 1385 3363 maneat.
1411 3307 1550 3362 Tum
1577 3323 1704 3362 vero
1729 3324 1859 3364 con-

263 3400 505 3453 tinenter
545 3398 684 3453 hanc
735 3398 824 3454 ille
871 3399 1048 3454 elicuit
1087 3400 1532 3456 c0nclnsionem:
1572 3420 1591 3453 ι
1624 3401 1700 3456 Ita
1730 3416 1861 3473 ergo

263 3492 515 3548 Christus
569 3509 676 3548 non
726 3493 984 3548 habeatur
1019 3509 1046 3547 a
1095 3493 1250 3548 nobis
1275 3495 1459 3549 Deus?
1486 3494 1595 3550 Nec
1621 3496 1858 3564 qui-0m-

265 3588 422 3642 nium
458 3587 693 3657 alioquin
723 3588 985 3642 maximus
1014 3596 1190 3656 potest
1224 3588 1536 3658 excogitari,
1567 3588 1863 3644 divinitatis

271 3679 538 3735 afﬁciatur
565 3682 729 3747 cultu,
759 3696 789 3735 a
809 3697 918 3753 quo
939 3682 1250 3751 jamdudum
1275 3692 1442 3747 tanta,
1485 3695 1536 3739 et
1557 3684 1864 3754 accepimus

272 3774 424 3829 dona
442 3774 697 3839 viventes,
728 3785 782 3829 et
811 3786 1203 3846 exspectamus.
1221 3792 1340 3830 cum
1359 3776 1473 3832 dies
1491 3777 1722 3842 venerit,
1746 3793 1864 3830 am-

275 3868 477 3937 pliora.
514 3888 530 3918 »
558 3868 688 3937 Quid
723 3872 790 3923 ad
817 3884 1079 3924 summam
1107 3868 1303 3924 Christi
1332 3867 1670 3923 divinitatem
1715 3883 1863 3923 asse-

270 3961 509 4018 rendam
551 3963 852 4031 expressius
891 3973 944 4016 et
989 3963 1304 4018 lnculentins
1340 3961 1564 4031 proferri
1618 3961 1861 4032 poterat?

271 4055 527 4113 Gentiles
567 4071 876 4123 persuasum
913 4055 1180 4110 habebant
1204 4055 1474 4110 Christum
1500 4056 1568 4109 ab
1597 4055 1714 4124 ejus
1744 4069 1864 4110 sec-

271 4147 546 4203 tatoribus
574 4164 758 4203 verum
807 4149 973 4204 Deum
1023 4149 1170 4203 credi
1199 4189 1215 4215 ,
1257 4158 1417 4218 atque
1445 4148 1496 4201 id
1519 4147 1622 4201 illis
1650 4148 1861 4202 crimini

269 4244 515 4298 maximo
556 4243 851 4297 vertebant.
900 4243 1168 4299 Arnobius
1207 4257 1335 4297 vero
1363 4241 1548 4296 iisdem
1585 4239 1814 4296 ethnicis
1843 4282 1858 4307 ,

271 4338 419 4391 hanc
464 4335 864 4404 persuasionem
908 4334 1129 4390 cuilibet
1167 4333 1461 4389 christiano
1490 4331 1865 4402 exprobranti-

269 4433 399 4495 bus,
451 4445 554 4483 non
585 4439 786 4483 tantum
841 4429 1131 4498 respondet
1160 4427 1298 4481 hanc
1327 4427 1503 4495 reipsa
1532 4441 1655 4482 esse
1684 4425 1858 4481 chris-

272 4527 545 4580 tianorum
573 4522 910 4587 sententiam,
935 4522 1027 4576 sed
1058 4521 1197 4575 illius
1222 4535 1435 4591 quoque
1461 4520 1736 4576 veritatem
1765 4535 1860 4575 va-

271 4618 379 4673 riis
433 4616 700 4670 rationum
751 4613 1038 4669 momentis
1086 4612 1274 4682 probat
1317 4622 1371 4668 et
1417 4612 1667 4669 adstruit.
1718 4615 1859 4682 Quin

269 4712 440 4766 etiam
473 4716 780 4763 constanter
804 4714 1075 4762 asseverat
1101 4706 1372 4762 Christum
1403 4723 1468 4762 eo
1494 4707 1678 4763 divino
1715 4710 1862 4764 cultu

276 4802 678 4866 honorandum,
711 4800 804 4871 qui
835 4802 1104 4855 maximus
1130 4801 1422 4870 excogitari
1455 4809 1652 4870 potest.
1677 4801 1861 4857 Palam

274 4915 412 4969 ergo
443 4915 505 4953 ac
529 4897 808 4968 perspicue
841 4895 1072 4951 affirmat
1102 4911 1206 4950 non
1232 4905 1433 4950 tantum
1461 4896 1688 4966 gentiles
1722 4896 1863 4951 haud

275 4992 555 5050 immerito
589 4990 882 5046 credidisse
917 5005 1096 5045 veram
1127 4989 1453 5045 divinitatem
1493 5005 1524 5045 a
1562 4989 1866 5046 christianis

277 5088 362 5144 illi
392 5087 573 5153 tribui,
605 5101 788 5140 verum
807 5085 966 5139 etiam
990 5084 1093 5138 hoc
1123 5083 1287 5139 fuisse
1308 5088 1661 5153 ipsorummet
1688 5085 1862 5141 chris-

279 5182 552 5236 tianorum
589 5188 791 5233 certum
836 5178 1216 5248 publicumque
1251 5177 1631 5233 documentum
1653 5220 1668 5243 ,
1704 5193 1733 5232 a
1760 5194 1866 5249 quo

279 5273 448 5328 nullis
475 5287 722 5342 umquam
752 5271 1028 5341 suppliciis
1057 5271 1240 5327 divelli
1273 5282 1541 5342 poterant.

362 5365 468 5421 Sed
512 5364 761 5435 agedum,
794 5373 848 5418 et
897 5363 1110 5418 attende
1140 5365 1409 5433 quomodo
1454 5363 1507 5419 id
1543 5364 1633 5419 ille
1660 5374 1868 5435 repetat

282 5459 476 5535 (Ibid,
503 5476 626 5530 pag.
657 5457 774 5530 ‘24),
815 5473 1077 5528 novoque,
1124 5474 1222 5513 nec
1262 5460 1436 5514 minus
1476 5459 1756 5529 perspicuo
1783 5461 1869 5516 di-

282 5553 446 5612 cendi
479 5552 640 5609 modo
689 5552 924 5606 stabiliat
953 5562 1005 5606 et
1026 5551 1310 5607 conﬁrmet
1342 5571 1354 5606 :
1389 5550 1587 5606 Natum
1609 5593 1625 5618 ,
1664 5553 1870 5622 inquie-

281 5653 418 5709 bant
451 5649 682 5715 Ethnici,
724 5647 982 5702 hominem
1008 5647 1194 5700 colitis.
1233 5645 1314 5701 En
1363 5661 1490 5700 sane
1539 5645 1724 5702 eadem
1755 5648 1875 5702 illo.

283 5760 406 5801 rum
467 5755 652 5798 rursus
680 5741 988 5797 christianis
1019 5742 1291 5811 proposita
1331 5739 1690 5809 exprobratio.
1736 5739 1873 5808 Quid

287 5836 358 5892 ad
381 5851 506 5893 eam
532 5834 800 5890 Arnobius
835 5841 1017 5888 noster
1038 5829 1232 5887 iterum
1263 5830 1583 5903 respondeat
1608 5874 1624 5903 ,
1657 5833 1873 5903 audias,

1886 4568 1941 4629 D

1968 1900 2226 1956 teriorum
2256 1903 2635 1971 potentiarum,
2663 1903 2763 1959 ltoc
2779 1913 2881 1971 est,
2911 1904 3075 1958 animi
3099 1904 3266 1958 nostri
3290 1905 3558 1959 omnium—

1964 2009 2071 2064 que
2097 1993 2410 2050 facultatum
2442 1996 2558 2067 ejus
2591 1997 2780 2052 Deum.
2804 1996 3116 2061 Cuiautem,
3134 1994 3324 2050 amabo
3341 2004 3416 2062 te,
3438 1994 3553 2050 haec

1965 2087 2163 2152 omnia,
2196 2089 2298 2142 nisi
2326 2104 2538 2144 summo
2569 2090 2676 2146 Deo
2703 2089 3054 2160 competunt?

2037 2183 2190 2252 Quod
2237 2193 2413 2238 autem
2461 2181 2669 2238 addidit
2695 2201 2709 2239 :
2739 2184 2812 2238 rei
2852 2184 3089 2238 maxima:
3116 2199 3271 2238 causa
3298 2201 3331 2235 ιι
3355 2199 3554 2237 summa

1962 2292 2078 2346 rege
2097 2275 2298 2338 missus,
2328 2275 2411 2328 his
2436 2289 2567 2329 sane
2594 2275 2771 2329 verbis
2815 2290 2923 2329 non
2965 2268 3249 2342 significat,
3282 2271 3552 2329 Christum

1963 2381 2086 2422 esse
2129 2365 2437 2422 inferiorem
2467 2409 2482 2433 ,
2535 2367 2626 2422 sed
2656 2383 2820 2421 unum
2857 2376 2911 2423 et
2933 2366 3180 2422 eumdem
3224 2382 3345 2421 cum
3374 2367 3560 2430 Patre.

1962 2473 2231 2512 summum
2270 2473 2390 2513 esse
2422 2459 2610 2525 Deum,
2645 2473 2872 2528 persona
2903 2469 3082 2514 tamen
3110 2457 3441 2515 distinctum.
3475 2459 3551 2514 Ea

1964 2565 2126 2619 porro
2151 2551 2225 2604 rei
2255 2551 2491 2604 maxima:
2515 2567 2692 2616 causa,
2725 2551 2795 2605 ob
2823 2566 2987 2620 quam
3017 2550 3085 2606 ab
3114 2567 3180 2606 eo
3205 2551 3405 2607 missus
3423 2551 3560 2607 dici-

1967 2654 2071 2709 tur,
2105 2659 2209 2698 non
2238 2644 2340 2699 alia
2367 2653 2472 2709 est,
2501 2660 2659 2714 quam
2689 2654 2746 2700 ttt
2775 2645 3043 2711 homines,
3078 2647 3153 2701 uti
3182 2646 3413 2703 diximus
3433 2690 3447 2714 ,
3480 2648 3553 2704 ab

1963 2737 2132 2806 impio
2164 2738 2425 2794 idolorum
2448 2740 2614 2806 cultu,
2642 2749 2697 2794 et
2727 2739 2858 2795 falsa
2884 2741 3158 2810 gentilium
3183 2741 3457 2811 religione,
3487 2741 3557 2796 ad

1965 2846 2152 2886 verum
2189 2832 2279 2887 Dei
2299 2833 2500 2887 cultum
2528 2849 2819 2904 veramque
2849 2835 3164 2905 religionem
3187 2834 3471 2904 adductos,
3503 2846 3559 2891 et

1964 2934 2139 2980 morte
2187 2941 2283 2980 sua
2325 2942 2355 2979 a
2388 2928 2623 2996 peccatis
2649 2927 2854 2982 solutos
2875 2929 3127 2982 salvaret.
3159 2927 3311 2995 Quod
3339 2928 3557 2998 quidem

1962 3016 2212 3073 Ethnicis
2241 3019 2575 3075 intolerabile
2602 3018 2764 3074 fuisse
2784 3018 2984 3073 adserit
3011 3018 3204 3092 (Idem,
3239 3020 3325 3074 lib.
3344 3037 3402 3085 ll,
3427 3037 3551 3091 pag.

1963 3113 2055 3180 87,
2089 3113 2264 3186 etc.,),
2295 3124 2454 3179 atque
2478 3123 2532 3169 ot
2564 3115 2678 3185 ipse
2703 3113 2940 3185 loquitur
2962 3155 2978 3179 ,
3008 3114 3372 3170 acerbissimis
3400 3114 3557 3170 dolo-

1964 3208 2112 3262 ribus
2153 3207 2458 3278 torquebat.
2500 3206 2607 3263 Sed
2637 3205 2980 3276 quantumvis
3015 3222 3078 3261 ea
3121 3206 3332 3276 publica
3363 3206 3556 3262 divini-

1965 3301 2090 3354 tatis
2135 3300 2331 3355 Christi
2380 3299 2727 3356 confessione
2785 3307 3186 3367 torquerentur,
3242 3308 3554 3356 constanter

1963 3405 2162 3463 tamen,
2201 3397 2360 3451 etiam
2407 3395 2492 3451 sui
2538 3393 2729 3464 capitis
2780 3392 3056 3464 periculo,
3110 3391 3384 3449 affirmare
3439 3408 3548 3448 non

1963 3501 2182 3547 veretur
2212 3491 2358 3546 illum
2385 3505 2652 3546 summum
2683 3501 2806 3543 esse
2838 3487 3028 3543 Deum.

2036 3584 2177 3638 Satis
2202 3600 2330 3639 vero
2357 3584 2459 3639 sibi
2479 3599 2600 3638 esse
2630 3598 2736 3638 non
2759 3586 2963 3654 putavit
2992 3594 3099 3640 tam
3126 3586 3288 3642 claris
3325 3587 3554 3657 apertis-

1965 3695 2073 3750 que
2109 3679 2286 3734 verbis
2309 3695 2614 3749 supremam
2641 3678 2840 3735 Christi
2873 3681 3202 3736 divinitatem
3229 3680 3506 3738 declarare
3534 3723 3550 3748 ,

1926 3825 1933 3832 ,
1965 3787 2194 3842 eumque
2222 3788 2286 3827 ex
2309 3772 2514 3843 magnis
2542 3772 2710 3841 ipsius
2740 3773 2792 3827 in
2816 3773 3059 3829 homines
3087 3774 3382 3842 beneficiis,
3410 3774 3552 3830 divi-

1967 3878 2140 3933 naque
2165 3864 2279 3932 ejus
2299 3863 2676 3934 comprobasse
2697 3863 2942 3920 doctrina
2963 3909 2978 3930 ,
3008 3866 3103 3921 sed
3131 3867 3377 3922 eamdem
3411 3866 3552 3922 illius

1965 3956 2295 4010 divinitatem
2325 3972 2392 4012 ex
2424 3957 2718 4013 innumeris
2748 3958 2815 4012 ab
2845 3961 2961 4029 ipso
2981 3999 2994 4022 ,
3047 3969 3102 4014 et
3123 3960 3396 4030 discipulis
3435 3961 3552 4030 ejus

1966 4047 2122 4104 editis
2147 4046 2420 4104 miraculis
2441 4049 2838 4105 evidentissime
2867 4050 3227 4106 demonstrat.

2037 4140 2165 4207 Quae
2209 4150 2388 4196 autem
2408 4150 2658 4212 ,quanta,
2688 4156 2846 4212 quam
2870 4158 3022 4209 vera,
3068 4153 3123 4199 et
3145 4153 3296 4199 certo
3325 4145 3558 4200 certiora

1965 4237 2162 4291 fuerint
2216 4237 2331 4292 haec
2375 4237 2654 4300 miracula,
2724 4235 3068 4292 manifestum
3121 4252 3281 4308 supra
3328 4238 3555 4295 fecimus

1970 4329 2135 4402 (ιαμ,
2165 4345 2280 4402 cap.
2312 4329 2365 4394 ὅ,
2395 4338 2492 4386 art.
2526 4328 2588 4400 t).
2623 4329 2732 4384 Nec
2769 4329 2944 4384 minus
3000 4331 3280 4401 perspicue
3317 4330 3556 4386 ostendi-

1966 4437 2085 4478 mus
2139 4422 2409 4494 quomodo
2452 4421 2541 4476 illa
2572 4421 2717 4477 nullo
2745 4433 2972 4478 externo
3011 4421 3336 4478 adminiculo
3359 4464 3376 4490 ,
3409 4423 3554 4479 nulla

1965 4534 2068 4575 nec
2092 4518 2321 4580 medica,
2347 4532 2446 4574 nec
2476 4517 2678 4588 magica
2708 4526 2847 4578 arte.
2876 4517 2969 4572 sed
2991 4518 3106 4573 solo
3127 4517 3314 4582 verbo,
3337 4525 3429 4572 aut
3452 4517 3565 4574 levi

1976 4623 2137 4679 tactu,
2171 4611 2312 4682 quod
2342 4611 2470 4666 nulli
2501 4626 2749 4682 umquam
2773 4611 3052 4681 gentilium
3069 4611 3198 4678 Dco,
3229 4610 3416 4666 autalii
3438 4609 3554 4666 cui-

1968 4709 2111 4776 piam
2139 4719 2456 4761 concessum
2488 4713 2590 4770 est,
2622 4705 2757 4759 facta
2789 4704 2916 4759 sint.
2944 4703 3127 4773 Itaque
3155 4713 3434 4775 postquam
3463 4704 3555 4758 illa

1967 4798 2165 4854 Christi
2191 4798 2683 4868 discipulorutnque
2704 4796 2821 4866 ejus
2851 4796 3108 4851 miracula
3142 4795 3410 4850 Arnobius
3431 4793 3550 4849 fuse

1969 4893 2261 4956 enarravit,
2288 4907 2354 4945 ex
2380 4903 2639 4946 concessa
2671 4887 2789 4942 i5tis
2809 4887 2888 4944 {ab
2914 4886 3105 4942 eodem
3132 4886 3348 4943 Christo
3373 4901 3437 4941 ea
3471 4886 3551 4939 fa-

1969 4985 2145 5042 ciendi
2181 4983 2564 5056 potestate'{sic
2617 4987 3023 5051 argumentatur
3059 4997 3072 5033 :
3109 4997 3128 5030 ι
3166 4977 3554 5034 Transcribere

1975 5096 2131 5150 posse
2182 5081 2235 5134 in
2296 5078 2567 5134 hominem
2593 5073 2681 5144 jus
2709 5084 2878 5141 tuum,
2911 5072 3130 5144 etquod
3183 5073 3361 5130 facere
3403 5073 3552 5129 solus

1975 5173 2148 5244 possis
2171 5216 2186 5240 ,
2245 5169 2600 5240 fragilissima:
2630 5167 2707 5222 rei
2754 5166 2992 5232 donare,
3038 5177 3091 5221 et
3123 5166 3446 5236 participare
3472 5165 3549 5221 fa-

1973 5266 2244 5331 ciendum,
2277 5278 2438 5333 supra
2469 5260 2647 5316 omnia
2675 5259 2792 5315 sita:
2821 5270 2906 5316 est
2936 5261 3233 5330 potestatis,
3262 5260 3551 5315 continen-

1975 5362 2147 5431 tisqne
2172 5358 2272 5414 sub
2300 5373 2359 5413 se
2378 5365 2460 5412 est
2491 5370 2671 5411 rerum
2701 5354 2939 5408 omninnt
2958 5368 3172 5417 causas,
3199 5361 3253 5407 et
3279 5352 3548 5410 rationum

1974 5453 2387 5521 facultatumque
2416 5457 2652 5503 naturas.
2694 5466 2713 5499 ι
2741 5445 2984 5517 (Arnob.,
3011 5445 3100 5499 lib.
3135 5460 3172 5510 l,
3205 5460 3324 5516 pag.
3349 5443 3552 5516 5L)At

1975 5549 2127 5619 cujus
2153 5557 2255 5615 est,
2280 5561 2378 5602 oro
2409 5557 2484 5614 te,
2515 5545 2614 5602 nisi
2639 5544 2804 5599 solius
2838 5544 2950 5610 Dei,
2972 5544 3184 5615 Optimi,
3205 5545 3421 5600 maximi
3438 5546 3554 5601 haec

1976 5643 2078 5697 sita
2102 5656 2263 5714 supra
2289 5641 2467 5696 omnia
2491 5647 2748 5710 potestas,
2780 5653 2898 5707 qua:
2920 5637 3019 5692 sub
3040 5653 3098 5693 se
3112 5652 3290 5693 rerum
3315 5637 3553 5694 omnium

1977 5733 2200 5802 catisas,
2254 5747 2309 5792 et
2362 5735 2628 5792 rationum
2677 5731 3096 5803 facultatnmque
3138 5741 3355 5786 naturas
3383 5732 3561 5786 conti-

1980 5834 2139 5894 neat?
2176 5831 2338 5904 Atqui
2364 5830 2631 5892 Arnobius
2654 5826 2934 5886 Christqu
2964 5826 3256 5886 Dominum
3283 5841 3346 5881 ea
3381 5833 3567 5895 potes-
