4158 6264
574 350 680 407 467

578 554 846 623 simisque
898 549 1230 623 argumentis
1279 535 1637 603 demonstrat.
1693 542 2173 599 Persuasissimum

581 663 715 721 ergo
742 644 928 702 habuit
954 656 1078 700 eum
1098 654 1284 698 verum
1308 649 1363 696 et
1387 648 1698 710 supremum
1725 650 1850 692 esse
1870 637 2061 691 Deum.

653 740 761 798 Sed
787 738 913 794 audi
932 737 1128 802 adhuc,
1158 735 1410 802 obsecro,
1428 732 1701 804 quomodo
1722 722 1855 785 illud
1875 740 2087 784 rursum
2104 736 2175 783 ex

578 834 862 906 ipsiusmet
890 829 1090 886 Christi
1128 827 1403 884 miraculis
1444 822 1694 897 colligat,
1726 826 1790 880 ac
1822 820 2182 879 disertissime

579 926 899 999 pronuntiet
959 942 973 977 :
1032 921 1253 989 «Nihil,
1303 931 1357 975 ut
1409 918 1624 984 remini,
1664 937 1684 971 ι
1740 918 1914 988 tuquit
1960 914 2177 988 (Mitt,

581 1035 707 1093 pag.
739 1016 875 1090 32.),
903 1035 925 1070 ι
952 1016 1239 1087 magicum,
1271 1013 1405 1069 nihil
1420 1013 1735 1078 humanum,
1755 1010 2177 1081 pmngiosum,

581 1123 679 1170 aut
702 1110 1009 1177 subdolum,
1038 1110 1170 1164 nihil
1201 1107 1402 1163 fraudis
1429 1106 1645 1162 delituit
1684 1107 1738 1159 in
1759 1102 1995 1159 Christo.
2024 1103 2178 1158 Deri-

584 1206 757 1262 deatis
779 1204 904 1260 licet
930 1216 996 1259 ex
1026 1214 1199 1269 more,
1226 1211 1385 1271 atque
1411 1201 1465 1255 in
1498 1201 1772 1255 lasciviant
1801 1195 2176 1253 dissthaminl

585 1299 998 1363 cachinnorum,
1033 1296 1173 1351 Deus
1200 1295 1290 1350 ille
1307 1292 1555 1349 sublimis
1585 1290 1703 1358 fuit,
1733 1291 1875 1346 Deus
1898 1284 2082 1344 radice
2109 1286 2185 1340 ab

584 1395 796 1460 intima,
827 1393 967 1447 Deus
986 1392 1055 1445 ab
1082 1388 1369 1459 incognitis
1389 1387 1591 1457 regnis.
1613 1394 1669 1440 et
1692 1376 2017 1439 abomniunt
2032 1380 2180 1452 pria-

585 1487 704 1558 cipe
729 1486 1020 1555 sospitator
1039 1493 1121 1538 est
1148 1482 1366 1548 missus,
1393 1488 1552 1551 quem
1586 1490 1763 1548 neque
1786 1477 1869 1531 sol
1902 1478 2017 1547 ipse
2038 1516 2052 1539 ,
2085 1484 2183 1528 ne-

587 1593 692 1652 que
718 1577 850 1643 ulla,
875 1577 919 1633 si
949 1577 1212 1643 sentiunt,
1252 1574 1451 1639 sidera,
1478 1582 1589 1625 non
1614 1578 1874 1635 rectores,
1904 1580 2011 1625 non
2033 1566 2185 1638 prin-

587 1672 737 1743 cipes
766 1668 974 1734 mundi,
1006 1682 1115 1723 non
1136 1667 1369 1737 denique
1399 1665 1473 1720 dii
1514 1664 1711 1734 magni,
1746 1669 1838 1717 aut
1858 1661 1950 1732 qni
1972 1662 2184 1730 tingen-

589 1777 675 1822 tes
704 1778 763 1820 se
790 1760 943 1830 deos,
976 1774 1146 1833 genus
1176 1773 1338 1815 omne
1367 1757 1668 1813 mortalium
1695 1757 1943 1811 territant
1966 1795 1981 1819 ,
2016 1751 2181 1817 unde,

1841 320 2315 394 ulcisciturse
2354 321 2637 393 PMEVIA
3206 384 3213 389 .

575 473 690 521 tate
709 460 991 533 prmditum
1018 456 1187 514 fuisse
1215 453 1652 513 constantissime
1680 451 1873 507 asserit
1897 480 1912 515 ς
1937 447 2158 505 validis-
2190 452 2249 515 Α
2274 452 2492 521 magisq
2502 454 2565 507 oe
2581 448 2899 507 abhorrens.
2914 451 3054 507 nam
3072 453 3191 509 haec
3210 442 3259 509 si
3280 444 3479 510 nosset
3502 440 3652 511 imas
3674 456 3885 525 opinio,

3780 338 3891 395 86’8

2285 552 2450 607 eam,
2482 541 2626 595 sicut
2669 540 2781 612 jam
2832 543 3341 612 animadvertimus,
3373 538 3521 600 clare
3566 546 3888 616 inplicatam

2288 633 2457 689 facile
2480 633 2734 689 Ethnicis
2768 636 3154 705 persuasisset,
3183 648 3284 693 nec
3306 646 3387 692 tot
3413 641 3666 706 expendit
3692 638 3888 694 luisset

2290 728 2405 780 tam
2450 726 2808 796 pertinaciter
2854 726 2960 782 sibi
3006 724 3585 798 refragantes.Contru
3627 734 3759 787 me
3797 732 3887 787 ille

2293 817 2426 871 totis
2455 817 2618 871 animi
2646 819 3020 889 sermonisque
3046 820 3134 875 sui
3159 822 3340 878 nervis
3366 816 3635 889 declarat,
3659 816 3879 890 asserit,

2291 907 2476 977 docet,
2504 910 2722 980 repetit,
2753 912 2964 981 probat,
2980 912 3233 980 inculcat,
3253 914 3584 971 demmtstrat
3602 914 3881 971 Christum

2293 1010 2481 1056 verum
2528 1013 2586 1057 et
2628 1014 2900 1060 summum
2948 1018 3073 1060 esse
3114 1005 3303 1071 Deum,
3328 1007 3525 1062 divina:
3552 1003 3885 1078 inlatittque

2297 1092 2598 1162 potestatis,
2626 1111 2688 1150 ac
2710 1097 2945 1167 proinde
2985 1098 3148 1153 etiam
3185 1110 3415 1155 naturae.
3440 1100 3576 1167 Quia
3603 1110 3732 1157 vero
3757 1110 3883 1169 pas-

2292 1187 2397 1253 sim
2446 1186 2644 1257 ubique
2695 1199 2885 1244 cornva
2937 1191 3219 1259 gentilium
3270 1200 3514 1247 errarem
3570 1204 3879 1258 asseverat,

2294 1280 2592 1351 probatque
2622 1294 2792 1336 unum
2834 1283 3115 1339 deuorarat
3151 1298 3275 1340 esse
3318 1285 3521 1349 Deum,
3560 1284 3663 1340 nee
3702 1286 3885 1355 plures

2296 1387 2418 1429 esse
2441 1388 2635 1444 posse,
2667 1376 2791 1431 inde
2836 1377 3245 1433 evidentissima
3282 1379 3556 1449 colling
3597 1378 3730 1433 nihil
3768 1377 3889 1449 ejus

2297 1469 2704 1525 mentiinlimn
2737 1471 2916 1536 altius,
2946 1484 3108 1542 quam
3146 1470 3423 1527 Clll‘isium
3460 1478 3589 1527 esse
3632 1478 3791 1526 unum
3834 1480 3893 1525 et

2297 1560 2545 1616 eumdem
2570 1576 2695 1618 eum
2718 1572 2927 1619 esterno
2957 1563 3118 1620 Patre
3142 1568 3247 1619 sub
3279 1566 3467 1621 Deum.

2364 1657 2475 1710 (iur
2497 1666 2653 1728 ergo;
2679 1658 2914 1729 inquies,
2946 1658 3088 1715 hunc
3113 1661 3283 1730 ipsius
3310 1659 3525 1715 Patrem
3563 1667 3621 1715 et
3653 1660 3893 1730 primum

2296 1750 2352 1807 et
2388 1752 2689 1820 principem
2731 1753 2896 1808 [reum
2942 1754 3221 1825 appellat?
3251 1754 3664 1824 Respondemus
3707 1755 3782 1807 ita
3836 1752 3905 1805 ab

589 1866 683 1913 aut
729 1858 820 1927 qui
859 1853 1019 1910 fuerit
1042 1895 1056 1918 ,
1108 1856 1399 1923 potuerunt
1444 1858 1669 1905 noscere
1709 1845 1799 1901 vel
1837 1846 2119 1915 suspicari.
2154 1857 2176 1894 ο
2214 1840 2263 1912 Β
2294 1857 2361 1898 eo
2387 1843 2684 1914 aliquando
2714 1847 3033 1916 nuncupari,
3054 1846 3144 1901 ubi
3162 1844 3498 1918 sesevulgari
3522 1842 3907 1903 accommodat

594 1950 807 2010 Audisti
837 1960 966 2003 sane
992 1945 1264 2018 quomodo
1292 1960 1357 2000 ex
1375 1942 1669 2005 miraculis,
1701 1952 1730 1994 a
1748 1938 1967 1995 Christo
2003 1939 2190 1994 divina

593 2057 820 2116 prorsus
858 2043 1057 2096 virtute
1125 2039 1302 2104 lactis,
1345 2045 1495 2093 recte
1542 2035 1760 2105 colligat
1814 2033 1963 2088 iitum
2018 2032 2190 2087 Deum

598 2136 767 2193 fuisse
791 2150 1129 2205 supremum,
1162 2133 1265 2197 vel,
1300 2139 1357 2186 ut
1393 2131 1483 2187 ille
1504 2128 1923 2196 ait,subliment,
1954 2138 2059 2180 non
2088 2136 2189 2180 ex-

594 2236 751 2285 terna
788 2228 963 2299 aliqua
1008 2225 1487 2291 denominatione,
1519 2222 1602 2277 rei
1651 2220 1853 2289 specie,
1880 2219 1976 2275 sed
2004 2219 2074 2274 ab
2102 2218 2193 2274 in-

592 2322 722 2376 tima
748 2318 951 2386 radice,
977 2318 1080 2374 hoc
1098 2326 1202 2387 est,
1236 2326 1427 2372 natura
1458 2330 1552 2371 sua
1576 2314 1767 2378 Deum,
1788 2322 2062 2382 tantaeque
2081 2312 2194 2367 cel-

594 2414 772 2470 sitatis
796 2411 1203 2469 etexcellentize
1227 2426 1243 2475 ;
1276 2414 1334 2465 ut
1359 2409 1501 2464 nulla
1532 2418 1745 2463 terrena
1766 2412 2017 2461 creatura
2047 2448 2062 2471 ,
2095 2416 2194 2461 tie-'-

594 2516 702 2578 que
773 2506 880 2561 lieti
927 2505 996 2559 ab
1044 2502 1278 2560 ethnicis
1316 2502 1389 2557 dii
1444 2502 1594 2557 illam
1642 2508 1876 2571 capere,
1940 2502 1995 2555 et
2048 2500 2195 2554 illius

599 2598 867 2670 originem
896 2606 1057 2653 nasse
1109 2598 1364 2668 umquam
1394 2595 1679 2651 valuerint.
1712 2593 1846 2661 Quis
1876 2600 2055 2648 autem
2091 2593 2195 2647 nisi

601 2692 672 2747 de
725 2702 933 2746 summa
963 2687 1484 2747 Christi-divinitate
1514 2689 1737 2743 omnino
1778 2692 2097 2756 persuasus,
2118 2686 2195 2739 ita

601 2784 888 2855 aliquando
915 2784 1123 2841 locutus
1150 2792 1202 2838 et
1230 2780 1634 2854 argumentatus
1660 2778 1791 2836 est?

675 2877 834 2932 Tanti
862 2886 1042 2932 autem
1071 2875 1330 2930 momenti
1361 2884 1484 2929 esse
1507 2872 1662 2927 duxit
1694 2872 1960 2926 surhmatn
1993 2868 2196 2924 Christi

605 2971 935 3027 dirinitatem
964 2966 1205 3024 Ethnicis
1241 2966 1554 3039 praedicare,
1578 2976 1877 3034 earumque
1900 2970 1954 3018 et
1976 2963 2201 3017 auribus

608 3074 664 3121 et
696 3063 889 3117 animis
915 3062 1213 3127 inculcare;
1257 3068 1315 3114 ut
1350 3057 1403 3113 id
1438 3068 1729 3126 numquam
1758 3056 1889 3110 satis
1910 3066 1970 3110 se
1995 3054 2203 3110 dixisse

606 3156 709 3211 sibi
736 3155 1026 3210 videretur.
1055 3153 1394 3222 Quapropter
1420 3146 1510 3205 ille
1533 3142 1659 3205 alibi
1683 3148 1917 3219 'ge'ntiles
1944 3142 2089 3202 hunc
2105 3142 2202 3201 ad-

2301 1938 2541 1990 scr-meai
2571 1938 2854 2007 gentilium
2877 1976 2893 2004 ,
2920 1939 3014 2008 ιιιὶ
3041 1948 3170 1994 suos
3194 1936 3385 1994 omnes
3420 1938 3595 2006 deus,
3622 1941 3746 1994 sive
3782 1947 3909 1994 nta-

2297 2031 2468 2101 jores,
2492 2035 2609 2087 sive
2634 2034 2877 2088 minores
2899 2032 3030 2088 elitn
3054 2044 3163 2088 non
3190 2030 3379 2099 misse,
3404 2042 3467 2088 ac
3494 2040 3645 2088 certe
3668 2032 3905 2102 quodam

2303 2126 2550 2194 tenipore
2571 2138 2733 2181 natos
2754 2126 3089 2183 fatebantur.
3112 2127 3231 2195 Quo
3255 2129 3471 2198 quidem
3503 2124 3703 2196 positu,
3728 2129 3912 2198 arguit.

2301 2218 2578 2273 Antobins
2600 2218 2769 2274 hosce
2794 2214 2952 2287 deos,
2978 2222 3023 2276 si
3056 2222 3193 2276 tales
3221 2231 3404 2277 essent
3432 2222 3618 2291 quales
3642 2222 3718 2276 illi
3740 2233 3903 2292 puta-

2303 2310 2468 2379 bant,
2496 2326 2527 2366 a
2552 2313 2667 2367 Deo
2693 2313 2936 2383 principe
2976 2313 3031 2369 id
3081 2318 3387 2385 accepisse,
3416 2309 3561 2386 qbod
3607 2322 3716 2370 nti
3756 2317 3905 2383 sint,

2302 2404 2447 2475 quod
2472 2405 2637 2460 vitam
2666 2407 2902 2476 egerint,
2930 2407 3077 2477 quod
3106 2406 3260 2462 suam
3277 2450 3292 2475 ,
3318 2408 3365 2463 si
3396 2414 3516 2478 quae
3540 2415 3664 2465 esse
3688 2411 3906 2481 potuis-

2305 2494 2407 2565 set,
2433 2499 2777 2555 divinitatem
2816 2494 3087 2569 habeant,
3120 2510 3175 2557 et
3220 2498 3701 2559 immortalitatem.
3749 2503 3911 2561 Unde

2303 2591 2400 2648 ille
2438 2593 2637 2647 merito
2678 2596 2865 2647 contra
2908 2594 3128 2649 e‘osdelh
3164 2588 3423 2651 Ethiticbs
3460 2596 3777 2665 concludit,
3804 2597 3910 2655 nos

2304 2684 2474 2741 falsos
2500 2693 2556 2741 et
2584 2687 2984 2742 commentitios
3012 2692 3134 2742 esse
3156 2687 3311 2754 deos,
3336 2688 3624 2761 ipsumque
3644 2693 3903 2761 primum,

2305 2787 2362 2833 et
2402 2779 2739 2850 principem,
2783 2790 2944 2850 atque
2986 2767 3191 2835 idcirco
3227 2782 3538 2851 supremum
3584 2790 3640 2839 ct
3688 2786 3908 2840 unicum

2306 2886 2451 2935 esse,
2490 2871 2705 2942 dicique
2754 2885 2914 2940 posse
2958 2872 3152 2927 Deum.
3202 2871 3339 2927 Nam
3384 2884 3505 2944 post
3544 2875 3753 2945 objecta
3796 2877 3905 2932 sibi

2306 2966 2468 3019 verba
2510 2967 2858 3020 continenter
2896 2964 3136 3036 adjecit:
3171 2972 3191 3018 t
3225 2964 3357 3020 Cum
3400 2966 3695 3023 divinitatis
3732 2970 3910 3039 ipsius

2305 3067 2589 3113 teneamus
2613 3068 2802 3129 caput,
2829 3074 2863 3114 a
2889 3074 2998 3131 quo
3042 3061 3156 3131 ipsa
3199 3060 3453 3116 divinitas
3488 3061 3740 3118 divorum
3787 3076 3907 3118 om-

2307 3150 2490 3217 nium,
2536 3153 2860 3223 quicumque
2900 3162 3057 3220 sunt,
3105 3153 3420 3209 dicitur....t
3468 3155 3796 3225 quicumque
3847 3150 3903 3210 hi

606 3245 818 3318 buc,itl
875 3245 1090 3300 modum
1141 3243 1334 3298 aifatur
1384 3258 1397 3297 :
1431 3260 1452 3294 ι
1493 3242 1742 3298 Christus
1786 3240 1936 3294 vobis
1979 3240 2197 3306 invitis,
2231 3244 2277 3307 ρ
2311 3247 2384 3303 dii
2409 3258 2563 3313 sunt,
2592 3258 2729 3319 quos
2765 3263 2888 3303 esse
2913 3246 3071 3303 nobis
3100 3241 3433 3318 proponitis,
3474 3251 3519 3303 si
3561 3250 3669 3304 hiut
3709 3258 3907 3321 proge-

608 3342 781 3406 Deus,
836 3339 997 3405 Deus,
1050 3339 1288 3409 inquam,
1321 3336 1602 3401 Christus;
1644 3336 1747 3389 hoc
1772 3334 1920 3390 enim
1950 3345 2096 3404 ωερε
2117 3335 2203 3389 dl-

609 3430 837 3489 cendum
878 3438 1000 3494 est.
1048 3441 1110 3486 ut
1139 3429 1432 3485 inlldciinm
1462 3424 1692 3483 dissiliat
1732 3437 1791 3482 et
1835 3427 2199 3497 disrumpatur

494 3518 499 3523 ’
610 3525 843 3592 auditus,
874 3518 968 3580 Dei
1000 3523 1254 3593 principis
1294 3522 1538 3591 iussione
1564 3521 1812 3591 loquens,
1842 3519 1944 3576 sub
1961 3518 2200 3574 hominis

608 3619 805 3674 forma.
827 3630 849 3670 δ
886 3614 1126 3690 (ἂι-κοιλ,
1168 3615 1258 3670 lib.
1282 3626 1341 3678 tt,
1372 3626 1492 3686 pug.
1522 3611 1643 3684 85.)

687 3726 881 3788 Verum
908 3773 923 3797 ,
955 3729 1161 3799 inquiet
1208 3727 1434 3799 aliquis,
1463 3710 1535 3783 ibi
1562 3724 1809 3781 Christus
1855 3724 1924 3781 ab
1963 3722 2198 3781 Arnobib

610 3836 721 3883 non
766 3824 970 3895 primus
1012 3830 1064 3879 et
1112 3826 1439 3891 supremus,
1502 3817 1597 3875 sed
1623 3818 1893 3874 secundus
1936 3820 2145 3873 tantum
2179 3862 2193 3883 .

570 3990 573 3995 _
609 3929 664 3974 et
688 3919 864 3973 minor
887 3916 1027 3972 Deus
1056 3915 1378 3987 appellatur.
1408 3912 1545 3981 Quid
1569 3911 1709 3967 enim
1740 3910 1884 3967 aliud
1928 3910 2043 3967 ltmc
2079 3910 2195 3984 ejus

606 4008 774 4065 verba
836 4007 1175 4080 signiﬁcant,
1218 4000 1316 4061 Dei
1368 4004 1617 4075 principis
1656 4004 1893 4074 jussione
1954 3998 2199 4075 loquens?

608 4103 865 4171 Quisnam
898 4101 992 4157 ille
1014 4096 1157 4155 Deus
1197 4101 1467 4169 princeps,
1520 4096 1676 4168 cujus
1692 4098 1928 4168 jussione
1945 4094 2197 4154 Christus

604 4195 880 4266 loquitur?
908 4192 959 4249 ls
989 4190 1340 4263 proculdubio
1363 4190 1500 4245 Dens
1525 4196 1678 4259 pater
1704 4199 1758 4243 et
1784 4194 2026 4244 summus
2052 4198 2138 4243 est
2174 4233 2189 4258 ,

606 4290 697 4360 qui
718 4284 841 4342 ideo
864 4286 1115 4359 princeps
1133 4286 1374 4339 vocatur.
1402 4281 1567 4351 Cujus
1582 4282 1760 4337 autem
1775 4282 2025 4352 princeps
2064 4288 2147 4337 est
2174 4324 2191 4347 ,

603 4380 712 4435 nisi
738 4378 960 4445 Christi,
994 4378 1081 4449 qui
1108 4378 1182 4444 ei,
1208 4386 1265 4431 nt
1287 4376 1557 4446 loquatur,
1589 4374 1779 4444 jubet,
1808 4385 1863 4431 et
1881 4375 1964 4430 cui
1988 4374 2193 4445 iubenti

605 4468 853 4527 Christus
880 4469 1253 4539 obtemperat?
1278 4468 1522 4524 Christus
1545 4482 1672 4539 ergo
1700 4468 1840 4523 Deus
1862 4464 1954 4523 illo
1973 4467 2196 4539 iubente

606 4563 785 4620 minor
804 4564 961 4632 eique
1010 4560 1235 4616 inl‘erior
1261 4558 1404 4615 Deus
1433 4566 1547 4626 est,
1574 4564 1637 4614 a'c
1672 4559 1898 4629 proinde
1931 4564 2038 4615 hbn
2067 4568 2194 4629 pro-

2310 3342 2428 3395 nies
2474 3342 2655 3410 regia,
2688 3338 2973 3410 principali
3018 3341 3268 3395 oriuntur
3305 3344 3333 3394 a
3374 3342 3667 3412 capite..."
3701 3351 3761 3397 et
3799 3341 3907 3397 hoc

2306 3435 2523 3507 quidem
2552 3451 2581 3489 a
2615 3437 2770 3490 nobis
2797 3434 2960 3490 merit
2977 3437 3050 3490 ita
3080 3430 3373 3506 prolatum,
3398 3436 3445 3491 si
3472 3437 3632 3492 modo
3660 3438 3829 3508 liquet
3848 3446 3907 3493 et

2305 3537 2515 3582 constat
2544 3524 2741 3595 prast'er
2769 3524 2944 3597 ipsum
2972 3532 3151 3598 regem
3192 3536 3246 3584 et
3280 3526 3609 3600 principem;
3635 3540 3760 3584 esse
3788 3524 3897 3585 alia

2306 3622 2599 3677 etiamnum
2624 3623 2819 3692 capita,
2843 3634 2965 3692 qua:
2991 3623 3199 3693 digesta
3228 3632 3285 3678 et
3311 3631 3557 3693 separata
3588 3636 3685 3694 per
3710 3636 3903 3679 nume-

2303 3726 2447 3781 rum,
2478 3717 2623 3770 velut
2647 3716 2932 3785 quemdam
2977 3718 3234 3788 populum
3273 3718 3500 3788 plebeiae
3538 3714 3902 3774 multitudinis

2304 3808 2523 3864 iaciant.
2565 3824 2585 3861 ι
2617 3808 2807 3878 (lbid.,
2837 3809 2925 3864 lio.
2957 3824 3036 3877 ιιι,
3068 3824 3189 3881 pag.
3219 3811 3381 3882 illi.)

2374 3902 2531 3958 Prius
2574 3916 2705 3957 vero
2738 3903 2953 3958 dixerat
2987 3923 3001 3958 :
3036 3923 3058 3955 ι
3091 3904 3223 3959 Cum
3263 3905 3341 3959 tlii
3389 3906 3610 3967 bmnes.
3656 3905 3742 3959 rel
3781 3904 3902 3975 qui-

2303 4008 2533 4066 cumque
2571 4003 2699 4049 sunt
2748 3997 2883 4062 veri,
2912 3998 2995 4051 vel
3038 3998 3128 4067 qui
3176 4006 3298 4052 esse
3339 4008 3560 4054 rumore
3588 4009 3748 4069 atque
3781 4000 3900 4068 opis

2302 4089 2465 4143 nione
2494 4088 2745 4143 dicuntur
2770 4089 3108 4144 immortales
3123 4098 3178 4145 et
3194 4091 3454 4161 perpetui,
3472 4092 3592 4162 ejus
3614 4091 3891 4148 voluntate

2301 4182 2429 4246 sint;
2461 4190 2516 4235 et
2542 4180 2786 4236 beneficii
2818 4194 3078 4249 munere;
3105 4183 3191 4252 qui
3234 4182 3351 4239 ﬁeri
3399 4185 3540 4255 potis
3578 4192 3679 4251 est,
3708 4196 3767 4239 ut
3794 4185 3891 4240 alii

2300 4283 2558 4344 praetore
2584 4274 2638 4329 id
2667 4280 2809 4346 quod
2841 4276 2940 4345 ipsi
2969 4287 3114 4342 sunt,
3146 4276 3381 4343 valeant,
3413 4288 3534 4332 cum
3566 4281 3802 4334 alienum
3832 4278 3888 4335 id

2300 4367 2569 4429 habeant,
2621 4376 2676 4422 et
2728 4364 2916 4437 majori
2964 4364 3033 4423 es
3082 4371 3317 4439 potentia
3370 4372 3809 4429 commodatum?
3860 4386 3881 4425 ι

2303 4454 2504 4532 (ιδιά,
2530 4462 2620 4516 to.
2645 4478 2702 4529 ιι,
2739 4470 2860 4534 pug.
2892 4464 2984 4519 sv.
2999 4456 3019 4531 l
3048 4484 3053 4492 ι

2368 4555 2497 4621 Quis
2527 4565 2705 4609 autem
2738 4557 2847 4625 jam
2875 4571 2981 4611 non
3012 4550 3193 4613 videat
3214 4558 3338 4613 ideo
3366 4559 3532 4615 Deum
3561 4561 3884 4631 principem,

604 4656 746 4727 prie,
775 4665 829 4711 et
856 4622 1045 4709 natura
1079 4664 1194 4718 sua,
1229 4648 1323 4708 sed
1355 4622 1645 4723 improprie
1662 4622 1688 4717 ,-
1706 4660 1763 4708 et
1785 4622 2079 4708 dumtaxat
2096 4666 2194 4710 no.
2219 4622 2272 4701 D
2296 4657 2349 4705 et
2376 4648 2603 4718 primum
2628 4650 2696 4703 an
2715 4622 2953 4705 Arnobio
2973 4652 3176 4715 Vocari,
3199 4653 3322 4720 quia
3348 4652 3414 4707 ad
3440 4622 3785 4709 Ethnic'oi-uin
3816 4622 3888 4712 de

603 4744 752 4805 mine
794 4747 956 4803 Deus.
989 4744 1173 4818 Neque
1209 4746 1381 4801 solum
1416 4745 1557 4802 Deus
1585 4746 1835 4817 princeps
1860 4790 1873 4809 ,
1915 4746 2011 4802 sed
2052 4754 2196 4819 saepe

603 4842 767 4898 etiam
787 4840 856 4897 ab
885 4854 951 4895 eo
976 4842 1314 4909 nuncupatur
1336 4838 1475 4893 Deus
1507 4839 1730 4907 primus,
1760 4838 1814 4892 et
1839 4840 2102 4903 summus,
2129 4852 2193 4895 ac

603 4938 758 5006 pater
788 4944 803 4988 :
840 4946 860 4985 ι
892 4932 1034 4989 Satis
1087 4940 1169 4986 est
1186 4930 1356 4995 nobis,
1403 4948 1421 4982 ι
1458 4930 1662 5001 ittquit,
1712 4946 1731 4982 ι
1768 4929 1911 4985 Deus
1941 4932 2143 5001 prinlus
2174 4974 2189 4996 ,

604 5026 783 5096 Deus,
838 5028 1052 5098 inquam
1072 5069 1087 5093 ,
1132 5024 1337 5097 primus
1360 5068 1376 5092 ,
1410 5028 1560 5095 pater
1584 5028 1764 5079 rerum
1796 5032 1859 5079 ac
1885 5023 2137 5081 dominus
2169 5067 2185 5092 ,

601 5120 924 5176 constitutor
975 5115 1388 5188 moderatorque
1424 5118 1737 5172 clmclortlm
1765 5162 1780 5185 ,
1814 5119 1866 5171 in
1896 5117 1998 5173 hoc
2028 5128 2188 5175 omne

603 5210 746 5283 quod
776 5209 1058 5267 colendum
1087 5209 1466 5274 est,colimus;
1498 5211 1640 5281 quod
1666 5208 1878 5266 adorari
1906 5212 2181 5276 convenit,

601 5304 921 5368 adoramus;
973 5300 1114 5373 quod
1163 5304 1478 5373 obsequium
1507 5304 1868 5359 venerationis
1893 5306 2135 5375 exposcit
2168 5346 2183 5371 ,

595 5390 1031 5452 venerallonibus
1061 5398 1454 5466 promerentur.
1492 5413 1513 5446 ι
1544 5395 1731 5468 (ῌήά.ν
1765 5396 1853 5451 lib.
1877 5412 1916 5462 ι,
1946 5408 2065 5468 pug.
2093 5397 2182 5465 15,

552 5486 559 5491 ’
597 5486 668 5543 18
710 5499 756 5543 et
808 5490 907 5555 l9;
948 5490 1037 5545 lib.
1066 5505 1125 5555 ιι,
1155 5504 1274 5561 pag.
1300 5489 1370 5545 £3
1395 5496 1441 5542 et
1470 5487 1539 5543 68
1562 5507 1576 5555 ;
1603 5489 1691 5545 lib.
1736 5506 1813 5554 nt,
1859 5500 1978 5563 pag.
2010 5491 2109 5546 101
2138 5500 2186 5546 et

597 5581 729 5653 seq.)
759 5580 946 5637 Nonne
987 5596 1117 5655 ergo
1171 5582 1312 5637 hunc
1346 5586 1550 5636 tantum
1595 5574 1863 5636 Arnobius
1915 5592 2182 5639 summum

2300 4742 2402 4798 dlis
2442 4744 2555 4798 suis
2598 4744 2917 4814 respiciebat
2955 4738 3303 4813 opinionem;
3333 4756 3437 4819 qua
3479 4751 3638 4804 etiam
3677 4754 3882 4821 posita,

2298 4837 2397 4892 bos
2428 4828 2615 4905 falsos,
2645 4845 2700 4892 et
2732 4838 2877 4891 illum
2905 4838 3085 4893 solum
3110 4848 3298 4894 verum
3330 4841 3494 4897 Deum
3522 4848 3642 4897 esse
3670 4847 3889 4901 coniicit

2296 4946 2359 4985 ac
2373 4930 2739 4987 demonstrat?
2775 4932 2823 4985 Is
2843 4933 3041 5002 quippe
3072 4934 3277 4987 tantum
3302 4942 3458 4989 veros
3482 4936 3622 4991 Deus
3649 4950 3770 4992 esse
3789 4953 3885 5005 po-

2291 5036 2419 5091 test,
2435 5026 2523 5096 nui
2542 5027 2805 5096 ingenitus
2819 5033 2873 5081 et
2885 5032 3136 5091 aeternus,
3152 5027 3350 5081 nullum
3369 5022 3523 5084 habet
3539 5033 3879 5102 principium.

2362 5114 2501 5173 Nihil
2519 5126 2646 5189 ergo
2663 5121 2777 5174 hate
2791 5126 2974 5174 contra
2992 5114 3155 5174 divini
3187 5120 3342 5176 Verbi
3369 5131 3423 5176 et
3444 5121 3641 5179 Christi
3670 5124 3879 5181 Domini

2290 5209 2493 5267 faciunt
2518 5212 2852 5266 divinitatem
2875 5254 2888 5275 ,
2908 5222 3076 5280 quam
3098 5216 3245 5267 certe
3263 5214 3332 5267 ab
3352 5213 3588 5270 Arnobio
3617 5219 3725 5286 ipsa
3760 5219 3878 5274 luce

2290 5305 2487 5361 clarius
2513 5315 2568 5360 et
2592 5303 2892 5361 evldentids
2921 5312 3182 5360 assertam
3215 5302 3465 5361 vidimus.
3497 5308 3701 5364 Deinde
3723 5322 3873 5378 vero,

2290 5399 2417 5469 quld
2463 5399 2755 5454 Arnobibm
2798 5397 3093 5468 prohibuit,
3123 5401 3410 5469 quominus
3438 5397 3674 5457 animum
3702 5402 3768 5457 ad
3798 5404 3878 5475 ip-

2289 5500 2525 5546 summet
2565 5490 2797 5546 Verbum
2839 5500 2895 5546 et
2938 5491 3129 5547 Filium
3177 5494 3270 5548 Del
3300 5495 3649 5563 attendeudo,
3682 5496 3880 5553 dixerit

2291 5594 2554 5638 aeternum
2585 5584 2794 5640 Putrem
2823 5598 2944 5641 esse
2971 5587 3199 5654 primum
3225 5629 3239 5653 ,
3267 5598 3322 5642 et
3351 5590 3645 5661 principem
3676 5591 3869 5658 Deum,

598 5670 791 5739 Dento,
820 5671 1093 5728 Christum
1117 5682 1245 5728 vero
1275 5672 1536 5728 minorem
1556 5672 1721 5727 Deum
1744 5673 1963 5742 agnovit
1998 5683 2183 5730 etcre-
2286 5676 2379 5747 qui
2403 5676 2617 5746 quidem
2644 5679 2768 5748 quia
2795 5679 2937 5735 hunc
2961 5678 3155 5736 Filium
3185 5684 3640 5740 suumabzeterno
3664 5687 3870 5757 genuit,

596 5764 732 5820 didit
759 5766 785 5818 ?

2287 5770 2488 5827 idcirco
2527 5772 2761 5841 primus,
2795 5775 3065 5845 princeps,
3095 5783 3152 5832 et
3174 5774 3470 5833 divinitatis
3495 5776 3617 5833 fons
3642 5787 3698 5834 et
3717 5779 3873 5849 origo

662 5857 769 5913 Sed
816 5854 957 5913 nihil
1002 5856 1163 5927 plane
1205 5858 1278 5915 ab
1314 5857 1461 5917 illius
1500 5866 1681 5917 mente
1709 5856 1879 5928 magis
1904 5856 2177 5934 alienum,
2276 5872 2422 5923 recte
2444 5862 2778 5936 appellatur!
