4166 6256
305 280 416 339 469

1490 276 1558 334 IN
1594 271 1977 344 summa,
2018 274 2172 333 CAP.
2207 274 2344 337 Vill.

3488 273 3595 333 470

296 401 309 451 l
374 395 913 469 Urgebis;ﬂtrlstus
940 396 1010 451 ab
1030 395 1273 453 Arnobio
1291 395 1509 461 dicitur,
1533 393 1631 448 Dei
1650 394 1898 465 principis
1925 402 1979 461 Α
2004 400 2340 465 nequaquam
2392 392 2667 460 oﬂ’ecerit,
2721 394 3027 458 enarranti,
3075 392 3274 460 adhuc,
3324 393 3371 450 si
3418 392 3587 458 lubet,

290 492 538 561 ,ἱκεσίου
562 492 794 561 loquens.
818 490 964 562 Ergo
983 490 1036 544 ei
1060 490 1354 559 subjectus,
1380 488 1575 559 illoque
1598 487 1776 542 minor
1792 496 1896 542 est.

296 583 413 643 Sed
448 586 502 641 si
532 584 782 641 advertas
806 582 1006 639 ibidem
1036 584 1105 638 ab
1132 581 1372 638 Arnobio
1397 580 1741 636 continenter
1765 579 1893 634 sub-

292 680 452 752 iungi
471 722 489 747 ,
515 678 613 736 lu
652 678 877 733 hominis
919 684 1122 749 fama,
1150 677 1281 733 nihil
1312 678 1413 732 hac
1440 675 1900 748 argumentatione

296 774 477 830 levius
508 786 629 830 esse
652 782 936 845 agnosces.
965 772 1095 841 Quis
1132 773 1276 828 enim
1300 771 1566 827 dilfltetur
1604 768 1894 834 Christum,

301 875 570 937 quatenus
588 865 756 921 homo
774 875 879 933 est,
900 866 1012 921 Deo
1032 864 1174 920 Patri
1200 878 1324 920 esse
1352 862 1646 928 subditum,-
1676 860 1897 931 ejusque

306 958 688 1030 ohtemperare
712 958 1011 1015 voluntati?

905 1106 1196 1149 Αιιτιευιυε
1225 1110 1279 1149 ll.

299 1232 455 1295 Quam
476 1230 764 1295 lutatienter
786 1230 1036 1283 Arnobius
1071 1232 1298 1283 docuerit
1334 1230 1577 1283 Christum
1598 1238 1697 1282 tam
1721 1242 1896 1281 verum

674 1294 838 1345 Deum
861 1296 1028 1358 fuisse,
1070 1307 1217 1359 quam
1249 1296 1515 1345 hominem.

368 1425 491 1482 Non
518 1426 716 1496 patitur
743 1424 1012 1480 Arnobius
1038 1422 1143 1479 sibi
1171 1423 1238 1477 ah
1260 1421 1508 1478 Ethnicis
1541 1422 1702 1492 obiici
1738 1421 1897 1477 Chri-

294 1530 446 1576 stum
473 1518 579 1575 dici
601 1534 704 1573 non
730 1532 893 1590 posse
920 1518 1085 1573 Deum
1106 1518 1361 1588 (Amet,
1390 1516 1482 1570 lib.
1518 1532 1559 1579 ι,
1601 1528 1724 1587 pag.
1748 1512 1816 1571 ει
1846 1516 1895 1570 t't

292 1628 437 1684 seqq;
462 1612 504 1681 )5
531 1621 715 1682 utpote
738 1611 832 1681 qui
858 1621 1038 1675 natus,
1067 1609 1245 1665 crucis
1271 1609 1534 1679 supplicio
1567 1611 1732 1663 vitam
1774 1609 1896 1663 ﬁni-

293 1709 396 1763 vit.
426 1705 558 1762 Nam
588 1708 947 1776 praaterqua'm
975 1710 1119 1775 quod
1150 1705 1251 1775 ipsi
1292 1704 1507 1759 Ethnici
1547 1706 1704 1759 natos
1723 1703 1895 1758 homi-

2003 488 2388 543 auseultetnus.
2415 488 2752 557 Objiciebant
2776 488 2990 543 Ethnici
3020 506 3033 543 :
3068 487 3216 543 More
3251 496 3325 542 est
3369 487 3592 543 hominis

1999 581 2352 651 interemptus.
2379 581 2515 650 Quid
2546 581 2612 636 ad
2660 582 2776 636 hec
2819 581 3089 636 Arnobius
3138 580 3352 637 noster?
3396 598 3416 633 ι
3472 578 3590 636 Νοη

2002 674 2137 744 ipse,
2177 691 2196 726 ι
2231 672 2663 745 iuquit(lbid.),
2697 692 2715 724 ι
2754 682 2927 744 neque
2962 673 3106 728 enim
3147 672 3341 729 cadere
3379 671 3590 727 divinas

2001 769 2054 823 in
2085 782 2174 824 res
2204 778 2379 839 potest
2405 769 2595 823 mortis
2623 783 2876 833 occasus;
2919 783 3019 822 nec
3064 766 3385 822 interitionis
3413 766 3588 822 "disso-

2000 863 2204 918 iutione
2233 861 2338 916 labi
2366 861 2437 926 id,
2471 861 2612 932 quod
2643 872 2725 917 est
2752 877 2915 916 unum
2943 869 2998 916 et
3025 860 3253 929 simplex
3273 899 3288 922 .
3322 872 3419 915 nec
3447 858 3586 913 ulla-

2001 970 2120 1014 rum
2150 959 2379 1028 partium
2402 956 2816 1027 congregatione
2832 962 3189 1025 compactum.
3212 953 3344 1022 Quis
3360 961 3445 1010 est
3460 967 3591 1023 ergo

1999 1051 2149 1106 visus
2179 1053 2231 1105 in
2266 1050 2503 1120 patibulo
2535 1050 2807 1119 pendere?
2836 1050 2966 1117 Quis
2996 1057 3238 1102 mortuus
3264 1047 3385 1101 est?
3418 1045 3590 1101 Homo

1999 1156 2162 1215 quem
2193 1144 2462 1208 induerat,
2487 1152 2540 1198 et
2560 1150 2740 1197 secum
2772 1142 2885 1211 ipse
2914 1142 3178 1211 portabat.
3199 1157 3219 1193 ι
3243 1139 3376 1194 Tum
3394 1138 3590 1194 deinde

1997 1237 2234 1293 ostendit
2276 1235 2404 1291 illud
2450 1235 2610 1291 ﬁdem
2642 1234 2781 1305 apud
2811 1234 3069 1290 Ethnicos
3101 1234 3317 1295 mereri.
3346 1234 3435 1305 qui
3465 1248 3586 1288 cre-

1998 1328 2227 1393 debant,
2259 1328 2471 1383 vatibus
2510 1338 2564 1382 et
2615 1327 2835 1398 Sihyiiis
2880 1327 3270 1393 morientibus,
3305 1326 3451 1381 illum
3481 1342 3588 1382 non

1997 1423 2160 1489 mori,
2192 1423 2346 1492 cujus
2384 1419 2570 1475 afﬂatu
2599 1420 2816 1475 oracula
2848 1420 3049 1475 fudisse
3086 1419 3428 1476 videbantur.
3456 1420 3588 1485 Qui-

1996 1516 2097 1572 bus
2136 1517 2436 1585 eXplicatis,
2471 1514 2687 1570 eosdem
2731 1514 2991 1569 Etlmicos
3035 1515 3184 1569 hisce
3226 1514 3405 1569 verbis
3446 1496 3589 1568 alio-

1996 1614 2179 1685 quitur
2204 1632 2221 1667 :
2260 1631 2279 1665 ι
2314 1613 2458 1668 Mors
2490 1612 2604 1677 illa,
2637 1628 2798 1682 quam
2826 1612 3033 1679 dicitis,
3066 1612 3325 1683 assumpti
3357 1610 3591 1665 hominis

1996 1707 2130 1772 fuit,
2156 1721 2263 1761 non
2314 1706 2524 1775 ipsius:
2552 1706 2903 1776 gestaminis,
2941 1721 3051 1760 non
3094 1705 3398 1775 gestantis:
3428 1714 3587 1774 quam

292 1814 414 1859 nes.
444 1809 710 1866 mortuos,
738 1807 794 1854 et
812 1798 1091 1868 suppliciis
1114 1797 1342 1852 allectos
1362 1795 1494 1851 deos
1530 1806 1652 1851 esse
1689 1797 1891 1866 garrie-
1924 1799 1973 1860 B
1999 1814 2098 1855 nec
2119 1800 2285 1869 ipsam
2312 1799 2518 1869 perpeti
2550 1797 2954 1863 succubuisset,
2989 1806 3132 1851 tanta
3164 1798 3207 1851 si
3242 1811 3349 1850 non
3385 1793 3589 1865 agenda

290 1891 462 1959 bant,
496 1903 645 1947 certe
689 1889 868 1945 divina
916 1889 1115 1945 Christi
1159 1889 1425 1955 doctrina,
1455 1902 1509 1944 et
1541 1888 1794 1944 miracula
1821 1889 1890 1943 ab

290 1983 411 2047 illo,
444 1984 518 2038 uti
548 1982 804 2049 diximus,
834 1984 1068 2049 vivente,
1096 1981 1385 2047 moriente,
1409 1989 1465 2036 et
1486 1988 1701 2035 mortuo
1722 1980 1885 2046 edita,

292 2072 740 2131 manifestissime
763 2074 1200 2130 demonstrarunt
1216 2073 1368 2127 illum
1387 2082 1495 2127 tam
1513 2087 1699 2128 verum
1717 2071 1886 2127 Deum

292 2170 467 2226 fuisse
504 2183 665 2240 quam
698 2168 1011 2235 hominem,
1041 2178 1096 2223 et
1137 2167 1412 2239 utriusque
1455 2166 1649 2222 divina:
1691 2177 1747 2222 et
1789 2169 1888 2221 hu-

291 2277 470 2317 manae
495 2272 703 2318 natura:
728 2261 1067 2332 participem.
1092 2261 1229 2328 Quid
1246 2270 1425 2316 autem
1460 2261 1676 2323 mirum,
1705 2260 1749 2314 si
1773 2260 1884 2326 ille,

290 2365 511 2426 accepta
544 2356 775 2410 humana
804 2368 1017 2422 natur,
1050 2357 1164 2411 sive
1193 2355 1428 2410 humano
1463 2370 1713 2425 corpore,
1743 2353 1885 2425 quod

287 2449 509 2521 exigua,
538 2459 597 2504 ut
624 2448 701 2503 ait
735 2450 1005 2504 Arnobius
1033 2447 1229 2521 (Ibid,
1255 2449 1347 2503 lib.
1380 2465 1417 2512 I,
1449 2465 1570 2520 pag.
1602 2446 1729 2518 52),
1764 2461 1891 2515 pars

290 2543 419 2611 ejus
461 2552 608 2607 erat,
642 2551 955 2612 assumpto,
984 2541 1272 2597 humanam
1303 2540 1504 2605 vitam,
1534 2540 1672 2595 sicut
1705 2539 1887 2594 caeteri

290 2634 571 2699 homines,
599 2636 766 2706 egerit
805 2644 861 2690 et
901 2636 1183 2690 amiserit?
1204 2634 1309 2689 Sed
1338 2642 1553 2703 praestat
1601 2633 1890 2701 ipsummet

285 2727 595 2784 Arnobiqu
662 2728 878 2795 audire,
941 2737 999 2782 ut
1046 2728 1314 2797 intelligas
1381 2730 1540 2795 quam
1607 2732 1753 2779 recte
1823 2738 1889 2780 ac

285 2822 579 2890 perspicue
609 2819 896 2876 humanam
925 2820 1268 2891 divinumque
1294 2818 1492 2875 Christi
1520 2826 1797 2881 naturam,
1830 2824 1887 2873 et

285 2912 693 2969 sanctissimum
723 2913 887 2980 illius,
918 2927 976 2968 ut
994 2913 1105 2983 jam
1133 2912 1282 2983 loqui
1320 2910 1496 2967 solent
1520 2910 1774 2983 theologi,
1801 2910 1885 2965 in-

283 3010 621 3067 carnationis
648 3009 963 3080 mysterium
990 3008 1241 3078 explicet.

359 3101 694 3174 Rogantibus
719 3104 999 3158 enimvero
1022 3102 1262 3157 Ethnicis
1292 3119 1304 3155 :
1337 3100 1391 3157 Si
1432 3101 1573 3157 Deus
1595 3100 1691 3157 fuit
1727 3100 1886 3156 Chri-

1994 1908 2083 1948 res
2125 1900 2303 1957 esset,
2333 1900 2389 1946 et
2432 1890 2824 1961 inexplicabilis
2855 1890 2993 1945 ratio
3023 1889 3116 1944 fati
3157 1889 3356 1945 clausis
3384 1887 3588 1959 patefa-

1991 1986 2181 2042 cienda
2209 1986 2502 2057 mysteriis.
2543 2003 2564 2037 ι
2606 1985 2626 2058 (
2650 1983 2810 2049 Ibid.,
2839 2000 2960 2057 pag.
2993 1983 3112 2057 58.)
3143 1984 3276 2053 Quis
3301 1994 3481 2041 autem
3509 1984 3594 2041 vlli

1990 2078 2354 2149 primoribus,
2387 2087 2444 2132 ut
2482 2079 2664 2144 aiunt,
2698 2077 2865 2133 labris
2911 2076 3316 2149 theologorum,
3349 2087 3405 2133 et
3448 2079 3591 2133 anti-

1991 2184 2218 2240 quorum
2247 2167 2506 2224 Ecclesiae
2536 2177 2748 2239 patrum
2775 2168 2974 2239 scripta
3002 2171 3255 2239 gustavit,
3286 2177 3342 2225 et
3384 2169 3589 2224 nesciat

1993 2278 2088 2319 eos
2113 2263 2276 2319 simili
2319 2262 2481 2335 plane
2519 2267 2681 2319 modo
2717 2266 2985 2320 haereticis
3014 2263 3203 2320 eadem
3232 2272 3417 2335 postea
3446 2266 3587 2334 obji-

1994 2356 2262 2411 cientibus
2291 2356 2670 2426 respondisse?
2697 2356 2908 2412 inﬁnita
2945 2335 3161 2428 quidem
3206 2368 3428 2428 pnssent
3463 2357 3585 2413 illo-
3690 2352 3699 2361 ’

1992 2462 2110 2501 rum
2140 2448 2367 2518 proferri
2402 2448 2728 2503 testimonia.
2758 2449 2865 2505 Sed
2895 2449 3017 2520 quia
3048 2450 3201 2521 plura
3222 2492 3238 2516 ,
3264 2458 3295 2504 a
3330 2449 3587 2506 Theodo-

1989 2549 2129 2609 rcto,
2153 2549 2208 2595 et
2231 2540 2447 2597 Gelasio
2469 2543 2629 2596 citata
2646 2540 3038 2613 (Theodor.,ad
3062 2543 3190 2596 calc.
3214 2542 3305 2598 lib.
3334 2552 3391 2598 ut
3432 2540 3573 2597 Dial.

1990 2631 2306 2704 lutpassiln;
2339 2631 2536 2700 Gelas.,
2583 2632 2723 2688 Dial.
2768 2632 2832 2688 de
2868 2634 3023 2688 duab.
3059 2644 3229 2690 natur.
3256 2636 3295 2705 ),
3328 2644 3487 2706 atque
3517 2637 3586 2691 ab

1991 2726 2112 2781 aliis
2163 2727 2531 2797 compluribus
2579 2727 2809 2797 tradita,
2861 2730 3059 2784 nemini
3102 2729 3281 2800 ignota
3324 2739 3478 2795 sunt;
3520 2730 3588 2785 iis

1990 2822 2393 2891 praetermissis,
2413 2822 2532 2878 haec
2555 2832 2757 2878 tantum
2788 2823 3085 2880 referemus
3109 2824 3380 2880 Ambrosii
3400 2825 3583 2892 verba,

1989 2931 2110 2986 quae
2137 2916 2194 2971 in
2219 2916 2419 2972 Leonis
2446 2919 2628 2989 magni
2658 2920 2883 2990 epistola
2903 2958 2919 2989 ,
2948 2931 3002 2976 et
3030 2919 3244 2976 concilii
3283 2920 3583 2977 Chalcedo-

1990 3010 2173 3065 nensis
2200 3012 2333 3066 actis
2360 3013 2583 3067 recitata
2611 3023 2667 3067 et
2689 3015 3006 3085 transcripta
3036 3014 3301 3071 habentur
3327 3033 3341 3073 :
3377 3034 3395 3069 α
3431 3016 3582 3083 Quod

1989 3099 2186 3156 lectum
2218 3113 2322 3169 est,
2363 3120 2384 3156 ι
2417 3104 2493 3158 ait
2522 3106 2752 3161 eximius
2782 3107 2875 3163 ille
2899 3109 2981 3163 vir
3010 3104 3289 3180 (Ambros.,
3317 3110 3405 3165 lib.
3433 3125 3491 3177 ιι,
3519 3112 3584 3167 de

281 3206 425 3263 stus,
452 3213 551 3252 cur
569 3198 671 3252 sub
701 3196 936 3253 hominis
961 3196 1130 3252 iam:
1159 3196 1305 3251 visus
1341 3205 1444 3262 est,
1474 3204 1529 3250 et
1568 3210 1719 3250 more
1744 3194 1884 3249 inte-
1907 3188 1952 3253 C
1986 3192 2139 3261 Fide,
2169 3212 2285 3267 cap.
2316 3198 2370 3264 5,
2403 3198 2431 3269 §
2462 3198 2554 3267 58,
2588 3216 2710 3272 pag.
2739 3202 2868 3273 481)
2893 3246 2909 3270 ,
2947 3221 2966 3254 t
3004 3203 3289 3259 Dominum
3328 3205 3581 3277 majesra.

276 3301 529 3362 remptus
552 3290 808 3358 humano,
825 3290 904 3345 sic
926 3291 1015 3346 ille
1037 3289 1333 3359 respondet
1356 3306 1370 3341 :
1399 3306 1418 3339 ι
1437 3288 1688 3343 Analiter
1711 3288 1881 3358 potuit

278 3386 575 3444 invisibilis
597 3386 688 3441 illa
712 3386 815 3452 vis,
844 3394 897 3441 et
919 3385 1121 3441 habens
1152 3384 1352 3438 nullam
1382 3382 1736 3437 substantiam
1759 3397 1878 3436 cor-

275 3482 524 3553 poralem
546 3522 562 3548 ,
592 3479 790 3535 inferre
816 3489 871 3535 et
897 3480 1247 3534 commodare
1282 3493 1343 3532 se
1373 3478 1574 3532 mundo
1592 3518 1606 3541 ,
1637 3474 1879 3532 conciliis

276 3576 550 3631 interesse
578 3574 885 3629 mortalium
904 3612 920 3640 ,
951 3587 1108 3642 quam
1136 3583 1195 3626 ut
1220 3571 1436 3642 aliquod
1464 3556 1876 3641 tegmen'mate-

276 3670 385 3727 ria
412 3669 683 3724 solidioris
718 3678 1049 3733 assumeret,
1082 3666 1223 3738 quod
1254 3662 1534 3722 oculorum
1582 3666 1880 3735 susciperet

278 3762 570 3831 injectum,
597 3772 652 3816 et
680 3760 768 3815 ubi
794 3776 854 3815 se
879 3761 1044 3830 ﬁgere
1074 3759 1401 3814 inertissime
1428 3767 1610 3827 posset
1634 3766 1874 3812 contem-

275 3854 541 3928 piationis
569 3853 819 3910 obtutus?
848 3854 979 3920 Quis
1006 3861 1090 3907 est
1117 3853 1259 3908 enim
1288 3850 1616 3915 mortalium,
1642 3850 1733 3919 qui
1756 3854 1874 3921 qui-

271 3959 372 4007 ret
397 3964 521 4005 eum
559 3950 768 4014 videre,
792 3948 911 4019 quis
949 3962 1202 4013 cernere,
1232 3946 1277 4000 si
1308 3946 1468 4001 talem
1498 3944 1754 3999 voluisset
1792 3946 1870 3999 in-

271 4045 430 4102 ferre
458 4058 516 4099 se
552 4044 738 4110 terris,
767 4041 941 4113 qualis
987 4042 1037 4096 ei
1080 4041 1396 4111 primigenia
1444 4047 1630 4093 natura
1672 4050 1790 4104 est,
1816 4048 1872 4093 et

277 4137 497 4209 qualem
522 4150 582 4192 se
612 4137 728 4205 ipse
754 4135 806 4189 in
833 4148 927 4189 sua
969 4146 1089 4189 esse
1133 4134 1301 4187 voluit
1338 4131 1422 4186 vel
1463 4131 1753 4202 qualitate,
1784 4131 1870 4187 Vel

275 4230 522 4287 numine.
574 4229 878 4299 Assumpsit
927 4227 1088 4297 igitur
1130 4227 1362 4280 hominis
1399 4225 1655 4288 formam,
1688 4233 1742 4279 et
1770 4225 1869 4281 sub

274 4326 451 4381 nostri
488 4323 706 4394 generis
744 4320 1095 4377 similitudine
1137 4320 1430 4390 potentiam
1457 4330 1605 4373 suam
1631 4312 1864 4383 clausit;

276 4427 417 4474 utet
443 4417 611 4473 videri
643 4424 842 4486 posset,
873 4424 928 4470 et
948 4413 1207 4483 conspici,
1240 4412 1403 4468 verba
1429 4414 1650 4480 faceret,
1679 4422 1735 4468 et
1771 4414 1868 4468 do-

1985 3287 2054 3342 tis
2082 3290 2404 3346 crucifixum
2436 3307 2589 3361 esse,
2624 3310 2730 3349 non
2758 3300 2909 3366 quasi
2942 3294 2992 3351 in
3024 3298 3303 3369 majestate
3331 3314 3426 3355 sua
3455 3316 3581 3356 cru-

1982 3380 2200 3438 ciﬁxum
2232 3394 2484 3454 putemus
2514 3405 2528 3442 :
2559 3388 2656 3444 sed
2686 3392 2810 3460 quia
2843 3390 2988 3446 idem
3018 3393 3191 3460 Deus,
3217 3394 3360 3449 idem
3393 3394 3575 3464 homo,

1980 3491 2080 3546 per
2098 3476 2435 3533 divinitatem
2461 3482 2625 3549 Deus,
2650 3498 2746 3552 per
2769 3487 3168 3555 susceptionem
3193 3488 3371 3543 carnis
3390 3489 3576 3558 homo,

1978 3566 2136 3623 Jesus
2154 3567 2401 3626 Christus
2428 3573 2688 3629 Dominus
2714 3576 3011 3647 majestatis
3027 3578 3225 3634 dicitttr
3248 3581 3572 3650 crucifixus;

1977 3666 2102 3731 quia
2130 3679 2357 3719 consors
2387 3665 2668 3738 utriusque
2695 3679 2922 3739 naturae,
2946 3670 2994 3725 id
3014 3680 3115 3739 cst,
3136 3672 3383 3729 humana:
3414 3685 3575 3747 atque

1976 3753 2194 3823 divinw,
2228 3756 2279 3810 in
2318 3768 2509 3811 natura
2551 3759 2786 3815 hominis
2830 3762 2993 3817 subiit
3032 3766 3368 3836 passionem;
3403 3778 3461 3825 ut
3486 3769 3572 3825 in-

1975 3846 2211 3903 discrete
2236 3856 2292 3904 et
2319 3846 2571 3906 dominus
2599 3851 2898 3923 tnajestatis
2924 3855 3134 3911 dicatur
3162 3872 3305 3929 esse,
3333 3860 3422 3931 qui
3451 3876 3576 3931 pas-

1973 3957 2065 3995 sus
2091 3953 2195 4008 est,
2224 3952 2278 3997 et
2305 3946 2445 4019 illius
2472 3945 2723 4010 hominis,
2757 3949 2896 4003 sicut
2923 3950 3182 4021 scriptum
3211 3952 3325 4017 eat,
3359 3956 3448 4025 qui
3474 3957 3569 4012 de-

1973 4034 2183 4089 scendit
2221 4035 2288 4090 dc
2330 4037 2489 4093 caelo.
2532 4058 2553 4091 ι
2588 4038 2795 4095 Videsis
2842 4056 2960 4111 qua:
3010 4041 3064 4097 in
3115 4040 3254 4099 hunc
3298 4046 3571 4103 Ambrosii

1973 4129 2149 4186 locum
2176 4132 2591 4199 annotavimus,
2620 4143 2675 4189 et
2700 4133 2771 4188 ibi
2802 4136 2963 4190 citata
3004 4152 3034 4190 a
3076 4138 3232 4193 nobis
3278 4138 3569 4197 chalcedo-

1973 4222 2159 4277 nensis
2186 4222 2401 4278 concilii
2432 4235 2574 4292 acta,
2589 4234 2646 4281 et
2670 4224 2953 4298 Augustini
2972 4227 3203 4298 primum
3220 4230 3287 4287 de
3305 4232 3570 4291 Triuitate

1969 4317 2188 4372 librum.

2044 4409 2213 4465 Porro
2238 4421 2418 4467 autem
2464 4412 2735 4469 Arnobius
2778 4425 2966 4472 noster
3009 4416 3166 4474 docet
3204 4416 3442 4491 Christo,
3474 4423 3568 4494 qui

273 4522 429 4570 ceret
452 4551 467 4577 ,
498 4520 658 4580 atque
695 4522 886 4565 omnes
925 4520 1315 4578 exsequeretur
1351 4521 1441 4562 res
1488 4516 1613 4573 eas,
1650 4512 1867 4579 propter
1972 4513 2051 4559 tot
2081 4506 2341 4560 miracula
2373 4506 2642 4574 ediderat,
2679 4508 2942 4566 violentas
2968 4522 3191 4580 manus,
3225 4513 3271 4567 si
3305 4514 3442 4569 mori
3471 4528 3569 4572 no-

279 4619 419 4677 quas
460 4605 513 4659 in
559 4603 815 4659 mundum
863 4609 1104 4667 venerat,
1147 4601 1436 4667 faciendas,
1481 4604 1678 4658 summi
1722 4604 1866 4673 regis
1891 4582 1945 4650 Β
1972 4597 2229 4661 luisset,a
2262 4601 2479 4655 nemine
2511 4616 2761 4673 umquam
2791 4605 3031 4675 potuisse
3058 4607 3281 4675 inferri,
3312 4609 3406 4665 sed
3433 4625 3559 4666 eum

278 4697 510 4769 imperio
542 4707 601 4752 et
639 4694 990 4765 dispositione
1035 4694 1283 4749 servatis.
1318 4714 1336 4746 ι
1364 4693 1565 4767 (lbid.,
1600 4710 1719 4766 pag.
1744 4694 1870 4769 37.)
1970 4708 2065 4749 sua
2096 4704 2290 4765 sponte
2319 4705 2376 4752 et
2404 4695 2683 4753 voluntate
2710 4700 3005 4755 mortuu‘m.
3041 4718 3061 4752 r
3099 4700 3278 4767 Vides,
3317 4723 3336 4755 ι
3373 4705 3561 4774 inquit,

271 4795 524 4851 Potuitne
566 4802 813 4862 suprema
861 4790 1061 4848 Christi
1109 4786 1392 4855 divinitas,
1444 4790 1693 4861 illiusque
1743 4800 1863 4846 eum

272 4886 507 4941 humana
540 4894 727 4940 natura
774 4884 1084 4953 coniunctio
1123 4883 1437 4939 clarioribus
1477 4883 1653 4938 verbis
1693 4900 1864 4938 cmm-

272 4979 438 5034 tiari?
465 4979 596 5045 Quis
622 4988 870 5047 umquam
904 4986 1021 5046 post
1052 4976 1351 5040 Nicaenum,
1381 4984 1434 5031 ει
1460 4977 1561 5030 alia
1592 4977 1859 5046 generalia

269 5073 521 5133 concilia.
547 5080 827 5140 utramque
850 5072 992 5125 illius
1019 5080 1266 5125 naturam
1292 5069 1592 5126 dilucidiorl
1621 5072 1862 5128 oratione

268 5167 559 5239 exposuit?
588 5172 657 5222 At
702 5182 830 5224 vero
874 5166 945 5221 ibi
998 5166 1088 5222 ille
1134 5180 1242 5222 non
1293 5174 1446 5222 suam
1495 5172 1720 5233 tantum,
1764 5166 1860 5222 sed

267 5272 612 5318 communem
644 5262 882 5316 nmmum
913 5270 1024 5316 suae
1057 5262 1229 5316 artatis
1257 5260 1670 5316 christianornm
1712 5270 1858 5332 pate-

268 5356 399 5412 facit
433 5354 775 5412 sentcntiam.
804 5354 936 5422 Quis
974 5368 1104 5425 ergo
1147 5358 1378 5425 negare,
1408 5362 1499 5408 aut
1538 5355 1588 5408 in
1637 5354 1855 5410 dubium

266 5452 393 5523 iure
433 5450 615 5521 aliquo
663 5458 859 5504 vocare
901 5448 1094 5504 audeat
1131 5459 1313 5505 utrum.
1339 5448 1434 5515 illi,
1464 5456 1588 5504 ante
1615 5448 1856 5516 ejusdem

268 5541 491 5599 concilii
534 5540 738 5598 Nicmnl
766 5548 1041 5611 tempore,
1075 5540 1126 5596 id
1156 5540 1511 5605 crediderint,
1544 5541 1684 5612 quod
1717 5542 1766 5595 in
1794 5548 1860 5595 eo

272 5637 505 5694 concilio
548 5644 604 5692 et
646 5636 766 5690 aliis
812 5643 996 5705 postea
1039 5632 1106 5691 de
1150 5634 1348 5691 Christi
1380 5634 1660 5691 divinitate
1684 5644 1739 5692 et
1775 5650 1861 5692 as—

274 5740 491 5800 sumpta
521 5728 591 5784 ab
616 5730 734 5799 ipso
763 5730 990 5785 humana
1030 5740 1214 5785 natura
1243 5737 1498 5784 statutum
1527 5730 1646 5785 est?

345 5824 462 5896 Age
485 5834 637 5895 vero,
662 5824 821 5898 eique
849 5841 957 5897 quo
998 5832 1156 5897 pacto
1197 5812 1397 5882 Christi
1424 5822 1689 5883 divinitati
1718 5830 1863 5882 mors

1977 4810 1994 4842 ι
2030 4790 2074 4843 si
2107 4791 2277 4845 nollet
2307 4792 2490 4846 inferri
2516 4790 2616 4847 sibi
2639 4807 2667 4846 a
2705 4808 2972 4863 quoquam
3004 4809 3215 4859 manus,
3246 4808 3455 4851 summa
3483 4797 3565 4852 illi

1968 4881 2161 4938 fuisset
2190 4886 2535 4938 contentione
2562 4883 2874 4949 nitendum,
2908 4897 2965 4940 ut
2992 4886 3175 4942 hostes
3216 4889 3284 4944 ab
3329 4905 3388 4945 se
3434 4904 3561 4945 suos

1966 4975 2049 5031 vel
2081 4986 2347 5047 potestate
2375 4977 2586 5031 inversa
2615 4976 2967 5047 prohiberet?
2996 4976 3096 5046 Qui
3122 4981 3286 5036 caecis
3310 4983 3559 5039 restitue-

1965 5079 2049 5125 rat
2078 5070 2313 5134 inmitia,
2350 5070 2394 5123 is
2418 5068 2636 5125 el'llcere
2685 5068 2727 5123 si
2769 5069 3025 5136 deberet,
3062 5082 3167 5127 non
3199 5082 3410 5142 poterat
3450 5088 3559 5130 cat-

1963 5178 2056 5219 cos
2253 5178 2443 5218 manus
2474 5164 2527 5217 in
2558 5179 2617 5219 se
2648 5164 2849 5236 porrigi
2889 5165 2958 5221 ab
3001 5167 3324 5225 immanibus
3368 5182 3557 5241 passus

1963 5269 2065 5317 est.
2116 5279 2135 5312 ι
2162 5252 2407 5328 (Arnob.,
2444 5258 2533 5312 lib.
2569 5274 2606 5326 ι,
2642 5266 2768 5331 pag:
2792 5259 2911 5330 38.)
2941 5260 3181 5318 Mortuus
3225 5270 3306 5319 est
3350 5263 3549 5335 itaque,

1961 5355 2104 5425 quia,
2139 5362 2194 5408 ut
2242 5350 2419 5407 adhuc
2466 5352 2702 5424 loquitur
2738 5362 2926 5409 auctor
2960 5350 3179 5411 uoster:
3215 5374 3235 5406 ι
3285 5348 3553 5413 Virtutum

1961 5450 2198 5505 omnium
2222 5448 2491 5515 dominus,
2516 5456 2677 5519 atque
2698 5449 2865 5519 ipsius
2892 5449 3081 5505 mortis
3107 5450 3422 5519 exstinctor,
3450 5450 3554 5508 ho-

1962 5542 2161 5595 minem
2210 5550 2364 5594 sttum
2412 5540 2654 5610 permisit
2696 5539 2891 5597 occidi.
2947 5561 2967 5593 ι
3013 5539 3211 5610 (llud,
3255 5554 3376 5613 pag.
3418 5542 3555 5616 41.)

1961 5630 2166 5698 Quibus
2197 5624 2287 5686 ille
2312 5631 2494 5687 verbis
2521 5630 2783 5703 signiﬁcat
2809 5628 3084 5687 ChriStum
3128 5633 3423 5688 secundum
3454 5632 3552 5690 hu-

1963 5738 2176 5779 manam
2224 5733 2431 5781 tantum
2477 5735 2723 5781 naturam
2748 5765 2763 5790 ,
2796 5727 3009 5794 quando
3050 5720 3252 5796 voluit,
3279 5724 3557 5798 occisum;

1965 5819 2040 5880 ita
2070 5824 2251 5879 tamen
2279 5826 2342 5879 ut
2367 5818 2650 5879 monendo
2683 5816 2919 5878 divinam
2949 5830 3107 5880 suam
3134 5828 3385 5881 naturam
3414 5826 3574 5886 novis
