4158 6264
551 243 650 298 471

1797 235 2250 296 DISSERTATIO
2295 236 2580 295 'PRIEVIA

3727 243 3838 300 472

549 377 611 416 ac
641 363 852 432 penitus
890 361 1170 432 stupendis
1205 358 1478 414 miraculis
1516 357 1834 414 ostenderit.
1872 376 1892 410 ι
1932 358 2139 412 Exutus
2167 362 2218 420 Α
2245 357 2354 413 Deo
2377 357 2539 414 Patre
2567 367 2687 430 post
2714 368 2792 416 tot
2819 359 3094 418 hominum
3121 372 3308 419 tetates
3329 371 3385 419 et
3406 362 3607 418 saecula
3631 362 3699 418 ad
3727 379 3831 419 nos

549 444 797 526 corpore,
838 476 855 507 ι
893 457 1062 526 inqttit
1095 455 1299 526 (1ὑὶά.,
1329 470 1448 525 pag.
1477 451 1592 525 52),
1648 473 1666 504 (
1706 452 1845 523 quod
1873 453 1924 507 in
1953 453 2140 523 exigua

549 550 630 603 sui
677 549 1087 604 circumferebat
1118 558 1299 617 parte,
1335 555 1620 618 postquam
1652 545 1824 600 videri
1856 560 1916 601 se
1947 559 2143 616 passus

550 651 653 709 est,
683 642 836 711 cujus
867 653 1009 697 esset
1058 639 1437 711 magnitudinis
1481 640 1641 708 sciri,
1677 639 1911 693 novitate
1961 653 2138 693 rerum

552 734 810 789 exterrita
855 735 1109 787 universa
1158 733 1341 787 mundi
1395 742 1520 786 sunt
1567 732 1831 786 elementa
1881 731 2137 785 turbata:

551 829 709 884 tellus
754 841 897 883 mota
948 829 1296 895 contremuit,
1329 842 1478 882 mare
1505 826 1742 880 funditus
1771 825 2007 881 refusum
2036 835 2138 890 est,

549 937 644 977 aer
682 921 855 992 globis
905 921 1176 975 involutus
1215 929 1298 974 est
1341 919 1713 982 tenebrarum,
1759 919 1948 988 igneus
1997 917 2142 972 orbis

550 1016 682 1071 solis
711 1015 975 1085 tepefacto
1001 1015 1197 1069 ardore
1243 1015 1482 1084 diriguit.
1520 1033 1537 1066 ι
1572 1013 1740 1084 Talpa
1769 1028 1899 1067 sane
1924 1011 2138 1072 caecior,

553 1117 647 1161 aut
678 1106 987 1162 inflexibilis
1016 1105 1393 1161 obstinationis
1425 1105 1588 1159 homo
1621 1105 1664 1160 is
1694 1104 1763 1158 sit
1790 1111 2023 1174 oportet,
2052 1102 2142 1172 qui

553 1215 660 1254 non
689 1200 885 1263 videat,
909 1209 964 1252 et
989 1198 1221 1253 fateatur
1243 1209 1525 1266 utramque
1551 1197 1619 1251 ab
1647 1197 1883 1251 Arnobio
1907 1195 2141 1250 divinam

553 1296 952 1366 humanamque
978 1295 1179 1350 Chrisﬁ
1206 1303 1452 1348 naturam
1476 1304 1624 1348 recte
1646 1291 1921 1361 distingui,
1948 1301 2002 1346 et
2027 1290 2145 1344 uni-

551 1390 745 1459 cuique
771 1389 913 1459 quod
945 1405 1098 1444 suum
1125 1398 1228 1451 est,
1261 1389 1399 1443 bene
1448 1388 1660 1458 penitus
1696 1385 1915 1440 attribui
1955 1394 2011 1441 et
2051 1400 2144 1440 ex-

553 1487 766 1556 plicari.

620 1583 707 1647 At,
738 1581 968 1650 inquies,
997 1582 1123 1652 quid
1151 1581 1253 1635 sibi
1283 1580 1372 1634 ille
1392 1579 1528 1641 vult,
1554 1593 1675 1634 cum
1699 1576 1831 1632 dicit
1851 1577 1904 1630 in
1928 1574 2144 1631 Christo

553 1672 721 1727 fuisse
747 1672 1056 1726 simulatum
1088 1671 1358 1725 hominem
1384 1673 1407 1722 1’
1435 1668 1525 1724 Ait
1551 1669 1781 1738 quippe:
1809 1685 1828 1720 ι
1858 1667 1973 1722 Rex
1999 1682 2145 1722 sum-

2245 453 2441 508 missus
2471 453 2652 519 fuerit,
2683 467 2776 510 aut
2801 457 2928 528 quid
2956 458 3147 529 priora.
3175 467 3300 513 ante
3329 458 3476 514 illius
3499 467 3698 523 ortum,
3728 473 3831 511 ue-

2241 546 2357 600 cula
2394 548 2687 611 meruerint,
2718 558 2811 602 aut
2832 549 2957 620 quid
2998 549 3066 604 de
3093 552 3415 620 priscorum,
3442 547 3835 605 vetustissimo-

2242 651 2466 707 rumque
2509 638 2813 693 mortalium
2858 640 3141 696 animabus
3181 649 3360 696 actum
3391 640 3460 694 sit
3485 638 3676 713 (Ibid.,
3707 655 3830 711 pag.

2244 729 2364 801 87).
2410 734 2478 785 At
2507 732 2646 788 idem
2677 749 2900 804 prorsus
2931 745 3303 806 argumentum
3323 775 3339 800 ,
3367 745 3554 790 contra
3585 733 3834 790 christia-

2244 838 2344 878 nos
2372 841 2400 879 a
2430 825 2754 900 Porphyrio,
2777 828 3005 900 aliisque
3027 829 3270 884 Ethnicis
3295 839 3478 899 postea
3499 829 3832 894 refricatum,

2244 914 2546 987 Episcopus
2589 917 2893 991 Deogratias
2932 922 3363 992 cognominatus,
3400 921 3697 992 Augustino
3723 921 3838 978 sol-

2243 1009 2476 1064 vendum
2495 1012 2573 1066 sic
2606 1014 2912 1082 preposuit:
2944 1033 2962 1065 ι
2993 1015 3130 1082 Quid
3159 1024 3384 1086 egerunt
3410 1025 3484 1070 tet
3514 1015 3835 1082 seculorum

2246 1101 2492 1158 homines
2518 1114 2643 1159 ante
2663 1103 3055 1162 Christum.....
3085 1108 3221 1176 Quid
3251 1117 3429 1163 actum
3452 1107 3519 1162 de
3546 1116 3654 1163 tam
3680 1108 3836 1164 innu-

2245 1199 2414 1252 meris
2439 1199 2654 1264 animis,
2680 1200 2770 1269 qui
2795 1202 3015 1256 omnino
3045 1201 3097 1256 in
3126 1202 3284 1272 culpa
3313 1202 3458 1257 nulla
3481 1209 3644 1260 sunt;
3671 1201 3839 1272 siqui-

2246 1288 2368 1343 dem
2399 1290 2472 1356 is,
2505 1291 2590 1344 cui
2618 1291 2766 1346 credi
2816 1305 3029 1362 posset,
3064 1293 3299 1350 nondum
3345 1292 3632 1348 adventum
3678 1307 3835 1348 suum

2246 1383 2554 1438 hominibus
2575 1385 2984 1441 commodarat?
3007 1407 3026 1440 ι
3065 1388 3364 1458 (Augustin.
3396 1388 3547 1458 epist.
3567 1386 3692 1451 402,
3713 1403 3833 1458 pag.

2245 1475 2402 1550 276.)
2431 1478 2594 1533 Vides
2623 1480 2979 1550 proculdubio
3008 1482 3107 1537 ltos
3133 1481 3329 1538 eodem
3363 1481 3520 1551 plane
3549 1481 3712 1536 modo
3736 1495 3838 1552 pu-

2247 1586 2414 1642 gnare
2455 1572 2713 1630 adversus
2756 1575 3041 1630 dominicae
3088 1576 3471 1632 incarnationis
3498 1576 3837 1648 mysterium,

2248 1666 2521 1736 totiusque
2549 1666 2856 1724 christiana;
2879 1670 3152 1739 religionis
3174 1672 3474 1727 veritatem.

553 1780 673 1819 mus
711 1779 805 1829 ea,
839 1779 958 1834 qua:
1003 1763 1056 1817 in
1107 1761 1307 1816 mundo
1356 1759 1595 1815 facienda
1646 1760 1994 1824 decreverat,
2027 1759 2145 1814 sine
2176 1755 2223 1814 B
2323 1761 2429 1816 Sed
2459 1762 2583 1817 audi
2613 1763 2772 1817 etiam
2800 1764 3071 1834 quomodo
3098 1765 3398 1828 Arnobius,
3435 1780 3497 1820 ac
3517 1774 3704 1836 postea
3728 1766 3842 1821 Ᾱιι⁴

553 1858 774 1913 homine
802 1857 1050 1912 simulato
1095 1872 1202 1910 non
1246 1855 1432 1925 quibat
1469 1854 1702 1909 efﬁcere.
1745 1872 1764 1905 ›
1806 1851 1990 1923 (lbid.,
2019 1851 2168 1924 pag.’

553 1950 682 2020 37.)
736 1948 1003 2019 Numquid
1055 1947 1259 2018 putavit
1305 1961 1483 2002 veram
1531 1961 1635 2000 non
1687 1959 1806 2000 esse
1856 1944 2141 1998 humanam

553 2045 753 2101 Christi
806 2057 1046 2100 naturam
1070 2087 1084 2109 ,
1124 2044 1219 2098 sed
1269 2043 1446 2097 ﬁctam
1499 2051 1553 2096 et
1593 2040 1929 2095 simulatam?
1957 2037 2146 2094 Nonne

557 2150 668 2194 tota
704 2138 783 2192 via
813 2154 932 2193 cum
971 2139 1054 2192 his
1091 2137 1361 2192 aberravit
1403 2135 1705 2202 haereticis,
1753 2135 1842 2204 qui
1873 2132 2144 2189 Christum

558 2248 664 2287 non
692 2247 873 2287 verum
899 2231 1192 2292 hominem,
1225 2231 1318 2285 sed
1349 2230 1600 2295 hominis,
1632 2239 1690 2282 ut
1711 2227 1946 2291 aiebant,
1977 2227 2147 2296 phan-

463 2315 470 2322 ’
555 2337 724 2380 tasma
744 2367 760 2392 ,
790 2336 844 2380 et
882 2325 1156 2380 hominem
1187 2323 1580 2392 phantasticum
1609 2321 1773 2376 fuisse
1799 2321 1962 2375 stulte
1997 2335 2146 2375 asse-

553 2421 815 2474 ruerunt?
844 2418 1062 2473 Minime
1090 2417 1344 2488 gentium.
1385 2415 1516 2470 Nam
1546 2431 1614 2470 ex
1647 2416 1744 2480 iis,
1775 2430 1895 2484 qua:
1922 2413 1989 2468 ab
2029 2414 2148 2483 ipso

556 2511 625 2566 de
653 2509 853 2566 Christi
883 2512 988 2565 vita
1026 2519 1080 2565 et
1111 2521 1286 2566 morte
1317 2510 1510 2564 tradita
1539 2509 1982 2573 memoravimus,
2030 2507 2150 2562 luce

558 2603 852 2658 meridiana
881 2601 1080 2657 clarius
1107 2602 1365 2672 probatur
1393 2617 1516 2655 eum
1556 2609 1707 2656 certo
1745 2601 1948 2656 certius
1977 2600 2151 2656 credi-

561 2697 707 2751 disse
751 2712 936 2750 veram
978 2711 1006 2748 a
1047 2695 1261 2750 Christo
1305 2705 1634 2764 assumptam
1667 2694 1830 2748 fuisse
1863 2694 2150 2748 humanam

559 2802 802 2847 naturam
827 2833 840 2856 ,
874 2805 1168 2861 verumque
1213 2789 1503 2844 humanum
1540 2804 1758 2857 corpus.
1787 2787 2148 2856 Quamobrem

560 2886 628 2939 iis
673 2885 914 2951 vocibus,
964 2885 1166 2938 homine
1201 2881 1475 2948 simulato,
1503 2881 1643 2936 idem
1688 2880 1980 2951 signiﬁcat,
2011 2894 2076 2934 ac
2105 2881 2151 2935 si

561 2979 783 3033 dixisset
828 2977 1047 3032 homine
1093 2989 1352 3044 expresso
1392 2984 1444 3029 et
1483 2972 1758 3037 exhibito,
1794 2974 1861 3024 ita
1896 2981 1952 3025 ut
1991 2986 2149 3041 quem

561 3071 896 3140 eXpritnebat
937 3078 991 3124 et
1025 3067 1336 3134 exhibebat,
1370 3083 1529 3122 verus
1559 3075 1704 3122 esset
1730 3067 1911 3121 homo.
1945 3065 2152 3136 Negare

2243 1855 2488 1925 gustinus
2510 1854 2649 1911 hanc
2663 1857 3180 1927 argumentationem
3213 1858 3368 1929 plane
3385 1859 3662 1914 inlirment
3677 1869 3730 1914 et
3758 1857 3843 1913 di-

2246 1949 2413 2003 luant.
2445 1949 2684 2004 Primum
2723 1951 2864 2006 enim
2891 1951 3106 2006 Ethnici
3125 1952 3442 2022 objicientes
3465 1953 3662 2007 nullam
3684 1965 3843 2021 posse

2249 2039 2432 2095 afferri
2474 2042 2737 2095 rationem
2768 2058 2866 2096 cur
2891 2042 3142 2098 Christus
3173 2054 3295 2114 post
3335 2053 3411 2100 tot
3452 2044 3648 2100 saecula
3679 2043 3844 2099 homo

2248 2133 2420 2187 factus
2448 2134 2516 2187 sit
2542 2174 2558 2199 ,
2587 2149 2686 2189 suo
2715 2149 2775 2189 se
2803 2135 2981 2206 gladio
3000 2137 3338 2209 jugulabant.
3390 2139 3599 2194 Nullam
3643 2139 3843 2209 quippe

2248 2236 2301 2280 et
2336 2225 2466 2295 ipsi,
2514 2226 2589 2279 ait
2633 2236 2821 2282 auctor
2866 2239 3054 2285 noster
3085 2230 3319 2303 (Arnob.
3354 2231 3445 2285 lib.
3466 2273 3480 2297 ,
3510 2247 3566 2297 ll,
3599 2229 3712 2303 96),
3755 2247 3844 2286 ra-

2251 2319 2450 2372 tionem
2480 2317 2611 2373 dare
2639 2329 2888 2388 poterant
2919 2338 3025 2376 non
3057 2324 3233 2378 solum
3263 2339 3360 2378 cur
3391 2324 3580 2396 hyems
3601 2366 3616 2390 ,
3645 2333 3842 2391 testas,

2251 2421 2545 2466 autumnus
2565 2454 2581 2472 .
2617 2412 2798 2483 pluvia
2817 2457 2830 2480 ,
2855 2425 2910 2470 et
2935 2417 3040 2470 alia
3071 2416 3447 2487 hujuscemodi
3477 2436 3583 2473 non
3606 2433 3704 2484 eo,
3737 2435 3848 2489 quo

2252 2513 2497 2573 oportet,
2545 2515 2849 2576 opportuno
2891 2517 3134 2579 tempore
3157 2525 3305 2582 saepe
3332 2513 3532 2580 saepius
3559 2511 3805 2568 accidant
3829 2529 3845 2578 ;

2252 2595 2347 2650 sed
2381 2595 2716 2665 potissimum
2758 2613 2854 2653 cur
2879 2599 3170 2667 Hercules,
3220 2601 3562 2673 1Eseulapius
3583 2644 3598 2669 ,
3631 2613 3685 2658 et
3714 2602 3845 2672 alii,

2253 2704 2389 2758 quos
2414 2688 2480 2742 ad
2527 2689 2802 2746 hominum
2856 2693 3139 2750 utilitatem
3189 2704 3342 2751 natos
3367 2711 3489 2752 esse
3521 2696 3845 2764 credebant,

2255 2781 2307 2835 in
2350 2783 2607 2838 mundum
2639 2793 2747 2839 tant
2780 2802 2902 2841 sero
2930 2789 3250 2858 prodierint.
3285 2791 3546 2846 Enmdem
3588 2793 3744 2862 plane
3790 2793 3846 2847 in

2255 2875 2474 2930 modum
2502 2877 2836 2947 Augustinus
2865 2880 2988 2935 illos
3017 2898 3083 2936 ex
3127 2885 3508 2954 mysteriorum
3533 2927 3548 2953 ,
3582 2887 3650 2941 ah
3673 2887 3738 2942 iis
3765 2887 3853 2942 in-

2256 2973 2599 3039 stitutorum,
2651 2973 2822 3044 prima
2880 2977 3122 3046 origine,
3162 2977 3307 3048 quod
3371 2979 3565 3034 eodem
3621 2980 3848 3048 recidit,

2256 3062 2452 3118 acriter
2471 3064 2670 3120 refellit
2697 3084 2711 3121 :
2747 3085 2766 3118 ‹
2796 3067 2939 3135 Ipsi,
2971 3088 2990 3120 ι
3019 3070 3192 3140 inquit
3217 3069 3514 3143 (Augustin.
3536 3113 3552 3138 ,
3580 3074 3677 3127 loc.
3704 3071 3849 3144 cit.),

561 3173 739 3217 tamen
769 3179 874 3216 non
898 3177 1184 3232 possumus
1209 3161 1278 3215 ibi
1303 3160 1597 3215 Arnobiutn
1629 3159 1919 3230 improprie
1943 3159 2148 3212 minus-
2178 3142 2223 3206 (ἶ
2263 3177 2281 3210 ι
2315 3159 2498 3214 dicant
2528 3169 2706 3216 utrum
2731 3162 3031 3232 profuerint
3053 3142 3360 3220 hominibus
3380 3167 3602 3222 deorum
3629 3142 3850 3224 suorum

561 3273 668 3327 que
694 3264 941 3310 accurate
986 3254 1154 3324 loqui.
1186 3254 1291 3310 Sed
1329 3257 1450 3324 quis
1489 3253 1828 3308 Aristarchus
1874 3269 1978 3308 non
2024 3253 2153 3307 satis

564 3350 878 3418 castigatum
913 3347 1222 3424 ltttjusmodi
1249 3347 1501 3418 loquendi
1527 3347 1742 3402 modum
1767 3347 1969 3401 homini
1999 3347 2154 3403 facile

565 3458 671 3496 non
701 3441 1026 3496 condonabit
1048 3484 1062 3506 ,
1097 3442 1188 3512 qui
1217 3457 1360 3510 Stepe
1391 3441 1589 3510 saepius
1621 3439 1799 3495 verbis
1842 3441 2008 3494 utitur
2034 3440 2155 3495 bar-

561 3533 707 3589 baris
737 3544 791 3589 et
816 3534 1095 3601 obsoletis,
1125 3547 1224 3588 nec
1255 3549 1384 3603 pure
1405 3541 1460 3587 et
1486 3530 1772 3588 emendate
1805 3531 2080 3602 loquitur?

1157 3684 1447 3724 ARTICULUS
1485 3685 1560 3722 Ill.

567 3783 662 3834 Cur
678 3783 900 3843 Christus
932 3784 1076 3833 homo
1103 3781 1256 3832 factus
1277 3785 1358 3839 sit,
1386 3795 1474 3830 cur
1497 3789 1594 3831 tam
1617 3794 1752 3842 sero,
1775 3794 1868 3829 nec
1889 3779 2038 3842 longe
2068 3793 2157 3830 an-

563 3894 584 3911 L
631 3854 736 3907 tea;
762 3847 878 3910 quid
894 3846 959 3911 de
983 3846 1263 3911 hominibus
1280 3852 1392 3911 ante
1413 3846 1565 3907 ipsius
1581 3853 1740 3893 ortum
1753 3846 1980 3902 mortuis,
1999 3851 2158 3911 actum

628 3907 797 3970 fuerit,
826 3911 908 3959 ubi
932 3908 996 3956 de
1015 3909 1291 3957 hominibus
1315 3908 1550 3970 giganteo
1568 3921 1792 3970 corpore,
1816 3914 1869 3956 et
1889 3907 2158 3958 stcntoreis

629 3973 881 4044 infantium
903 3972 1162 4032 vagitibus.

637 4099 746 4154 Cur
771 4097 1018 4154 Christus
1044 4100 1205 4152 homo
1229 4096 1400 4152 factus
1421 4097 1508 4163 sit,
1539 4097 1585 4152 si
1611 4097 1679 4150 ab
1709 4095 1947 4150 Arnobio
1979 4104 2159 4163 postu-

565 4193 665 4254 les,
697 4192 834 4246 ltanc
869 4192 960 4244 tibi
990 4190 1178 4245 reddet
1208 4189 1472 4243 rationem
1499 4203 1512 4240 :
1544 4189 1664 4258 quia
1720 4207 1737 4236 ‹
1777 4187 1858 4242 Ab
1888 4187 2160 4256 religioni-

567 4284 670 4339 bus
693 4300 789 4339 nos
810 4283 957 4336 falsis
984 4283 1297 4352 religionem
1324 4280 1555 4336 traduxit
1575 4280 1641 4334 ad
1667 4296 1882 4344 veram;
1907 4279 1974 4334 ab
1995 4280 2160 4350 signis

569 4376 851 4437 inertibus,
883 4385 1041 4445 atque
1066 4390 1133 4429 ex
1163 4373 1421 4428 vilissimo
1448 4373 1690 4427 formatis
1714 4373 1847 4438 luto,
1875 4371 1941 4427 ad
1985 4371 2159 4427 sidera

566 4468 864 4523 sublevavit
884 4477 939 4522 et
964 4467 1181 4534 ctelum,
1211 4476 1265 4521 et
1291 4482 1411 4521 cum
1440 4466 1659 4521 domino
1680 4482 1858 4521 rerum
1885 4467 2012 4532 Dco,
2037 4481 2160 4534 sup-

571 4563 920 4635 plicationum
967 4563 1092 4616 fecit
1134 4562 1298 4617 verba
1345 4570 1506 4632 atque
1547 4562 1848 4615 orationum
1895 4561 2159 4632 colloquia

567 4655 815 4710 miscere.
853 4673 872 4705 ι
918 4653 1172 4725 (Arnob.,
1221 4653 1308 4706 lib.
1357 4669 1396 4715 ι,
1448 4669 1569 4723 pag.
1622 4651 1755 4724 Ἡ.)
1798 4653 2159 4720 Quamobrem

572 4751 688 4804 hate
714 4749 782 4804 de
814 4748 993 4819 seipse
1026 4765 1129 4801 tton
1153 4748 1271 4802 sine
1296 4747 1432 4817 grati
1463 4748 1683 4801 omnino
1713 4747 1880 4800 animi
1906 4748 2160 4802 testiﬁca-

572 4841 717 4896 tione
753 4840 924 4910 palam
958 4839 1212 4908 praedicat
1246 4857 1258 4892 :
1297 4858 1315 4890 σ
1353 4837 1503 4892 Nunc
1526 4837 1750 4894 doctore
1775 4847 1921 4893 tanto
1956 4839 2010 4892 in
2049 4839 2161 4894 vias

572 4934 1102 5001 verilatisinducttts,
1136 4935 1315 4988 omnia
1360 4933 1459 4989 ista
1495 4950 1614 5004 quze
1655 4933 1783 4999 sint,
1815 4934 1927 4988 scio
1957 4952 1970 4988 :
2000 4932 2159 5005 digna

573 5028 642 5082 de
685 5027 858 5096 dignis
901 5028 1078 5082 sentio
1099 5068 1113 5090 ,
1147 5026 1530 5082 contumeliam
1558 5025 1760 5080 nomini
1791 5025 1996 5081 nullam
2022 5025 2160 5082 facio

571 5122 784 5187 divino;
827 5133 880 5176 et
933 5121 1061 5192 qttid
1106 5122 1298 5192 cuique
1340 5120 1601 5177 debeatur
1626 5121 1712 5176 vel
1743 5135 2020 5188 personae,
2076 5121 2159 5176 vel

571 5215 755 5284 capiti,
788 5213 1087 5270 inconfusis
1117 5213 1408 5282 gradibus;
1434 5223 1595 5283 atque
1627 5212 2034 5268 auctoritatibus
2060 5213 2159 5268 tri-

544 5362 546 5364 ,
573 5309 700 5364 buo.
734 5331 752 5361 ›
789 5308 974 5379 (lbid.)
997 5307 1194 5364 Verum
1217 5307 1467 5380 gentiles,
1489 5309 1682 5378 quibus
1712 5308 1840 5363 nihil
1869 5308 2158 5379 antiquius,

574 5415 734 5469 quam
775 5400 975 5470 optima
1002 5414 1228 5470 qumque
1255 5397 1388 5452 diris
1415 5414 1659 5452 errorum
1692 5415 1911 5454 suorum
1938 5399 2159 5455 inﬁcere

571 5492 827 5557 venenis,
883 5493 1006 5546 inde
1054 5491 1474 5546 sacratissimum
1534 5492 1917 5547 incarnationis
1961 5490 2157 5547 Christi

572 5584 885 5655 mysterium
908 5583 1159 5638 vellicare
1183 5581 1539 5638 conabantur.
1556 5581 1877 5637 Christianis
1893 5583 2156 5653 siquidem

571 5675 899 5744 objiciebant
965 5675 1164 5741 (Ibid.,
1217 5675 1305 5728 lib.
1343 5691 1413 5742 tt,
1457 5691 1577 5746 pag.
1625 5674 1738 5743 96),
1777 5674 1822 5727 si
1864 5688 1949 5730 res
1989 5674 2058 5727 ita
2099 5691 2159 5732 se

563 5767 782 5834 habeat,
813 5765 1012 5822 nullam
1039 5765 1158 5822 dari
1187 5780 1346 5839 posse
1382 5767 1647 5823 rationem
1689 5780 1787 5821 cur
1830 5763 2080 5822 Christus
2118 5782 2151 5824 a

2256 3266 2410 3307 sacra
2433 3293 2448 3317 ,
2475 3270 2594 3323 qua:
2623 3266 2838 3310 constat
2861 3257 3026 3310 certis
3052 3258 3388 3328 temporibus
3419 3261 3697 3316 instituta?
3719 3261 3852 3328 Quae

2257 3343 2300 3396 si
2334 3355 2530 3415 negant
2572 3346 2774 3417 aliquid
2821 3347 3087 3418 profuisse
3130 3349 3196 3404 ad
3242 3349 3541 3406 animarum
3584 3353 3848 3421 salutem,

2258 3435 2537 3492 nobiscum
2578 3453 2641 3493 ea
2689 3439 3004 3505 destruunt,
3064 3449 3118 3496 et
3171 3442 3349 3496 inania
3400 3458 3523 3499 esse
3575 3447 3845 3501 conﬁtenv

2259 3537 2463 3583 tur.....
2497 3529 2552 3583 Si
2603 3545 2734 3585 vero
2775 3546 2838 3586 ea
2867 3531 3194 3598 defendunt,
3246 3544 3301 3588 et
3352 3536 3626 3603 sapienter
3675 3550 3842 3608 atque

2261 3619 2462 3674 utiliter
2491 3635 2736 3677 asserunt
2784 3623 3060 3690 instituta,
3094 3640 3278 3696 qtuero
3307 3627 3435 3698 quid
3481 3637 3658 3684 actum
3687 3631 3760 3685 sit
3785 3631 3856 3688 de

2261 3712 2344 3768 his
2366 3755 2380 3777 ,
2409 3715 2500 3784 qui
2528 3725 2820 3786 antequam
2851 3717 2966 3773 haec
2994 3721 3232 3775 instituta
3255 3731 3467 3786 essent,
3502 3733 3678 3779 morte
3699 3724 3848 3782 obie-

2261 3813 2420 3869 rant;
2456 3807 2556 3861 hac
2579 3807 2722 3861 enim
2752 3808 2939 3878 utique
2964 3810 3141 3866 salute
3168 3819 3328 3882 atque
3360 3811 3587 3868 utilita'le
3612 3813 3847 3872 fraudati

2260 3907 2404 3953 sunt.
2439 3899 2496 3954 Si
2522 3909 2702 3956 autem
2755 3912 3042 3972 potuerunt
3085 3904 3192 3958 alio
3244 3906 3403 3961 modo
3451 3911 3702 3979 purgari,
3754 3925 3852 3966 cur

2261 4007 2368 4044 non
2413 3991 2552 4047 idem
2605 3994 2797 4049 modus
2851 3997 3221 4068 perseveravit
3276 4000 3328 4053 in
3384 4001 3670 4071 posteros?
3713 4002 3850 4071 Quid

2260 4099 2397 4154 opus
2435 4095 2554 4140 erat
2609 4086 2890 4142 instituere
2941 4090 3170 4145 novitias
3220 4093 3683 4162 consecrationes,
3732 4111 3855 4166 qua:

2260 4179 2555 4250 antiquitus
2583 4196 2688 4236 non
2718 4181 2972 4239 fuerunt?
3012 4203 3032 4237 ι

2333 4273 2683 4344 Respondere
2726 4285 2903 4330 autem
2958 4293 3064 4331 non
3119 4289 3366 4348 poterant
3414 4284 3612 4338 nullam
3661 4286 3854 4342 horum

2261 4379 2420 4434 posse
2451 4367 2566 4420 dari
2598 4367 2884 4423 rationem.
2919 4368 2996 4425 Eo
3017 4370 3159 4426 enim
3191 4373 3306 4441 ipso
3347 4375 3580 4444 aliquam
3623 4377 3692 4432 de
3731 4393 3857 4434 sero

2259 4455 2463 4511 Christi
2483 4457 2714 4513 adventu
2737 4475 2766 4513 a
2793 4459 3106 4518 Christianis
3132 4479 3240 4518 non
3270 4465 3387 4520 sine
3418 4467 3611 4537 injuria
3638 4471 3857 4543 exigere

2187 4544 2738 4610 Dconvincebantur.
2771 4556 3014 4628 Siquam
3066 4574 3192 4615 vero
3243 4560 3552 4630 proferant,
3607 4565 3853 4622 eamdem

2263 4656 2319 4702 et
2346 4647 2620 4703 christiani
2652 4649 2947 4719 profereut.
2974 4651 3109 4708 Hinc
3133 4651 3403 4709 ArnObius
3432 4667 3616 4713 noster
3643 4675 3657 4712 :
3695 4677 3715 4711 ‹
3751 4659 3857 4714 Ra-

2262 4741 2494 4806 tionem,
2529 4759 2547 4792 ›
2583 4740 2654 4794 ait
2696 4740 2964 4812 (Arnob.,
3009 4745 3108 4799 loc.
3155 4746 3241 4800 cit.
3266 4745 3306 4818 ),
3361 4766 3380 4798 ι
3410 4748 3641 4820 aliquam
3690 4752 3856 4809 fuisse

2262 4831 2472 4887 dicetis.
2501 4833 2656 4888 Ratio
2686 4849 2817 4904 ergo
2845 4845 2900 4890 et
2930 4835 3014 4892 hic
3043 4836 3169 4904 fuit,
3222 4854 3318 4895 cur
3365 4857 3468 4896 non
3514 4859 3705 4915 nuper,
3752 4848 3853 4903 sed

2263 4925 2424 4981 hodie
2470 4927 2760 4996 sospitator
2807 4929 2975 4983 nostri
3025 4932 3239 5000 generis
3293 4933 3598 4991 adveniret.
3656 4956 3675 4990 ι
3737 4941 3853 4995 Au-

2261 5021 2508 5090 gustinus
2560 5037 2687 5076 vero
2712 5039 2726 5076 :
2756 5042 2774 5074 ι
2809 5021 2919 5078 Cur
2959 5023 3097 5079 hanc
3142 5027 3495 5092 quaestionem
3543 5030 3857 5090 Christianae

2264 5114 2509 5186 religioni
2536 5116 2806 5186 ingerunt,
2840 5118 2892 5172 in
2916 5134 3074 5188 quam
3099 5120 3254 5176 nobis
3273 5121 3372 5194 ipsi
3394 5139 3493 5193 pro
3509 5124 3612 5179 diis
3629 5127 3742 5182 suis
3763 5136 3856 5184 aut

2262 5209 2588 5280 respondere
2608 5225 2714 5266 non
2738 5221 2980 5281 possunt,
3000 5223 3091 5268 aut
3106 5215 3150 5268 si
3173 5226 3414 5284 possunt,
3452 5217 3505 5272 in
3531 5232 3598 5274 eo
3620 5218 3739 5290 ipso
3753 5222 3855 5276 sibi

2261 5301 2423 5356 etiam
2454 5318 2549 5372 pro
2590 5303 2847 5373 religione
2892 5316 3068 5360 nostra
3101 5307 3466 5378 respondent?
3495 5331 3514 5362 ι
3551 5312 3805 5384 (August.
3833 5357 3848 5378 ,

2263 5395 2364 5450 loc.
2397 5394 2520 5467 cit.)
2554 5395 2730 5451 Fateri
2752 5396 2912 5466 igitur
2939 5397 3209 5453 debebant
3238 5398 3316 5454 fas
3345 5416 3451 5456 non
3497 5418 3617 5459 esse
3642 5403 3846 5462 homini

2262 5490 2488 5543 scrutari
2519 5490 2740 5544 consilia
2774 5489 2905 5556 Dei,
2938 5493 3027 5561 qtti
3057 5505 3279 5547 noverat
3306 5498 3566 5566 temporis
3591 5514 3698 5568 quo
3744 5499 3841 5556 hu-

2263 5596 2422 5635 mano
2463 5583 2645 5650 generi
2683 5583 2968 5639 subvmtit‘e
3012 5584 3196 5645 debuit
3237 5592 3692 5657 Opportunitatem
3723 5593 3850 5664 (Ar-

2262 5675 2418 5740 nob.,
2465 5675 2589 5729 ibid.
2615 5674 2656 5747 ).
2715 5677 2887 5734 Simili
2941 5693 3156 5750 quoque
3209 5696 3472 5753 responso
3520 5687 3848 5757 Augustinus

2261 5765 2386 5823 huic
2429 5768 2710 5840 quaestioni
2756 5769 3018 5827 satisfacit
3047 5789 3061 5828 :
3093 5791 3115 5824 ι
3143 5773 3276 5829 Cum
3315 5789 3422 5830 non
3453 5773 3674 5836 fortuito
3693 5779 3802 5840 labi
3827 5819 3848 5852 ,
