4166 6256
240 281 353 337 473

234 492 368 562 quid
397 495 594 567 cuique
620 501 844 569 tempori
885 513 1068 574 aptum
1096 516 1152 560 et
1177 518 1533 578 opportunum
1579 513 1682 577 sit,
1731 513 1830 568 hu—

235 600 467 642 manum
515 591 794 647 consilium
844 599 1294 668 praetergreditur,
1347 612 1402 656 et
1443 601 1590 658 illinc
1619 605 1828 677 disper-

235 679 415 742 titur,
474 681 612 737 unde
674 684 792 754 ipsa
857 688 1193 754 providentia
1263 692 1424 748 rebus
1487 697 1738 752 consulit.
1804 716 1822 749 ι

234 771 259 842 (
283 771 504 843 August.

232 865 585 938 brosius,qui
612 871 665 926 in
689 873 922 943 quodam
943 892 1194 935 sermone
1220 881 1272 936 in
1303 881 1419 938 haec
1439 885 1630 946 psalmi
1653 887 1827 942 centi-

230 957 360 1014 simi
384 961 575 1017 decimi
600 966 772 1020 octavi
797 968 955 1023 verba
987 987 1001 1024 :
1025 969 1244 1043 Tempus
1265 975 1488 1045 faciendi
1512 1020 1527 1044 ,
1582 979 1826 1048 Domine,

233 1052 488 1109 similiter
508 1055 724 1113 dixerat
751 1076 765 1113 :
802 1080 821 1112 ι
855 1061 970 1118 Νοιι
995 1064 1216 1135 jubendi
1239 1109 1255 1135 ,
1277 1070 1369 1126 sed
1397 1072 1663 1140 faciendi,
1699 1077 1826 1146 quia

234 1160 346 1201 non
377 1147 602 1220 legatus,
639 1166 814 1223 neque
842 1158 1081 1225 nuntius,
1115 1160 1208 1215 sed
1241 1161 1497 1219 Dominus
1524 1165 1830 1224 salvaturtts

233 1248 355 1292 erat
387 1241 642 1308 populum
671 1260 852 1300 suum.
880 1247 947 1301 Et
974 1249 1064 1305 ille
1081 1251 1298 1320 quidem
1327 1262 1538 1325 tempus
1583 1258 1825 1325 sciebat,

235 1339 292 1385 et
321 1346 429 1385 non
452 1332 764 1401 differebat,
795 1338 892 1395 sed
924 1356 1026 1397 nos
1070 1345 1440 1402 nesciebamus
1481 1365 1588 1420 quo
1635 1351 1829 1406 melius

235 1429 488 1492 tempore
537 1428 865 1486 subveniret.
927 1452 946 1485 ι
994 1435 1012 1504 (
1061 1436 1337 1508 Ambros.,
1397 1456 1549 1496 serm.
1598 1443 1700 1509 16,
1774 1444 1829 1498 in

235 1517 378 1584 psal.
430 1533 614 1582 cxvm,
659 1522 693 1591 it
743 1523 868 1593 126,
911 1528 1245 1602 pag.ll8l.)

313 1607 495 1680 Pergit
534 1613 835 1681 Arnobius,
885 1627 940 1674 et
985 1619 1146 1676 aliam
1190 1637 1288 1678 cur
1311 1623 1560 1681 Christus
1589 1635 1744 1698 antea
1773 1628 1828 1683 in

234 1704 496 1760 mundum
520 1722 627 1762 non
651 1711 884 1778 venerit,
909 1713 1114 1784 profert
1133 1717 1397 1774 rationem
1415 1720 1500 1774 his
1518 1703 1828 1791 expressam

1514 301 1577 358 IN
1617 303 1987 379 ARNOBIUM,
2031 316 2182 377 CAP.
2228 323 2357 384 Vill.

236 398 338 452 sed
367 397 551 456 divina
591 404 918 485 providentia
973 417 1213 482 tempora
1253 412 1488 472 ordinari
1535 417 1824 486 fateantur,
1856 431 1904 488 Α
1929 437 2168 498 Homero
2211 446 2243 502 η

533 815 548 840 ,
597 776 722 831 ibid.
757 797 810 849 p.
856 778 1026 852 277.)
1059 784 1171 838 lluc
1218 786 1380 841 etiam
1421 789 1643 846 accedat
1695 795 1845 857 Am:

3414 348 3521 406 474

2251 449 2427 519 ngitur
2469 464 2574 511 tam
2617 457 2845 514 validam
2896 460 3150 521 habuisse
3194 479 3411 533 vocem,
3464 436 3538 526 ιιι.

1932 534 2312 612 quinquaginta
2327 545 2602 604 hominum
2621 551 2910 609 clamorem
2930 555 3239 629 adaequaret
3253 558 3519 633 (ﬂamen,

1932 629 2117 696 lliad.,
2149 634 2199 698 5,
2234 648 2351 692 ante
2377 639 2468 707 ﬁn.
2493 639 2535 713 ).
2566 641 2735 710 Quam
2778 659 2908 703 sane
2955 649 3025 704 ob
3071 629 3282 708 causam
3327 653 3521 711 alicubi

1932 725 2208 785 Juvenalis
2232 733 2424 787 cecinit
2454 753 2467 789 :

2026 893 2118 949 ’l‘u.
2145 897 2311 958 miser,
2335 897 2597 960 exclamas,
2618 908 2672 950 ut
2690 902 2920 954 Stentora
2941 908 3143 957 vincere
3162 910 3334 972 possis.

2552 984 2770 1048 (Juven.,
2808 987 2948 1040 sutir.
2970 992 3047 1051 15,
3073 1003 3200 1043 vers.
3225 994 3325 1057 22.)

1933 1128 1999 1184 Et
2039 1129 2153 1186 haec
2179 1131 2393 1201 quidem
2424 1133 2621 1190 idcirco
2649 1146 3002 1206 annotamus,
3061 1149 3118 1195 ut
3161 1141 3229 1198 ab
3272 1143 3520 1201 omnibus

1933 1226 2264 1295 intelligatur
2308 1213 2412 1298 quo
2460 1229 2578 1300 jure
2620 1231 2890 1288 Arnobius
2932 1233 3125 1290 dixerit
3176 1235 3518 1307 imminutas,

1933 1320 2222 1377 fatentibus
2251 1323 2524 1390 Ethnicis,
2557 1326 2833 1382 hominum
2864 1329 3003 1383 vires
3024 1371 3038 1394 ,
3070 1344 3132 1384 ac
3162 1329 3429 1386 Christum
3453 1347 3520 1388 eo

1932 1414 2156 1471 forsitan
2208 1427 2448 1488 tempore
2495 1417 2761 1475 hominem
2811 1421 3040 1488 factum,
3086 1437 3192 1493 quo
3238 1423 3449 1494 fractior
3473 1433 3520 1478 et

1931 1512 2186 1580 inﬁrmior
2212 1512 2309 1567 fuit
2339 1511 2569 1569 humana
2619 1525 2804 1572 natura
2825 1557 2842 1584 ,
2872 1517 3146 1589 magisque
3174 1517 3293 1590 ejus
3321 1518 3519 1574 auxilio

1931 1603 2218 1676 indigebat.

2003 1699 2170 1767 Porro
2199 1708 2375 1754 autem
2409 1677 2566 1756 aliam
2617 1701 2707 1757 ille
2749 1702 2968 1772 insuper
3010 1703 3186 1760 reddit
3215 1703 3514 1772 rationem,

235 1799 440 1854 verbis.
475 1819 494 1852 ι
522 1801 705 1858 Potest
728 1805 874 1871 fieri,
906 1816 961 1861 ut
1003 1819 1113 1863 tum
1141 1809 1358 1868 demum
1392 1814 1634 1869 emiserit
1661 1815 1824 1871 Chri-
1856 1834 1903 1893 B
1930 1807 2029 1893 θ’ξν
2055 1791 2301 1893 ωηίίῗίυδ
2329 1808 2433 1893 ⁸³9³³
2464 1793 2610 1864 prius
2652 1794 2922 1893 homijlem
2951 1797 3214 1893 induerit?
3265 1797 3390 1869 quia
3435 1798 3516 1893 3‘"

235 1901 377 1946 stunt
411 1893 666 1950 Dominus
689 1898 1030 1968 omnipotens
1049 1944 1064 1967 ,
1096 1913 1374 1975 postquam
1397 1922 1527 1976 gens
1550 1908 1824 1966 hominum

237 1982 485 2052 fractior,
531 1997 587 2042 et
635 1989 898 2046 infirmior
945 1997 1110 2064 erepit
1159 2012 1279 2052 esse
1329 2011 1512 2055 nostra
1560 2012 1764 2057 natura.
1800 2023 1820 2056 ι

238 2078 496 2146 (Arnob.,
522 2081 610 2134 lib.
645 2097 702 2148 ιι,
737 2101 854 2153 pag.
885 2084 1007 2157 97.)
1049 2088 1289 2144 Arnobio
1341 2102 1531 2147 nostro
1562 2093 1824 2165 suffraga-

238 2181 330 2225 tur
363 2173 534 2228 adbuc
562 2174 907 2243 Ambrosius,
939 2180 1026 2247 qui
1059 2179 1149 2234 ubi
1199 2180 1268 2236 de
1315 2183 1692 2241 benedictione
1729 2201 1828 2258 pa-

239 2263 490 2320 triarcha:
538 2265 740 2336 Joseph
771 2284 1076 2325 sermonem
1108 2271 1272 2342 fecit,
1325 2275 1444 2330 haec
1491 2277 1622 2332 citat
1645 2278 1826 2336 Gene-

236 2371 366 2412 seos
387 2357 548 2412 verba
580 2359 839 2415 :Amabal
865 2379 977 2416 eum
1000 2362 1162 2419 Jacob
1183 2409 1196 2428 ,
1231 2368 1350 2435 quia
1382 2369 1521 2437 ﬁlius
1557 2375 1828 2428 senectutis

236 2461 351 2504 erat
380 2451 504 2518 illi;
531 2467 595 2508 ac
644 2455 986 2513 continenter
1030 2459 1256 2530 adjicit:
1294 2479 1312 2512 ι
1351 2461 1506 2529 Quod
1549 2467 1712 2521 etiam
1761 2467 1827 2522 ad

233 2542 513 2601 Christum
546 2547 797 2604 refertur.
825 2550 1140 2608 Seuescenti
1165 2555 1308 2610 enim
1349 2556 1572 2625 mundo,
1623 2567 1677 2613 et
1716 2559 1828 2630 jam

233 2637 511 2692 occidenti
549 2639 867 2697 illucescens
915 2644 1006 2699 Dei
1055 2646 1230 2714 filius,
1262 2663 1358 2718 per
1387 2649 1567 2705 Maria:
1594 2652 1830 2724 Virginis

230 2742 462 2804 partum
507 2747 659 2788 serus
703 2736 956 2805 advenit,
1006 2741 1155 2809 quasi
1204 2743 1345 2796 filius
1370 2746 1699 2812 senectutis,
1735 2761 1827 2802 se-

229 2826 473 2880 cundum
503 2842 902 2887 sacramentum
927 2835 1164 2903 suscepit
1189 2849 1404 2907 corpus,
1436 2839 1524 2907 qui
1547 2849 1665 2894 erat
1703 2850 1830 2898 aute

230 2919 438 2974 saecula
479 2935 696 2990 semper
735 2924 873 2994 apud
915 2925 1148 2982 Patrem.
1183 2948 1201 2980 ι
1271 2931 1570 2998 (Ambros.,
1627 2935 1718 2988 lib.
1769 2935 1831 2992 de

229 3010 502 3068 Bertedict.
551 3012 846 3070 Patriarch.
870 3058 884 3082 ,
917 3035 1036 3088 cap.
1069 3021 1158 3087 11,
1198 3021 1224 3093 §
1268 3022 1358 3090 48,
1386 3041 1505 3096 pag.
1540 3025 1693 3098 527.)

305 3105 515 3177 Negare
536 3117 718 3163 autem
747 3109 962 3166 Ethnici
989 3128 1096 3168 non
1127 3125 1402 3184 poterant,
1433 3117 1509 3172 ait
1537 3117 1825 3187 Arnobius,

1930 1889 2122 1942 mirum
2153 1887 2241 1943 ille
2267 1903 2333 1942 eo
2365 1889 2478 1958 ipso
2513 1901 2753 1959 tempore
2796 1889 2937 1946 hunc
2964 1891 3016 1945 in
3045 1891 3302 1947 mundum
3330 1891 3515 1957 venit,

1928 1981 2071 2053 quod
2097 1983 2448 2038 constitutum
2480 1984 2652 2040 fuerat
2697 1985 3118 2040 incommutabili
3143 1984 3360 2040 decreto
3385 1983 3516 2052 Dei,

1929 2077 2049 2141 cui,
2081 2086 2264 2149 utpote
2303 2087 2537 2146 aeterno,
2591 2078 2722 2134 nihil
2779 2088 3158 2149 prmmaturum
3185 2090 3278 2134 aut
3307 2079 3518 2134 tardum

1929 2173 2035 2228 dici
2083 2182 2280 2244 potest.
2335 2173 2546 2230 Nullum
2595 2176 2790 2246 quippe
2856 2186 3068 2245 tempus
3117 2173 3279 2230 habet
3325 2174 3515 2241 series,

1930 2270 2090 2325 sicuti
2110 2269 2348 2339 loquitur
2366 2268 2605 2342 (Arnob.,
2633 2270 2718 2324 lib.
2747 2286 2803 2337 ιι,
2826 2286 2945 2341 pag.
2972 2270 3085 2340 97),
3133 2278 3180 2323 et
3205 2267 3519 2322 continuatio

1931 2362 2262 2416 immoderata
2283 2403 2298 2428 ,
2328 2361 2379 2416 id
2407 2370 2490 2417 est
2510 2404 2524 2429 ,
2557 2363 2673 2416 sine
2694 2361 2856 2417 modo
2872 2405 2886 2429 ,
2911 2377 2974 2417 ac
2994 2363 3111 2418 sine
3137 2362 3292 2417 initio
3312 2371 3367 2416 et
3391 2359 3516 2428 fine,

1931 2454 2254 2509 saeculorum.

2004 2549 2154 2603 'l'unc
2209 2548 2388 2620 itaque
2439 2547 2685 2613 Christus
2736 2551 2789 2605 in
2843 2549 3099 2606 mundum
3151 2549 3350 2604 missus
3396 2557 3514 2615 est,

1931 2641 2147 2712 quando
2171 2642 2309 2696 Deus
2338 2657 2459 2697 eum
2506 2641 2778 2698 hominem
2821 2641 2938 2697 ﬁeri
2977 2641 3173 2697 debere
3213 2640 3513 2711 judicavit:

1939 2755 1956 2788 ι
1991 2735 2141 2790 Nihil
2185 2751 2446 2806 namque,
2482 2734 2680 2802 Deum,
2713 2756 2733 2789 ι
2791 2746 2848 2791 ιιι
2894 2736 2967 2790 ait
3019 2735 3194 2791 adhuc
3248 2733 3517 2790 Arnobius

1936 2828 2145 2903 (lbid.),
2183 2849 2202 2882 ‹
2237 2831 2461 2900 cogebat
2488 2829 2823 2886 necessarias
2853 2839 3153 2900 temporum
3184 2843 3290 2883 non
3316 2842 3520 2897 exspe-

1933 2934 2080 2980 ctare
2128 2941 2428 2982 mensuras.
2462 2945 2481 2980 ι
2508 2925 2694 2982 Nonne
2722 2940 2854 2982 vero
2877 2923 3065 2981 eadem
3113 2923 3210 2980 fuit
3238 2922 3520 2994 Augustini

1933 3021 2234 3088 sententia,
2291 3037 2450 3093 quam
2501 3023 2592 3077 ille
2635 3022 2720 3077 his
2768 3021 3021 3091 esplicuit
3060 3019 3278 3074 verbis:
3319 3037 3338 3069 ι
3366 3017 3521 3086 Quod

1933 3113 2040 3168 dixi
2067 3124 2192 3170 tunc
2221 3116 2454 3170 voluisse
2489 3114 2795 3170 hominibus
2834 3127 3094 3182 apparere
3118 3111 3423 3175 Christum,
3467 3118 3522 3164 et

233 3201 447 3254 variam
499 3216 596 3269 pro
640 3200 954 3258 diversitate
1006 3214 1307 3276 temporum
1355 3207 1519 3265 fuisse
1551 3209 1829 3268 hominum
1857 3224 1902 3287 ρ
1934 3207 2074 3276 apud
2101 3223 2194 3264 cos
2223 3208 2500 3278 praedicari
2529 3207 2827 3262 doctrinam
2850 3220 3024 3269 suam,
3047 3202 3264 3274 quando
3292 3200 3515 3267 sciebal.

229 3293 626 3362 conditionem,
649 3293 919 3364 aliamque
939 3296 1269 3365 priscorum,
1295 3315 1450 3371 quam
1471 3305 1831 3361 recentiorum

231 3388 499 3459 figurant,
549 3396 606 3442 et
648 3388 882 3458 majores
928 3389 1177 3456 illorum,
1224 3408 1382 3463 quam
1430 3395 1654 3451 istorum
1689 3397 1830 3453 vires

229 3484 250 3551 (
277 3481 498 3546 Arnob.,
523 3480 613 3535 lib.
640 3497 694 3548 ιι,
719 3499 838 3553 pag.
864 3483 980 3555 97).
1026 3483 1307 3542 Traditum
1329 3488 1592 3558 siquidem
1614 3491 1829 3562 scriptis

230 3574 510 3630 habebant
537 3574 704 3631 fuisse
732 3577 859 3631 olim
899 3578 1171 3634 semideos
1192 3620 1206 3646 ,
1235 3590 1290 3635 et
1334 3579 1526 3637 heroas
1571 3582 1824 3652 immani,

229 3671 353 3726 sive
394 3671 643 3741 giganteo
687 3685 946 3742 corpore,
998 3684 1055 3729 et
1101 3675 1331 3732 infantes
1377 3687 1679 3734 steutoreos
1710 3681 1826 3737 edi-

229 3764 389 3819 disse
432 3764 668 3843 vagitus,
722 3781 1018 3838 eorumque
1065 3782 1190 3824 ossa
1233 3779 1394 3824 tanta:
1448 3772 1829 3843 magnitudinis

229 3860 410 3916 variis
440 3861 490 3915 in
523 3839 828 3933 regiooibus
871 3875 1059 3933 eruta,
1095 3875 1152 3920 ut
1179 3868 1408 3926 humana
1441 3884 1560 3924 esse
1593 3873 1678 3925 vix
1705 3887 1826 3926 cre-

229 3953 517 4010 derentur.
547 3955 617 4010 De
637 3957 719 4010 his
738 3957 952 4012 Ossibus
974 3969 1168 4029 praeter
1190 3958 1516 4016 Herodotum
1534 4003 1547 4024 ,
1575 3963 1824 4032 Plinium,

230 4060 290 4106 et
321 4050 563 4106 Solittum
586 4094 601 4118 ,
635 4051 752 4108 haec
784 4055 850 4107 A.
875 4053 1114 4121 Gellius,
1144 4071 1265 4125 qua:
1286 4041 1356 4110 ad
1383 4057 1630 4112 Auctoris
1658 4060 1824 4113 nostri

231 4143 573 4213 propositum
614 4143 849 4209 faciunt,
898 4147 1089 4201 litteris
1135 4150 1502 4218 consignavit:
1535 4169 1553 4202 ι
1584 4151 1824 4206 Herodo-

232 4248 350 4305 tus,
393 4239 558 4294 homo
595 4238 880 4308 fabulator,
907 4241 959 4294 in
984 4243 1156 4311 primo
1178 4244 1521 4299 historiarum
1553 4247 1825 4302 inventum

229 4347 356 4387 esse
381 4332 483 4386 sub
511 4341 652 4387 terra
681 4333 897 4401 scripsit
926 4333 1099 4390 Oresti
1145 4351 1341 4406 corpus
1379 4339 1556 4394 cubita
1594 4339 1827 4410 loogitu-

231 4427 375 4480 diuis
397 4424 601 4480 habens
631 4439 835 4496 septem
857 4469 873 4493 ,
906 4443 1024 4497 qua:
1048 4429 1248 4482 faciunt
1275 4429 1438 4498 pedes
1464 4430 1744 4487 duodecim
1772 4443 1825 4488 et

231 4517 621 4588 quadrantem,
657 4519 758 4572 nisi
803 4518 880 4580 si.
917 4528 974 4572 ut
1021 4519 1286 4576 Homerus
1311 4522 1557 4592 opinatus
1586 4532 1695 4590 est,
1729 4541 1824 4580 va-

1932 3314 1986 3361 et
2035 3305 2122 3360 ubi
2171 3293 2374 3360 sciebat
2419 3320 2569 3372 esse,
2603 3306 2695 3376 qui
2724 3305 2777 3359 in
2822 3318 2944 3359 eum
2989 3302 3200 3356 fuerant
3226 3299 3517 3364 credituri;

1931 3411 2108 3471 potest
2131 3402 2290 3457 etiam
2316 3404 2393 3456 sic
2422 3400 2526 3457 dici
2562 3411 2688 3456 tunc
2713 3399 2950 3454 voluisse
2979 3396 3227 3453 homines
3257 3408 3520 3465 apparere

1930 3495 2202 3552 Christum
2224 3539 2238 3563 ,
2273 3508 2327 3564 et
2359 3498 2499 3568 apud
2534 3511 2632 3553 eos
2659 3494 2941 3566 praedicari
2987 3492 3288 3548 doctrinam
3332 3504 3517 3556 suam,

1930 3593 2146 3663 quando
2169 3592 2407 3660 sciebat,
2436 3600 2492 3648 et
2520 3591 2609 3646 ubi
2638 3590 2841 3647 sciebat
2885 3603 3036 3655 esse,
3084 3586 3174 3657 qui
3207 3584 3363 3641 electi
3400 3584 3518 3638 fue-

1930 3697 2048 3740 rant
2078 3687 2130 3740 in
2155 3686 2273 3757 ipso
2302 3696 2428 3740 ante
2452 3684 2636 3739 tnundi
2661 3681 3118 3738 constitutionem.
3151 3698 3169 3730 ι
3195 3676 3515 3751 (Augustin,

1930 3769 2102 3844 Epist.
2148 3777 2272 3844 102,
2326 3795 2446 3849 pag.
2487 3777 2612 3843 278,
2649 3787 2693 3831 et
2747 3777 2837 3830 lib.
2890 3774 2954 3828 de
2997 3771 3248 3827 Prwdest.
3307 3780 3514 3836 sanct.,

1928 3887 2043 3933 cap.
2072 3870 2126 3935 9,
2157 3888 2275 3940 pag.
2305 3869 2457 3942 805.)

1999 3961 2153 4030 Quod
2183 3972 2363 4018 autem
2391 3962 2457 4016 ad
2509 3962 2755 4016 homines
2803 3971 2930 4016 ante
2953 3959 3227 4015 Christum
3276 3967 3519 4014 mortuos

1930 4065 2171 4126 spectat,
2220 4055 2490 4110 Arnobius
2536 4054 2772 4108 breviter
2818 4051 3114 4122 respondet
3160 4069 3174 4105 :
3230 4071 3247 4102 ι
3296 4049 3432 4117 Quid
3470 4050 3518 4103 si

1933 4150 2131 4220 priscis
2160 4150 2318 4204 aliter
2347 4147 2662 4214 subveniri,
2695 4147 2852 4202 aliter
2895 4146 3082 4201 debuit
3126 4143 3518 4214 posterioribus

1928 4245 2158 4299 consuli.
2191 4263 2209 4296 ι
2238 4243 2256 4314 (
2282 4244 2474 4298 Arnob.
2501 4284 2512 4302 .
2547 4244 2647 4297 loc.
2672 4240 2798 4313 cit.)
2822 4242 2928 4297 Sed
2960 4239 3104 4311 quod
3131 4240 3220 4295 ille
3247 4239 3519 4307 explicare

1929 4347 2019 4393 aut
2069 4337 2273 4404 noluit,
2327 4348 2419 4392 aut
2467 4336 2700 4393 fortasse
2744 4337 2890 4391 omni
2939 4336 3229 4391 christiana
3272 4334 3516 4389 doctrina

1929 4432 2166 4487 nondum
2191 4432 2349 4503 plane
2368 4432 2692 4487 informatus
2711 4474 2727 4500 ,
2761 4446 2866 4486 non
2896 4431 3103 4502 potuit,
3137 4430 3240 4485 hoc
3267 4429 3519 4485 enuclea-

1927 4527 2034 4582 tius
2081 4535 2136 4581 et
2169 4527 2390 4583 uberius
2421 4543 2450 4582 a
2492 4527 2757 4598 theologis
2777 4571 2790 4593 ,
2849 4536 3011 4597 atque
3039 4523 3302 4596 imprimis
3333 4526 3518 4595 Augu-

231 4609 400 4664 stiora
431 4609 829 4681 prolixioraque
867 4610 1069 4666 fuerint
1109 4627 1335 4682 corpora
1369 4615 1643 4671 hominum
1683 4619 1824 4672 anti-
1852 4615 1906 4676 D
1931 4619 2073 4673 stino
2100 4618 2153 4673 in
2193 4619 2356 4674 citata
2383 4635 2413 4675 a
2446 4620 2601 4675 nobis
2637 4619 2865 4691 epistola
2909 4620 3250 4691 explanatur.
3281 4617 3356 4673 lbi
3387 4633 3518 4674 vero

230 4718 498 4774 quorum;
522 4711 576 4758 et
596 4719 740 4758 nunc
760 4706 910 4774 quasi
935 4705 1044 4773 jam
1069 4707 1268 4762 mundo
1288 4720 1628 4777 senescente,
1649 4725 1825 4766 rerum

229 4805 398 4866 atque
426 4796 702 4852 hominum
730 4799 1072 4855 decrementa
1101 4813 1246 4856 sunt.
1276 4821 1295 4854 ι
1323 4803 1611 4875 (Hei-adat.
1635 4847 1650 4872 ,
1679 4807 1766 4860 lib.
1785 4825 1824 4877 ι,

233 4889 265 4959 §
306 4887 394 4954 68,
430 4906 549 4961 pag.
578 4889 667 4958 27;
721 4889 866 4945 Plin.
892 4933 908 4957 ,
941 4891 1029 4946 lib.
1058 4909 1130 4948 vn
1170 4893 1310 4949 Hist.
1333 4905 1500 4950 natur.
1524 4939 1539 4961 ,
1586 4915 1701 4971 cap.
1737 4901 1823 4967 16,

230 4999 356 5054 pag.
375 4983 477 5050 35;
513 4983 845 5055 Solin.,cap.
871 4984 960 5050 10,
993 5003 1114 5058 pag.
1134 4988 1274 5054 256;
1305 4989 1369 5045 A.
1401 4989 1619 5059 Gellius,
1641 4994 1823 5059 lib.tn,

229 5091 353 5144 cap.
397 5077 446 5140 1,
490 5094 610 5148 pag.
645 5075 726 5148 9.)
761 5077 1035 5148 Frequens
1077 5092 1256 5136 autent
1296 5091 1386 5137 est
1417 5099 1478 5137 ea
1514 5084 1727 5141 llomeri
1773 5091 1823 5143 in

231 5174 404 5230 Iliade
450 5176 799 5246 cooquestio,
831 5192 951 5247 qua:
979 5195 1008 5232 a
1039 5178 1211 5234 Plinio
1256 5192 1311 5236 et
1353 5181 1610 5238 Iuvenale
1657 5185 1832 5242 adhuc

231 5277 455 5322 notatur
523 5267 748 5341 (Plin,
802 5271 913 5324 loco
970 5272 1166 5338 citato;
1216 5272 1402 5330 Jttven.
1442 5319 1456 5343 ,
1511 5278 1658 5332 satir.
1722 5280 1825 5347 15,

230 5376 366 5415 vers.
408 5358 522 5432 69.)

313 5452 370 5506 In
406 5453 770 5524 tnanuscripto
799 5464 976 5510 autem
1009 5456 1196 5514 codice
1231 5461 1378 5530 regio
1409 5475 1506 5529 pro
1553 5471 1829 5518 stentoreos

226 5548 467 5618 vagitus,
515 5548 709 5618 legitur
749 5555 1094 5620 centenarias,
1143 5554 1236 5608 scd
1282 5554 1436 5609 solita
1484 5557 1622 5611 haud
1668 5557 1828 5614 dubie

233 5639 446 5695 incuria
480 5639 718 5706 librarii,
766 5643 856 5712 qui
883 5645 1101 5714 quidem
1132 5646 1260 5716 quid
1291 5649 1549 5724 stentorei
1579 5651 1786 5720 vagitus
1810 5693 1826 5720 ,

239 5745 297 5792 et
319 5735 428 5791 alia
458 5735 611 5806 plura
641 5736 1046 5809 significarent,
1079 5741 1292 5807 penitus
1332 5742 1627 5813 ignorabat.
1669 5745 1827 5801 Sten-

225 5831 372 5888 torei
412 5837 594 5888 autem
636 5832 844 5902 vagitus
888 5832 1013 5891 ideo
1055 5833 1329 5902 dicuntur,
1358 5836 1482 5907 quia
1510 5837 1732 5896 Stentor
1759 5843 1828 5896 ab

1932 4710 2048 4765 haec
2095 4720 2294 4781 printer
2339 4713 2445 4767 alia
2495 4713 2644 4783 plura
2693 4713 2909 4782 scripsit
2944 4732 2958 4766 :
2998 4731 3017 4764 ‹
3053 4712 3136 4767 Ah
3165 4711 3390 4767 exordio
3418 4726 3519 4781 ge-

1933 4805 2082 4860 neris
2127 4803 2366 4873 humani,
2419 4807 2746 4877 quicumqne
2783 4806 2836 4860 in
2877 4822 2999 4862 eum
3027 4804 3373 4879 (Christum),
3401 4820 3521 4860 cre-

1931 4904 2216 4971 diderunt,
2276 4920 2508 4976 eumque
2547 4916 2836 4975 utcumque
2883 4905 3301 4969 intellexerunt,
3335 4914 3390 4959 et
3427 4919 3518 4959 se-

1931 4999 2165 5053 cundum
2195 4999 2315 5068 ejus
2345 5007 2612 5068 praecepta
2650 4998 2738 5068 pie
2767 5006 2821 5051 et
2845 4996 2990 5066 juste
3018 4999 3307 5061 vixerunt,
3352 5012 3521 5066 quan-

1936 5091 2142 5147 dolibet
2186 5101 2240 5147 et
2286 5092 2513 5147 ubilibet
2559 5089 2795 5156 fuerint,
2850 5105 2944 5160 per
2986 5105 3108 5146 eum
3163 5089 3520 5160 proculdubio

1933 5187 2066 5241 salvi
2121 5187 2242 5242 facti
2290 5195 2435 5240 sunt.
2466 5184 2619 5240 Sicut
2670 5184 2814 5240 enim
2844 5199 2943 5238 nos
2973 5184 3026 5238 in
3053 5198 3179 5238 eum
3209 5182 3479 5239 credimus
3501 5224 3516 5249 ,

1933 5291 1989 5336 et
2014 5279 2156 5349 apud
2185 5280 2401 5334 Patrem
2435 5287 2744 5333 manentem
2766 5319 2780 5340 ,
2811 5287 2865 5333 et
2889 5278 2977 5349 qui
3007 5277 3060 5331 in
3094 5291 3256 5332 carne
3283 5276 3392 5345 jam
3421 5290 3518 5329 ve-

1934 5378 2072 5431 nerit
2109 5395 2122 5430 :
2158 5375 2236 5430 sic
2279 5373 2575 5429 credebant
2621 5374 2672 5428 iu
2720 5388 2843 5429 eum
2891 5373 3095 5444 antiqui
3136 5382 3191 5427 et
3234 5369 3375 5442 apud
3417 5369 3519 5424 Pa-

1933 5477 2071 5524 trem
2103 5479 2434 5533 manentem,
2456 5477 2510 5522 et
2542 5469 2595 5521 in
2619 5482 2781 5521 carne
2800 5478 3108 5521 venturum.
3144 5485 3162 5516 ι
3193 5464 3515 5536 (Augustin.,

1930 5561 2101 5629 Epist.
2133 5559 2256 5622 102,
2293 5577 2412 5631 pag.
2443 5559 2600 5632 277.)
2625 5560 2772 5613 Alias
2800 5574 2963 5629 porro
3012 5557 3250 5612 rationes
3296 5557 3386 5625 qui
3428 5554 3523 5611 de-

1929 5657 2218 5723 siderabit,
2250 5657 2412 5712 adeat
2457 5655 2738 5726 theologos
2787 5655 2839 5708 in
2871 5654 2965 5709 lib.
3000 5669 3083 5708 ιιι.
3119 5651 3390 5716 Sentent.,
3441 5649 3523 5704 di-

1931 5753 2085 5808 tinct.
2119 5769 2158 5816 ι,
2189 5760 2356 5824 atque
2386 5752 2438 5805 in
2474 5750 2542 5806 D.
2572 5747 2838 5804 Thomam
2869 5746 2992 5817 l,2,
3013 5753 3212 5818 quiest.
3239 5745 3334 5808 98,
3361 5751 3465 5797 art.
3494 5744 3530 5798 6

1928 5857 1984 5903 et
2003 5847 2037 5902 3
2063 5854 2234 5918 part.,
2264 5852 2463 5919 quaest.
2493 5841 2550 5912 2,
2576 5851 2680 5897 art.
2709 5841 2744 5895 5
2772 5850 2827 5896 et
2856 5840 2929 5909 6;
2963 5837 3275 5903 Petavium,
3302 5845 3434 5892 tom.
3456 5849 3540 5908 tv,
