4166 6256
244 243 354 301 477

1456 251 1520 306 ΙΝ
1564 249 1939 323 ARNOBIUI,
1981 253 2133 310 CAP.
2179 252 2269 311 lX.

3421 249 3528 316 ιειε

245 361 467 420 Falsam
491 364 692 436 ’itaque
738 365 877 420 hanc
905 365 1215 436 opinionem
1253 366 1394 422 haud
1430 367 1594 423 dubie
1632 369 1840 424 notavit
1866 371 1919 433 Α
1942 385 2164 426 sennam
2191 371 2244 426 id
2274 371 2366 426 ille
2388 370 2562 435 dixit;
2612 371 2706 426 sed
2732 369 2976 426 eamdem
3006 365 3377 442 probalfottem
3403 373 3532 427 aliis

245 458 530 512 Arnobius
554 499 570 526 ,
601 459 686 513 ubi
709 468 869 529 negat
899 460 1098 513 animus
1125 458 1276 531 Regis
1303 461 1516 516 maximi
1544 477 1651 516 esse
1673 461 1832 530 ﬁlias.

243 550 498 622 (Arnob.,
528 552 616 605 lib.
641 568 705 615 ιι,
735 570 854 623 pag.
885 552 953 608 68
980 563 1028 608 et
1055 553 1218 625 seqq.)
1257 554 1386 609 Eam
1426 564 1603 610 autem
1635 555 1738 610 hoc
1761 561 1846 610 ar-

243 655 510 716 gumento
537 646 835 702 convellit:
869 666 887 697 ‹
923 647 1077 715 Quod
1119 649 1162 701 si
1211 658 1416 715 essent,
1457 659 1515 702 ut
1552 647 1690 703 fama
1718 658 1800 704 est
1825 693 1840 715 ,

248 739 538 794 dominicae
569 740 733 807 prolis
751 748 804 793 et
827 739 1108 808 potestatis
1131 740 1324 795 animae
1348 742 1622 810 generatio
1646 742 1843 810 princi-

247 831 432 904 palis,
481 833 614 888 nihil
657 835 738 888 eis
785 833 852 888 ad
903 832 1289 904 perfectionem
1337 833 1598 892 defuisset
1645 839 1844 892 virtute

249 927 648 999 perfectissima
698 929 1011 998 procreatis.
1068 930 1242 986 Unum
1275 947 1462 986 omnes
1509 931 1840 987 intellectum

251 1023 601 1087 habuissent,
637 1039 908 1094 unumque
935 1031 1281 1091 consensum,
1311 1025 1486 1080 auiam
1517 1039 1730 1098 semper
1759 1027 1843 1080 iu-

251 1116 494 1172 coiert-nt
523 1121 725 1186 regiam
744 1157 758 1181 ,
802 1131 900 1171 nec
929 1119 1307 1186 praetermissis
1338 1119 1682 1172 beatitudinis
1705 1118 1846 1173 sedi-

251 1209 372 1271 bus,
405 1209 460 1263 in
483 1209 679 1279 quibus
702 1210 1113 1278 angustissimas
1143 1219 1404 1267 noverant
1435 1212 1844 1282 retinebantqne

250 1304 548 1368 doctrinas,
578 1304 948 1374 imprudenter
977 1315 1294 1375 appeterent
1322 1315 1534 1360 terrena
1565 1307 1679 1360 hzec
1701 1307 1838 1371 loca,

248 1398 558 1453 tenebrosis
600 1408 656 1451 ut
690 1397 1006 1466 corporibus
1045 1399 1328 1466 involuta,
1363 1401 1501 1454 inter
1533 1402 1751 1470 pituitus
1789 1409 1844 1454 et

244 1492 564 1562 sanguinem
611 1491 902 1561 degerent,
945 1493 1085 1547 inter
1123 1495 1378 1549 stercoris
1414 1494 1512 1550 hos
1557 1505 1740 1559 utres,
1788 1501 1842 1549 et

245 1585 450 1640 saccati
475 1585 905 1640 obscaenissimas
931 1587 1120 1641 serias.
1158 1605 1176 1639 ι
1223 1587 1410 1644 Nonne
1435 1603 1566 1644 vero
1590 1590 1841 1659 Angusti-

217 1687 351 1732 'nus
398 1676 562 1731 simili
609 1677 1017 1746 argumentandi
1062 1679 1270 1735 ratione
1317 1679 1640 1736 Manichmos
1669 1724 1684 1747 ,
1745 1681 1834 1752 qui

1950 471 2128 519 tamen
2159 464 2336 519 verbis
2367 463 2484 519 fuse
2514 463 2707 534 repetit
2737 473 2791 518 et
2818 464 3070 521 inculcat.
3097 460 3339 536 (halitu,
3359 463 3449 518 tib.
3470 465 3529 534 ti,

1951 574 2067 628 pag.
2099 556 2168 612 76
2198 567 2244 611 et
2270 571 2404 629 seqq.
2432 557 2449 628 )

2019 650 2088 705 At
2109 651 2346 704 nonnulli
2377 651 2514 706 hanc
2545 649 3064 722 argumentationem
3093 651 3318 706 censent
3338 659 3529 706 eorum

1952 757 2072 797 esse
2094 785 2109 808 ,
2137 744 2227 812 qui
2255 742 2526 799 hominem
2556 759 2585 797 a
2611 744 2720 798 Deo
2749 753 2987 798 creatura
3018 745 3304 814 negabant.
3329 742 3436 798 Sed
3478 741 3530 798 id

1948 844 2094 889 certe
2125 845 2180 888 ut
2209 836 2308 890 rite
2337 850 2399 890 ac
2436 837 2730 906 prudenter
2757 846 3079 894 annotarettt
3108 879 3124 903 ,
3168 835 3326 891 nobis
3353 847 3534 891 oSten-

1948 927 2077 983 dere
2120 928 2422 990 debebant.
2469 929 2739 999 quomodo
2781 931 3048 984 Arnobius
3092 931 3152 983 ea
3193 937 3535 1000 argumenta;

1949 1022 2092 1077 tione
2117 1063 2129 1085 ,
2165 1023 2301 1078 sicut
2332 1024 2406 1078 illi
2438 1025 2586 1093 impii
2619 1026 2820 1079 erroris
2851 1024 3206 1090 defensdres,
3256 1027 3528 1081 abutatur.

1946 1115 2078 1171 Nam
2120 1119 2164 1172 si
2195 1119 2264 1172 ibi
2313 1120 2402 1173 ille
2428 1134 2616 1173 eorum
2659 1119 2860 1174 tantum
2894 1121 2980 1189 qui
3013 1122 3218 1175 animas
3258 1121 3533 1176 hotnlnum

1947 1221 1998 1264 et
2021 1210 2250 1274 divinas,
2285 1221 2338 1265 et
2364 1212 2670 1274 dominicae.
2711 1216 2784 1267 uti
2817 1215 3052 1282 loquitur
3077 1215 3243 1285 prolis
3267 1256 3282 1281 ,
3313 1225 3408 1270 seu
3439 1215 3532 1270 Dei

1945 1305 2082 1359 filias
2107 1321 2228 1360 esse
2256 1308 2562 1376 garriebant
2588 1349 2602 1371 ,
2641 1320 2884 1362 errorem
2910 1309 3076 1361 voluit
3115 1310 3380 1374 refellere,
3425 1318 3528 1363 non

1944 1397 2085 1452 male
2111 1397 2334 1452 forsitan
2365 1399 2483 1453 illos
2507 1442 2520 1464 ,
2548 1399 2702 1453 sicuti
2725 1401 3049 1470 Augustinus
3074 1437 3088 1466 ,
3120 1400 3204 1454 his
3233 1401 3530 1454 rationibus

1944 1488 2292 1559 impugnavit.
2331 1490 2469 1543 Nihil
2502 1493 2645 1545 enim
2671 1533 2684 1555 ,
2722 1493 2820 1546 nisi
2853 1491 3326 1561 perfectissimum,
3359 1504 3387 1545 a
3423 1493 3530 1547 Deo

1943 1583 2210 1650 proiicitci
2239 1589 2435 1651 puteal.
2468 1583 2665 1638 Verum
2689 1586 2809 1654 quia
2839 1585 2909 1638 ibi
2940 1586 3040 1639 hoc
3068 1585 3186 1653 ipso
3210 1591 3529 1654 argumento

1942 1676 2274 1743 probandum
2306 1677 2355 1730 in
2386 1691 2446 1730 se
2476 1678 2780 1746 susceplrise
2807 1676 3036 1744 videtur,
3070 1679 3276 1731 animas
3318 1675 3528 1731 nostras

246 1770 485 1824 animum
528 1778 734 1838 partem
771 1771 862 1824 Dei
892 1785 1013 1824 esse
1041 1772 1382 1841 garriebant,
1423 1783 1607 1843 aperte
1644 1774 1840 1828 obterit
1870 1766 1916 1827 Β
1944 1784 2050 1823 non
2092 1770 2161 1824 ab
2209 1772 2579 1840 omnipotente
2617 1773 2759 1834 Deo,
2806 1771 2900 1825 sed
2949 1771 3017 1824 ab
3063 1770 3182 1824 aliis
3211 1769 3527 1840 quibusdam

242 1879 307 1918 ac
338 1862 648 1933 prosternit.
686 1861 808 1916 fiaac
839 1871 1016 1916 autern
1047 1862 1193 1917 illius
1224 1871 1347 1918 sunt
1367 1864 1432 1918 ad
1456 1863 1838 1935 Hieronymum

243 1958 311 2014 de
358 1958 535 2012 anima
583 1957 870 2010 scribentis
921 1956 1084 2010 verba
1139 1974 1152 2010 :
1208 1975 1227 2010 v
1281 1956 1396 2011 Non
1445 1969 1526 2011 est
1572 1973 1698 2027 pars
1747 1959 1838 2012 Dei

243 2051 446 2106 anima.
479 2049 536 2106 Si
563 2049 706 2104 enim
740 2047 841 2102 hoc
867 2057 1010 2103 essct
1033 2089 1049 2115 ,
1083 2049 1392 2104 omnimodo
1424 2050 1840 2105 incomtnutabiv

243 2146 314 2198 iis
341 2152 496 2213 atque
522 2141 937 2210 incorruptibilis
957 2150 1118 2197 es$et.
1146 2142 1298 2209 Quod
1323 2144 1365 2196 si
1395 2152 1558 2208 esset,
1589 2157 1686 2197 nec
1715 2144 1818 2198 de-

251 2236 442 2290 ficeret
471 2236 520 2289 in
551 2234 810 2300 deterius,
846 2249 945 2288 nec
973 2233 1253 2303 proﬁceret
1280 2235 1334 2290 in
1365 2235 1590 2300 melius;
1620 2251 1720 2290 nec
1742 2237 1842 2290 ali-

243 2327 376 2396 quid
415 2328 465 2380 in
512 2325 798 2394 semetipsa
847 2325 930 2380 vel
976 2326 1237 2395 inciperet
1277 2327 1509 2394 habere,
1542 2328 1685 2397 quod
1731 2344 1839 2383 non

244 2423 503 2486 habebat,
537 2423 619 2477 vel
645 2422 917 2476 desineret
942 2421 1164 2488 habere,
1193 2423 1334 2494 quod
1364 2424 1632 2491 habebat,
1665 2440 1839 2494 quan-

245 2531 367 2572 tum
409 2517 472 2570 ad
511 2517 624 2586 ejus
662 2516 832 2586 ipsius
859 2515 1172 2572 affectiones
1207 2519 1461 2588 pertinet.
1505 2518 1676 2586 Quam
1713 2533 1842 2573 vero

244 2611 416 2664 aliter
445 2626 504 2666 se
532 2610 754 2676 habeat,
806 2626 910 2665 non
940 2626 1075 2680 opus
1113 2621 1198 2665 est
1226 2611 1561 2666 extrinsecus
1596 2613 1840 2666 testimo-

246 2705 391 2759 nio:
421 2704 659 2774 quisquis
698 2703 939 2774 seipsum
982 2705 1246 2770 advertit,
1286 2706 1582 2774 cognoscit.
1625 2724 1642 2756 ι
1690 2706 1841 2778 (Au-

243 2800 472 2870 gustin.,
500 2799 648 2869 epist.
688 2800 811 2860 166,
846 2815 964 2868 pag.
999 2798 1172 2871 584.)

323 2896 567 2950 Maxima
619 2895 781 2950 etiam
821 2896 1142 2949 temeritatis
1181 2909 1274 2951 eos
1313 2905 1502 2950 auctor
1539 2906 1722 2951 noster
1752 2913 1841 2952 re-

246 2991 466 3059 darguit
483 3030 499 3055 ,
534 2989 626 3058 qui
655 2989 918 3043 docebant
950 2989 1158 3043 animas
1184 3005 1306 3044 esse
1331 2992 1539 3060 genitas
1564 3007 1594 3044 a
1618 2991 1728 3046 Deo
1748 3031 1761 3056 ,
1790 3001 1845 3046 et

248 3085 360 3138 huc
390 3084 456 3136 ab
485 3082 578 3137 illo
616 3083 836 3148 missas,
868 3091 926 3136 ut
953 3098 1073 3152 qum
1100 3081 1294 3136 divinae
1329 3098 1390 3135 ac
1422 3084 1634 3152 peitittts
1665 3085 1842 3138 incor-

1942 1863 2295 1932 potestatihus
2350 1864 2624 1933 prbereari
2655 1906 2669 1930 ,
2744 1878 2848 1918 non
2902 1860 3079 1917 minus
3130 1862 3313 1931 procul
3366 1861 3530 1916 dubio"

1940 1959 2130 2013 vitiasa
2158 1969 2239 2014 est
2280 1958 2396 2014 nec
2427 1959 2568 2014 illius
2592 1959 2858 2028 probatio,
2889 1971 3050 2030 quam
3079 1953 3209 2012 falsa
3238 1956 3526 2012 sententia.

1941 2049 2134 2106 Utrum
2167 2061 2346 2105 autent
2375 2053 2448 2106 ita
2477 2052 2544 2106 de
2573 2051 2768 2105 animle
2797 2050 3006 2120 origine
3031 2049 3222 2105 reverti
3253 2045 3487 2106 senserit
3511 2077 3526 2117 ι

1939 2144 2168 2199 articulo
2198 2145 2444 2214 sequenti
2477 2144 2933 2215 investigabimust

2013 2237 2360 2293 Gravioribus
2382 2253 2544 2308 porro
2567 2238 2834 2292 rationum
2864 2237 3150 2292 momentis
3170 2237 3284 2307 ipse
3301 2245 3356 2292 et
3378 2236 3526 2290 hunc

1940 2331 2177 2384 concutit
2220 2345 2494 2396 errorem,
2536 2347 2643 2400 quo
2688 2331 2883 2384 anima
2932 2340 3131 2383 nostra:
3178 2315 3531 2383 tradebantur

1940 2423 2155 2492 generis
2202 2437 2326 2478 esse
2373 2423 2544 2477 divini
2590 2421 2799 2494 (Ibid.,
2847 2421 3067 2491 png.56
3105 2434 3153 2474 et
3192 2435 3330 2489 seqq.
3364 2419 3427 2487 )3
3477 2428 3532 2474 et

1942 2516 2103 2570 alium
2131 2539 2145 2580 ,
2190 2532 2297 2587 quo
2331 2517 2494 2573 iidem
2527 2518 2667 2573 haud
2698 2517 2860 2572 dubie
2891 2515 3198 2586 philosophi
3225 2515 3534 2586 garriebant

1941 2623 2032 2662 eas
2070 2610 2160 2664 diu
2203 2620 2326 2665 ante
2367 2619 2562 2682 Corpus
2592 2613 2887 2666 existentes
2914 2651 2928 2676 ,
2982 2611 3034 2664 in
3083 2611 3224 2665 hune
3273 2607 3530 2665 mundum

1942 2701 2193 2756 erunibus
2223 2702 2464 2758 scientiis
2487 2739 2502 2769 ,
2533 2703 2831 2774 disciplinis
2853 2747 2866 2771 ,
2899 2714 2953 2759 et
2977 2705 3181 2759 artibus
3215 2703 3528 2773 plenisdme

1943 2797 2232 2851 instructas
2259 2797 2542 2855 advolasse
2567 2816 2582 2865 ;
2613 2809 2775 2870 atque
2802 2799 2938 2854 adeo
2965 2799 3197 2854 hominis
3221 2793 3526 2865 scientiam,

1944 2890 2023 2944 uti
2066 2891 2370 2946 somniabat
2415 2891 2566 2946 Plato
2592 2933 2607 2958 ,
2656 2891 2786 2946 nihil
2819 2905 2938 2946 esse
2982 2891 3126 2945 aliud
3165 2891 3264 2945 nisi
3295 2891 3533 2960 priorum
3575 2943 3587 2954 ,

1943 2981 2368 3038 recordationem
2398 2984 2416 3055 (
2455 2983 2608 3038 I’lato
2632 3025 2645 3047 ,
2680 2985 2734 3038 in
2762 2983 3020 3038 Pliwdoit.
3045 3025 3060 3051 ,
3096 2994 3219 3038 tam.
3253 3000 3289 3047 ι,
3318 2995 3437 3054 pug.
3465 2982 3535 3037 72

1945 3087 1991 3131 et
2021 3095 2154 3147 seqq.
2179 3095 2196 3142 ;
2220 3079 2272 3132 in
2304 3077 2538 3143 Menam,
2562 3086 2686 3133 tam.
2718 3095 2755 3133 ll
2781 3101 2794 3144 ι
2821 3095 2939 3150 pug.
2970 3079 3033 3133 81
3070 3090 3112 3132 et
3135 3094 3271 3148 seqq.
3300 3094 3314 3142 δ
3344 3079 3531 3144 (licem

245 3192 436 3244 porcae
468 3184 673 3230 natura:
702 3185 845 3239 sunt,
883 3177 934 3228 iu
969 3176 1196 3230 humana
1230 3190 1458 3246 corpora
1483 3175 1842 3230 detruduntur
1871 3166 1916 3229 C
1947 3171 2035 3224 lib.
2070 3187 2123 3237 ι,
2155 3169 2368 3226 Tuscul.
2397 3215 2412 3238 ,
2445 3183 2566 3244 ‘pag.
2603 3173 2758 3240 124).
2816 3173 3025 3226 Auitum
3059 3172 3257 3226 elettitn
3289 3172 3536 3226 fluuiana:

248 3272 532 3344 (Arnob.,
582 3270 669 3322 lib.
701 3285 772 3333 u,
821 3286 940 3337 pag.
975 3269 1108 3338 55).
1163 3269 1309 3323 Hauc
1361 3271 1488 3323 vero
1537 3269 1842 3338 opinionem

246 3365 444 3419 iisdem
474 3364 586 3418 fere
609 3377 672 3416 ac
701 3363 1097 3431 prmcedetitetn
1128 3363 1425 3416 rationibus
1448 3363 1680 3417 refutare
1716 3363 1843 3415 uiti-

250 3470 362 3514 tur.
405 3457 545 3512 Nulli
588 3457 892 3526 siquidem,
922 3457 1038 3527 a‘t(
1068 3457 1206 3511 Ibid.
1236 3500 1248 3522 ,
1297 3471 1416 3527 pag.
1459 3459 1528 3512 70
1556 3467 1603 3512 et
1642 3473 1779 3528 seqq.
1801 3458 1842 3528 ),

248 3552 514 3608 credibile
543 3552 670 3609 ﬁet.
714 3554 920 3606 anilitas
949 3552 1064 3605 illas
1105 3568 1131 3604 a
1163 3552 1273 3605 Deo
1304 3552 1358 3605 iii
1389 3551 1644 3606 mundum
1674 3561 1845 3606 trans-

253 3647 439 3709 mitti,
489 3655 544 3700 ut
583 3661 649 3699 ex
681 3645 894 3699 feminis
935 3655 1105 3710 ortm,
1157 3644 1406 3698 erunibus
1429 3687 1441 3710 ,
1487 3659 1605 3713 quae
1632 3645 1699 3698 ab
1730 3645 1847 3712 ipso

258 3740 533 3795 uberrime
555 3748 914 3810 exponuntur,
946 3738 1182 3792 infantiae
1209 3749 1369 3809 atque
1401 3739 1625 3792 aliarum
1661 3745 1844 3808 postea

253 3845 483 3890 :etatum
509 3835 731 3889 miseriis
755 3877 769 3900 ,
799 3833 1051 3887 aerumnis
1077 3873 1088 3895 ,
1123 3833 1515 3886 calamitatibus
1536 3873 1550 3897 ,
1591 3833 1805 3886 casibus
1828 3873 1842 3896 ,

251 3930 494 3990 damnis,
527 3929 899 3992 incommodis,
942 3927 1117 3996 pravis
1157 3927 1318 3980 animi
1348 3926 1648 3990 affectibus”,
1682 3926 1842 3992 vitiis,

251 4021 529 4093 peceatis,
573 4020 899 4082 sceleribus,
951 4017 1162 4089 flagitiis
1189 4059 1202 4083 ,
1251 4017 1530 4072 maleficiis
1553 4060 1566 4082 ,
1619 4014 1846 4088 aliisque

252 4115 413 4170 malis
441 4115 545 4168 sint
577 4111 846 4168 obnoxias.

332 4193 516 4276 Neque
563 4206 678 4261 vult
718 4205 819 4259 sibi
861 4203 1178 4273 responderi
1223 4202 1344 4257 illas
1389 4217 1484 4256 sua
1531 4201 1844 4267 voluntate,

251 4315 364 4356 non
395 4301 484 4354 Dei
512 4299 665 4369 jussu
692 4297 797 4353 huc
825 4298 1058 4352 venisse.
1084 4295 1103 4368 (
1132 4294 1269 4349 Ibid.
1293 4339 1307 4360 ,
1342 4309 1462 4366 pag.
1495 4295 1566 4349 75
1591 4304 1635 4348 et
1664 4309 1799 4364 seqq.
1830 4291 1848 4365 )

253 4395 392 4452 Nam
432 4393 475 4447 si
519 4406 608 4447 res
645 4393 715 4445 ita
742 4392 843 4450 sit,
885 4389 1230 4458 omnipotens
1259 4388 1396 4443 Deus
1428 4387 1704 4457 pnuvidit,
1751 4399 1849 4442 nec

253 4489 396 4542 sicut
425 4494 650 4556 poterat,
679 4483 970 4552 prohibuit,
1002 4497 1069 4536 ne
1098 4481 1200 4534 illm
1232 4481 1386 4551 primi
1417 4479 1651 4534 ntuniui
1677 4480 1838 4534 sobo-

1945 3265 1990 3318 si
2018 3275 2200 3319 essent
2224 3265 2421 3320 divinae
2443 3306 2456 3328 ,
2492 3277 2546 3321 et
2578 3268 2757 3320 omnia
2787 3266 2915 3320 o'lim
2941 3267 3354 3334 cognovissent,
3394 3266 3534 3319 milia

1946 3373 2065 3412 esse
2104 3371 2285 3428 posset
2328 3361 2467 3414 inter
2498 3359 2748 3414 homines
2778 3359 2882 3413 ulla
2925 3361 2992 3414 de
3022 3376 3078 3412 re
3106 3359 3391 3413 dissensio.
3436 3353 3527 3411 At-

1945 3453 2032 3522 qui
2076 3453 2176 3507 hoc
2215 3453 2558 3509 falsissimum
2606 3468 2726 3509 esse
2765 3457 2884 3524 quis
2926 3454 3124 3507 mentis
3161 3465 3274 3506 suto
3313 3462 3537 3520 compos

1949 3562 2197 3616 umquam
2229 3550 2443 3618 negabit
2465 3549 2488 3601 ‘l

2019 3639 2172 3695 Plato
2215 3631 2392 3696 tamen
2437 3642 2577 3697 hanc
2619 3643 2955 3713 quantumvis
2999 3641 3285 3696 absurdam
3322 3641 3534 3711 opinio-

1949 3749 2093 3796 nem,
2125 3749 2285 3807 atque
2312 3747 2365 3791 ut
2387 3747 2536 3807 putat
2558 3738 2886 3803 Lactantius,
2913 3753 2976 3790 ex
3008 3745 3282 3807 poetarum
3309 3737 3560 3807 ligmcn—'

1951 3831 2020 3884 tis
2051 3830 2294 3884 haustam
2321 3876 2334 3896 ,
2369 3832 2693 3886 confirmare
2724 3833 2877 3885 sicuti
2921 3831 3111 3885 Cicero
3152 3831 3312 3884 etiam
3343 3830 3532 3883 obser-

1948 3932 2069 3986 vat,
2111 3924 2299 3977 nititur
2345 3924 2594 3994 exemplo
2644 3921 2918 3991 pusionis,
2970 3926 3059 3993 qui
3102 3925 3171 3976 de
3211 3923 3534 3992 genrtnetrica

1949 4015 2283 4072 dimensione
2325 4019 2686 4088 interrogatus
2713 4037 2727 4084 ε
2777 4018 2854 4071 sic
2883 4017 3208 4087 respondet,
3239 4016 3390 4086 quasi
3422 4017 3538 4071 sine

1950 4111 2207 4180 magistro
2247 4111 2601 4181 geometriam
2648 4111 2898 4164 didicerit
2937 4112 2957 4181 (
2989 4109 3161 4170 Plato,
3196 4111 3249 4163 in
3281 4105 3490 4162 Menon.
3520 4152 3536 4176 ,

1951 4213 2072 4256 tam.
2106 4219 2164 4268 ιι,
2192 4209 2309 4274 pag.
2343 4204 2412 4260 8%
2437 4208 2484 4257 et
2506 4219 2667 4275 ωιᾳά
2695 4203 2881 4267 ϐίων..
2911 4201 2999 4256 lib.
3028 4219 3041 4257 ι
3069 4201 3277 4256 Tuscul.
3326 4211 3535 4271 qumL;

1952 4317 2068 4371 pag.
2105 4300 2208 4354 124
2231 4341 2244 4366 ,
2273 4301 2364 4354 lin.
2393 4299 2464 4354 24
2492 4300 2531 4370 ).
2568 4295 2758 4354 Verum
2787 4297 2919 4352 illud
2960 4296 3228 4367 opinionis
3259 4305 3540 4350 commen-

1952 4400 2060 4446 lnm
2089 4393 2194 4446 alio
2223 4393 2405 4454 simili,
2436 4392 2528 4447 sed
2557 4394 2713 4463 longe
2740 4390 3030 4446 efficaciorl
3061 4390 3314 4459 exempli)
3343 4391 3410 4442 πι»
3435 4391 3538 4445 Ar-

1951 4489 2112 4543 uobio
2139 4491 2323 4542 mistro
2353 4489 2667 4544 destrttitttr.
2699 4486 2799 4553 Sit,
2834 4481 3046 4559 inquii(
3082 4486 3270 4540 Ariwb.
3301 4527 3313 4551 ,
3348 4487 3436 4541 lib.
3469 4501 3523 4552 il,

257 4582 373 4645 les,
417 4580 469 4632 in
509 4589 584 4632 tot
610 4585 860 4646 tantaque
891 4576 1198 4631 laberentur
1229 4574 1453 4628 crimina
1475 4613 1489 4638 ,
1519 4582 1575 4628 et
1610 4571 1804 4641 ﬂagitia
1830 4611 1845 4637 ,
1874 4563 1928 4626 Π
1954 4597 2075 4651 pag.
2106 4582 2174 4635 57
2205 4591 2251 4634 et
2283 4595 2420 4652 seqq.
2441 4580 2459 4651 )
2483 4623 2499 4646 ,
2531 4591 2664 4651 puer
2689 4581 2883 4651 aliquis
2914 4579 2966 4634 itt
2995 4579 3360 4635 secretissimo
3399 4579 3538 4644 loco,

256 4687 436 4742 neque
460 4678 537 4725 tot
562 4679 816 4737 tantaque
852 4669 1085 4732 damna,
1121 4667 1342 4721 adversa
1367 4705 1381 4732 ,
1432 4680 1494 4720 ac
1528 4666 1849 4720 detrimenta

260 4776 600 4840 paterentur.
635 4769 701 4818 At
725 4779 854 4818 sane
893 4762 1155 4834 quisquis,
1188 4777 1308 4816 cum
1343 4770 1538 4830 potest,
1571 4759 1708 4813 mala
1743 4772 1848 4812 non

258 4861 522 4932 impedit,
561 4859 656 4915 sed
702 4858 992 4928 permittit,
1038 4871 1224 4910 eorum
1271 4870 1432 4910 causa
1470 4864 1573 4908 est.
1621 4853 1848 4922 lmpium

258 4972 396 5012 vero
439 4955 586 5009 dictu
626 4957 788 5010 Deum
819 4951 1273 5022 sapientissimum
1321 4960 1375 5006 et
1410 4949 1846 5019 benignissimum

259 5060 344 5105 tot
372 5058 744 5130 nullorumque
775 5045 1036 5098 malorum
1069 5059 1190 5100 esse
1214 5058 1432 5098 causam
1459 5084 1474 5109 ,
1503 5058 1674 5112 eoque
1695 5042 1848 5096 sicuti

261 5154 496 5214 poterat,
545 5156 650 5193 non
695 5138 1038 5209 prohibente,
1086 5143 1291 5191 animas
1341 5136 1486 5204 prius
1534 5136 1750 5200 felices,
1796 5133 1851 5189 et

257 5236 438 5292 omnis
467 5236 711 5288 humana:
736 5232 1070 5302 eontagiunis
1097 5240 1378 5300 eXpertes,
1425 5230 1490 5284 ad
1515 5231 1763 5284 miseram
1797 5238 1851 5283 et

259 5331 334 5385 ad
359 5345 520 5384 omne
565 5328 788 5382 sceleris
817 5341 989 5396 genus
1018 5327 1306 5394 proclivem
1348 5324 1623 5378 hominum
1667 5321 1851 5377 condi-

261 5427 473 5479 tionem
519 5423 657 5478 mitti
686 5437 750 5477 ac
777 5421 971 5489 redigi.
1025 5419 1212 5474 Nonne
1241 5421 1379 5474 Deus
1414 5420 1643 5488 perfecta
1674 5419 1852 5472 omnia

262 5519 395 5574 facit
420 5558 434 5583 ,
461 5525 512 5571 et
536 5517 839 5587 integritatis
869 5531 974 5569 sure
999 5556 1013 5581 ,
1049 5515 1186 5568 sicut
1210 5516 1285 5568 ait
1310 5513 1580 5569 Arnobius
1603 5556 1617 5582 ,
1645 5525 1850 5568 caruere

259 5612 745 5666 vantiamansiones
774 5609 902 5678 (ms.
934 5606 1085 5679 cod.)
1106 5608 1408 5671 mentiones,
1436 5621 1529 5661 seu
1561 5607 1854 5662 dimensio-

261 5724 384 5775 nes,
416 5707 572 5761 sicuti
603 5721 666 5760 ex
696 5705 956 5760 Cicerone
980 5703 1273 5774 probatur?
1311 5700 1329 5772 (
1363 5702 1524 5756 (liter.
1554 5701 1644 5755 lib.
1678 5701 1850 5764 Orat,

261 5819 389 5875 pag.
422 5799 598 5873 268.)
639 5799 748 5856 Nec
794 5799 963 5856 semel
1005 5794 1240 5870 quidem,
1274 5807 1374 5852 nec
1401 5796 1553 5866 quasi
1582 5811 1678 5868 per
1704 5805 1851 5851 tran-

1952 4683 2007 4730 et
2058 4675 2126 4728 ab
2178 4677 2452 4729 hominum
2500 4673 2738 4730 otnnlum
2795 4674 3126 4729 habitatione
3178 4673 3540 4728 remotissima

1954 4778 2136 4833 natus,
2165 4783 2228 4822 ac
2260 4780 2522 4838 perpetuo
2545 4769 2596 4821 in
2620 4769 2834 4823 silentio
2855 4809 2868 4831 ,
2903 4769 3020 4822 sine
3044 4767 3147 4820 ulla
3182 4775 3330 4820 veste
3354 4808 3367 4826 ,
3401 4765 3538 4818 imo-

1953 4877 2057 4931 que
2081 4871 2284 4915 tantum
2315 4861 2458 4927 cibo,
2481 4870 2533 4914 et
2557 4876 2690 4930 aqua
2711 4861 2820 4914 sola
2847 4861 2911 4914 ad
2940 4861 3272 4914 tricesimum
3300 4859 3380 4912 vel
3412 4873 3541 4928 qua-

1951 4953 2308 5023 dragesimum
2333 4953 2506 5008 astatis
2546 4969 2656 5006 suae
2684 4963 2880 5006 annum
2908 4954 3166 5007 educatus
3196 4968 3256 5006 ac
3284 4951 3535 5007 nutritus.

1955 5046 2191 5102 Prodeat
2217 5045 2420 5101 deinde
2458 5047 2508 5099 in
2545 5045 2822 5100 hominum
2849 5055 3045 5100 emtum
3071 5087 3085 5112 ,
3119 5055 3278 5115 atque
3311 5046 3538 5099 interro-

1953 5153 2110 5212 getur
2129 5143 2197 5198 de
2223 5154 2376 5211 patre
2419 5157 2518 5196 suo
2544 5183 2558 5206 ,
2592 5140 2658 5195 de
2686 5156 2780 5195 sua
2808 5139 3124 5196 educatione
3163 5149 3218 5194 et
3246 5140 3406 5195 domo
3430 5182 3444 5204 ,
3473 5145 3540 5196 de

1955 5238 2119 5291 variis
2190 5236 2418 5291 vcstimn
2487 5235 2839 5306 ciborumque
2893 5235 3220 5306 generibus,
3274 5235 3341 5288 dc
3391 5234 3538 5300 Sole,

1954 5325 2102 5399 luna,
2134 5341 2299 5395 terra,
2327 5332 2394 5387 de
2422 5332 2742 5402 geometria,
2772 5333 2925 5386 sicuti
2957 5331 3198 5385 Platonis
3242 5329 3416 5399 pusio,
3451 5340 3543 5382 aut

1955 5425 2058 5480 alia
2087 5425 2324 5495 qualibet
2353 5425 2636 5496 disciplina
2659 5468 2673 5490 ,
2707 5440 2883 5479 nonne
2916 5424 3006 5479 ille
3028 5439 3091 5478 ea
3122 5419 3302 5476 oninia
3327 5421 3536 5492 ignora-

1956 5518 2051 5583 bit,
2078 5528 2133 5573 et
2160 5521 2348 5589 magis,
2374 5535 2532 5591 quam
2557 5520 2741 5588 piscis,
2773 5526 2952 5572 mutus
2979 5517 3121 5570 erit?
3150 5516 3204 5569 Si
3231 5531 3390 5586 quam
3417 5529 3544 5568 vero

1956 5628 2142 5668 vocem
2175 5613 2426 5672 emittere
2457 5624 2699 5686 cegatur,
2728 5609 3014 5683 quamdam
3045 5609 3271 5665 minime
3298 5601 3548 5662 articola-

1957 5715 2065 5761 tam
2098 5703 2306 5761 reddet.

2032 5799 2120 5857 Ad
2154 5800 2409 5862 Platonis
2439 5791 2618 5857 autem
2649 5798 2936 5868 pusionem
2963 5797 3115 5868 quod
3148 5802 3360 5864 spectat
3380 5831 3396 5858 ,
3439 5803 3568 5846 cou-
