4158 6264
631 319 741 379 479

1881 326 2068 384 DISSE
2078 329 2328 386 RTA'I‘IO
2365 331 2450 388 PR
2459 329 2640 390 EVIA

3804 343 3913 402 480

635 439 809 495 tendit
827 438 1100 496 Arnobius
1139 439 1322 504 illum,
1355 438 1398 493 si
1428 449 1576 494 recte
1614 440 1957 512 interrogatis
1992 459 2214 515 respon-
2243 449 2294 506 A
2319 449 2587 502 retinentia
2650 448 2812 502 nobis.
2888 449 2991 507 Sed
3049 453 3194 524 prior
3247 455 3404 511 lectio
3458 454 3680 512 Arno‘bii
3735 463 3906 517 nostri

635 533 750 602 det,
779 550 886 591 non
909 551 974 590 ex
1007 535 1107 601 iis,
1140 551 1261 607 qua!
1289 535 1690 592 reminiscendo
1712 541 2088 610 recognoscit,
2121 543 2217 598 scd

635 641 704 681 ex
761 626 880 680 aliis
910 667 926 688 ,
970 642 1091 698 qute
1129 626 1447 696 quotidiano
1485 645 1584 683 usu
1623 630 1902 697 didicerat,
1957 632 2087 690 dare
2135 652 2221 691 re-

634 733 854 788 sponsa.
886 718 1223 791 Quapropter
1257 721 1382 776 hinc
1407 732 1597 778 auctor
1627 726 2219 793 nosterfconcludittota

633 812 717 866 via
764 827 978 869 errasse
1024 813 1303 869 Platonem
1333 814 1525 884 (Plat.,
1565 818 1622 871 in
1657 816 1848 873 Timaeo
1876 860 1890 883 ,
1948 829 2070 880 tam.
2121 839 2215 888 ιιι,

633 920 756 975 pag.
786 905 849 959 M
882 905 940 975 ),
969 905 1060 976 qui
1089 907 1341 977 opinatur
1373 908 1579 963 animas
1620 911 1896 966 hominum
1929 913 2138 970 divinas
2165 927 2219 971 et

632 999 871 1055 scientiis
901 1000 1153 1056 omnibus
1176 1002 1430 1069 imbutas,
1463 1004 1514 1057 in
1538 1005 1678 1060 hunc
1708 1006 1964 1062 mundum
1995 1024 2060 1064 ex
2084 1011 2219 1067 vivis

633 1094 851 1164 prodire
883 1095 1202 1151 crateribus.
1255 1096 1362 1152 Sed
1403 1096 1679 1153 fatendum
1723 1102 1888 1155 estin
1920 1101 2018 1156 hac
2056 1119 2216 1175 argu-

635 1190 968 1246 mentatione
999 1192 1300 1247 Arnobium
1330 1192 1566 1263 plurium
1598 1209 1778 1248 rerum
1805 1235 1820 1261 ,
1877 1211 1995 1266 quae
2026 1212 2214 1268 parum

636 1282 703 1336 ad
753 1298 871 1338 eam
921 1283 1333 1352 conducebant,
1388 1288 1798 1343 enumeratione
1846 1290 2013 1346 multo
2061 1307 2214 1361 esse,

636 1391 794 1446 quam
826 1391 921 1444 par
948 1386 1084 1444 erat,
1119 1377 1436 1449 longiorem.

705 1467 954 1524 Pressius
981 1469 1162 1538 itaque
1196 1480 1250 1526 et
1283 1473 1460 1527 acrius
1493 1473 1583 1528 ille
1620 1474 1901 1532 Platonem
1934 1478 2012 1534 sic
2038 1490 2213 1551 urget.

632 1558 689 1615 Si
715 1560 890 1614 anima
921 1561 1250 1630 quibuslibet
1290 1563 1554 1620 doctrinis
1582 1567 1789 1622 erudita
1816 1611 1828 1633 ,
1875 1569 1926 1624 in
1955 1572 2212 1627 mundum

633 1653 804 1720 venit,
835 1653 1030 1710 docere
1053 1657 1250 1724 potius,
1279 1672 1438 1728 quam
1461 1658 1675 1715 discere
1705 1661 1968 1737 deberet(
1996 1665 2214 1733 Arnob.,

635 1745 721 1801 lib.
755 1763 824 1813 ιι,
871 1765 992 1820 pag.
1037 1750 1098 1804 61
1132 1749 1173 1822 ).
1225 1749 1411 1821 Neque
1452 1752 1608 1807 Plato
1647 1755 1872 1824 ejusque
1917 1769 2216 1815 sectatores

2322 543 2643 597 auctoritate
2692 545 3003 602 conﬁrmari
3035 548 3264 604 videtur.
3321 551 3395 607 lbi
3427 562 3607 608 autem
3637 559 3914 626 repetentia

2320 633 2460 690 idem
2489 644 2646 706 atque
2670 639 2966 695 recordatio
2995 642 3274 712 significat.

2925 773 3220 814 ARTICULUS
3249 775 3306 813 ΙΙ.

2322 883 2450 957 Num
2468 895 2604 957 recte
2629 890 2870 957 Arnobius
2886 890 3073 957 dixerit
3090 893 3328 942 incertam
3342 907 3466 957 _esse
3491 895 3714 957 humanm
3739 899 3913 949 animte

2382 951 2647 1022 originem:
2664 962 2810 1022 atque
2837 955 2887 1002 in
2909 954 3119 1005 Simonis
3141 958 3288 1022 magi,
3335 951 3606 1022 Saturnini,
3635 958 3914 1022 Carpocra-

2383 1012 2463 1079 iis,
2491 1019 2542 1060 et
2564 1012 2987 1079 Seleuciauorum,
3013 1031 3121 1066 eam
3145 1019 3208 1066 ab
3220 1012 3345 1077 'alio,
3393 1033 3538 1079 quam
3566 1012 3671 1071 Deo
3696 1012 3912 1072 creatam

2384 1072 2533 1148 fuisse
2557 1076 2912 1148 adiuuantium,
2958 1072 3180 1130 errorem
3218 1072 3500 1144 impege'rit,
3543 1097 3636 1134 nec
3657 1087 3912 1148 cognitum

2383 1137 2470 1199 ipsi
2495 1138 2641 1188 fuerit
2662 1140 2902 1203 originale
2922 1151 3192 1204 peccatum.

2391 1288 2556 1345 Nemo
2600 1307 2729 1346 sane
2768 1290 3079 1349 d‘illitebitur
3118 1311 3304 1351 verum
3345 1311 3470 1353 esse
3494 1339 3509 1364 ,
3551 1298 3693 1368 quod
3732 1300 3893 1356 docet

2321 1381 2589 1438 Arnobius
2619 1384 2636 1455 (
2663 1385 2877 1453 Arnob.,
2925 1387 3012 1440 lib.
3044 1404 3103 1453 ιι,
3148 1406 3267 1459 pag.
3309 1389 3421 1461 55)
3448 1432 3463 1454 ,
3504 1405 3696 1448 omnes
3735 1392 3915 1448 hoiui-

2322 1490 2447 1529 num
2498 1477 2702 1531 animas
2746 1493 2812 1533 ex
2857 1493 2964 1533 uno
3013 1479 3315 1552 eodemque
3363 1481 3538 1558 fonte,
3557 1481 3902 1552 proﬂuxisse.

2323 1566 2454 1633 Quis
2493 1569 2560 1622 sit
2590 1579 2768 1625 autem
2801 1571 2886 1626 hic
2907 1570 3058 1639 fons,
3094 1573 3237 1628 unde
3265 1575 3368 1628 illa:
3399 1572 3755 1644 proﬂuxerint
3781 1620 3794 1644 ,
3827 1575 3905 1630 ita

2321 1662 2535 1731 quidem
2563 1664 2794 1733 explicat
2821 1675 2879 1720 ut
2906 1667 3210 1736 gravissimi
3239 1669 3444 1722 erroris
3465 1710 3481 1733 ,
3526 1685 3633 1739 quo
3668 1686 3790 1724 eum
3822 1671 3909 1724 in-

2321 1765 2528 1811 certum
2557 1771 2676 1811 esse
2706 1757 2974 1828 signilicat
2999 1801 3014 1826 ,
3065 1759 3206 1814 haud
3237 1759 3396 1830 plane
3423 1760 3694 1817 immerito
3720 1771 3912 1833 postu-

635 1839 966 1908 respondere
990 1849 1241 1910 poterant
1265 1859 1384 1898 eam
1404 1887 1418 1911 ,
1469 1861 1593 1900 cum
1621 1862 1853 1918 corpore
1875 1851 2220 1923 circumliga-
2250 1845 2298 1903 B
2327 1847 2484 1905 letur.

635 1937 724 1983 tur
743 1971 758 1996 ,
803 1945 874 1984 ex
903 1931 1060 1987 docta
1091 1931 1205 1988 ﬁeri
1235 1936 1620 1992 elementariam
1647 1982 1661 2008 ,
1696 1939 1748 1994 id
1775 1950 1860 1996 est
1885 1985 1899 2008 ,
1935 1953 1992 1998 ut
2022 1959 2088 1999 ex
2115 1943 2216 2000 Se-

633 2039 768 2080 neca
825 2025 1176 2098 intelligitur,
1234 2030 1425 2100 primis
1481 2031 1766 2089 elementis
1821 2035 2218 2094 informandum

637 2117 808 2191 (Sen.
834 2162 848 2186 ,
901 2123 1054 2191 epist.
1083 2122 1189 2179 506
1219 2165 1232 2189 ,
1277 2142 1396 2196 pag.
1428 2125 1534 2181 102
1560 2127 1600 2198 ).
1651 2128 1752 2197 Qui
1790 2131 1935 2185 enim
1981 2131 2216 2188 discerni

638 2224 822 2283 posset
863 2223 1044 2270 utrum
1076 2217 1389 2274 recordetur
1419 2219 1657 2290 priorum
1683 2264 1699 2290 ,
1747 2224 1827 2278 vel
1862 2239 1996 2280 nova
2025 2225 2220 2283 docea-

641 2315 728 2361 tur
754 2307 816 2378 ἱνὲ

707 2401 788 2457 Ad
819 2401 934 2458 btec
964 2419 1098 2460 vero
1123 2447 1140 2474 ,
1184 2407 1362 2463 anima
1403 2409 1725 2482 incorporea
1769 2421 1825 2468 et
1853 2414 2177 2470 immortalis
2200 2457 2214 2480 ,

633 2495 810 2565 qualis
845 2497 915 2552 ab
941 2498 1020 2553 eis
1047 2514 1168 2556 esse
1197 2501 1460 2558 asseritur
1479 2549 1494 2573 ,
1530 2506 1679 2560 nullo
1706 2509 1954 2577 corporis
1985 2510 2216 2577 impedi-

636 2597 820 2644 mento
862 2600 1041 2660 potest
1083 2594 1323 2649 omnium
1372 2597 1520 2666 prius
1565 2601 1900 2671 cognitorum
1947 2603 2217 2659 oblivisci.

633 2680 690 2736 Si
722 2681 775 2736 in
806 2697 867 2737 ea
898 2685 1096 2740 etenim
1144 2695 1287 2742 tanta
1316 2688 1409 2743 liat
1436 2693 1662 2746 mutatio
1682 2733 1697 2755 ,
1747 2693 1951 2764 aliquid
1990 2694 2057 2751 de
2085 2696 2218 2751 inte-

631 2775 827 2843 gritate
855 2792 949 2830 sua
983 2776 1204 2847 perdet,
1237 2789 1396 2852 atque
1428 2785 1500 2837 ita
1528 2786 1802 2856 corrumpi
1833 2788 2072 2856 poterit,
2120 2804 2220 2843 nec

630 2869 863 2940 amplius
891 2871 997 2927 erit
1026 2874 1366 2938 immortalis,

704 2965 993 3035 Praeterea,
1027 2969 1073 3022 si
1101 2983 1299 3039 corpus
1330 2971 1523 3027 animae
1552 2973 1746 3029 inferat
1772 2976 2014 3044 pristinae
2042 2979 2218 3034 omnis

633 3057 873 3114 scientia:
911 3070 967 3115 et
1002 3061 1322 3132 cognitionis
1349 3064 1675 3122 oblivionem
1703 3110 1718 3135 ,
1768 3069 2039 3138 quomodo
2077 3071 2218 3127 scire

633 3161 812 3220 potest
839 3167 899 3208 se
933 3154 1082 3222 prius
1129 3156 1444 3212 instructam
1477 3159 1723 3216 scientiis
1743 3203 1758 3226 ,
1789 3163 2071 3218 obstaculo
2093 3181 2216 3221 cor-

631 3243 799 3312 poris,
827 3259 1014 3300 earum
1043 3249 1283 3304 omnium
1313 3265 1435 3307 esse
1457 3253 1676 3308 oblitam
1701 3254 1724 3307 ?

706 3335 948 3408 Denique
974 3341 1019 3394 si
1043 3341 1190 3396 senis
1217 3341 1450 3398 hominis
1471 3347 1644 3400 anima
1672 3347 1739 3402 ab
1765 3351 2054 3419 octoginta,
2084 3367 2148 3408 ac
2173 3354 2218 3408 si

634 3429 770 3485 velis
797 3434 1084 3502 nonaginta
1115 3447 1168 3491 et
1199 3439 1430 3506 amplius
1469 3443 1625 3495 annis
1655 3457 1885 3514 corpore
1923 3447 2172 3502 conclusa
2199 3493 2214 3516 ,

635 3537 816 3578 rerum
847 3525 984 3596 jante
1025 3529 1406 3601 quinquaginta
1449 3541 1503 3586 et
1541 3536 1818 3605 sexaginta
1865 3551 2036 3593 annos
2074 3552 2219 3595 acta-

634 3631 774 3681 rum,
801 3619 1159 3691 nequidquam
1188 3623 1516 3692 impediente
1536 3641 1785 3697 corpore,
1816 3631 2091 3696 meminit;
2122 3649 2219 3688 cur

638 3712 818 3766 omnia
866 3729 988 3783 quae
1031 3724 1317 3787 antequam
1361 3719 1414 3773 in
1458 3734 1657 3795 corpus
1707 3723 2049 3790 mitteretur,
2099 3740 2219 3780 eam

635 3805 838 3873 optime
865 3821 1028 3861 nosse
1057 3809 1240 3873 aiunt,
1275 3811 1375 3880 ipsi
1406 3821 1591 3881 postea
1618 3813 1888 3870 excidisse
1919 3825 2026 3870 tam
2056 3820 2220 3886 perti-

643 3896 852 3952 naciter
878 3901 1239 3956 asseverant?

712 3989 790 4044 Ea
824 4007 984 4061 porro
1016 4005 1142 4049 sunt
1169 3997 1392 4051 Arnobii
1433 4011 1744 4069 argumenta
1785 4043 1801 4067 ,
1847 4017 1966 4072 quae
2003 4003 2218 4074 quidem

634 4085 813 4140 omnia
842 4087 945 4142 etsi
986 4103 1094 4144 non
1120 4090 1366 4160 ejusdem
1395 4094 1501 4148 sint
1521 4094 1778 4163 ponderis
1803 4137 1818 4160 ,
1850 4113 2010 4153 nemo
2039 4107 2221 4156 tamen

634 4177 954 4236 dilﬁtebitur
980 4181 1046 4236 iis
1075 4184 1330 4239 omnibus
1351 4201 1592 4241 errorem
1617 4189 1856 4244 Platonis
1884 4191 2039 4259 plane
2068 4195 2221 4262 peni-

635 4278 828 4342 tusque
870 4273 1098 4330 destrui.
1148 4276 1231 4331 Ad
1275 4277 1443 4346 ipsius
1475 4289 1652 4333 autem
1681 4281 1906 4337 Aruobii
1946 4282 2014 4336 de
2040 4283 2220 4339 homi-

633 4378 760 4418 num
803 4365 981 4420 anima
1023 4367 1400 4436 explicandam
1445 4370 1752 4441 opinionem
1799 4385 2086 4445 antequam
2130 4392 2222 4447 ag-

634 4453 981 4524 grediamur,
1035 4457 1188 4527 juvat
1239 4460 1500 4530 quosdam
1550 4464 1981 4521 animadvertere
2031 4469 2223 4526 modos

633 4544 887 4616 loquendi
913 4590 928 4612 ,
971 4565 1108 4618 quos
1139 4551 1230 4606 ille
1261 4552 1313 4606 in
1342 4552 1443 4607 hac
1473 4554 1836 4625 disputatione
1865 4574 1929 4614 ex
1960 4559 2218 4618 Lucretio

2395 1942 2633 1998 Primum
2660 1945 2803 2000 enim
2829 1943 3089 2000 Ethnicos
3115 1946 3341 2013 inducit,
3369 1947 3456 2017 qui
3480 1947 3547 2002 ab
3576 1948 3696 2018 ipso
3715 1949 3917 2018 exqui-

2324 2045 2481 2099 runt,
2507 2052 2612 2105 quo
2640 2019 2860 2092 auctore
2899 2039 3195 2109 progenita:
3217 2081 3232 2105 ,
3280 2048 3335 2094 et
3373 2039 3643 2110 quomodo
3668 2040 3912 2111 prolatae

2322 2130 2428 2182 sint
2450 2131 2645 2184 animae
2669 2171 2684 2196 ,
2710 2146 2772 2185 ac
2803 2141 2980 2185 utrum
3011 2131 3150 2187 Deus
3177 2131 3384 2187 illarum
3417 2147 3613 2202 parens
3653 2143 3707 2188 et
3754 2148 3918 2187 crea-

2323 2233 2407 2278 tor
2435 2223 2454 2295 (
2481 2222 2642 2287 lbid.,
2673 2241 2794 2294 pag.
2827 2223 2896 2278 75
2921 2235 2967 2277 et
2989 2242 3126 2294 seqq.
3154 2224 3194 2298 ).
3240 2225 3374 2294 Quid
3407 2241 3536 2281 vero
3565 2224 3646 2280 his
3677 2239 3915 2296 respou-

2321 2316 2449 2371 dere
2491 2317 2686 2386 putas?
2714 2318 2878 2374 Plane
2907 2323 3130 2373 omnino
3169 2330 3328 2390 atque
3355 2316 3583 2391 ingenue
3619 2321 3826 2374 fatetur
3855 2321 3915 2375 id

2320 2426 2428 2465 non
2459 2411 2630 2465 solum
2659 2412 2832 2476 nobis,
2862 2412 2956 2467 sed
2987 2413 3237 2468 omnibus
3261 2415 3445 2479 etiam,
3466 2428 3586 2485 quae
3613 2413 3664 2468 in
3696 2414 3908 2468 mundo

2323 2512 2481 2566 sunt,
2536 2505 2888 2574 potestatibus
2931 2520 3052 2560 esse
3096 2508 3534 2577 incompertum,
3586 2521 3918 2575 omnemque

2321 2614 2506 2654 earum
2535 2612 2584 2654 et
2609 2599 2845 2654 uestram
2874 2615 3130 2668 superare
3161 2601 3543 2671 cognitionem.

2394 2696 2460 2748 At
2502 2696 2770 2751 instabant
2812 2696 3027 2752 Ethnici
3059 2715 3072 2750 :
3099 2696 3154 2752 Si
3189 2708 3365 2752 tecum
3400 2696 3684 2752 christiani
3714 2705 3922 2767 negent

2321 2789 2526 2842 animas
2561 2805 2588 2842 a
2626 2791 2734 2844 Deo
2762 2803 2972 2845 creatas
2995 2833 3008 2853 ,
3055 2791 3206 2846 vobis
3242 2790 3431 2845 saltem
3467 2789 3903 2860 patefacieudmn

2323 2882 2580 2936 incumbit
2608 2900 2636 2935 a
2664 2898 2771 2954 quo
2800 2884 2909 2937 sint
2940 2893 3257 2952 procreatae.
3297 2883 3403 2940 Sed
3437 2883 3541 2936 hoc
3569 2896 3779 2953 quoque
3811 2882 3909 2936 ille

2322 2975 2533 3043 penitus
2563 2975 2852 3030 inliciatur.
2883 2974 3029 3030 Citra
3061 2991 3274 3030 omnem
3301 2976 3580 3030 enimvero
3607 2976 3908 3045 reprehcn~

2321 3059 2528 3114 sionem
2555 3103 2570 3127 ,
2601 3061 2800 3131 inquit,
2835 3063 3046 3116 nescire
3091 3077 3376 3131 possumus
3404 3062 3706 3115 animarum
3735 3061 3913 3131 origi-

2321 3170 2484 3219 nem,
2532 3164 2586 3208 et
2610 3157 2748 3210 scire
2789 3165 2967 3212 tamen
3008 3172 3101 3212 eas
3145 3171 3250 3211 non
3283 3171 3404 3212 esse
3433 3157 3523 3211 Dei
3551 3157 3863 3226 progeniem
3893 3199 3912 3223 ,

2244 3243 2288 3304 C
2323 3265 2496 3320 neque
2543 3249 2612 3304 ab
2658 3251 2751 3304 illo
2791 3259 3122 3320 procreatas.
3177 3250 3244 3305 Et
3283 3260 3432 3306 certe
3462 3251 3552 3321 qui
3585 3250 3702 3304 illas
3731 3265 3759 3305 a
3793 3251 3914 3306 Deo

2322 3342 2488 3396 factas
2511 3385 2525 3408 ,
2559 3351 2614 3396 et
2643 3343 2692 3396 in
2727 3342 3000 3397 hominum
3033 3357 3232 3412 corpus
3259 3345 3446 3398 venire
3469 3345 3862 3399 existimabant
3887 3389 3906 3412 ,

2324 3435 2451 3488 nihil
2500 3437 2656 3504 plane
2705 3436 2952 3490 dicebant
2997 3437 3130 3490 certi
3177 3445 3233 3490 et
3273 3435 3569 3504 explorati;
3619 3437 3716 3492 sed
3761 3439 3908 3507 quod

2321 3527 2628 3596 conjectura
2685 3537 2889 3583 tantum
2942 3544 3004 3584 ac
3062 3530 3370 3599 suspicione
3419 3530 3654 3584 assecuti
3722 3540 3905 3584 erant.

2321 3619 2450 3687 Qua:
2473 3631 2651 3676 autem
2679 3663 2693 3685 ,
2718 3623 2793 3676 ait
2821 3622 3115 3678 Arnobius.
3147 3623 3469 3692 suspicionis
3498 3634 3554 3679 et
3578 3625 3914 3694 conjecturae.

2321 3723 2480 3785 atque
2513 3717 2731 3769 incerta:
2759 3715 3032 3785 Opinionis
3064 3726 3115 3770 et
3147 3717 3464 3786 ignorantia:
3491 3715 3842 3772 differentia?

2393 3807 2530 3875 Quid
2564 3821 2725 3877 porro
2765 3807 2982 3873 mirum,
3028 3809 3202 3878 pergit
3233 3809 3320 3863 ille
3353 3809 3372 3879 (
3403 3807 3538 3861 Ibid.
3567 3850 3582 3872 ,
3613 3827 3733 3880 pag.
3765 3810 3831 3864 78
3858 3823 3908 3864 et

2321 3916 2459 3969 seqq.
2496 3901 2514 3970 )
2545 3943 2560 3960 ,
2607 3899 2652 3954 si
2702 3900 3035 3970 incomperta
3084 3899 3238 3954 nobis
3290 3903 3361 3954 sit
3408 3901 3601 3955 animte
3655 3902 3909 3958 humana:

2323 3991 2472 4062 origo
2495 4034 2509 4055 ,
2538 4006 2657 4045 cum
2692 4007 2790 4047 nec
2817 3991 2985 4062 magis
3014 4002 3352 4062 perspectum
3383 3991 3673 4048 habeamus
3698 4037 3712 4059 ,
3759 3995 3910 4050 unde

2323 4083 2632 4138 animalium
2664 4086 2856 4140 anima:
2883 4085 3168 4139 oriantur?
3192 4083 3376 4154 Neque
3405 4085 3548 4140 enim
3579 4086 3660 4141 ha:
3687 4101 3750 4140 ex
3774 4085 3905 4141 [icto

2325 4175 2560 4230 Platonis
2604 4185 2815 4231 cratere
2836 4217 2851 4240 ,
2879 4175 3032 4244 cujus
3071 4175 3278 4230 scilicet
3309 4176 3363 4230 in
3399 4175 3602 4231 Timmo
3631 4179 3901 4243 meminit,

2323 4269 2416 4324 sed
2444 4285 2506 4324 ex
2529 4270 2811 4325 elementis
2837 4269 3096 4337 originem
3117 4269 3317 4324 ducere
3341 4268 3691 4338 perhibentur
3717 4269 3905 4338 (Plato

2324 4365 2379 4418 in
2406 4363 2612 4431 Tinam,
2641 4373 2860 4428 tom.ttt,
2891 4361 3340 4433 pag.4l).Verum
3365 4363 3558 4432 quibus
3574 4379 3640 4418 ex
3664 4363 3899 4419 elemeno

2326 4456 2425 4520 tis,
2470 4466 2560 4510 aut
2583 4455 2852 4526 quomodo
2892 4456 3020 4509 liant
3043 4497 3058 4521 ,
3101 4454 3332 4509 maxima
3361 4464 3444 4510 est
3480 4455 3623 4511 inter
3651 4456 3901 4526 philoso-

2325 4549 2479 4617 phos,
2508 4550 2645 4603 sicut
2674 4559 2728 4602 et
2749 4547 2816 4602 de
2845 4548 2965 4601 aliis
2981 4547 3160 4601 multis
3186 4546 3572 4617 quaistionibus
3596 4548 3901 4604 contentio.

635 4650 910 4696 mutuatus
935 4652 1039 4697 est.
1085 4644 1456 4711 Scribitfenim
1476 4688 1490 4710 ,
1523 4648 1568 4702 si
1600 4651 1795 4706 anima:
1825 4655 2104 4722 corporeis
2136 4656 2216 4708 in-

2325 4643 2399 4697 Ex
2429 4642 2623 4713 quibus
2652 4643 2740 4696 ille
2766 4641 3003 4711 colligit,
3035 4658 3191 4712 neque
3219 4657 3310 4696 eas
3359 4643 3489 4696 scire
3515 4644 3900 4711 compendium,

634 4734 972 4789 cursionibus
995 4735 1194 4792 cedttnt
1221 4758 1233 4793 :
1269 4738 1376 4794 Usu
1407 4752 1454 4793 et
1482 4741 1586 4797 illis
1615 4755 1689 4797 est
1718 4744 1839 4810 vita,
1882 4762 1982 4800 non
2024 4750 2222 4802 manci-

636 4831 723 4899 pio
752 4830 978 4901 tradita(
1008 4831 1223 4901 Arnob.,
1255 4834 1344 4901 lib,
1370 4851 1432 4904 tt,
1463 4853 1582 4907 pag.
1615 4836 1741 4908 62).
1776 4838 2061 4896 Lucretius
2089 4858 2218 4898 vero

636 4923 845 4979 dixerat
874 4942 886 4977 :

727 5035 938 5101 Vitaque
960 5041 1202 5104 mancipio
1225 5041 1344 5091 nulli
1365 5043 1525 5104 datur,
1543 5047 1771 5095 omnibus
1794 5061 1900 5096 usu.

1285 5124 1516 5190 (Lucret.,
1541 5125 1624 5178 lib.
1663 5143 1731 5190 ιιι,
1757 5142 1884 5182 vers.
1903 5129 2038 5192 984.)

637 5247 740 5301 hoc
767 5257 870 5311 est,
901 5249 1034 5304 nulli
1059 5252 1181 5306 vit'c
1209 5254 1533 5322 proprietas,
1567 5255 1661 5311 sed
1691 5273 1817 5311 usus
1839 5257 2021 5313 datur.

710 5342 940 5397 Rursum
961 5355 1138 5400 autem
1162 5347 1435 5401 Arnobius
1460 5366 1471 5399 :
1499 5348 1758 5417 Priorum,
1778 5353 1950 5413 inquit
1978 5354 2219 5425 (Arnob.,

638 5434 725 5489 lib.
756 5451 812 5500 tt,
848 5453 967 5508 pag,
997 5437 1067 5493 65
1094 5437 1138 5510 ),
1166 5442 1495 5508 repetentium
1523 5441 1762 5497 detrahit.
1805 5445 1894 5501 Sic
1919 5455 2046 5501 ante
2080 5448 2218 5502 cita-

639 5535 749 5581 tum
775 5544 802 5580 a
837 5530 989 5585 nobis
1017 5547 1236 5586 carmen
1263 5531 1543 5588 Lucretius
1573 5534 1784 5590 dixerat
1813 5556 1827 5590 :

734 5639 1010 5707 Interrupta
1031 5645 1188 5696 semel
1213 5659 1322 5695 cum
1345 5647 1411 5695 sit
1427 5649 1709 5709 repetentia
1734 5657 1912 5699 nostra.

1303 5731 1534 5792 (Lucret,
1562 5727 1641 5781 lib.
1661 5746 1729 5794 ιιι,
1757 5745 1880 5783 vers.
1905 5733 2040 5797 864.)

643 5901 652 5923 ,
713 5852 938 5922 Quidam
970 5862 1147 5914 tamen
1176 5856 1247 5913 ibi
1273 5857 1473 5931 legunt,
1500 5860 1729 5936 repentia
1755 5859 2048 5931 nastra,alii
2072 5877 2205 5921 vero

2324 4753 2484 4806 neque
2513 4737 2749 4807 ignorare
2771 4735 3122 4789 detrimentum
3161 4751 3267 4790 esse
3291 4735 3475 4801 ullum,
3515 4752 3576 4789 ac
3601 4734 3714 4790 Deo
3751 4737 3914 4791 relin-

2324 4827 2571 4899 quendas.

2399 4927 2453 4982 Si
2484 4927 2620 4980 intra
2649 4925 2747 4980 hos
2772 4924 2904 4980 lines
2933 4939 3054 4980 sese
3082 4924 3350 4980 Arnobius
3377 4926 3755 4990 continuisset,
3799 4942 3910 4983 non

2325 5019 2511 5074 debuit
2559 5021 2742 5089 utique
2796 5018 2884 5072 illa
2939 5019 3103 5072 anitui
3154 5019 3296 5072 illius
3342 5018 3640 5074 moderatio
3689 5034 3913 5088 prorsus

2327 5113 2552 5182 culpari.
2595 5113 2749 5181 Stepe
2775 5111 2919 5164 enim
2950 5112 3146 5180 saepius
3177 5112 3505 5180 Augustinus
3540 5112 3753 5168 sincere
3788 5128 3913 5182 pro-

2328 5206 2502 5260 fessus
2541 5215 2624 5261 est
2665 5204 3102 5260 obscurissimam
3143 5220 3294 5268 esse,
3337 5215 3393 5260 et
3417 5207 3526 5260 sine
3570 5208 3796 5275 periculo
3827 5209 3911 5263 la-

2329 5313 2430 5356 tere
2463 5301 2648 5355 anima:
2676 5300 2942 5371 originem.
2983 5299 3122 5366 Quin
3155 5301 3317 5354 immo
3343 5301 3395 5354 in
3429 5301 3602 5370 primo
3625 5301 3912 5359 Retracta—

2326 5396 2528 5450 tionunt
2558 5410 2775 5450 suarum
2807 5394 2946 5448 libro
2970 5435 2984 5457 ,
3028 5409 3186 5464 quem
3212 5393 3322 5463 jam
3353 5409 3519 5450 senex
3546 5399 3906 5467 conscripsit,

2325 5489 2664 5557 apertissime
2690 5487 2930 5541 declarat
2953 5502 3012 5541 se
3036 5486 3272 5541 nondum
3301 5487 3498 5557 aliquid
3529 5489 3598 5544 dc
3633 5491 3722 5545 illa
3751 5505 3910 5546 com-

2328 5582 2533 5651 perisse
2558 5583 2690 5636 certi
2721 5581 2932 5651 penitus
2959 5590 3014 5634 et
3039 5579 3319 5635 indubitati
3347 5597 3361 5636 :
3388 5601 3405 5634 ι
3440 5583 3593 5651 Quod
3635 5585 3846 5650 attinet,
3883 5603 3904 5638 ι

2329 5676 2517 5746 inquit,
2548 5694 2566 5727 t
2595 5675 2660 5729 ad
2703 5676 2863 5730 animi
2894 5674 3152 5746 originem
3179 5717 3193 5742 ,
3243 5690 3346 5743 qua
3376 5675 3435 5730 lit
3457 5718 3472 5741 ,
3507 5688 3564 5731 ut
3596 5677 3666 5732 sit
3703 5679 3754 5732 in
3786 5692 3911 5733 cor-

2328 5785 2492 5840 pore,
2523 5778 2698 5823 ntrum
2727 5769 2796 5825 de
2827 5769 2917 5824 illo
2942 5784 3048 5822 uno
3074 5769 3142 5823 sit
3166 5810 3181 5835 ,
3222 5770 3310 5840 qui
3343 5771 3542 5839 primus
3569 5781 3780 5828 creatus
3807 5784 3909 5843 est,

2331 5861 2546 5934 quando
2575 5862 2745 5918 [actus
2776 5872 2865 5919 est
2891 5862 3053 5918 homo
3083 5864 3136 5920 in
3165 5861 3399 5919 animam
3424 5864 3628 5933 vivam,
3657 5879 3726 5920 an
3759 5865 3915 5921 simio
