4158 6264
242 309 351 366 481

1461 315 1523 373 ΙΝ
1553 314 1928 388 ARNOBIUM,
1957 320 2109 379 CAP.
2153 317 2243 380 IX.

3419 337 3526 394 482

242 424 370 478 liter
397 423 464 477 ita
495 423 622 478 fiant
642 423 866 496 singulis
892 425 1120 497 singuli,
1153 443 1251 484 nec
1281 436 1406 484 tunc
1429 433 1704 499 sciebam,
1732 450 1830 490 nec
1859 451 1909 506 Α
1936 440 2126 494 scribit
2178 441 2450 496 Simonem
2504 441 2712 514 Magum
2758 443 3044 503 docuisse:
3096 465 3115 499 σ
3148 447 3400 507 Mundam
3456 453 3526 510 ah

239 517 420 573 adhuc
444 519 577 573 scio.
614 538 632 568 ι
667 520 684 588 (
720 521 909 574 Arnob.
933 565 947 586 ,
977 523 1068 577 lib.
1098 539 1135 579 ll
1160 565 1175 592 ,
1209 543 1330 598 pag.
1373 528 1479 588 86;
1523 529 1828 601 Augustin.,

233 612 389 681 epist.
424 612 548 676 102,
572 630 694 684 pag.
724 613 864 680 587;
909 616 1058 686 epist.
1089 618 1226 684 119,
1287 637 1405 691 pag.
1437 621 1537 676 ’701
1575 622 1829 691 Retract.,

234 704 328 756 lib.
355 717 395 767 t,
427 721 544 776 cap.
565 706 635 760 45
659 715 706 760 et
731 706 832 772 56;
858 707 948 760 lib.
974 724 1027 774 x,
1055 709 1117 762 de
1133 708 1316 764 Genes.
1339 713 1408 764 ad
1429 714 1608 780 litter.,
1633 732 1748 786 cap.
1774 719 1828 782 ὃς

231 797 325 851 lib.
357 813 430 864 iv,
456 797 519 852 de
545 797 716 852 Anim.
752 800 908 870 orig.,
939 817 1054 872 cap.
1091 802 1124 856 5
1150 813 1195 857 et
1225 804 1285 859 11
1315 821 1329 869 ;
1362 805 1453 858 lib.
1486 823 1563 874 Ill,
1587 823 1708 879 cap.
1741 811 1828 876 10,

229 889 482 958 lib.jt.v,
525 902 694 946 contr.
761 891 960 949 Julian.
990 937 1005 962 ,
1049 899 1166 966 capi
1215 897 1352 959 104;
1401 900 1490 954 lib.
1526 917 1544 954 ι
1575 901 1828 970 Retract.,

228 1002 355 1056 cap.
383 984 464 1056 1.)

227 1109 232 1118 τ
306 1077 506 1133 Verum
536 1089 724 1134 auctor
754 1089 958 1149 noster,
1012 1082 1235 1140 ulterius
1271 1102 1587 1158 progressus
1615 1130 1628 1152 ,
1683 1087 1831 1146 falsa:

229 1170 528 1238 cpiiiionis,
572 1174 888 1245 errorisque
917 1178 1201 1246 secpulum
1236 1167 1534 1238 'oﬁ‘endisse
1563 1184 1826 1252 arguitur.

227 1261 347 1318 Non
376 1265 623 1335 ambigue
652 1269 796 1321 enim
827 1283 926 1323 nec
951 1269 1259 1327 dubitanter
1288 1277 1637 1345 pronuntiat,
1669 1293 1768 1332 nos
1798 1295 1828 1331 a

227 1356 450 1413 Christo
477 1359 758 1427 didicisse,
786 1382 805 1414 ‹
838 1380 941 1418 non
975 1380 1098 1420 esse
1118 1367 1328 1424 animas
1357 1371 1518 1442 Regis
1548 1375 1822 1440 maximi,»

224 1467 325 1508 seu
360 1454 456 1508 Dei
487 1456 700 1521 summi,
739 1475 757 1507 ι
793 1457 963 1526 ﬁlias,
1011 1475 1111 1516 nec
1132 1463 1199 1517 ab
1222 1478 1319 1530 eo,
1373 1467 1827 1534 quemadmodum

221 1548 450 1616 dicitur,
478 1563 757 1620 generatas
790 1555 1025 1624 ccepisse
1050 1571 1108 1610 se
1139 1573 1320 1623 nosse,
1351 1569 1512 1631 atque
1543 1564 1593 1614 in
1623 1563 1705 1616 sui
1738 1578 1828 1616 no-

219 1643 397 1697 minis
445 1645 678 1699 essentia
729 1647 870 1717 (ms.
920 1663 1032 1720 reg.
1083 1650 1205 1705 cod.
1249 1653 1301 1705 in
1345 1653 1426 1706 sui
1469 1654 1690 1708 nominis
1721 1672 1828 1709 esse

220 1739 502 1809 sententia)
551 1739 831 1809 praedicari
862 1761 874 1795 :
909 1745 1002 1798 sed
1028 1745 1259 1800 alterum
1285 1749 1590 1817 quempiam
1615 1752 1826 1820 genito-

1936 533 2141 602 angelis
2193 534 2305 587 suis
2355 535 2678 590 institutum.
2721 555 2740 588 ι
2774 537 3122 596 Saturninum
3171 558 3298 598 vero
3321 543 3523 615 (lbid.,

1935 641 2052 694 cap.
2079 627 2173 695 48)
2202 645 2214 680 :
2239 625 2421 698 Longe
2464 628 2730 685 distantes
2754 646 2781 684 a
2808 632 2919 688 Deo
2947 635 3166 706 angelos
3210 635 3526 696 inferiorem

1935 718 2189 774 mundum
2250 719 2472 786 fecisse;
2539 741 2557 773 ι
2610 732 2778 794 atque
2831 724 3217 798 Carpocratem
3270 728 3520 786 dixisse:

1940 829 1959 861 ε
1999 811 2266 868 υἱεῑειηιθς
2299 815 2456 886 longe
2481 832 2512 871 a
2539 819 2907 888 superioribus
2947 822 3234 878 virtutibus
3265 825 3524 882 mundutn

1933 907 2092 963 istum
2121 909 2174 963 in
2209 910 2549 966 inferioribus
2579 913 2820 982 partibus
2849 915 3178 973 condidisse.
3215 937 3234 970 ›
3269 917 3374 975 Sed
3407 919 3525 977 haec

1932 1001 1986 1054 in
2041 1013 2196 1058 sexto
2242 1019 2400 1074 supra
2448 1007 2916 1078 quadragesimum
2969 1011 3126 1082 hujus
3176 1011 3299 1068 libri
3344 1015 3524 1085 capite

1931 1097 2126 1167 scripta
2173 1110 2316 1152 sunt.
2345 1102 2392 1154 ,Α
2423 1102 2578 1156 nobis
2606 1111 2784 1158 autem
2812 1104 2935 1160 alibi
2967 1107 3312 1164 observatum
3340 1119 3424 1164 est
3453 1108 3523 1163 il-

1932 1190 2054 1256 lud,
2111 1202 2164 1247 et
2205 1194 2580 1265 subsequentia
2611 1197 2770 1267 hujus
2795 1200 2915 1254 libri
2945 1201 3119 1270 capita
3151 1203 3198 1255 ei
3239 1202 3307 1257 ab
3351 1203 3524 1272 impo-

1929 1293 2076 1340 store
2120 1286 2300 1356 aliquo
2339 1288 2504 1346 fuisse
2547 1290 2754 1361 adjecta
2783 1293 2932 1363 (tom.
2966 1297 2988 1348 1
3024 1295 3304 1364 Apparat.,
3336 1314 3456 1368 pag.
3486 1297 3520 1351 8

1931 1388 1977 1430 et
2009 1377 2123 1449 15).
2156 1380 2220 1434 Et
2249 1397 2307 1436 re
2331 1384 2545 1452 quidem
2593 1401 2720 1442 vera
2750 1387 2801 1441 in
2828 1388 3009 1442 ultima
3059 1405 3280 1458 operum
3310 1389 3522 1446 Tertul-

1929 1470 2052 1525 liaui
2082 1472 2318 1530 editione
2340 1487 2651 1532 annotatum
2678 1491 2760 1534 est
2781 1479 2896 1536 hinc
2913 1482 3092 1537 omnia
3111 1486 3164 1538 in
3184 1483 3519 1540 vetulissimo

1928 1564 2195 1635 Agobardi
2225 1569 2410 1625 codice
2437 1587 2541 1624 non
2569 1573 2818 1641 reperiri.

2000 1659 2105 1713 Nos
2128 1662 2344 1730 quidem
2375 1681 2479 1719 non
2513 1666 2646 1736 fugit
2671 1667 2740 1721 ab
2763 1669 2952 1724 eodem
2986 1670 3316 1728 Tertulliano
3349 1673 3402 1727 in
3423 1690 3518 1746 ge-

1929 1753 2094 1807 nuino
2122 1755 2190 1809 de
2214 1757 2411 1812 Anima
2443 1759 2580 1813 libro
2610 1761 2722 1816 haec
2751 1762 2816 1816 de
2846 1762 3079 1819 Saturno
3105 1767 3319 1837 scriptis
3364 1784 3518 1824 man-

221 1851 338 1888 rem
383 1834 469 1889 his
510 1851 634 1890 esse
655 1877 668 1900 ,
722 1837 1002 1907 dignitatis
1031 1847 1086 1893 et
1114 1843 1368 1910 potentiae
1411 1843 1664 1913 gradibus
1693 1847 1824 1900 satis
1857 1843 1901 1900 B
1927 1843 2049 1898 data
2078 1864 2091 1900 :
2124 1865 2142 1895 ι
2173 1847 2454 1905 Hominem
2511 1851 2745 1908 affirmat
2777 1854 2846 1909 ab
2873 1856 3089 1927 Angelis
3142 1834 3360 1926 factum,
3402 1862 3515 1931 pri-

219 1929 478 1998 plurimis
507 1933 577 1985 ab
605 1932 950 2001 imperatore,
985 1953 1003 1986 ›
1039 1935 1091 1989 id
1119 1946 1221 2003 est,
1251 1936 1385 2005 Deo,
1415 1957 1433 1989 ι
1459 1938 1822 2009 disjunctum;

221 2023 342 2092 ejus
377 2032 559 2078 tamen
593 2041 657 2080 ex
685 2026 806 2080 aula
836 2028 1191 2082 eminentium
1223 2029 1825 2088 nobilem.sublimitate

223 2119 508 2173 natalium.
543 2139 562 2168 ι
616 2119 860 2190 (Arnob.,
893 2121 983 2175 lib.
1017 2138 1076 2189 it,
1112 2139 1232 2193 pag.
1260 2122 1377 2193 68.)
1425 2123 1586 2179 Suam
1643 2125 1713 2179 ibi
1756 2126 1824 2181 de

222 2215 528 2268 animarum
584 2222 890 2268 nostrarum
933 2215 1142 2286 origine
1189 2225 1423 2271 mentem
1464 2232 1570 2271 non
1597 2218 1824 2274 obscure

223 2321 455 2377 prorsus
484 2306 679 2377 aperit.
712 2306 894 2363 Primo
923 2309 1189 2378 siquidem
1222 2324 1432 2376 eorum,
1455 2309 1521 2365 de
1551 2311 1744 2380 quibus
1769 2312 1822 2366 in

224 2399 496 2470 superiori
526 2399 776 2468 articulo,
803 2401 980 2470 rejicit
1001 2403 1334 2472 opinionem,
1361 2403 1451 2472 qui
1481 2404 1822 2460 arbitraban-

224 2503 312 2548 tur
340 2493 464 2548 illas
490 2496 685 2548 summi
714 2493 807 2548 Dei
839 2495 976 2548 ﬁlias
999 2537 1015 2559 ,
1049 2503 1104 2549 et
1125 2495 1194 2549 ab
1220 2511 1287 2551 eo
1312 2506 1631 2566 generatas,
1663 2513 1823 2554 nosse

223 2603 288 2642 se
320 2588 554 2658 cwpisse
584 2597 874 2659 antequam
907 2589 960 2642 in
992 2603 1191 2659 corpus
1238 2589 1668 2646 infunderentur.
1722 2590 1823 2646 Se-

221 2680 411 2736 cundo
450 2683 639 2737 asserit
669 2697 760 2736 eas
789 2697 819 2736 a
849 2683 1103 2752 quopiam
1137 2691 1451 2751 procreatas
1476 2682 1642 2739 fuisse
1666 2685 1822 2755 geni-

222 2781 373 2839 tore,
406 2774 494 2844 qui
515 2790 582 2828 ex
611 2775 854 2844 ejusdem
903 2775 1098 2830 summi
1134 2775 1230 2830 Dei
1261 2777 1383 2830 aula
1412 2777 1532 2840 fuit,
1564 2778 1822 2832 natalium

222 2883 448 2922 suorum
477 2869 764 2938 splendore
793 2868 1023 2933 nobilis,
1060 2869 1154 2923 sed
1202 2871 1334 2925 satis
1366 2871 1612 2939 plurimis
1640 2872 1818 2942 digni-

223 2964 352 3017 tatis
383 2971 438 3019 et
465 2963 716 3032 potentiae
737 2978 847 3018 sure
872 2963 1128 3034 gradibus
1155 2963 1224 3018 ab
1254 2964 1374 3035 ipso
1399 2965 1699 3035 sejunctus.

293 3057 483 3128 Neque
512 3057 565 3112 id
587 3058 656 3113 ab
684 3074 752 3113 eo
779 3059 991 3114 incaute
1017 3067 1110 3112 aut
1141 3058 1457 3114 haesitanter
1484 3060 1687 3116 dictum
1720 3078 1818 3132 pu-

222 3151 448 3206 taveris.
487 3149 622 3205 Nam
655 3151 785 3206 illud
816 3167 947 3206 sane
973 3152 1102 3207 alibi
1131 3152 1270 3208 haud
1299 3153 1466 3209 semel
1497 3170 1818 3210 asseveran-

1929 1954 2123 2009 moque
2151 1957 2285 2011 opus
2309 1943 2457 1999 futile
2487 1956 2538 2000 et
2566 1946 2879 2015 invalidum,
2902 1959 2956 2005 et
2977 1951 3241 2017 lnstabile,
3292 1953 3343 2008 iti
3373 1963 3514 2010 terra

1928 2032 2124 2087 vermis
2147 2034 2315 2089 instar
2338 2036 2648 2106 palpitasse,
2668 2041 2809 2109 quod
2835 2043 3166 2098 consistendi
3195 2046 3339 2100 vires
3359 2045 3516 2103 dees-

1927 2134 2070 2180 sent.
2100 2125 2304 2184 Dehinc
2330 2144 2397 2183 ex
2429 2132 2798 2188 misericordia
2827 2149 3052 2192 summa:
3099 2139 3379 2206 potestatis
3401 2183 3416 2207 ,
3445 2140 3514 2196 ad

1927 2217 2077 2286 cujus
2102 2217 2360 2290 effigiem,
2394 2239 2494 2278 nee
2523 2233 2700 2280 tamen
2732 2227 2889 2296 plene
2919 2241 3278 2301 perspectam,
3310 2243 3515 2292 temere

1927 2319 2161 2367 structus
2187 2313 2396 2382 fuisset,
2427 2317 2774 2374 scintillulam
2805 2323 2931 2377 vitae
2959 2335 3309 2381 consecutum
3334 2371 3348 2394 ,
3393 2345 3513 2399 quae

1927 2402 2053 2457 illud
2085 2408 2421 2463 exsuscitarit
2442 2419 2495 2464 et
2520 2413 2776 2478 erexerit,
2799 2424 2855 2470 et
2879 2419 3212 2475 constantius
3239 2421 3508 2490 animarit,

1924 2505 1978 2550 et
2020 2507 2141 2566 post
2183 2499 2465 2556 decessum
2519 2505 2641 2560 vitae
2672 2506 2739 2560 ad
2772 2509 3045 2564 matricem
3095 2511 3329 2568 relatura
3359 2515 3445 2569 sit.
3485 2535 3503 2564 ι

1925 2587 2190 2659 (Tertull.,
2224 2591 2311 2648 lib.
2340 2596 2403 2649 de
2425 2595 2622 2662 Anim.,
2656 2615 2772 2668 cap.
2801 2599 2890 2665 25,
2921 2619 3042 2673 pag.
3073 2603 3226 2677 555.)
3271 2607 3375 2663 Sed
3423 2608 3511 2665 hic

1926 2697 2080 2738 error
2106 2696 2364 2755 quantum
2395 2689 2462 2742 ab
2487 2690 2748 2760 explicata
2772 2693 2995 2749 Arnobii
3026 2697 3279 2767 opinione
3303 2700 3510 2758 discre-

1925 2786 2034 2844 pet,
2066 2793 2226 2832 nemo
2247 2794 2378 2835 sane
2399 2792 2482 2836 est
2511 2784 2601 2852 qui
2625 2800 2730 2839 non
2762 2785 2958 2841 videat.
3362 2780 3364 2782 ’

1994 2869 2261 2927 Praeterea
2316 2873 2426 2928 alio
2476 2877 2527 2930 in
2580 2877 2720 2932 libro
2770 2880 3247 2940 animadvertimus
3289 2887 3434 2958 (tom.
3468 2905 3506 2956 t,

1924 2966 2178 3034 Apparat.
2212 2967 2301 3021 lib.
2323 2984 2395 3034 ll;
2423 2969 2625 3026 dissert.
2664 2973 2714 3038 1,
2747 2991 2862 3044 cap.
2894 2976 2948 3042 '5,
3001 2987 3102 3032 art.
3138 2979 3190 3045 1,
3226 2997 3346 3055 pag.
3379 2983 3505 3048 286,

1923 3066 1969 3110 et
2007 3068 2106 3114 art.
2149 3060 2218 3126 5,
2255 3062 2284 3133 §
2316 3061 2385 3128 2,
2418 3081 2538 3135 pag.
2568 3064 2708 3132 292;
2739 3078 2788 3122 et
2816 3086 2931 3140 cap.
2961 3072 3028 3138 5,
3055 3073 3083 3146 §
3112 3076 3172 3139 3,
3202 3095 3321 3150 pag.
3353 3081 3503 3152 517).

1925 3151 2278 3210 Saturninum
2308 3155 2563 3214 docuisse
2604 3161 2877 3219 hominem
2905 3176 3207 3239 cmteraque
3231 3174 3407 3229 omnia
3440 3151 3509 3232 ab

221 3259 308 3304 ter
337 3250 672 3320 pronuntiat.
706 3249 922 3304 Alicubi
951 3249 1216 3319 siquidem
1253 3268 1264 3304 :
1301 3269 1320 3301 ι
1351 3248 1749 3320 Conspicimus,
1792 3271 1812 3304 ι
1849 3229 1893 3291 C
1925 3247 2130 3318 angelis
2157 3291 2171 3314 ,
2209 3261 2395 3318 prater
2422 3256 2786 3311 conscientiam
2814 3259 3019 3327 Patris;
3051 3274 3106 3320 et
3128 3265 3508 3337 Carpocratem

219 3346 296 3398 sit
323 3343 516 3411 (Ibid.,
549 3361 672 3414 pag.
699 3341 814 3415 75),
845 3362 862 3393 ‹
895 3342 1161 3409 homines,
1198 3343 1249 3398 id
1273 3353 1376 3411 est,
1417 3345 1624 3400 animas
1653 3348 1813 3414 ipsas,

221 3439 375 3509 (quid
405 3439 551 3494 enim
581 3447 708 3493 sunt
738 3437 1006 3502 homines,
1026 3438 1126 3492 nisi
1150 3439 1343 3493 animae
1369 3439 1688 3508 corporibus
1717 3441 1818 3496 illi-

219 3544 361 3602 gata:
375 3531 424 3603 ἲ)
482 3532 732 3587 saevitate
772 3531 1149 3587 innumerabili
1179 3533 1433 3586 vitiorum
1465 3533 1610 3604 ipsos
1641 3549 1700 3590 se
1729 3535 1814 3590 in-

217 3627 406 3684 dicare
435 3645 541 3684 non
570 3643 691 3683 esse
717 3627 929 3698 patricii
955 3627 1172 3697 generis
1196 3669 1211 3694 ,
1246 3629 1341 3683 sed
1364 3643 1428 3682 ex
1452 3628 1817 3685 mediocribus

213 3722 445 3776 familiis
487 3729 819 3792 procreatos.
863 3739 882 3772 ι
937 3720 1079 3775 Alibi
1132 3735 1264 3775 vero
1308 3720 1493 3791 (lbid.,
1525 3738 1646 3792 pag.
1673 3722 1765 3791 79)
1799 3742 1812 3777 :

222 3833 248 3868 ι
287 3814 410 3869 Non
432 3815 624 3871 absone
644 3857 660 3881 ,
708 3829 880 3885 neque
908 3814 1140 3870 inaniter
1163 3814 1432 3870 credimus
1460 3816 1651 3871 mediae
1679 3832 1813 3886 qua-

215 3909 400 3964 litatis
453 3923 570 3963 esse
617 3909 828 3962 animas
877 3907 1184 3974 hominum,
1219 3916 1404 3978 utpote
1431 3925 1460 3962 τι
1493 3909 1658 3963 rebus
1708 3925 1814 3964 non

217 4001 606 4076 principalibus
647 4001 838 4056 editas.
876 4020 894 4051 ι
947 4001 1084 4069 Quid
1137 4002 1304 4056 vero?
1351 4001 1493 4071 quod
1527 4003 1816 4071 impietatis

215 4114 348 4154 eum
407 4105 660 4162 accusat,
710 4095 803 4164 qui
852 4095 1085 4148 animam
1113 4111 1142 4148 a
1170 4095 1278 4149 Deo
1314 4105 1552 4150 creatam
1596 4095 1813 4151 dixerit.

221 4212 242 4244 ι
277 4191 567 4262 Sacrilegac
611 4190 811 4244 crimen
861 4188 1152 4258 impietatis
1183 4189 1432 4253 incurrit,
1467 4188 1716 4258 quisquis
1746 4188 1814 4244 ab

215 4303 283 4343 eo
310 4284 473 4358 (Deo)
501 4283 811 4352 conceperit
841 4282 1114 4337 hominem
1140 4297 1262 4336 esse
1285 4291 1605 4351 prognatum
1627 4323 1639 4345 ,
1691 4297 1802 4336 rem

217 4380 490 4435 infelicem
513 4387 568 4433 et
588 4379 860 4432 miseram.
889 4395 908 4426 ι
934 4375 1064 4443 Quis
1091 4376 1272 4445 itaque
1297 4373 1615 4430 difﬁtebitur
1645 4384 1813 4429 ratam

216 4472 296 4528 illi
325 4481 638 4540 certamque
666 4468 833 4523 fuisse
861 4467 1000 4524 hanc
1028 4468 1356 4537 opinionem,
1377 4482 1535 4538 quam
1566 4467 1726 4522 toties
1751 4484 1815 4523 ac

217 4575 331 4620 tam
359 4564 507 4620 clare
527 4571 582 4617 et
600 4569 912 4617 constanter
937 4559 1153 4614 tradidit
1175 4568 1229 4614 et
1250 4558 1523 4614 asseruit?
1562 4559 1680 4614 Non
1708 4560 1814 4614 alio

1922 3339 1990 3394 ab
2012 3342 2236 3411 angelis,
2271 3358 2524 3413 supremo
2553 3359 2792 3417 parente,
2814 3367 2842 3404 a
2867 3370 2975 3423 quo
3000 3355 3328 3427 defecerant,
3353 3364 3509 3436 longe

1921 3434 2300 3502 inferioribus;
2357 3438 2682 3496 Marcionem
2715 3459 2846 3500 vero
2871 3447 2942 3503 ab
2967 3449 3138 3506 altero
3167 3453 3277 3510 Deo
3303 3434 3504 3513 creata.

1921 3526 2052 3595 Quae
2105 3529 2457 3598 proculdubio
2505 3535 2814 3603 opinionum
2862 3551 3100 3598 monstra
3148 3545 3217 3600 ab
3265 3549 3506 3608 Arnobio

1922 3622 2102 3690 potius
2129 3623 2331 3690 rejecta
2357 3641 2520 3695 quam
2551 3627 2802 3699 ad0ptata
2829 3643 2972 3689 sunt.

1992 3715 2296 3772 Seleuciani
2327 3736 2520 3789 porro,
2552 3731 2688 3779 teste
2717 3729 3053 3798 Augustino:
3085 3753 3103 3784 ‹
3138 3733 3247 3791 Nec
3270 3741 3504 3797 animant

1923 3809 2032 3865 Deo
2063 3812 2300 3868 tribuunt
2326 3818 2592 3882 creatori,
2643 3821 2738 3875 sed
2766 3835 3039 3881 creatores
3063 3843 3185 3886 esse
3207 3833 3503 3891 animarum

1919 3903 2141 3973 angelos
2169 3906 2353 3960 volunt
2378 3908 2445 3963 de
2475 3911 2597 3980 igne
2625 3921 2678 3966 et
2703 3915 2914 3982 spiritu.
2955 3937 2973 3970 ι
3008 3918 3248 3993 (August.
3273 3968 3289 3991 ,
3323 3927 3409 3980 lib.
3443 3931 3506 3984 de

1923 3993 2150 4065 eres.,
2187 3999 2214 4070 §
2247 3998 2363 4070 56.)
2395 4000 2500 4056 Sed
2533 4002 2584 4057 lii
2628 4004 2867 4064 haeretici
2914 4013 3152 4070 Arnohio
3181 4021 3504 4088 posteriores

1921 4088 2192 4144 videntur.
2226 4091 2295 4146 Et
2323 4093 2436 4148 haec
2465 4096 2682 4166 quidem
2709 4099 2763 4154 in
2789 4117 2974 4158 eorum
3001 4111 3223 4175 gratiam
3251 4112 3502 4169 observa-

1919 4197 2058 4250 mus,
2081 4185 2172 4254 qui
2195 4184 2316 4254 jure
2345 4187 2537 4243 nierito
2563 4192 2750 4248 volunt
2775 4195 2843 4250 de
2869 4199 3211 4268 antiquorum
3245 4205 3502 4266 Ecclesia:

1918 4274 2133 4330 Patrum
2161 4279 2377 4348 scriptis
2404 4289 2459 4334 et
2481 4287 2764 4342 sententiis
2794 4302 3042 4347 accurate
3073 4293 3366 4367 disputari,
3401 4294 3510 4360 nec'

1917 4369 1996 4422 eis
2022 4370 2245 4438 alienos,
2275 4376 2343 4427 de
2362 4374 2558 4444 quibus
2580 4377 2712 4434 nihil
2741 4396 2990 4453 umquam
3007 4388 3330 4460 cogitarunt,
3353 4410 3503 4452 erro-

1917 4477 2005 4516 res
2035 4464 2253 4519 ascribi.

1989 4554 2255 4613 Caateruin
2283 4561 2426 4618 scire
2446 4578 2634 4634 parum
2663 4567 2890 4627 interest
2915 4583 3116 4646 utrutn,
3141 4588 3196 4636 et
3217 4597 3282 4638 ex
3307 4584 3500 4654 quibus

2447 4625 2464 4634 -
2921 4625 3116 4646 -ν---ση
3143 4625 3196 4636 ..-
3218 4625 3282 4638 νη
3308 4625 3319 4638 .
3347 4625 3500 4644 ...υησ

215 4669 402 4714 autem
433 4655 782 4710 fundamento
809 4652 1032 4716 nititur;
1067 4652 1168 4706 nisi
1197 4651 1340 4721 quod
1368 4666 1708 4721 persuasum,
1735 4651 1810 4707 uti
1841 4625 1894 4684 Ῐ)
1919 4649 2190 4709 hrereticis
2218 4669 2369 4710 suam
2397 4660 2704 4728 Opinionem
2733 4667 3005 4723 Arnobius
3028 4625 3363 4733 delibaverii.
3395 4680 3502 4736 No-

216 4757 478 4818 vidimus,
508 4753 666 4824 plane
696 4751 883 4805 habuit
905 4747 1170 4812 homines,
1205 4763 1300 4803 seu
1323 4748 1535 4802 animas
1563 4747 1812 4803 humanis

213 4845 543 4916 corporibus
566 4844 813 4914 illigatas,
840 4850 918 4895 tot
947 4839 1090 4894 vitiis
1115 4840 1396 4902 obnoxias,
1413 4855 1441 4892 a
1473 4840 1582 4894 Deo
1607 4841 1810 4910 optimo

215 4939 478 5004 maximo,
497 4938 585 5007 qui
611 4936 743 4992 nihil
767 4934 870 4990 nisi
890 4933 1109 4990 omnino
1137 4932 1430 5002 perfectum
1464 4942 1516 4988 et
1545 4933 1808 5004 integrum

214 5037 402 5091 facere
429 5041 628 5105 potest,
660 5040 868 5087 creatas
899 5045 1006 5085 non
1031 5029 1214 5084 fuisse.

292 5129 402 5184 Sed
454 5128 577 5182 huic
619 5125 844 5181 Arnobii
883 5123 1122 5194 opinioni
1150 5138 1254 5176 non
1284 5121 1458 5176 solum
1490 5121 1734 5176 falsitatis
1755 5133 1810 5178 et

216 5223 448 5288 erroris,
478 5220 572 5277 sed
605 5218 948 5275 deliramenti
980 5217 1171 5280 etiam,
1203 5214 1592 5284 horrendaeque
1623 5215 1809 5283 impie-

215 5318 368 5382 tatis,
392 5325 447 5370 et
470 5313 821 5384 blasphemia:
842 5318 968 5366 nota
993 5309 1060 5365 ab
1078 5308 1474 5364 Elmenhorstio
1498 5316 1552 5361 et
1579 5307 1812 5362 Heraldo

217 5408 471 5464 inuritur.
506 5407 584 5461 Ex
614 5404 851 5460 Simonis
882 5412 1060 5458 autem
1088 5401 1362 5457 Saturnini
1383 5444 1396 5467 ,
1431 5399 1806 5470 Carpocratis,

215 5498 504 5556 Marcionis
535 5542 549 5560 ,
608 5496 1050 5553 Seleucianorum
1093 5503 1147 5548 et
1196 5492 1609 5547 Hermianorum
1648 5493 1810 5561 insig-

220 5595 371 5648 nium
397 5593 768 5649 htereticorum
814 5589 997 5644 schola
1027 5589 1168 5642 hunc
1191 5601 1434 5641 errorem
1463 5585 1805 5654 depromtum

219 5685 542 5741 existimant.
575 5683 729 5752 Quod
758 5681 977 5754 quidem
1018 5681 1246 5750 probare
1273 5688 1539 5733 conantur
1570 5680 1806 5734 auctori-

220 5788 332 5834 tate
352 5779 684 5844 Tertulliani,
707 5778 797 5846 qui
829 5777 881 5830 in
910 5775 1048 5831 libro
1073 5773 1139 5829 de
1166 5772 1669 5843 ’l’rmscriptionibus
1697 5772 1806 5827 hae-

221 5873 509 5932 reticorum
535 5871 776 5946 (Tertull.
809 5871 896 5926 tib.
945 5869 1008 5926 de
1056 5867 1277 5925 Prwscr.
1311 5869 1485 5924 lueret.
1515 5911 1530 5936 ,
1564 5885 1680 5938 cap.
1708 5867 1805 5940 46)

1914 4745 1997 4800 bis
2025 4749 2167 4802 enim
2193 4765 2352 4807 nosse
2378 4753 2576 4812 sufficit
2595 4773 2714 4813 eam
2737 4760 2986 4818 falsitatis
3008 4775 3063 4821 et
3083 4772 3282 4827 erroris
3305 4777 3500 4833 merito

1914 4840 2289 4899 condemnari.
2306 4845 2390 4900 Ab
2406 4847 2708 4918 Augustino
2724 4853 2942 4923 quippe,
2967 4867 3022 4911 ut
3040 4860 3175 4916 alios
3204 4872 3496 4936 taceamus,

1914 4929 1997 4985 his
2025 4933 2205 4988 verbis
2237 4939 2635 5004 proscribitur:
2670 4960 2689 4992 ‹
2723 4943 2822 5010 Qui
2870 4944 3078 5004 Platoni
3115 4967 3216 5008 suo
3249 4929 3496 5026 credunt,

1912 5037 2020 5078 non
2045 5024 2113 5078 ab
2136 5024 2230 5082 illo
2254 5042 2465 5083 summo
2501 5031 2629 5099 Deo,
2661 5035 2750 5104 qui
2781 5035 3075 5096 fabricatus
3103 5056 3185 5100 est
3214 5024 3494 5119 mundum,

1916 5115 2010 5170 sed
2031 5115 2100 5170 ab
2127 5117 2246 5173 aliis
2290 5121 2588 5178 minoribus
2611 5165 2626 5188 ,
2653 5140 2790 5196 quos
2813 5130 3028 5199 quidem
3060 5136 3174 5206 ipse
3197 5115 3496 5216 creaverit,

1917 5210 2180 5278 permissu
2223 5212 2336 5268 sive
2367 5214 2521 5283 jussu
2552 5215 2670 5286 ejus
2711 5220 2962 5280 animalia
2995 5227 3129 5284 facta
3160 5244 3349 5291 cuncta
3378 5210 3499 5297 esse

1914 5301 2188 5370 mortalia,
2222 5303 2274 5358 in
2303 5305 2498 5374 quibus
2540 5309 2704 5365 homo
2743 5315 3094 5387 praecipuum,
3127 5324 3338 5398 diisque
3369 5331 3497 5401 ipsis

1914 5404 2235 5464 cognatum,
2269 5407 2474 5453 teneret
2515 5400 2723 5470 locum,
2753 5405 2797 5460 si
2828 5413 3213 5480 superstitione
3239 5434 3493 5496 careant,

1913 5503 2014 5555 qua
2037 5499 2304 5556 quierunt,
2329 5493 2473 5548 unde
2495 5493 2642 5564 juste
2668 5499 2953 5558 videantur
2979 5521 3130 5563 sacra
3157 5523 3205 5567 et
3231 5493 3494 5578 sacrificia

1912 5579 2110 5646 facere,
2135 5584 2287 5652 quasi
2310 5586 2678 5647 conditoribus
2707 5593 2840 5659 suis,
2863 5595 3020 5654 facile
3045 5605 3302 5664 carebunt
3329 5614 3490 5672 etiam

1911 5674 2067 5744 hujus
2096 5677 2363 5746 opinionis
2386 5698 2593 5739 errore.
2621 5685 2805 5758 Neque
2833 5692 2975 5746 enim
3005 5695 3085 5751 fas
3107 5709 3190 5755 est
3208 5703 3368 5762 ullius
3397 5726 3492 5764 na-

1911 5779 2067 5835 tum,
2092 5774 2386 5840 quamlibet
2407 5778 2640 5835 minimae
2671 5784 3019 5858 mortalisque
3047 5804 3363 5867 creatorem,
3386 5805 3488 5862 nisi

1910 5863 2074 5923 Deum
2129 5868 2354 5929 credere
2380 5887 2443 5928 ac
2467 5872 2647 5930 dicere
2669 5917 2683 5944 ,
2734 5885 2789 5933 et
2815 5890 3101 5954 antequam
3129 5893 3298 5961 possit
3322 5863 3486 5958 intelv
