4158 6264
647 316 758 383 £85

1890 323 2375 414 goisssnra'rto
2409 325 2687 394 ruam

3823 342 3926 397 484

651 440 798 512 ἰίεἰδ
831 441 1099 516 (Ανθωιη
1129 446 1218 502 lib.
1251 461 1347 515 xu,
1379 447 1441 503 de
1466 447 1773 523 Civit.,cap.
1798 451 1888 522 24,
1922 472 2041 527 pag.
2072 454 2224 524 522.)
2252 462 2307 522 Α
2330 455 2492 509 etiam
2520 432 2836 510 lteterodoxi
2866 455 3161 525 scriptorcs
3188 455 3417 528 ingenue
3444 470 3508 511 ac
3531 454 3763 511 retunde
3793 471 3928 511 con-

650 535 801 602 Quod
844 537 1059 607 quidem
1105 540 1443 611 Epiphanius
1494 544 1693 615 aliique
1735 547 1900 603 variis
1955 550 2230 620 certisque

650 640 818 681 sacrm
841 627 1137 701 Scriptura:
1159 635 1477 689 teStimoniis
1502 636 1896 696 demonstrant.
1921 638 2235 715 (Epiphan.,

650 719 829 776 lueret.
852 722 944 790 35,
976 723 1080 795 55,
1111 742 1231 797 pag.
1255 727 1327 783 65
1348 739 1394 783 et
1414 730 1576 803 seqq.)

722 812 890 868 Porro
908 826 1088 872 autem
1119 821 1368 888 quamvis
1390 821 1662 879 Arnobius
1690 834 1797 880 tam
1826 825 2110 897 praelracte
2135 844 2236 884 ne-

648 920 776 975 gare
809 907 1055 965 videatur
1079 912 1289 968 animas
1322 914 1598 970 hominum
1639 933 1669 972 a
1696 933 1909 975 summo
1933 921 2042 977 Deo
2073 920 2238 978 luisse

648 1008 855 1067 creatas
885 1042 901 1068 ,
950 1001 1007 1056 in
1051 1003 1199 1065 illius
1240 1016 1417 1063 tamen
1460 984 1834 1067 domusionem
1878 1011 2062 1069 afferri
2095 1014 2239 1071 haud

651 1090 872 1148 forsitan
900 1095 1084 1165 inepte
1107 1103 1301 1168 poterit
1320 1116 1445 1156 eum
1467 1111 1674 1171 aperte,
1720 1114 1779 1160 ut
1807 1105 2043 1163 vidimus
2072 1107 2235 1181 (ευρ.

649 1185 816 1257 cap.),
844 1187 1095 1246 docuisse
1120 1192 1284 1247 Deum
1317 1209 1586 1250 summum
1613 1211 1735 1252 esse
1764 1213 1945 1254 rerum
1972 1201 2235 1270 omnium,

649 1291 714 1335 ac
755 1279 1073 1335 nominatim
1101 1284 1253 1349 solis,
1284 1285 1464 1352 lunae,
1495 1296 1655 1356 atque
1683 1289 1965 1358 lpsiusmet
2004 1291 2239 1349 hominis

651 1382 969 1428 creatorem.
1006 1374 1129 1430 llaec
1159 1379 1437 1435 enimvero
1465 1391 1590 1437 sunt
1619 1383 1842 1439 totidem
1867 1385 2011 1443 illius
2032 1387 2197 1443 verba
2222 1406 2237 1443 :

657 1480 679 1514 ι
706 1461 897 1520 Nonne
937 1465 1060 1522 huic
1088 1484 1279 1526 omnes
1304 1471 1565 1528 debemus
1587 1516 1602 1541 ,
1635 1476 1740 1531 hoe
1766 1478 1942 1547 ipsum
1972 1480 2235 1550 primum,

650 1556 795 1626 quod
826 1573 1011 1615 sumus
1032 1603 1047 1628 ,
1081 1562 1224 1633 quod
1253 1579 1377 1619 esse
1404 1565 1651 1625 homines
1691 1566 1955 1639 dicimur,
2001 1572 2143 1643 quod
2173 1572 2242 1629 ab

650 1666 718 1705 eo
744 1652 827 1707 vel
859 1653 1049 1723 missi,
1102 1656 1189 1711 vel
1235 1657 1369 1727 lapsi
1420 1661 1665 1717 caecitate
1713 1661 1873 1732 hujus
1913 1667 1965 1718 in
1996 1666 2242 1737 corporis

651 1747 1027 1803 continemur?
1068 1749 1186 1804 Non
1211 1751 1355 1820 quod
1388 1753 1716 1819 incedimus,
1752 1758 1892 1826 quod
1940 1760 2238 1829 spiramus,

2342 544 2579 601 ﬁtentur.
2635 544 2919 623 (Hoernb.,
2984 545 3212 602 Exercit.
3270 548 3531 622 lheolog.,
3584 548 3671 609 lib.
3703 564 3760 616 ι,
3796 546 3823 621 §
3855 564 3927 616 ll,

2341 655 2460 710 pag.
2495 637 2648 710 150.)
2836 628 2839 633 ’

2411 733 2520 788 Cur
2549 749 2699 805 ergo,
2737 734 2970 804 inquies,
3006 745 3153 793 tanto
3177 735 3379 807 labore,
3412 746 3558 793 tanta
3598 753 3785 809 opera,
3820 747 3929 794 tam

2342 825 2515 896 longis
2565 830 2903 893 sermonibus
2948 831 3177 900 probare
3224 831 3505 886 contendit
3560 832 3799 888 hominis
3849 839 3931 887 tot

2341 921 2606 991 tantisque
2664 923 2893 979 miseriis
2956 924 3179 980 obnoxii
3215 929 3444 983 animam
3472 941 3502 981 a
3532 925 3640 981 Deo
3682 942 3790 991 non
3835 936 3934 997 p04

2341 1014 2508 1067 tuisse
2534 1015 2751 1069 creari?
2779 1015 2969 1074 Nonne
2995 1019 3126 1074 illud
3154 1021 3264 1075 sola
3296 1021 3501 1093 peccati
3532 1018 3809 1091 originalis
3835 1035 3934 1076 ex—

2342 1107 2639 1176 positione,
2673 1110 2755 1164 vel
2786 1110 2994 1181 prolato
3043 1125 3246 1169 tantum
3278 1115 3498 1170 nomine
3527 1115 3799 1184 explicare
3830 1128 3934 1184 po-

2342 1202 2520 1255 terat?
2563 1201 2780 1273 Optime
2834 1206 3072 1276 quidem.
3118 1208 3225 1266 Sed
3279 1208 3697 1284 animadvertas,
3741 1208 3936 1275 velim,

2341 1309 2463 1350 eum
2490 1296 2747 1354 adversus
2770 1298 3025 1356 Etlmicos
3046 1302 3342 1374 disputare,
3363 1305 3454 1375 qui
3484 1303 3689 1359 animas
3718 1314 3939 1359 nostras

2343 1387 2570 1450 divinas,
2596 1398 2689 1445 aut
2711 1391 2915 1461 prolem
2958 1394 3229 1461 divinam,
3276 1406 3369 1450 aut
3421 1396 3516 1452 Dei
3557 1404 3760 1466 partem
3808 1410 3942 1451 esse

2345 1485 2761 1551 somniaverant,
2795 1485 3035 1557 nihilque
3063 1503 3130 1543 ne
3155 1487 3476 1544 somniando
3498 1488 3714 1560 quidem
3736 1488 3804 1544 de
3823 1489 3941 1545 ori-

2345 1576 2507 1647 ginali
2533 1578 2897 1648 cogitaverant
2924 1591 3164 1650 peccato.
3202 1581 3341 1650 Quid
3385 1597 3547 1653 ergo,
3599 1584 3645 1638 si
3696 1582 3820 1641 illos
3867 1597 3945 1638 ex

2346 1671 2581 1740 ipsorum
2612 1683 2814 1731 tantum
2856 1677 3066 1748 placitis
3103 1678 3424 1750 redarguat,
3469 1690 3632 1750 atque
3661 1677 3731 1735 ad
3762 1678 3946 1733 homi-

2349 1779 2493 1831 nem,
2526 1776 2582 1821 ttt
2605 1766 2772 1833 aiunt,
2802 1752 3206 1841 argumentatus
3261 1772 3368 1839 sit,
3421 1787 3521 1826 nec
3566 1771 3835 1843 putaverit
3872 1770 3947 1827 ibi

652 1849 707 1897 et
736 1839 966 1901 vivimus
990 1841 1058 1896 ab
1085 1857 1152 1898 eo
1176 1842 1245 1903 ad
1274 1860 1373 1899 nos
1418 1847 1563 1901 venit
1594 1889 1609 1912 ,
1662 1848 1825 1916 vique
1870 1850 1984 1919 ipsa
2028 1853 2239 1907 vivendi
2272 1870 2320 1931 Β
2348 1859 2549 1928 peccati
2606 1839 2924 1932 originalis,
2982 1864 3077 1920 sed
3121 1863 3247 1920 alibi
3297 1839 3597 1921 faciendam
3631 1880 3754 1925 esse
3782 1880 3946 1920 men-

653 1932 817 1991 cllieit
844 1950 942 1993 nos
971 1951 1111 2003 esse,
1140 1947 1194 1992 et
1219 1939 1436 1994 animali
1469 1942 1761 2012 agitatione
1790 1945 2037 2000 moveri?
2067 1964 2085 1998 ι
2122 1946 2242 2017 (Ar-

654 2025 799 2093 uob.,
831 2026 921 2082 lib.
953 2043 990 2095 ι,
1020 2047 1142 2101 pag.
1168 2028 1283 2101 i6.)
1312 2032 1382 2085 At
1408 2033 1453 2087 si
1485 2033 1626 2089 Deus
1656 2049 1919 2098 summus,
1944 2037 2012 2093 de
2036 2053 2141 2107 quo
2170 2038 2240 2095 ibi

652 2118 890 2189 disputat
915 2161 928 2184 ,
960 2120 1032 2175 sit
1060 2138 1242 2177 rerum
1276 2123 1516 2179 omnium
1543 2137 1777 2193 creator,
1807 2129 1852 2183 si
1882 2129 1957 2184 illi
1981 2130 2241 2188 debemus

653 2213 797 2284 quod
820 2229 1006 2271 sumus
1035 2214 1307 2281 homines,
1331 2219 1377 2272 si
1402 2219 1475 2277 ab
1497 2234 1566 2275 eo
1591 2220 1658 2275 ad
1684 2236 1784 2278 nos
1812 2224 1958 2278 venit
1983 2225 2126 2296 quod
2153 2240 2242 2282 su-

653 2322 789 2373 tnus,
824 2315 879 2364 et
905 2307 1155 2372 vivimus.
1186 2319 1333 2364 certe
1361 2309 1490 2366 inde
1509 2314 1751 2383 sequitur
1779 2315 1926 2385 quod
1955 2325 2011 2371 et
2037 2318 2243 2373 anima-

652 2416 773 2467 rum
792 2413 1096 2459 uestrarum
1116 2415 1307 2460 auctor
1335 2407 1405 2461 sit
1429 2417 1483 2461 et
1511 2420 1742 2464 creator.
1759 2410 1901 2466 Nihil
1932 2412 2151 2484 quippe,
2186 2421 2243 2469 ut

652 2497 720 2552 ab
748 2514 814 2554 eo
844 2498 1121 2555 deﬁnitum
1172 2501 1579 2559 observavimus
1605 2502 1792 2575 (Ibid.,
1817 2506 1906 2560 lib.
1936 2522 1993 2574 tt,
2022 2524 2141 2579 pag.
2172 2508 2243 2564 52

652 2599 701 2645 et
729 2591 846 2663 56).
878 2592 1023 2648 aliud
1051 2605 1178 2653 sunt
1204 2594 1482 2666 homines,
1511 2613 1672 2668 quam
1699 2598 1895 2655 animae
1924 2602 2244 2673 corporibus

653 2683 870 2750 clausa,
896 2685 981 2740 vel
1000 2686 1253 2755 alligata.

725 2774 862 2841 Quid
889 2776 1060 2847 ergo?
1085 2776 1356 2848 Numquid
1387 2779 1480 2835 ille
1507 2781 1611 2836 sibi
1637 2798 1743 2838 non
1761 2786 2074 2842 constitisse
2091 2829 2107 2853 ,
2146 2787 2243 2844 sed

655 2869 889 2931 absurde
924 2873 1328 2930 contradixisse
1375 2876 1641 2934 dicendus
1671 2880 1791 2935 est?
1821 2880 1927 2937 Sed
1957 2881 2085 2952 quid
2115 2898 2242 2952 pro-

659 2964 804 3023 ltibet
832 2965 1119 3035 quominus
1142 2968 1260 3022 sine
1291 2968 1399 3022 ulla
1424 2969 1581 3038 plane
1608 2971 1773 3026 animi
1799 2972 2162 3029 inconstantia
2190 2983 2244 3030 et

656 3057 992 3117 volubilitate
1030 3073 1276 3119 asserere
1298 3063 1533 3131 potuerit
1559 3064 1767 3119 animas
1791 3080 1903 3120 non
1920 3067 1988 3121 ab
2014 3068 2247 3138 ipsomet

656 3152 1027 3222 omnipotente
1048 3154 1179 3220 Deo,
1204 3163 1475 3226 tamquam
1504 3172 1663 3212 causa
1688 3158 1953 3228 proxima,
1969 3161 2065 3216 sed
2084 3176 2244 3217 causa

2346 1953 2585 2008 tionem?
2626 1954 2765 2023 Quid
2808 1965 2988 2012 autem
3017 1973 3084 2012 ex
3108 1967 3340 2029 negante
3384 1966 3704 2029 argumento
3742 1958 3951 2015 conﬁci

2344 2056 2521 2118 potest
2569 2058 2757 2105 contra
2806 2067 2920 2107 rem
2952 2051 3225 2123 aliquam,
3265 2068 3424 2124 quam
3464 2063 3726 2109 assertam
3772 2050 3977 2115 habcw

2345 2141 2508 2196 mus?

2933 2252 3231 2295 ARTICULUS
3262 2254 3344 2295 Ill.

2344 2347 2465 2408 Qua:
2500 2324 2651 2399 fuerit
2674 2361 2789 2398 vera
2814 2348 3014 2399 Arnobii
3031 2351 3096 2401 de
3122 2351 3298 2401 animai
3329 2351 3557 2402 humanm
3577 2358 3750 2402 natura
3772 2356 3827 2401 et
3849 2352 3954 2401 im-

2342 2439 2357 2474 ί,
2404 2409 2703 2478 mortalitate
2726 2414 2909 2478 otiinio,
2937 2420 2991 2463 et
3012 2422 3175 2464 utrum
3197 2415 3247 2464 in
3270 2412 3531 2478 quemdam
3565 2414 3630 2466 de
3671 2414 3755 2464 illa
3792 2427 3951 2464 erro-

2406 2488 2512 2531 rem
2538 2474 2707 2539 lapsus
2720 2475 2803 2533 sit.

2416 2578 2557 2647 Quid
2584 2579 2651 2634 de
2676 2581 2793 2651 ipsa
2818 2579 3071 2637 humanm
3089 2581 3282 2638 animae
3311 2592 3521 2650 natura,
3555 2582 3803 2654 illiusque
3830 2584 3949 2640 im-

2345 2676 2675 2733 mortalitate
2690 2676 2886 2729 sentiat
2899 2675 3188 2741 Arnobius,
3203 2688 3258 2731 et
3278 2685 3457 2733 utrum
3478 2678 3531 2731 in
3552 2692 3614 2732 ea
3632 2676 3949 2733 deﬁnienda

2346 2782 2534 2823 rursus
2566 2783 2661 2837 per
2689 2782 2953 2834 errorem,
2979 2776 3037 2823 ut
3063 2768 3277 2839 quidam
3300 2772 3615 2840 opit‘tantur,
3639 2771 3818 2841 lapsus
3842 2771 3948 2839 sit,

2346 2877 2376 2916 a
2404 2863 2561 2921 nobis
2587 2863 2765 2919 adhuc
2789 2874 2874 2920 est
2901 2862 3095 2919 sedulo
3130 2863 3529 2935 inquirendum.
3578 2866 3663 2920 Ab
3699 2864 3952 2921 ﬂeraldo

2346 2967 2527 3012 autem
2569 2957 2819 3015 decuisse
2860 2957 3204 3015 insimulatur
3222 2972 3345 3013 eam
3364 2971 3685 3028 corpoream
3711 2971 3858 3022 esse,
3892 2965 3953 3013 et

2348 3050 2652 3106 mortalem.
2697 3049 2807 3107 Sed
2837 3049 2953 3106 haec
2978 3050 3158 3122 gravis
3187 3050 3493 3107 criminatio
3533 3051 3780 3109 examine
3808 3066 3949 3122 pro-

2349 3144 2604 3201 culdubio
2628 3144 2855 3216 indiget.

657 3253 863 3307 tantum
889 3258 1117 3315 remota,
1141 3258 1196 3304 et
1222 3250 1464 3306 ominum
1494 3253 1688 3321 prima,
1717 3270 1811 3322 per
1831 3253 1996 3309 altum
2024 3270 2056 3310 e
2077 3271 2240 3326 supe-
2271 3266 2316 3331 ρ
2421 3238 2663 3297 Prlium“
2712 3239 2890 3307 ίωιυθ
2935 3246 3086 3309 lmm
3122 3236 3389 3295 θθηωυε
3418 3238 3629 3293 milia
3652 3236 3951 3292 hominum

655 3336 891 3395 tioribus
915 3341 1273 3407 potestatibus
1298 3341 1530 3410 aliquem
1559 3346 1809 3400 creatas?
1859 3346 2055 3402 Verum
2108 3348 2246 3404 hanc

2349 3347 2638 3404 corporeae
2661 3333 2731 3388 ab
2755 3344 2976 3393 auctore
2997 3341 3191 3389 nostro
3205 3333 3418 3388 censeri
3438 3375 3453 3399 ,
3492 3332 3617 3403 quia
3638 3331 3761 3388 illas
3787 3330 3952 3387 dolo-

657 3444 767 3489 non
794 3427 961 3489 fuisse
988 3431 1132 3487 illius
1160 3435 1470 3503 opinionem
1494 3436 1621 3492 inde
1640 3436 1835 3493 eonllci
1855 3439 2087 3505 videtur,
2103 3441 2245 3511 quod

658 3520 747 3583 illa
770 3520 963 3585 iisdem
985 3534 1259 3580 evertatur
1277 3528 1629 3599 argumentis,
1645 3529 1860 3599 quibus.
1882 3532 1959 3586 uti
1979 3532 2241 3599 diximus,

659 3616 774 3686 ipse
797 3618 1027 3687 probare
1056 3630 1287 3677 conatus
1348 3631 1463 3693 est,
1506 3625 1744 3691 animas,
1779 3635 1963 3696 utpote
1986 3628 2131 3683 vitiis
2153 3630 2249 3684 ob-

660 3712 890 3780 noxias,
931 3729 1039 3772 nou
1088 3716 1381 3786 potuissea
1408 3733 1620 3773 summo
1672 3721 1781 3774 Deo
1820 3722 2014 3778 creari.
2058 3720 2249 3778 Nonne

661 3822 793 3877 ergo
813 3806 1163 3870 verisimilius
1186 3818 1274 3865 est
1302 3809 1454 3865 illum
1480 3810 1863 3882 disputationis
1892 3822 2027 3869 testu
2058 3813 2250 3885 abrep-

663 3910 772 3959 tum
793 3941 810 3968 ,
852 3911 1006 3965 extra
1034 3912 1207 3961 statos
1232 3904 1433 3960 limites
1458 3916 1835 3977 argumentum
1866 3922 2025 3965 suum
2058 3924 2250 3980 urgere

660 4010 724 4055 ac
753 3996 1043 4066 prosequi?
1089 3997 1151 4052 Si
1188 3998 1309 4069 quis
1347 4008 1525 4055 tamen
1576 4000 1731 4056 nobis
1760 4011 1910 4057 certe
1938 4002 2250 4073 probaverit

663 4089 818 4151 illum
886 4089 1181 4148 credidisse
1251 4093 1459 4148 animas
1508 4092 1772 4149 humanas
1829 4109 2165 4166 nequaquam
2218 4111 2251 4152 a

661 4197 873 4245 summo
919 4184 1030 4240 Deo
1048 4227 1064 4249 ,
1109 4185 1205 4240 sed
1227 4185 1298 4241 ab
1322 4185 1673 4242 inferioribus
1697 4196 1903 4243 tantum
1930 4188 2249 4258 quibusdam

662 4276 918 4335 natalium
946 4278 1236 4348 splendore
1266 4280 1622 4336 nobilissimis
1651 4282 2009 4351 potestatibus
2039 4293 2251 4338 creatas

618 4371 622 4373 ‘
664 4368 830 4429 fuisse
849 4409 864 4433 .
888 4384 988 4426 nos
1015 4370 1161 4426 illico
1188 4387 1316 4435 cum
1340 4386 1551 4430 errasse
1579 4374 1867 4430 fatebimur
1883 4416 1899 4442 ,
1933 4390 2031 4430 nec
2057 4391 2251 4448 seque-

666 4479 785 4518 mur
815 4466 1108 4520 errantem.

737 4560 807 4615 At
834 4572 937 4611 non
960 4557 1133 4614 deerit
1163 4556 1392 4614 fortasse
1417 4559 1629 4629 aliquis,
1666 4562 1761 4632 qui
1801 4562 1959 4618 nobis
2003 4572 2256 4634 suggerat

2348 3427 2423 3482 ris
2448 3441 2609 3482 sensu
2642 3425 2791 3487 allici
2820 3426 3115 3481 arbitratus
3145 3435 3250 3481 est.
3281 3424 3515 3481 Ubinam
3540 3440 3672 3481 vero
3698 3424 3949 3496 gentium

2349 3522 2548 3590 scripto
2571 3519 2689 3581 hinc
2720 3519 2991 3575 tradidit?
3035 3518 3127 3573 ubi
3156 3517 3224 3574 de
3251 3518 3478 3573 Platone
3501 3517 3579 3573 ait
3628 3518 3902 3575 ﬂeraldus
3926 3558 3947 3585 ,

2349 3614 2467 3671 haec
2483 3614 2719 3685 loquitur
2740 3614 2797 3668 in
2826 3612 3019 3669 verba:
3048 3630 3067 3664 ι
3095 3611 3232 3667 Rem
3260 3610 3654 3669 incnodabilem
3680 3610 3912 3681 suscipit
3929 3628 3948 3667 :

2350 3717 2410 3764 ut
2435 3722 2561 3768 cum
2587 3708 2795 3769 anilitas
2820 3705 2964 3761 dicat
2985 3705 3321 3761 immortales
3340 3746 3357 3773 ,
3390 3714 3710 3775 perpetuas,
3738 3716 3796 3761 et
3819 3719 3950 3760 cor-

2351 3802 2522 3872 porali
2552 3800 2827 3857 soliditate
2852 3802 3124 3871 privatas;
3157 3800 3335 3871 puniri
3373 3808 3553 3856 tamen
3579 3815 3671 3856 eae
3691 3800 3858 3866 dicat,
3893 3807 3951 3855 et

2350 3898 2555 3955 doloris
2587 3896 2787 3953 alliciat
2823 3910 3008 3952 sensu.
3054 3896 3183 3963 Quis
3213 3905 3392 3951 autem
3415 3896 3693 3952 hominum
3720 3911 3827 3950 non
3862 3896 3950 3951 vi-
4018 3973 4025 3980 κ

2351 3992 2443 4049 det
2470 3992 2615 4063 quod
2638 3993 2709 4047 sit
2735 3991 3061 4058 immortale,
3092 3991 3233 4061 quod
3264 3990 3515 4061 simplex,
3548 3991 3750 4046 nullum
3777 4004 3950 4061 posse

2352 4086 2594 4143 dolorem
2620 4087 2938 4151 admittere;
2962 4085 3109 4155 quod
3134 4094 3315 4140 autem
3339 4086 3540 4140 sentiat
3558 4084 3817 4148 dolorem,
3844 4082 3954 4138 im-

2353 4182 2741 4238 mortalitatem
2767 4181 2966 4236 itabere
2993 4196 3103 4236 non
3130 4179 3324 4250 posse?
3358 4198 3380 4232 ι
3423 4179 3651 4253 (Arnob.
3681 4221 3699 4247 ,
3741 4178 3834 4235 lib.
3865 4194 3911 4235 ιι
3931 4220 3950 4245 ,

2354 4294 2475 4349 pag.
2503 4276 2618 4343 52.)
2648 4276 2845 4332 Verum
2873 4274 3145 4332 Arnobius
3171 4286 3406 4331 mentem
3433 4289 3761 4345 sensumque
3782 4287 3954 4331 suum

2354 4372 2427 4428 ibi
2459 4387 2563 4427 non
2595 4371 2829 4441 explicat
2859 4388 2872 4423 :
2915 4369 3009 4426 sed
3053 4370 3289 4427 ostendit
3325 4368 3607 4424 Platonem
3634 4383 3816 4424 secum
3847 4384 3956 4439 pu-

2354 4482 2569 4542 gnasse,
2602 4482 2725 4522 cum
2747 4470 2956 4522 animas
2983 4464 3086 4520 etsi
3109 4464 3464 4531 immortales,
3493 4472 3551 4520 et
3572 4464 3953 4533 incorporeas,

2356 4562 2559 4617 doloris
2588 4576 2751 4616 sensu
2777 4559 2918 4615 allici
2947 4558 3283 4615 adsseverat.
3311 4556 3465 4626 Quod
3520 4558 3664 4612 enim
3724 4555 3954 4622 dolore,

666 4649 966 4711 Arnobium
987 4651 1043 4707 in
1072 4651 1214 4707 hunc
1239 4651 1519 4723 delapsum
1541 4667 1664 4708 esse
1685 4656 2087 4727 errorem,quia
2110 4671 2250 4712 com-
2278 4674 2333 4734 D
2359 4656 2559 4727 inquit,
2601 4654 2858 4720 afficitur,
2894 4654 3122 4709 mortale
3166 4654 3270 4721 sit,
3320 4652 3476 4723 plane
3523 4659 3755 4721 oportet.
3806 4649 3955 4717 Quid

669 4752 875 4815 portam
908 4758 1015 4801 non
1036 4743 1224 4801 habuit
1244 4747 1447 4815 peccati
1470 4746 1746 4817 originalis
1776 4747 1951 4803 labem
1972 4791 1986 4815 ,
2016 4765 2119 4820 qua
2146 4749 2252 4804 lac-

670 4850 779 4896 tum
806 4852 911 4907 est,
937 4849 996 4896 ut
1022 4840 1185 4896 homo
1209 4850 1288 4896 tot
1315 4840 1574 4909 miseriis,
1607 4842 2038 4910 inﬁrmitatibus,
2063 4854 2119 4900 et
2148 4845 2252 4899 illl-

668 4932 790 4991 citis
839 4932 1221 5005 cupiditatibus
1269 4935 1341 4990 sit
1390 4935 1673 4991 obnoxius.
1731 4936 1930 4992 Verum
1982 4938 2255 5009 quomodo

2356 4760 2533 4806 autem
2563 4749 2617 4804 in
2646 4748 2747 4804 hac
2770 4747 3133 4805 cenl’utatione
3152 4742 3660 4801 condemnandum?

2429 4845 2530 4910 At,
2574 4842 2812 4913 inquies,
2856 4840 2948 4895 ille
2984 4853 3176 4910 reapse
3211 4837 3417 4892 animas
3444 4845 3661 4892 nostras
3690 4833 3959 4890 mortales

2358 4951 2479 4993 esse
2505 4934 2842 5006 apertissime
2868 4933 3073 4989 docuit.
3114 4930 3247 4986 Nam
3271 4930 3468 4985 ibidem
3494 4928 3655 5001 pitulo
3677 4937 3799 4998 post
3819 4926 3958 4983 sub-

669 5026 936 5087 Arnohitts
984 5028 1247 5098 originale
1291 5040 1571 5099 peccatum
1600 5030 1774 5100 potuit
1800 5030 2067 5102 ignorare,
2096 5046 2127 5085 a
2148 5047 2255 5103 quo
2353 5030 2561 5102 iunxit:
2593 5048 2612 5081 ι
2634 5029 2773 5085 Sunt
2801 5027 2993 5083 mediae
3021 5024 3315 5096 qualitatis,
3339 5025 3478 5079 sicut
3497 5021 3957 5079 Cbristoauctore

669 5122 931 5189 scriptum
952 5120 1219 5192 legimus:
1257 5141 1277 5175 α
1304 5122 1438 5190 Quia
1466 5125 1619 5195 proni
1640 5124 1707 5179 ad
1734 5127 1944 5196 culpas,
1975 5136 2029 5181 et
2048 5126 2115 5180 ad
2136 5127 2256 5181 libi-

670 5215 811 5277 dinis
830 5260 841 5269 ,
863 5216 1043 5271 varios
1084 5218 1357 5287 appetitus
1380 5219 1511 5273 vitio
1535 5235 1719 5275 sumus
1750 5220 2079 5275 inlirmitatis
2107 5220 2255 5290 inge.

673 5308 799 5365 nitar
819 5349 835 5373 ,
887 5309 1086 5378 patitur
1127 5309 1271 5367 Dens
1292 5324 1351 5365 se
1376 5326 1591 5381 seraper
1619 5313 1822 5369 nostris
1841 5313 2255 5385 cogitationibus

675 5401 922 5472 concipi;
957 5412 1014 5456 ut
1037 5401 1163 5457 dum
1195 5402 1342 5459 illum
1373 5419 1625 5473 oramus,
1662 5417 1717 5462 et
1759 5409 1951 5463 mereri
1988 5407 2104 5478 ejus
2128 5421 2260 5463 con-

678 5496 948 5555 tendimus
988 5511 1238 5562 munera,
1278 5498 1604 5567 accipiamus
1642 5504 1964 5561 innocentiae
2013 5502 2259 5559 volunta-

670 5596 800 5653 tem,
830 5599 885 5645 et
913 5590 981 5646 ab
1002 5590 1151 5645 omni
1182 5590 1423 5648 noslabc
1442 5590 1761 5650 delictorum
1800 5598 2039 5654 omnium
2069 5614 2260 5671 ampu-

675 5685 878 5741 tatione
917 5702 1229 5756 purgemus.
1262 5707 1283 5741 ι
1319 5686 1505 5760 (Ibit,
1532 5690 1622 5744 lib.
1657 5706 1694 5757 ι,
1718 5707 1838 5764 pag.
1870 5693 1986 5764 15.)
2008 5692 2149 5762 Quid
2177 5705 2261 5751 est

675 5784 876 5841 autem,
907 5776 1135 5833 obsecro
1163 5788 1237 5845 te,
1266 5779 1401 5836 illud
1427 5781 1676 5855 ingenitae
1698 5782 2029 5839 inﬁrmitatis
2047 5786 2256 5854 vitium,

677 5870 782 5926 nisi
810 5871 1102 5941 ipsuntmet
1129 5885 1404 5945 peccuum
1446 5876 1704 5949 originale
1720 5877 1749 5932 'l
1777 5875 1939 5935 Certe
1964 5877 2178 5950 quidem
2206 5877 2259 5935 id

2356 5131 2689 5194 compertum
2738 5129 2857 5188 est,
2908 5129 2964 5175 et
3010 5120 3235 5173 interire
3261 5133 3382 5188 qua:
3411 5115 3649 5188 possint,
3687 5115 3730 5169 si
3779 5115 3954 5169 Deum

2358 5217 2755 5289 ignoraverint;
2805 5216 2925 5270 vitae
2951 5224 3007 5269 et
3027 5215 3095 5268 ab
3115 5212 3277 5269 exitio
3305 5211 3554 5280 liberari,
3583 5210 3629 5264 ei
3649 5209 3714 5265 ad
3741 5210 3864 5279 ejus
3889 5222 3959 5265 se

2358 5312 2532 5366 minas
2562 5311 2688 5384 (ms.
2716 5308 2837 5365 cod.
2874 5322 2989 5379 reg.
3021 5304 3239 5378 semina)
3269 5314 3435 5377 atque
3459 5302 3819 5375 indulgentias
3844 5314 3959 5373 ap-

2356 5405 2626 5476 plicarint.
2663 5422 2683 5456 ι
2721 5401 2914 5475 (Ibid.)

2428 5500 2619 5555 Postea
2645 5514 2774 5554 vero
2805 5497 3248 5569 philosophorum
3272 5492 3427 5548 haud
3450 5490 3610 5547 dubie
3640 5488 3960 5545 Platonico-

2360 5609 2511 5657 rum,
2552 5592 2643 5662 qui
2667 5593 2875 5648 animas
2905 5589 3242 5646 immortales
3274 5601 3395 5643 esse
3424 5584 3779 5651 asserebant,
3826 5582 3960 5652 opi-

2361 5687 2575 5741 nionem
2608 5685 2729 5742 ideo
2756 5684 2955 5741 refellit
2977 5682 3165 5753 (lbid.,
3199 5698 3322 5754 pag.
3353 5681 3425 5738 6‘5
3447 5690 3495 5735 et
3521 5677 3724 5749 scqq.);
3752 5671 3878 5746 quia
3904 5673 3959 5729 si

2362 5779 2414 5835 id
2436 5792 2622 5833 verum
2644 5778 2733 5844 sit,
2753 5778 2996 5849 quilibet,
3026 5777 3352 5847 contemptis
3377 5773 3686 5839 virtutibus,
3703 5770 3757 5824 in
3784 5780 3962 5821 omne

2362 5873 2651 5948 voluptatis
2676 5882 2731 5932 et
2760 5873 2945 5947 ﬂagitii
2991 5887 3162 5946 genus
3212 5880 3335 5928 sese
3380 5881 3567 5926 secure
3596 5874 3657 5924 et
3680 5858 3965 5930 intrepido
