4166 6256
194 314 309 375 685
1444 300 1514 366 1N
1550 302 1930 374 ARNOBIUM,
1970 304 2121 364 CAP.
2163 298 2289 364 IX.‘
3380 300 3483 363 486

194 430 355 489 daret
381 426 729 499 praecipitem.
747 424 906 484 Nullo
928 424 1193 498 siquidem
1210 436 1477 496 supremae
1501 424 1782 497 potestatis
1812 427 1863 488 Α
1890 422 2091 479 [uitatis
2114 422 2285 501 possit
2306 430 2360 489 et
2388 420 2638 491 spiritum
2668 418 2983 503 subrogare,
3017 418 3121 487 nisi
3148 418 3238 493 qui
3262 419 3486 491 immor-

194 530 345 578 metu
371 522 417 579 is
437 520 814 581 cohibentur:
855 538 875 574 ι
909 517 1031 584 Cui,
1064 538 1083 572 ι
1111 519 1278 589 inquit
1305 516 1492 589 (Ibid.,
1522 533 1645 588 pag.
1670 514 1786 587 64),
1893 515 2014 570 talis
2040 526 2091 571 et
2116 527 2408 587 perpetuus
2432 517 2581 579 solus
2614 525 2718 583 est,
2772 523 2826 581 et
2859 516 3054 585 nullius
3083 514 3340 585 temporis
3375 517 3486 571 cir-

198 629 521 684 persuasttm
545 612 704 671 fuerit
730 621 838 667 tam
866 626 928 667 se
950 626 1071 667 esse
1095 610 1449 666 immortalem
1478 651 1494 677 ,
1523 623 1682 679 quam
1704 609 1790 679 ip-
1892 607 2309 683 cumscriptione
2330 607 2531 663 ﬁnitus.
2574 628 2593 660 ι
2635 606 2731 664 Ubi
2757 608 2931 675 obiter
2953 608 3182 671 observa
3213 623 3240 660 a
3267 606 3488 663 Pctavio

195 723 318 761 sum
344 708 513 761 Deum
542 706 831 775 primum.»
851 703 989 760 Tum
1018 718 1248 774 namque
1274 717 1334 759 se
1353 702 1427 757 ita
1461 704 1788 772 incorrupti-
1894 699 2144 755 traditum
2162 715 2228 755 eo
2250 702 2470 757 nomine
2495 700 2774 773 longtevaa,
2799 700 2941 765 idem
2966 703 3034 767 ab
3055 701 3150 759 illo
3173 699 3485 772 signiﬁcari,

202 800 364 856 bilem
390 813 512 855 esse
542 800 740 863 sciret;
789 808 847 854 ut
890 798 1037 865 nullo
1061 811 1281 870 prorsus
1308 795 1518 861 dolore,
1545 805 1601 850 et
1627 793 1791 850 animi
1893 806 1955 846 ac
1984 792 2026 846 si
2045 790 2272 847 dixisset
2300 803 2532 848 teternns
2556 792 2787 873 (Petam,
2808 803 2987 867 tonat,
3016 792 3260 865 Tlteolag.
3290 791 3490 866 dogm.,

203 896 610 966 perturbatione
641 902 825 965 posset
854 892 1056 963 pulsari
1092 900 1145 947 et
1173 891 1395 961 agitari,
1427 904 1603 960 neque
1633 888 1792 943 ullius
1896 885 1984 939 lib.
2014 901 2103 953 ιιι,
2139 903 2253 961 cap.
2280 887 2343 959 5,
2380 904 2499 959 pag.
2534 885 2680 963 i9l).
2722 886 2793 945 At
2814 886 2929 953 htec
2952 901 3114 965 porro
3134 902 3257 949 esse
3282 885 3495 943 videtur

200 990 374 1059 turpis
401 988 629 1044 actionis
656 987 821 1059 pollui
850 985 1110 1042 ﬁeditale.
1156 984 1487 1061 Corporalem
1539 983 1793 1043 enimvero
1893 981 2124 1050 genuina
2186 981 2408 1036 Arnobii
2448 978 2731 1043 nostri'de
2782 982 2974 1047 animo:
3011 980 3261 1047 humana:
3300 992 3492 1037 natura

200 1082 563 1146 substantiam,
594 1080 671 1135 uti
702 1080 793 1135 ille
820 1081 894 1133 ait
916 1077 1133 1151 (υἱῲ),
1164 1079 1257 1151 Qui
1289 1093 1396 1139 non
1437 1078 1618 1142 habet,
1646 1076 1793 1130 nulla
1895 1071 2097 1141 opinio,
2123 1087 2280 1142 quam
2308 1083 2476 1139 certe,
2506 1075 2580 1129 uti
2604 1071 2894 1153 vides,ttec
2913 1072 3102 1140 semel,
3122 1088 3221 1137 nec
3240 1072 3493 1141 obscure,

203 1176 365 1246 plane
396 1174 603 1245 peccati
632 1173 791 1229 sorde
812 1173 1166 1239 contaminari
1195 1181 1392 1247 potest.
1435 1171 1567 1241 Inde
1614 1180 1795 1237 autem
1896 1164 2199 1235 explicavit.

198 1267 404 1324 factum
426 1267 579 1333 dicit,
612 1277 668 1322 ut
695 1265 958 1322 medietas
979 1308 994 1333 ,
1038 1280 1343 1338 ancepsque
1372 1264 1673 1323 animarum
1703 1279 1799 1323 nae-
1895 1295 1899 1300 -
1968 1254 2075 1313 Sed
2100 1257 2326 1329 plurium
2354 1274 2415 1314 ea
2445 1257 2514 1319 de
2540 1273 2701 1327 causa
2734 1274 2978 1331 errorum
3012 1259 3337 1343 postulatur.
3372 1258 3495 1316 Pri—

200 1368 320 1416 tura
361 1360 575 1416 dederit
631 1357 987 1431 philosophite
1036 1358 1213 1413 locum
1250 1356 1525 1414 asserendi
1550 1366 1605 1413 et
1624 1357 1797 1427 bonos
1898 1366 2043 1406 mum
2070 1352 2211 1407 enim
2244 1352 2493 1409 decernit
2516 1353 2725 1419 animas
2751 1354 2921 1419 solius
2963 1353 3054 1421 Dei
3087 1353 3351 1415 beneﬁcio
3376 1368 3500 1410 esse

202 1453 465 1524 praemia,
495 1463 550 1509 et
587 1452 757 1508 malos
803 1467 992 1523 pmnas
1047 1466 1284 1513 manere.
1315 1451 1389 1505 Ea
1420 1464 1553 1506 vero
1578 1463 1796 1519 persua-
1898 1449 2255 1531 immortales,
2304 1468 2400 1507 sua
2442 1467 2575 1507 vero
2604 1462 2795 1521 natura
2827 1452 3103 1517 mortales,
3129 1461 3182 1513 et
3205 1451 3399 1517 morti,
3432 1466 3501 1507 ex

200 1547 365 1602 sione
394 1546 762 1617 unusquisque
787 1547 839 1599 in
868 1545 1050 1600 ofﬁcio
1078 1560 1178 1600 suo
1222 1544 1551 1601 continetur.
1599 1543 1799 1612 Quam-
1898 1560 2002 1617 qua
2028 1560 2055 1597 a
2117 1545 2234 1600 solo
2268 1544 2376 1609 Deo
2428 1546 2766 1623 eripiuntur,
2797 1546 3096 1616 _obnuxias.
3144 1546 3215 1611 At
3243 1543 3502 1618 quidquid

199 1641 398 1696 obrem
422 1640 512 1695 ille
536 1639 661 1694 inde
680 1639 954 1695 concludit
979 1657 994 1694 :
1025 1659 1043 1701 ς
1073 1639 1198 1695 Huic
1213 1655 1332 1695 cum
1360 1642 1428 1695 ita
1461 1654 1520 1696 se
1546 1638 1798 1707 habeant,
1900 1638 2131 1694 mortale
2151 1647 2255 1705 est,
2275 1638 2403 1694 illud
2434 1640 2789 1713 proculdubio
2814 1655 3138 1712 corporeum
3168 1655 3289 1696 esse
3316 1639 3498 1696 debet.

198 1741 261 1789 et
290 1748 413 1788 cum
438 1749 468 1787 a
490 1748 701 1788 summo
726 1732 977 1788 traditum
1005 1743 1282 1788 teneamus
1307 1742 1525 1793 auctore
1550 1748 1656 1788 non
1681 1746 1801 1788 esse
1902 1731 2033 1813 Quis
2052 1744 2230 1797 autem
2261 1734 2433 1788 nescit
2461 1733 2603 1791 hunc
2627 1744 2873 1801 veterum
2891 1734 3247 1806 quorumdam
3274 1734 3504 1804 scripto-

202 1828 415 1884 animas
446 1828 606 1899 longe
633 1828 703 1883 ab
725 1828 954 1893 hiatibus
972 1828 1160 1884 mortis
1187 1840 1239 1885 et
1260 1829 1500 1887 faucibus
1532 1827 1798 1895 constitu-
1830 1839 1879 1901 Β
1902 1841 2021 1880 rum
2073 1840 2316 1882 errorem
2357 1842 2479 1881 esse
2529 1827 2641 1913 jam
2672 1843 2700 1893 a
2734 1827 2897 1901 longo
2920 1836 3198 1909 tempore,
3242 1842 3344 1885 nec
3379 1827 3499 1884 sine

205 1932 328 1986 tas;
376 1936 536 1990 posse
565 1932 739 1976 tamen
768 1922 1040 1992 longaevas
1063 1922 1260 1983 summi
1291 1921 1550 1993 principis
1578 1936 1801 1987 munere
1906 1912 2198 1989 ignominia
2232 1917 2692 1975 condemnatum?

208 2030 272 2070 ac
299 2015 564 2070 beneﬁcio
595 2014 749 2080 ﬁeri,
775 2015 819 2071 si
843 2015 1001 2071 modo
1027 2015 1179 2070 illum
1212 2025 1418 2081 tentent
1446 2031 1510 2070 ac
1532 2014 1802 2075 mediteu-
1978 2011 2179 2067 Deinde
2205 2028 2335 2068 vero
2369 2015 2641 2070 Arnobius
2676 2025 2828 2087 putat
2863 2015 3070 2071 animas
3095 2016 3370 2085 hominum
3411 2016 3509 2073 Dei

206 2116 297 2163 tur
336 2122 723 2179 agnoscam...
768 2117 879 2162 tum
910 2108 1105 2163 deinde
1132 2107 1346 2167 feritate
1368 2117 1528 2180 atque
1554 2105 1803 2173 inltuma-
1906 2113 2110 2163 tantum
2138 2106 2401 2163 beneﬁcio
2422 2150 2437 2181 ,
2466 2109 2512 2163 si
2558 2117 2737 2165 tamen
2768 2126 2891 2177 eum
2927 2113 3245 2182 agnoverint
3266 2154 3282 2183 ,
3315 2121 3369 2169 et
3410 2110 3512 2167 hoc

210 2204 385 2260 nitate
428 2202 685 2277 depositis
708 2245 723 2269 ,
771 2213 1049 2259 resumam
1097 2203 1308 2274 ingenia
1355 2203 1598 2269 mitiora;
1646 2212 1705 2261 ut
1738 2201 1805 2257 ad
1908 2199 2207 2257 meruerint
2239 2199 2582 2268 beneﬁcium,
2622 2202 2956 2265 immortales
2986 2202 3127 2269 ﬁeri.
3160 2205 3232 2263 At
3262 2204 3390 2263 inde
3417 2203 3516 2261 ad-

208 2296 347 2353 illud
378 2297 514 2368 quod
551 2298 762 2352 dabitur
815 2311 938 2352 esse
998 2295 1201 2366 possint
1252 2305 1451 2369 parata:
1477 2337 1492 2361 ,
1549 2295 1676 2371 qttid
1725 2304 1810 2357 est
1910 2292 2014 2346 huc
2044 2292 2286 2364 sequitur
2318 2308 2635 2367 persuasum
2669 2294 2742 2349 illi
2772 2294 2940 2353 fuisse
2980 2296 3191 2357 animas
3223 2296 3511 2377 impiorum

210 2392 361 2463 quod
388 2407 420 2446 a
444 2392 596 2447 vobis
641 2402 912 2463 tamquam
952 2391 1094 2446 bruti
1117 2401 1171 2447 et
1195 2391 1376 2447 stolidi
1411 2391 1736 2462 iudicemur,
1763 2391 1807 2448 si
1910 2394 1966 2440 et
1990 2383 2282 2440 infidelium
2317 2386 2569 2455 interire,
2620 2402 2722 2443 nec
2760 2402 2787 2445 a
2836 2387 2948 2445 Deo
2976 2388 3383 2455 immortalitate
3410 2388 3513 2447 d0-

213 2496 442 2557 propter
464 2484 566 2541 hos
597 2493 772 2541 metus
822 2485 1096 2540 liberatori
1138 2484 1382 2540 dedimus
1404 2496 1459 2541 et
1488 2483 1812 2556 mancipavi-
1913 2481 2049 2537 nari.
2098 2480 2382 2538 Secundus
2423 2494 2602 2537 autem
2648 2482 2737 2539 hic
2759 2498 2913 2543 error
2940 2484 3081 2557 :est,
3128 2490 3237 2543 non‘
3285 2484 3513 2554 minori,

215 2595 346 2635 mus
377 2595 476 2635 nos
496 2580 627 2635 Deo.
664 2598 684 2632 ι
713 2579 903 2651 (Ibid,
933 2597 1054 2651 pag.
1089 2577 1209 2654 65.)
1912 2591 2073 2649 quam
2097 2575 2334 2651 primus,
2377 2578 2640 2643 censoria:
2682 2578 2995 2645 severitatis
3022 2588 3148 2647 nota
3175 2580 3297 2655 jure
3322 2580 3518 2643 merito

294 2671 484 2743 Neque
518 2672 654 2728 hanc
680 2673 748 2729 de
768 2673 1069 2739 animarum
1098 2673 1388 2741 medietate
1417 2674 1724 2745 opinionem
1747 2674 1817 2739 ab
1915 2670 2145 2729 inustus.

218 2766 474 2822 Ethtticis
504 2766 650 2836 rejici
687 2782 845 2838 posse
884 2767 1159 2841 ostendit;
1199 2768 1322 2843 quia
1362 2769 1438 2835 illi
1488 2769 1620 2837 deos
1648 2786 1814 2837 suos,
1988 2761 2139 2831 QttOtl
2167 2770 2348 2819 autem
2392 2763 2461 2819 ad
2505 2765 2739 2839 primum
2784 2781 3029 2833 errorem
3068 2778 3313 2843 spectat,
3357 2769 3511 2827 dictu

217 2874 565 2931 quocumque
629 2859 846 2916 nomine
886 2860 955 2915 ab
1005 2860 1135 2931 ipsis
1185 2862 1621 2939 appellarentur,
1673 2863 1818 2935 ejus:
1917 2853 2160 2925 Profecto
2190 2855 2344 2921 facile
2373 2872 2479 2913 n0"
2527 2867 2612 2923 est
2650 2869 2833 2929 utrum
2869 2861 3143 2927 Arnobius
3174 2863 3227 2923 in
3254 2862 3407 2935 illum
3438 2862 3516 2919 in-

219 2951 353 3009 dem
400 2951 588 3006 mediae
624 2963 828 3007 naturre
880 2967 1000 3007 esse
1039 2952 1464 3011 existimabant:
1516 2972 1535 3005 ι
1568 2953 1671 3024 Qui
1699 2970 1817 3017 tne-
1919 2947 2146 3015 Cidet‘il.
2199 2949 2302 3004 “isi
2335 2951 2481 3029 prius
2509 2962 2723 3019 coustct
2751 2954 2877 3027 quid
2908 2954 3099 3021 media:
3125 2955 3410 3023 mortalem
3440 2956 3524 3011 in-

218 3045 356 3112 dia},
393 3063 413 3097 ι
453 3045 629 3127 inquit
668 3044 819 3116 (ibid.
843 3087 857 3112 ,
903 3062 1023 3119 pag.
1052 3045 1145 3118 67)
1168 3089 1184 3114 ,
1244 3065 1263 3099 ι
1301 3047 1578 3119 qualitatis
1606 3050 1817 3111 animas

1923 3050 2011 3101 tcr
2036 3052 2090 3097 et
2113 3042 2472 3099 immortalem
2501 3055 2708 3103 natura:
2741 3048 2960 3113 nomine
2980 3048 3050 3113 ab
3075 3063 3141 3104 eo
3169 3048 3514 3123 intelligatur.

222 3154 358 3196 esse
400 3154 504 3194 non
532 3138 792 3205 creditis,
820 3138 955 3195 etin
992 3140 1168 3195 medio
1195 3139 1365 3197 limite
1394 3143 1517 3198 vitae
1547 3152 1706 3216 atque
1736 3146 1821 3201 in-
1924 3135 1994 3189 At
2023 3150 2153 3190 sane
2175 3136 2422 3207 quamvis
2450 3136 2499 3193 id
2527 3138 2621 3199 ille
2648 3138 2808 3211 plane
2844 3149 2899 3199 et
2924 3140 3177 3207 distincte
3204 3156 3315 3207 non
3340 3142 3529 3199 deﬁni-

224 3236 427 3292 teritus
468 3234 766 3301 contineri,
822 3252 1002 3293 nonne
1022 3251 1211 3297 omnes
1239 3240 1463 3301 omnino
1484 3281 1499 3306 ,
1544 3255 1679 3311 quos
1706 3240 1823 3312 Opi-
1850 3249 1869 3311 (

1883 3250 1896 3311 ς
1926 3226 2101 3294 verit;
2158 3237 2367 3284 certum
2400 3239 2577 3287 tamen
2625 3241 2711 3299 est
2760 3232 2863 3289 hoc
2890 3233 3014 3295 ideo
3045 3235 3114 3290 ab
3142 3236 3257 3311 ipso
3287 3250 3528 3309 pronun-

224 3330 387 3385 natio
413 3329 739 3399 suSpicatur,
772 3328 882 3397 dii,
926 3332 1149 3402 Angeli,
1186 3331 1462 3397 daemones
1488 3343 1581 3387 aut
1607 3335 1827 3393 nomine

1931 3319 2084 3388 tiari,
2131 3321 2253 3403 quia
2298 3332 2611 3381 constanter
2652 3324 2925 3407 credidit,
2977 3327 3119 3398 quod
3167 3327 3236 3383 ab
3259 3327 3526 3407 Apostolo

228 3438 577 3495 quocumque
621 3434 748 3479 sunt
797 3423 923 3487 alio,
957 3424 1232 3494 qualitatis
1258 3437 1311 3491 et
1335 3427 1433 3501 ipsi
1462 3429 1824 3497 suntmetlite,
1932 3422 2195 3469 εδδθτίιηη
2240 3413 2467 3495 legimus
2504 3416 2549 3486 (Ι
2587 3414 2837 3485 Τὶηιοιιιη
2882 3434 2962 3484 γι,
3007 3417 3118 3492 16),
3152 3420 3321 3481 Deum
3356 3420 3532 3489 solum

231 3528 293 3573 et
349 3518 401 3572 in
437 3516 706 3589 ambiguae
748 3519 913 3574 sortis
966 3519 1276 3583 conditione
1325 3522 1633 3581 mutabiles.
1673 3544 1692 3578 ι
1752 3524 1829 3580 lbi
1934 3522 2121 3563 revera
2146 3523 2268 3565 esse
2296 3509 2678 3577 immortalem.
2709 3511 2849 3585 Quid
2871 3515 3018 3577 enim
3041 3512 3127 3577 his
3148 3514 3267 3585 eius
3295 3514 3534 3573 auctoris

230 3624 420 3668 autem
472 3612 716 3667 Platonis
760 3628 977 3679 sensum
1033 3616 1255 3683 retulit,
1306 3632 1412 3673 non
1456 3619 1623 3677 verba
1677 3621 1829 3692 ipsa,
1937 3602 2103 3658 "05m
2134 3600 2353 3679 verbist
2386 3611 2446 3667 ιιι
2480 3602 2580 3659 alia
2614 3604 2775 3669 missa
2802 3603 3094 3674 faciamus,
3138 3605 3535 3669 ειπῑυδθῑθι·

233 3722 369 3777 qua:
400 3706 454 3759 in
482 3720 550 3761 eo
573 3747 589 3771 ,
625 3722 783 3775 quem
826 3706 968 3773 haud
1006 3708 1169 3765 dubie
1208 3710 1491 3780 laudavit,
1525 3713 1833 3789 pltilosotthi

1939 3694 2212 3763 pressius?
2253 3712 2271 3744 ι
2306 3692 2495 3762 Nonne
2534 3695 2686 3763 solus
2726 3696 2996 3769 ingenitus
3020 3740 3037 3765 ,
3079 3698 3398 3767 immortalis
3422 3742 3439 3767 ,
3482 3708 3538 3756 et.

234 3799 491 3866 Timaeo,
520 3810 674 3872 atque
701 3801 771 3854 ab
803 3801 1167 3875 Athenagora,
1199 3803 1464 3873 Cicerone
1504 3816 1558 3863 et
1606 3809 1728 3875 aliis
1754 3812 1833 3873 ci.-

1940 3801 2231 3861 perpetuus
2258 3789 2405 3857 solus
2433 3791 2549 3851 est?
2584 3810 2604 3841 ι
2640 3789 2859 3859 Δηιορη
2891 3791 2978 3861 lib.
3012 3809 3073 3863 ιι,
3106 3810 3227 3873 pag.
3257 3794 3377 3867 95.)
3398 3792 3537 3871 Quin

240 3903 364 3948 tata
398 3893 632 3948 invenies
685 3892 896 3963 (Plato,
929 3896 981 3950 in
1022 3895 1234 3965 Timaeo,
1270 3908 1392 3969 tam,
1424 3916 1506 3971 ιιι,
1538 3918 1658 3975 pag.
1694 3902 1759 3961 41
1792 3913 1839 3959 et

1940 3883 2105 3937 immo
2138 3893 2193 3939 et
2229 3884 2405 3956 ipsum
2442 3889 2619 3953 solum
2650 3903 3029 3967 incorporeum
3060 3905 3184 3959 esse
3218 3900 3494 3955 asseverat
3522 3907 3536 3943 :

238 4003 424 4054 seqq;
454 3986 722 4059 Athenag.,
764 3990 863 4061 leg.
909 4006 1004 4059 pro
1041 3991 1303 4047 Christian.
1329 4033 1345 4063 ,
1387 4010 1506 4067 pag.
1538 3996 1602 4062 6;
1649 3994 1838 4067 Cicer.,

1952 3996 1970 4028 ι
2009 3976 2316 4051 lngenitus,
2354 3998 2373 4031 ι
2418 3979 2592 4050 inquit
2618 3979 2830 4063 (Idem,
2865 3982 2955 4047 lib.
2982 3998 3034 4051 ι,
3067 4000 3189 4061 pag.
3216 3984 3343 4055 17),
3390 4002 3410 4041 ι
3442 3983 3543 4041 im-

243 4080 312 4134 de
343 4078 575 4134 Univers.
605 4081 656 4135 in
683 4082 897 4153 fragm,
928 4091 1051 4137 tam.
1084 4098 1143 4150 ll,
1175 4101 1294 4157 pag.
1320 4085 1435 4157 29).
1945 4072 2228 4140 mortalis,
2276 4084 2613 4155 perpetuuS,
2664 4076 2855 4145 solus,
2906 4092 3066 4155 quem
3117 4077 3265 4145 nulla
3310 4077 3545 4143 detineat

327 4173 568 4243 Denique
586 4173 852 4228 Arnobius
881 4174 1015 4229 hanc
1031 4190 1180 4230 suam
1211 4177 1279 4232 de
1308 4178 1394 4232 illa
1425 4179 1618 4243 animm
1644 4191 1842 4245 nostra:
1947 4163 2118 4225 {0mm
2149 4167 2468 4233 θοτβοτίιίίεν
2505 4167 2649 4235 illi“?
2679 4169 3009 4239 ἀειθηηῑιιει
3034 4170 3484 4243 circumscriptio.
3517 4189 3537 4223 θ

248 4276 440 4322 natura
472 4267 792 4322 sententiain
840 4265 923 4322 his
950 4269 1267 4326 clarissimis
1308 4272 1641 4344 minimeque
1668 4277 1843 4337 ambi-
2018 4261 2089 4314 Αῐ
2113 4260 2157 4313 εί
2185 4260 2451 4316 Ανηοὺίυ8
2479 4276 2546 4317 θο
2575 4272 2787 4329 tantum
2814 4279 2982 4333 sensu
3004 4266 3240 4333 animam
3280 4280 3405 4331 esse
3440 4266 3545 4322 im-

246 4360 374 4432 gttis
402 4358 583 4414 verbis
608 4360 857 4428 exposuit
894 4378 907 4415 :
954 4379 973 4411 ι
1003 4360 1116 4415 Νοιι
1152 4363 1373 4433 absone,
1413 4380 1586 4436 neque
1616 4368 1848 4429 inaniter

1951 4353 2230 4408 mortalem
2279 4355 2523 4433 negavit,
2567 4358 2689 4439 quia
2721 4357 3067 4441 aliotquatn
3096 4359 3261 4431 Deus,
3290 4360 3452 4425 modo
3477 4361 3549 4418 sit

251 4453 528 4508 credimus
551 4451 742 4508 medite
769 4453 1044 4523 qualitatis
1074 4470 1193 4510 esse
1220 4454 1425 4511 animas
1445 4456 1744 4527 hominum,
1766 4472 1851 4518 ut-
1953 4445 2271 4505 immortalis
2289 4489 2305 4514 ,
2345 4447 2479 4502 nihil
2509 4458 2655 4515 certe
2680 4451 2901 4525 protulit
2929 4452 3036 4513 nisi
3064 4467 3255 4519 sanum
3285 4464 3341 4508 et
3361 4452 3550 4513 ortho-

257 4554 386 4616 pote
412 4561 443 4599 a
472 4545 635 4599 rebus
661 4560 768 4599 non
792 4544 1175 4615 principalibus
1197 4548 1369 4603 editas
1388 4592 1401 4616 ,
1438 4549 1546 4627 juri
1578 4553 1852 4625 subjcclas

1954 4537 2149 4594 doxum
2181 4558 2195 4594 :
2244 4561 2263 4592 ι
2293 4540 2484 4601 Anima
2515 4543 2714 4625 quippe
2740 4542 3009 4619 hominis,
3039 4564 3059 4607 η
3096 4546 3171 4607 ait
3196 4547 3547 4621 Augustinus,

256 4641 476 4706 mortis,
497 4654 777 4709 parvarum
793 4646 847 4693 et
871 4638 1111 4694 labilium
1149 4641 1342 4696 virium
1365 4646 1726 4725 perpetuitate
1755 4649 1853 4709 do-
1881 4640 1937 4702 D
1967 4650 1986 4684 ί
2021 4632 2339 4688 ίιηηιοτιίλιίε
2368 4645 2450 4689 εει
2478 4636 2778 4703 secundum
2806 4639 3093 4709 Quemdam
3124 4640 3345 4703 modum
3370 4656 3551 4699 suum.

258 4735 404 4799 nari,
430 4731 479 4789 si
507 4748 658 4803 spem
685 4732 924 4788 muneris
954 4734 1089 4788 tanti
1114 4734 1283 4790 Deum
1311 4737 1378 4795 ad
1408 4740 1706 4811 principem
1734 4758 1858 4807 con-
1962 4726 2077 4781 N0"
2109 4728 2249 4783 enim
2275 4730 2420 4784 οηιηί
2447 4730 2628 4797 modo.
2662 4733 2821 4799 sicut,
2846 4733 2913 4809 de
2934 4750 3039 4813 qun
3066 4734 3269 4801 dictum
3294 4745 3380 4799 est
3397 4739 3552 4809 auia:

259 4830 448 4886 ferant
472 4871 486 4891 ,
539 4828 625 4882 cui
655 4827 755 4882 soli
787 4837 1028 4898 potestas
1062 4838 1146 4884 est
1174 4830 1298 4884 talia
1327 4875 1342 4911 ,
1394 4836 1740 4911 corruptione
1766 4852 1861 4897 ex—
1966 4820 2125 4877 SO'US
2154 4821 2311 4877 habet
2335 4823 2811 4889 immortalitatem.
2842 4846 2859 4877 ι
2898 4827 3224 4899 (Manlian
3249 4828 3401 4897 epist.
3426 4827 3553 4893 146,

262 4924 447 4985 elusa,
482 4921 660 4991 largiri
693 4939 712 4972 ι
752 4920 993 4993 (Arnob.,
1024 4921 1114 4975 lib.
1144 4938 1203 4987 ιι,
1237 4941 1356 4995 pag.
1374 4923 1487 4999 79).
1966 4930 2081 4987 pag.
2117 4912 2268 4986 5&5)-
2314 4914 2449 4983 Tum
2493 4915 2689 4977 deinde
2728 4916 2969 4985 declarat
3002 4919 3274 4997 quomodo
3298 4920 3477 4985 anima
3503 4930 3559 4978 ei

342 5014 532 5071 Nonne
562 5030 690 5086 ergo
717 5030 783 5070 ex
813 5015 1071 5070 hactenus
1098 5015 1253 5070 dictis
1275 5017 1406 5075 satis
1432 5019 1633 5099 liquido
1664 5021 1857 5091 proba—
1966 5022 2225 5080 corporea.
2257 5020 2312 5063 et
2343 5009 2658 5087 incorporea
2693 5010 2803 5075 0ίεὶ
2830 5011 3003 5085 Ροδείι
3054 5028 3070 5066 ³
3127 5030 3145 5064 ί
3180 5012 3559 5089 lttcornoream

266 5108 675 5165 turArnobiunt
705 5107 758 5162 in
781 5122 843 5163 ea
871 5108 1323 5181 fuisseopinione,
1354 5111 1559 5167 animas
1583 5113 1863 5179 hominum
1966 5119 2090 5161 esse
2138 5105 2413 5173 animam.
2457 5125 2477 5159 ι
2526 5105 2601 5169 ita
2656 5105 2747 5163 ille
2802 5107 2867 5175 ad
2926 5106 3317 5183 Hieronytmttn
3372 5109 3564 5175 Scribit

266 5201 474 5258 mediae
499 5200 773 5269 cujusdem
806 5202 1088 5258 mortalem
1120 5203 1259 5259 inter
1289 5213 1343 5259 et
1373 5204 1730 5273 immortalem
1748 5223 1868 5265 esse
1970 5200 2136 5273 (Ιὺὶα-
2168 5212 2214 5258 ει
2268 5201 2436 5276 seqq.)
2490 5219 2505 5259 ξ
2538 5221 2556 5265 t
2590 5202 2697 5261 etsi
2718 5202 2939 5267 difﬁcile
2969 5204 3298 5269 mulieribus
3339 5220 3565 5287 persua-

269 5294 558 5367 qualitatis
600 5306 655 5351 et
708 5295 965 5350 naturae?
1030 5297 1197 5357 Docet
1262 5306 1440 5354 autem
1494 5299 1630 5357 hanc
1683 5316 1868 5363 earum
1972 5298 2088 5359 deri
2118 5308 2334 5371 potest,
2369 5298 2503 5357 mihi
2531 5307 2708 5361 tamen
2736 5297 2913 5365 fateor
2933 5316 3059 5363 esse
3084 5315 3427 5372 persuasum.
3457 5300 3568 5358 Sed

272 5387 633 5443 medietatem
667 5388 719 5442 in
742 5403 808 5442 eo
835 5388 1060 5458 positam
1089 5404 1231 5457 esse,
1260 5391 1402 5463 quod
1428 5391 1606 5447 anima
1634 5394 1748 5465 ipsa
1774 5411 1871 5450 sua
1974 5406 2043 5447 ne
2094 5392 2239 5449 verbi
2287 5392 2713 5459 controversiam
2765 5394 2850 5461 vel
2901 5395 3174 5466 superﬂuo
3206 5395 3401 5453 faciam
3421 5435 3439 5462 ,
3483 5394 3570 5455 vel

275 5490 481 5540 natura
513 5484 582 5537 sit
611 5482 856 5538 mortalis
878 5530 892 5554 ,
939 5491 995 5539 et
1040 5484 1197 5539 unius
1238 5494 1439 5540 tantum
1495 5486 1587 5540 Dei
1620 5486 1764 5542 dono
1811 5503 1875 5551 ac
1977 5485 2170 5541 merito
2198 5485 2405 5555 patiar;
2451 5487 2708 5561 quoniam
2735 5501 2861 5555 cum
2890 5488 2961 5543 de
2987 5504 3046 5547 re
3068 5495 3309 5558 constat,
3350 5504 3459 5551 non
3488 5498 3577 5553 est

278 5574 554 5633 beneﬁcio
582 5576 898 5632 immortalis
919 5576 1031 5631 ﬁat.
1071 5578 1410 5650 Qttapmpter
1435 5579 1524 5634 ille
1553 5580 1727 5636 adhuc
1755 5596 1879 5655 pos-
1979 5593 2115 5651 cpus
2143 5587 2354 5639 certare
2375 5578 2440 5635 de
2459 5580 2712 5645 nomine:
2736 5580 2778 5634 si
2803 5596 3001 5653 corpus
3024 5591 3109 5643 est
3128 5581 3309 5645 crauis
3324 5582 3580 5645 substan-

281 5679 376 5726 tea
418 5671 702 5740 perspicue
743 5670 982 5726 declarat
1016 5670 1217 5741 (lbid.,
1248 5689 1368 5745 pag.
1393 5670 1496 5745 87)
1538 5689 1551 5727 :
1600 5693 1619 5726 ι
1652 5674 1881 5732 Servare
1987 5674 2059 5741 tia
2079 5717 2096 5744 ,
2137 5674 2224 5743 vel
2253 5676 2493 5739 essentia
2516 5716 2534 5744 ,
2588 5675 2676 5739 vel
2700 5675 2748 5739 si
2772 5675 2905 5748 quid
2928 5675 3108 5748 aptius
3133 5688 3477 5749 nuncupatur
3501 5675 3582 5745 id,

284 5765 504 5820 animas
530 5763 688 5828 alius,
741 5764 845 5819 nisi
872 5763 1015 5821 Deus
1038 5765 1385 5836 omnipotens
1413 5780 1522 5821 non
1554 5775 1749 5841 potest,
1784 5781 1882 5824 nec
1988 5769 2131 5851 quod
2172 5768 2521 5840 aliquanton
2549 5781 2636 5831 est
2661 5770 2715 5835 in
2742 5784 2803 5835 se
2848 5768 2969 5840 ίρεοι
2992 5812 3009 5838 ι
3050 5784 3249 5840 corpus
3273 5779 3365 5837 est
3386 5766 3621 5835 anim.-

289 5868 562 5932 praeterca
606 5858 890 5931 quisquam
929 5867 1013 5917 est
1038 5860 1129 5931 qtti
1158 5859 1427 5930 longaevas
1455 5858 1655 5930 facere,
1684 5876 1882 5933 perpe-
1990 5864 2121 5924 Item
2152 5867 2196 5926 si
2223 5880 2344 5923 eam
2391 5868 2561 5927 solam
2592 5866 2966 5936 incorpoream
2998 5867 3176 5940 placet
3206 5866 3488 5937 appellare
3506 5878 3606 5919 na-
