4158 6264
650 262 751 320 487

1919 267 2372 331 DISSERTATIO
2406 273 2568 338 PRIE
2576 267 2685 340 VIA

3825 299 3928 357 488

651 391 826 488 turam
845 422 861 449 ,
881 361 886 370 ’
908 393 1026 453 qua!
1057 393 1267 488 summe
1291 379 1858 488 incommutabilis,_et
1883 387 2081 488 ubique
2122 396 2230 488 tota
2259 404 2313 462 Α
2337 412 2456 469 pag.
2490 400 2559 455 90
2587 411 2634 455 et
2659 400 2845 474 seqq.).
2874 402 3065 461 Utrum
3091 415 3266 466 autem
3297 409 3415 468 haec
3443 412 3558 484 ipsa
3586 427 3822 488 veraque
3850 417 3924 472 sit

653 484 778 544 est,
806 489 1002 546 corpus
1045 485 1129 531 est
1157 476 1369 542 anima;
1415 477 1666 548 quoniam
1721 478 1826 534 tale
1879 479 2080 550 aliquid
2123 480 2236 550 ipsa

653 587 760 628 non
787 582 888 626 est.
932 571 1098 627 Porro
1128 572 1172 628 si
1201 587 1398 644 corpus
1424 588 1529 627 non
1558 581 1677 638 est,
1710 573 1812 629 nisi
1842 574 1982 644 quod
2013 590 2108 644 per
2136 575 2235 628 loci

652 665 880 736 spatium
911 665 1088 736 aliqua
1117 665 1453 736 longitudine
1473 708 1489 734 ,
1519 666 1820 734 latitudine,
1856 667 2137 724 altitudine
2168 668 2238 722 ita

647 758 890 825 sistitur,
935 759 1021 814 vel
1057 766 1322 823 movetur,
1365 767 1423 812 ut
1453 758 1658 830 majore
1687 758 1768 813 sui
1802 767 1952 829 parte
1978 759 2238 830 majorem

649 852 823 907 locum
845 859 1093 921 occupet,
1138 861 1192 906 et
1221 850 1468 906 breviore
1489 851 1791 906 breviorem
1810 893 1826 915 ,
1864 853 2144 922 minusque
2173 853 2242 907 sit

652 945 704 1000 in
738 953 886 1016 parte
911 987 925 1011 ,
957 960 1116 1016 quam
1154 943 1208 999 in
1244 952 1391 1012 toto,
1434 960 1541 999 non
1582 954 1664 999 est
1689 959 1884 1016 corpus
1905 945 2104 999 anima.
2141 945 2242 1000 Per

651 1050 822 1098 totum
853 1041 1049 1113 quippe
1075 1056 1301 1112 corpus,
1333 1039 1476 1111 quod
1506 1040 1729 1107 animat,
1763 1056 1868 1094 non
1898 1040 2053 1094 locali
2080 1039 2242 1094 dill'u-

652 1136 808 1192 sione
832 1178 847 1202 ,
893 1135 988 1192 sed
1039 1133 1268 1205 quadam
1299 1135 1447 1189 vitali
1495 1133 1798 1189 intensione
1835 1134 2239 1204 porrigitur....,

654 1232 988 1300 Quapropter
1004 1229 1048 1283 si
1071 1227 1246 1283 anima
1269 1242 1466 1298 corpus
1493 1241 1616 1282 esse
1641 1224 1864 1281 dicenda
1891 1235 1994 1291 est,
2023 1241 2130 1281 non
2158 1235 2244 1280 est

655 1334 802 1380 certe
827 1339 1023 1394 corpus
1044 1366 1060 1392 ,
1103 1322 1262 1395 quale
1291 1333 1565 1378 terrenum
1596 1329 1679 1376 est
1703 1362 1716 1385 ,
1752 1336 1852 1376 nec
1883 1321 2042 1392 quale
2071 1320 2245 1375 humi-

656 1418 783 1473 dum
807 1459 821 1485 ,
876 1428 967 1473 aut
990 1432 1231 1482 aereum,
1279 1423 1373 1472 aut
1401 1415 1818 1471 aathercum.....
1866 1414 2020 1471 Unde
2051 1415 2250 1470 intelli-

656 1513 800 1583 gitur
828 1512 1030 1578 anima,
1073 1511 1186 1566 sive
1215 1525 1432 1582 corpus,
1471 1509 1586 1565 sive
1611 1524 1868 1580 corporea
1891 1508 2113 1564 dicenda
2155 1510 2246 1575 sit,

657 1605 927 1677 propriam
981 1603 1270 1676 quamdam
1322 1603 1525 1659 habere
1568 1615 1837 1668 naturam,
1882 1601 2134 1657 omnibus
2165 1601 2250 1657 his

656 1704 942 1758 mundana:
992 1701 1153 1757 molis
1198 1700 1484 1757 elementis
1521 1700 1905 1756 excellentiore
1949 1699 2251 1756 substantia

2340 491 2562 549 Arnobii
2590 498 2876 563 sententia,
2900 503 3171 572 expendas
3199 507 3359 561 velim
3378 549 3394 574 ,
3423 523 3488 564 ac
3513 509 3796 580 dijudices.
3823 511 3933 568 Sed

2341 585 2557 642 interim
2589 589 2864 649 videamus
2893 603 3070 649 utrum
3117 611 3302 654 revera
3346 602 3617 670 putaverit
3655 602 3936 659 immorta-

2342 679 2448 735 lem
2480 697 2704 752 prorsus
2732 701 2856 743 esse
2887 686 3120 744 hominis
3155 691 3409 749 animam.

2936 842 3226 884 ARTICULUS
3262 846 3334 886 ιν.

2346 954 2538 1036 Uti-utut
2559 957 2803 1036 Arnobius
2843 963 3085 1036 docuerit
3114 969 3298 1036 apimas
3328 970 3582 1033 impiorum
3606 972 3868 1036 aliquando
3890 977 3939 1026 in

2406 1019 2608 1097 nihilum
2642 1025 2962 1097 redigendas,
3010 1035 3094 1097 aut
3136 1029 3346 1081 futuram
3380 1019 3938 1097 corporumﬁnjostrorutt—t

2344 1081 2388 1144 Et:
2406 1081 2824 1138 resurrectionem
2855 1081 3131 1154 negaverit.

2416 1207 2685 1274 Quosdam
2727 1228 2849 1268 cum
2905 1214 3139 1273 Heraldo
3162 1219 3387 1292 aliisque
3429 1223 3708 1279 nonnullis
3748 1225 3946 1282 audire

2348 1299 2499 1355 nobis
2524 1302 2788 1369 videmur,
2819 1309 2906 1376 qui
2938 1318 3126 1364 contra
3149 1314 3446 1383 expositam
3465 1331 3495 1369 a
3519 1315 3674 1370 nobis
3701 1318 3932 1374 Arnobii

2348 1392 2415 1448 de
2444 1395 2638 1450 anima:
2679 1396 2926 1454 humanae
2970 1401 3374 1461 immortalitate
3406 1406 3716 1476 opinionem
3747 1410 3950 1465 acriter

2351 1498 2544 1558 urgent
2573 1491 2721 1546 illum
2764 1508 2955 1549 revera
2987 1495 3384 1554 existimavisse
3417 1500 3704 1570 impiorum
3734 1504 3951 1561 animas

2353 1583 2488 1635 mori
2513 1623 2528 1650 ,
2563 1598 2626 1638 ac
2645 1587 2893 1654 quamvis
2911 1603 3015 1643 non
3039 1591 3222 1644 statim
3251 1593 3657 1664 extinguantur,
3703 1599 3953 1653 consumi

2355 1682 2533 1728 tamen
2562 1675 2861 1746 longissimi
2889 1682 3146 1750 temporis
3173 1684 3520 1742 cruciatibus.
3567 1688 3685 1744 Non
3712 1689 3951 1749 obscure

657 1805 916 1862 creatam,
940 1810 1058 1863 quae
1083 1794 1350 1849 veraciter
1374 1809 1477 1848 non
1506 1793 1673 1862 possit
1695 1794 1746 1846 in
1765 1792 1939 1863 aliqua
1968 1790 2248 1862 phantasia
2281 1815 2329 1874 Β
2354 1765 2618 1872 Siquidem
2646 1812 2660 1834 ν
2690 1771 2784 1874 se}!
2815 1771 2960 1874 (ίῙδτθ
2987 1784 3041 1830 ει
3068 1786 3254 1874 aperit:
3277 1777 3348 1874 _de
3377 1779 3442 1834 iis
3477 1780 3612 1836 dixit
3639 1799 3652 1836 ε
3706 1802 3724 1833 ι
3756 1782 3812 1836 In
3841 1782 3952 1837 ﬂu-

659 1889 1019 1958 corporalium
1042 1887 1354 1958 imaginum,
1405 1903 1538 1958 quas
1576 1902 1672 1958 per
1695 1902 1887 1942 sensus
1909 1888 2091 1942 carnis
2125 1901 2249 1956 per-

660 1981 922 2051 cipimus,
981 1981 1250 2052 cogitari,
1303 1979 1397 2036 sed
1453 1991 1635 2035 mente
1686 1980 1960 2051 intelligi,
2026 1980 2243 2050 vitaque

661 2074 871 2129 sentiri.
910 2093 928 2125 ι

733 2169 952 2224 Fatetur
979 2169 1161 2241 itaque
1193 2167 1522 2240 Augustinus
1553 2168 1784 2223 animam
1826 2167 2060 2223 hominis
2086 2165 2255 2220 variis

664 2262 915 2334 loquendi
969 2263 1143 2318 modis
1191 2261 1294 2317 dici
1337 2277 1497 2333 posse
1546 2278 1858 2331 corpoream
1905 2271 1960 2316 et
2006 2260 2255 2330 incorpo-

664 2375 850 2425 rcam,
903 2358 1186 2413 mortalem
1237 2367 1292 2412 et
1346 2357 1724 2412 immortalem.
1791 2355 1931 2424 Quid
1985 2369 2160 2425 ergo,
2209 2352 2254 2407 si

663 2453 840 2524 primo
861 2467 1020 2508 sensu
1051 2449 1322 2506 Arnobius
1351 2449 1550 2506 dixerit
1578 2465 1699 2505 esse
1724 2465 2071 2521 corpoream,
2096 2457 2256 2518 atque

664 2563 726 2601 ea
750 2562 963 2618 quoque
993 2547 1201 2600 ratione
1228 2544 1512 2600 mortalem
1536 2585 1550 2608 ,
1596 2545 1716 2614 quia
1748 2543 1815 2598 ab
1854 2543 2084 2613 ipsumet
2122 2541 2254 2607 Deo,

664 2656 694 2694 a
744 2655 850 2711 quo
893 2651 1073 2695 creata
1119 2647 1238 2705 est,
1285 2637 1444 2693 sicuti
1495 2637 1562 2692 de
1606 2636 1833 2691 Tatiano
1883 2633 2257 2690 annotavimus

667 2733 811 2805 (tam.
857 2749 907 2797 ι.
967 2733 1216 2804 Apparet.
1266 2730 1355 2786 lib.
1399 2745 1472 2795 ιι,
1522 2729 1724 2784 dissert.
1761 2728 1826 2794 5,
1865 2745 1983 2798 cap.
2041 2728 2096 2796 2,
2127 2725 2156 2798 §
2188 2725 2256 2791 4,

666 2847 788 2902 pag.
818 2826 979 2899 559),
1029 2841 1182 2882 suam
1221 2824 1679 2880 immortalitatem
1727 2821 2038 2892 acceperit?
2087 2820 2257 2874 Num-

667 2921 796 2992 quid
825 2921 974 2976 illum
1003 2919 1071 2973 ab
1101 2932 1290 2974 errore
1321 2915 1542 2986 negabis
1569 2913 1939 2969 vindicatum?

663 3028 692 3082 ta
737 3014 897 3086 Atqui
927 3017 1065 3066 hanc
1097 3010 1263 3065 fuisse
1291 3009 1408 3079 ejus
1435 3016 1668 3062 mentem
1704 3016 1758 3061 et
1784 3005 2094 3076 opinionem
2126 3019 2260 3058 non-

668 3125 738 3166 ne
775 3124 843 3165 ex
875 3107 958 3162 his
984 3105 1179 3162 confici
1225 3111 1403 3174 potest
1458 3101 1638 3157 verbis
1670 3142 1684 3166 ,
1740 3099 1934 3170 quibus
1965 3099 2120 3153 istam
2153 3097 2256 3152 sibi

2355 1863 2499 1916 mina
2534 1865 2791 1920 torrentia
2821 1866 3159 1924 flammarum
3183 1870 3490 1940 jaciuntur,
3531 1883 3588 1930 et
3623 1875 3689 1930 ad
3723 1874 3956 1931 nihilum

2355 1957 2590 2014 redactae
2612 2004 2625 2027 ,
2691 1961 3014 2019 interitionis
3049 1975 3320 2036 perpetua:
3365 1968 3714 2027 frustratione
3751 1987 3956 2027 vanes-

2356 2061 2484 2106 cunt
2516 2071 2534 2104 ι
2582 2053 2833 2124 (Arnob.,
2879 2055 2967 2110 lib.
3001 2073 3067 2124 ιι,
3114 2075 3231 2127 pag.
3268 2059 3380 2129 52).
3431 2060 3541 2117 Nec
3594 2064 3791 2133 Opponi
3848 2064 3958 2120 sibi

2359 2145 2632 2214 patiuntur
2662 2146 2731 2201 ibi
2758 2147 2823 2200 ab
2845 2147 2936 2202 illo
2967 2151 3142 2205 minus
3167 2168 3340 2220 suam,
3366 2169 3530 2224 quam
3551 2155 3794 2212 Platonis
3818 2174 3957 2216 sen-

2358 2239 2577 2292 tentiam
2606 2238 2813 2294 referri.
2854 2241 2987 2296 Nam
3017 2243 3135 2298 hmc
3166 2245 3365 2301 ibidem
3397 2247 3698 2319 subjunxit.
3743 2268 3762 2300 ί
3799 2251 3870 2305 Et
3901 2261 3961 2307 ut

2358 2332 2499 2400 quod
2524 2333 2761 2401 ignotum
2787 2343 2869 2388 est
2894 2345 3093 2405 pateat,
3121 2336 3237 2392 hmc
3261 2349 3344 2393 est
3367 2340 3600 2396 hominis
3629 2358 3774 2398 mors
3799 2359 3957 2411 vera,

2359 2425 2475 2480 lnec
2497 2426 2625 2481 nihil
2655 2427 2924 2484 residuum
2959 2429 3181 2486 faciens.
3210 2432 3345 2490 Nam
3372 2435 3482 2502 illa,
3513 2452 3632 2507 quae
3658 2439 3760 2492 sub
3779 2440 3960 2496 oculis

2359 2520 2616 2587 cernitur,
2649 2521 2946 2578 animarum
2963 2532 3093 2578 esta
3119 2541 3349 2595 corpore
3375 2521 3652 2600 dijugatio,
3691 2546 3797 2587 non
3829 2533 3960 2589 finis

2361 2614 2667 2670 abolitionis
2693 2627 2990 2673 extremus.
3010 2617 3158 2686 Haec,
3183 2619 3418 2691 inquam,
3445 2631 3527 2677 est
3542 2621 3775 2679 hominis
3802 2640 3960 2682 mors

2361 2723 2485 2763 vera
2511 2751 2526 2775 ,
2563 2725 2684 2764 cum
2715 2711 2910 2766 animae
2947 2715 3252 2769 nescientes
3290 2714 3491 2780 Deum,
3529 2731 3625 2788 per
3651 2717 3958 2789 longissimi

2363 2803 2620 2872 temporis
2647 2804 2943 2859 cruciatum
2972 2817 3363 2863 consumentur
3388 2810 3494 2880 igni
3525 2813 3671 2877 fero,
3707 2814 3758 2867 in
3785 2831 3957 2884 quem

2362 2892 2478 2947 illas
2494 2894 2693 2963 jacient
2713 2896 2929 2966 quidam
2952 2899 3243 2954 crudeliter
3272 2903 3424 2968 saevi,
3451 2913 3507 2959 ct
3525 2914 3650 2960 ante
3671 2905 3953 2961 Christum

2363 2986 2650 3057 incogniti,
2697 2998 2752 3044 et
2789 2989 2858 3044 ab
2899 2992 3016 3046 solo
3046 2991 3252 3048 sciente
3276 2993 3507 3065 {detecti
3541 3015 3558 3048 ι
3604 2997 3793 3055 Nonne
3819 3015 3962 3070 ergo

2360 3078 2452 3134 ille
2475 3080 2589 3150 ipse
2619 3081 2725 3147 ibi,
2765 3081 3043 3152 inquiunt,
3080 3086 3360 3156 perspicue
3394 3087 3677 3158 palamque
3709 3106 3959 3159 pronun-

667 3204 782 3274 ipse
812 3200 1062 3272 proponit
1105 3172 1496 3269 quaestionem?
1528 3213 1547 3245 ‹
1606 3193 1674 3248 Et
1698 3191 2150 3264 quemadmodum
2199 3204 2259 3246 se
2287 3199 2332 3261 (ζ
2365 3172 2459 3274 Si“
2494 3173 2711 3274 _a“_imf15
2763 3174 3050 3274 ἰτηνίοτυςη
3103 3185 3159 3232 ει
3205 3177 3765 3274 θειξπῑῃίῧηοτθηῑίυηι
3791 3225 3806 3248 ν
3861 3201 3962 3253 PC?

669 3307 895 3371 possunt
939 3278 1632 3364 ittcorporalibuscorpora
1668 3287 2026 3358 conjungere,
2055 3295 2143 3340 aut
2167 3325 2182 3351 ,
2228 3300 2259 3338 a

605 3439 610 3444 .
670 3392 782 3446 Deo
812 3389 1072 3462 principe,
1125 3402 1210 3441 res
1240 3383 1394 3439 facta:
1438 3383 1506 3437 ab
1547 3379 1933 3435 inﬁrmioribus
1969 3378 2148 3434 causis
2193 3379 2259 3432 ad

669 3483 925 3539 vitiorum
957 3480 1440 3536 dehonestamenta
1486 3472 1690 3528 traduci
1717 3493 1736 3524 ι
1772 3470 2013 3543 (Arnob.,
2064 3471 2155 3524 lib.
2186 3485 2258 3540 n_,

672 3597 794 3652 pag.
825 3574 956 3648 53)?
983 3575 1063 3630 Ad
1103 3574 1249 3628 illam
1301 3569 1444 3626 enim
1494 3568 1847 3639 qumstionem
1877 3566 2006 3637 quid
2038 3579 2262 3651 respon:

671 3675 817 3739 deat,
844 3671 1104 3731 animum,
1132 3665 1315 3731 velim,
1345 3663 1612 3718 advertas.
1648 3661 1730 3716 Ab
1761 3660 2002 3715 Ethnicis
2028 3657 2260 3712 vicissim

671 3766 806 3840 petit
831 3761 1024 3837 (Ιὺίά.)
1049 3770 1250 3821 utrum,
1280 3756 1446 3812 animi
1480 3753 1692 3809 fastidio
1721 3752 2137 3824 arrogantiaque
2162 3749 2260 3804 de-

670 3860 862 3934 positis
883 3901 898 3926 ,
942 3872 1104 3914 unam
1133 3854 1489 3922 eamdemque
1512 3866 1632 3905 cum
1664 3849 1773 3904 Deo
1800 3848 1959 3903 Patre
1987 3847 2263 3902 immorta-

671 3955 876 4011 litatem
899 3967 959 4008 se
980 3949 1303 4022 participare
1331 3943 1683 4001 contendant.
1717 3943 1906 3997 Postea
1937 3951 2115 3995 autem
2146 3956 2263 3995 rur-

672 4064 765 4103 sus
786 4046 878 4102 ille
903 4044 1152 4100 eumdem
1175 4038 1618 4113 philosophorum
1647 4035 1995 4090 Ethnicorum
2023 4048 2263 4089 errorem

674 4139 972 4199 refellendo
1014 4156 1027 4192 :
1091 4155 1108 4187 ι
1135 4132 1290 4204 Quod
1323 4133 1372 4186 si
1404 4131 1652 4186 homines
1682 4172 1698 4196 ,
1733 4149 1752 4182 ι
1802 4129 1978 4198 inquit
2020 4126 2261 4197 (ibidem,

672 4253 796 4310 pag.
830 4233 947 4304 56),
981 4249 1000 4282 ι
1055 4230 1265 4302 penitus
1305 4235 1394 4280 aut
1434 4227 1578 4294 ipsos
1609 4240 1668 4280 se
1698 4230 1956 4289 nossent,
1986 4231 2078 4276 aut
2102 4221 2264 4276 intel-

675 4330 873 4385 lectum
898 4326 990 4381 Dei
1013 4321 1333 4394 suspicionis
1349 4318 1577 4388 alicujus
1597 4318 1905 4387 acciperent
1924 4332 2075 4381 aura,
2103 4330 2262 4370 Itum-

676 4435 837 4490 quam
864 4417 969 4472 sibi
999 4415 1362 4471 adsciscerent
1396 4410 1632 4465 divinam
1675 4410 2135 4479 immortalemque
2168 4422 2262 4462 na-

678 4524 871 4568 turam.
908 4529 927 4563 ›
990 4507 1180 4564 Nonne
1229 4514 1405 4560 autem
1458 4502 1582 4557 hinc
1625 4501 1803 4573 colligi
1853 4500 1995 4556 haud
2044 4515 2264 4571 prorsus

2365 3266 2662 3338 longissimi
2690 3268 3058 3324 tantummodo
3088 3271 3349 3340 temporis
3381 3271 3741 3340 intervallum,
3765 3277 3862 3330 sed
3891 3279 3961 3331 li-

2364 3361 2572 3417 niendis
2595 3363 2884 3433 aliquando
2910 3363 3248 3420 cruciatibus
3265 3366 3612 3437 torquendus,
3643 3382 3705 3423 ac
3733 3369 3960 3427 tandem

2364 3457 2682 3528 redigendas
2708 3456 2774 3512 ad
2807 3457 3081 3513 nihilum?

2437 3550 2575 3618 Quid
2601 3566 2750 3614 vero,
2774 3549 2914 3621 quod
2944 3551 3033 3608 ille
3056 3552 3233 3608 adhuc
3261 3563 3448 3625 postea
3471 3555 3675 3614 diserte
3702 3559 3963 3619 tradidit:

2371 3663 2390 3694 ‹
2423 3644 2541 3712 Quo
2588 3653 2744 3714 pacto
2780 3644 3156 3701 immortalitas
3196 3648 3464 3719 largitoris
3511 3661 3594 3706 est
3628 3652 3829 3709 donum
3865 3657 3963 3712 Dei

2365 3739 2507 3796 circa
2533 3741 2769 3809 prolatos
2793 3739 2926 3796 deos
2946 3782 2962 3808 ,
3003 3751 3058 3797 et
3081 3742 3288 3798 animas
3325 3745 3427 3801 hnc
3466 3756 3622 3816 pacto
3648 3749 3964 3821 dignabitur

2365 3831 2767 3887 immortalitate
2795 3830 3034 3899 donare,
3065 3835 3310 3904 quamvis
3337 3852 3430 3892 eas
3452 3855 3598 3896 mors
3626 3856 3767 3896 saeva
3797 3860 3966 3913 posse

2337 3932 2609 4014 'videatur
2663 3934 3016 4004 extinguere,
3072 3943 3127 3990 et
3165 3935 3231 3991 ad
3275 3937 3497 3993 nihilum
3543 3939 3788 3996 redactas
3819 3943 3966 4000 irre-

2365 4028 2581 4085 meahili
2609 4027 2900 4084 abolitione
2954 4027 3135 4105 delere
3165 4049 3183 4081 ι
3217 4029 3406 4100 (Ibid.,
3441 4049 3562 4102 pag.
3591 4032 3705 4105 68).

2441 4119 2547 4175 Sed
2581 4121 2630 4174 in
2653 4120 2755 4176 hoc
2776 4103 3062 4192 pOSter'iori
3082 4122 3203 4178 loco
3226 4122 3359 4179 nihil
3381 4125 3524 4181 aliud
3553 4103 3771 4185 innuere
3799 4129 3964 4188 vide-

2369 4225 2474 4279 tur,
2506 4214 2607 4268 nisi
2640 4213 2846 4268 animas
2877 4225 3125 4281 nostras,
3166 4219 3512 4286 quantumvis
3541 4219 3877 4292 incorporea:
3908 4233 3970 4280 et

2365 4306 2661 4376 Spiritualis
2681 4305 2996 4361 substantiae
3025 4307 3156 4373 sint,
3183 4323 3359 4378 posse,
3390 4311 3534 4380 quod
3565 4313 3742 4370 nullus
3769 4326 3963 4387 negat,

2365 4417 2393 4456 a
2425 4402 2552 4467 Deo,
2579 4415 2762 4456 earum
2785 4410 3047 4469 creatore,
3080 4403 3296 4472 penitus
3329 4404 3539 4461 destrui
3562 4418 3617 4464 et
3639 4409 3704 4464 ad
3729 4409 3964 4468 nihilum

2367 4494 2560 4564 redigi.
2603 4494 2740 4550 Tota
2765 4505 2943 4550 autem
2991 4494 3282 4553 difficultas
3322 4498 3374 4553 in
3403 4514 3470 4554 eo
3498 4511 3746 4558 versatur
3776 4515 3967 4560 utrum

676 4607 855 4677 inepte
907 4612 1084 4676 potest
1140 4599 1362 4657 Arnobii
1404 4597 1713 4668 opinionem
1755 4596 1920 4651 fuisse
1950 4637 1965 4662 ,
2024 4596 2260 4649 animam
2289 4601 2343 4663 Ῑ)
2366 4586 2655 4646 crediderit
2681 4588 2888 4643 animas
2914 4589 3301 4644 sceleratorum
3339 4590 3614 4648 hominum
3644 4611 3831 4651 revera
3866 4613 3968 4668 pe-

677 4696 912 4754 ltominis
951 4709 1058 4750 non
1104 4692 1297 4748 eodem
1327 4732 1343 4757 ,
1382 4705 1492 4760 quo
1536 4689 1676 4743 Deus
1699 4729 1714 4753 ,
1763 4690 1857 4743 sed
1894 4688 2000 4742 alio
2043 4701 2264 4757 prorsus

676 4795 837 4855 tnodo
867 4808 988 4850 esse
1015 4788 1375 4846 immortalem
1397 4829 1412 4853 ,
1443 4800 1504 4841 ea
1537 4784 1788 4839 nimirum
1826 4783 2260 4850 immortalitate,

677 4903 836 4961 quam
867 4901 895 4939 a
921 4886 982 4941 se
1008 4897 1116 4938 non
1143 4881 1372 4946 habeat,
1410 4879 1502 4934 sed
1531 4894 1560 4933 a
1591 4879 1701 4934 Deo
1726 4876 2026 4946 acceperit,
2061 4886 2117 4931 et
2143 4892 2263 4947 quae

675 4999 742 5040 ex
774 4980 919 5038 illius
947 4975 1181 5049 pendeat
1211 4972 1515 5045 potestate?
1539 4973 1609 5026 At
1641 4970 1686 5025 si
1718 4969 1834 5024 haac
1862 4969 1978 5038 ejus
2008 4968 2079 5024 sit
2110 4981 2263 5024 mens

676 5086 733 5134 et
773 5072 1037 5132 sententia
1068 5112 1084 5137 ,
1125 5083 1228 5125 nec
1278 5067 1438 5122 aliam
1487 5064 1769 5136 agnoverit
1820 5063 2014 5118 animm
2063 5071 2266 5116 nostra:

678 5168 1021 5225 medietatem
1048 5205 1065 5232 ,
1129 5162 1232 5218 nisi
1286 5175 1404 5215 eam
1446 5175 1548 5230 qua
1580 5159 1749 5214 ‘inter
1793 5155 2155 5212 immortalem
2211 5165 2268 5211 et

678 5264 1050 5334 incorpoream
1082 5255 1211 5322 Dei,
1253 5264 1412 5323 atque
1441 5253 1573 5308 alias
1602 5251 1856 5308 mortales
1886 5267 1948 5307 ac
1976 5265 2265 5317 oorporeas

677 5364 900 5412 naturas
927 5349 1104 5406 media
1129 5347 1231 5402 dici
1261 5353 1472 5416 potest,
1523 5343 1796 5400 fatendum
1841 5353 1925 5399 est
1976 5343 2124 5397 illum
2157 5359 2264 5397 non

678 5447 900 5504 omnino
925 5455 1158 5499 errasse.
1181 5437 1421 5494 Plurium
1447 5435 1710 5506 siquidem
1731 5448 1978 5493 veterum
2009 5435 2267 5491 Ecclesiae

678 5540 898 5598 Patrum
948 5534 1266 5592 auctoritate
1321 5528 1568 5600 probavit
1619 5528 1868 5585 Petavius
1923 5531 2044 5586 ideo
2091 5530 2268 5586 solum

678 5635 847 5693 Deum
891 5646 1013 5689 esse
1053 5625 1442 5692 immortalem,
1486 5623 1608 5695 quia
1652 5639 1760 5678 non
1801 5625 1868 5678 ab
1911 5625 2016 5680 alio
2061 5626 2269 5696 accepit

677 5725 1162 5788 immortalitatem,
1207 5736 1270 5776 ac
1296 5731 1522 5792 prorsus
1548 5716 1895 5772 immutabilis
1924 5728 2006 5773 est
2033 5717 2264 5790 (Petam,

681 5831 806 5881 tam.
826 5837 865 5879 ι.
894 5816 1144 5891 Theoloy.
1175 5817 1374 5887 dogm.,
1408 5813 1498 5869 lib.
1529 5827 1609 5880 nt,
1638 5827 1755 5882 cap.
1787 5811 1842 5878 4,
1875 5810 1903 5882 §
1928 5811 1997 5866 10
2024 5821 2071 5866 et
2100 5829 2267 5884 seqq..

2371 4684 2597 4748 rituras,
2640 4691 2922 4753 postquam
2964 4697 3060 4752 per
3087 4682 3383 4753 longissimi
3427 4688 3685 4756 temporis
3724 4691 3966 4758 spatium

2370 4778 2492 4848 igne
2521 4776 2842 4832 excruciata:
2869 4775 3091 4831 fuerint.
3137 4776 3205 4831 At
3247 4785 3401 4834 certe
3439 4794 3560 4834 cum
3589 4782 3797 4836 animas
3826 4783 3968 4840 lide-

2368 4871 2499 4925 lium
2530 4880 2581 4924 et
2612 4869 2819 4939 piorum
2848 4869 3157 4937 hominum,
3194 4869 3269 4924 uti
3300 4870 3566 4939 diximus,
3598 4874 3714 4928 solo
3746 4874 3839 4928 Dei
3863 4875 3965 4931 be-

2368 4963 2561 5018 neficio
2603 4961 2938 5017 immortales
2982 4963 3099 5017 fieri
3148 4963 3440 5019 arbitretur
3473 5007 3488 5032 ,
3542 4965 3666 5021 inde
3713 4967 3968 5036 profecto

2367 5055 2650 5111 conficitur
2677 5071 2798 5111 eum
2843 5065 3058 5124 putasse
3100 5055 3307 5110 animas
3348 5057 3643 5112 infidelium
3671 5099 3686 5124 ,
3720 5059 3823 5114 hoc
3855 5060 3968 5115 im-

2346 5151 2713 5208 ‘ntorlalitatis
2735 5165 2960 5205 munere
2990 5150 3247 5221 privatas,
3284 5166 3472 5207 revera
3500 5152 3787 5221 aliquando
3816 5153 3966 5210 inte-

2369 5247 2477 5301 rire
2523 5254 2577 5300 et
2631 5243 2850 5299 omnino
2887 5244 3181 5315 exstingui.
3207 5244 3566 5312 Quamobrem
3591 5247 3848 5303 Ethnicos
3878 5248 3966 5305 his

2367 5340 2547 5396 verbis
2576 5338 2864 5408 compellat
2908 5358 2923 5394 :
2967 5359 2985 5390 ι
3020 5339 3124 5394 Res
3153 5351 3325 5394 vestra
3365 5342 3417 5395 in
3458 5341 3673 5411 ancipiti
3717 5343 3818 5396 sita
3850 5353 3962 5410 est,

2369 5437 2518 5491 salus
2545 5435 2668 5491 dico
2697 5434 2999 5490 animarum
3047 5443 3346 5490 vestrarum
3384 5454 3396 5490 :
3439 5448 3495 5492 et
3520 5437 3623 5491 nisi
3662 5452 3759 5492 vos
3787 5437 3970 5506 appli-

2371 5530 2506 5585 catis
2545 5529 2636 5584 Dei
2671 5530 2930 5599 principis
2968 5527 3202 5593 nntioni,
3258 5544 3289 5583 a
3319 5530 3690 5600 corporalibus
3731 5530 3968 5586 vinculis

2374 5624 2648 5679 cxsolutos
2695 5632 2971 5696 exspectat
3011 5639 3156 5679 mors
3183 5638 3343 5688 saeva,
3391 5640 3496 5678 non
3524 5623 3856 5695 repentinam
3881 5624 3971 5702 at}

2371 5718 2550 5774 ferens
2576 5718 2961 5775 extinctionem
2997 5760 3010 5782 ,
3043 5718 3136 5774 sed
3162 5733 3257 5788 per
3287 5726 3514 5774 tractum
3546 5717 3800 5786 temporis
3825 5729 3968 5770 cru-

2368 5811 2577 5870 ciabilis
2600 5827 2774 5883 poenae
2795 5812 3089 5871 acerbitate
3102 5828 3426 5871 consumens
3442 5833 3460 5864 ι
3489 5810 3675 5883 (Ibid.,
3700 5827 3818 5882 pag.
3841 5809 3969 5882 86.).
