4158 6264
266 289 367 350 489

1550 301 1620 358 ΙΝ
1636 294 2034 365 ,ARNOBIUM,
2076 296 2230 354 CAP.
2274 299 2341 354 Χ.

3445 311 3552 370 490

263 410 339 467 De
367 409 706 466 ethnicorum
748 411 967 482 itaque,
1012 411 1115 469 hoc
1151 421 1269 479 est,
1326 413 1623 476 intidelium
1672 421 1842 476 llOlnl-
1880 419 2058 477 Anec
2100 417 2372 473 nimimam
2427 417 2642 488 quidem
2702 421 2931 492 proferri
2978 438 3136 494 posse
3189 441 3313 484 mox
3368 440 3552 490 osten-

258 519 387 559 nuin
416 503 699 573 suppliciis
728 515 850 575 post
895 516 1126 563 mortem
1175 510 1383 565 luendis
1427 512 1690 584 loquitur,
1737 523 1854 569 tan-

256 611 419 667 quam
455 608 663 653 aeterna
692 615 800 654 non
820 599 966 666 sint,
1006 601 1101 657 sed
1132 602 1295 660 ﬁnem
1323 619 1444 661 cum
1488 606 1706 663 illorutn
1736 608 1855 664 ani-

259 688 452 744 mabus
475 689 768 761 aliquando
793 690 1062 750 habitura.

330 779 717 837 Verumtamen
764 798 869 838 non
915 785 1093 843 minus
1130 786 1289 856 plane
1322 799 1378 845 et
1417 789 1653 846 dilucide
1690 790 1855 847 docet

256 873 414 946 ignes
476 873 740 944 quosdam
805 892 927 933 esse
978 879 1416 953 inextinguibiles
1450 927 1466 952 ,
1529 885 1854 961 quibnsillte

258 967 553 1040 impiorum
583 971 779 1026 auium
832 980 1166 1043 torquentur.
1222 976 1357 1032 Nam
1414 978 1664 1035 ethnicos
1717 977 1856 1033 hanc

258 1063 681 1120 christianorum
726 1064 1032 1135 Opinionem
1075 1067 1359 1126 irridentes
1398 1071 1478 1127 sic
1523 1071 1855 1142 alloquitur:

263 1178 284 1209 ι
319 1159 548 1214 Audetis
594 1159 768 1216 ridere
814 1177 914 1216 nos
940 1203 955 1224 ,
1002 1178 1124 1218 cum
1171 1165 1447 1235 gehennas
1485 1165 1756 1228 dicimus,
1804 1173 1861 1221 et

211 1251 705 1323 ,inextinguibiles
771 1253 1033 1325 quosdam
1092 1255 1243 1326 ignes
1280 1298 1295 1323 ,
1361 1257 1414 1312 in
1461 1272 1599 1329 quos
1651 1257 1857 1313 animas

255 1344 420 1415 dejici
472 1346 540 1402 ab
591 1361 776 1402 earum
834 1347 1076 1403 hostibus
1128 1348 1462 1421 inimicisque
1508 1351 1859 1423 cognovimus

259 1435 457 1510 (Ibid,
479 1455 598 1511 pag.
622 1437 735 1510 52).
766 1459 787 1492 ι
827 1438 894 1495 Et
917 1440 1068 1509 alibi,
1098 1440 1303 1499 diserte
1326 1443 1597 1513 appellat,
1634 1447 1860 1501 inextin-

258 1532 485 1604 guibiles
526 1532 767 1604 gehemta:
807 1535 1048 1603 ﬂammas
1085 1537 1221 1605 (lib.
1247 1553 1319 1604 tv,
1373 1555 1494 1611 pag.
1542 1538 1704 1613 159).
1754 1539 1861 1597 Ne—

255 1641 373 1695 que
422 1626 747 1696 respondeas
787 1628 937 1697 ignes
978 1628 1192 1699 quidem
1246 1632 1314 1687 ab
1368 1647 1435 1687 eo
1475 1632 1579 1689 dici
1630 1633 1859 1689 inextin-

252 1717 534 1789 guibiles,
578 1718 676 1776 sed
723 1720 942 1776 silentio
985 1724 1318 1793 praetermitti
1362 1733 1537 1780 utrum
1569 1725 1855 1797 impiorum

1956 506 2166 564 demus.

2030 605 2263 662 lleraldo
2288 617 2467 664 autem
2499 610 2669 666 lueret
2697 625 2857 683 aqua,
2885 628 3194 686 ancepsque
3219 626 3268 674 et
3320 620 3555 678 incertus

1959 698 2174 754 videtur
2198 700 2476 771 cujusnam
2507 703 2575 759 de
2619 721 2903 774 corporum
2932 712 3327 768 resurrectione
3355 716 3557 771 erroris

1958 792 2257 849 Arnobium
2288 796 2581 854 insimulet.
2634 800 2766 854 Nam
2798 801 2947 858 illum
2978 805 3044 859 ad
3093 806 3275 861 falsam
3308 810 3558 877 Origenis

1959 887 2291 957 opinionem,
2327 891 2488 946 modo
2517 892 2582 947 ad
2609 895 2934 962 graviorem,
2966 899 3126 953 modo
3152 900 3221 955 ad
3269 900 3556 959 Marcionis

1960 979 2223 1036 insaniam
2242 984 2559 1052 accessisse,
2581 986 2741 1042 modo
2763 988 2894 1044 nihil
2917 992 3048 1046 certi
3070 992 3137 1047 de
3156 996 3557 1052 resurrcCtione

1960 1085 2047 1129 aut
2082 1076 2388 1139 tradidisse,
2421 1088 2515 1132 aut
2541 1081 2875 1150 comperisse
2903 1083 3193 1155 redarguit.

2031 1168 2137 1223 Sed
2171 1177 2277 1223 tam
2308 1170 2467 1240 hujus
2507 1188 2668 1242 quam
2703 1174 3086 1232 Elmenhorslii
3118 1180 3312 1252 iniquae
3340 1197 3559 1253 prorSns

1961 1270 2013 1315 et
2036 1262 2328 1331 nugatorim
2344 1272 2730 1320 suntcensura:
2752 1278 2805 1322 et
2826 1270 3248 1329 criminationes.
3276 1274 3390 1330 Non
3412 1278 3556 1334 enim

1960 1353 2032 1409 ibi
2061 1356 2333 1411 Arnobius
2363 1357 2486 1413 data
2514 1375 2678 1430 Opera
2723 1361 2791 1418 de
2819 1377 3152 1422 mortuorum
3186 1368 3458 1426 hominum
3486 1374 3555 1429 ad
3592 1390 3597 1399 ·

1963 1449 2124 1505 vitam
2155 1466 2402 1523 regressu
2435 1452 2673 1523 disputat
2699 1475 2713 1511 :
2744 1460 2837 1515 sed
2865 1462 3125 1519 adversus
3150 1466 3416 1534 ethnicos,
3466 1472 3557 1541 qui

1960 1544 2173 1599 tametsi
2218 1545 2348 1600 nihil
2381 1547 2433 1601 in
2466 1550 2694 1620 negotiis
2739 1553 2857 1609 sine
2901 1556 3009 1611 tide
3052 1571 3292 1629 agerent,
3346 1565 3559 1619 tametsi

1963 1636 2407 1708 philosophorum
2436 1642 2667 1711 placitis,
2695 1645 2894 1715 aliquid
2929 1666 3327 1723 nonnumquam
3361 1658 3560 1712 nostris

1961 1730 2122 1788 afﬁne
2148 1733 2488 1798 habentibus,
2516 1736 2674 1791 tidem
2706 1739 2928 1805 darent;
2958 1742 3278 1800 christianos
3308 1757 3483 1802 tamen
3506 1758 3561 1805 et

254 1813 456 1867 animae
481 1811 548 1867 iis
578 1828 795 1883 semper
823 1826 878 1871 et
919 1815 974 1870 in
1020 1827 1336 1887 perpetuum
1381 1817 1492 1873 sitit
1517 1820 1849 1890 tarquendte.
1884 1816 1934 1877 B
1959 1824 2198 1895 Christo,
2223 1839 2275 1882 et
2301 1828 2552 1885 omnibus
2579 1830 2840 1886 doctrina:
2869 1834 2988 1905 ejus
3011 1839 3252 1893 articulis
3274 1842 3560 1899 credentes

255 1906 392 1963 Eam
421 1908 620 1979 quippe
649 1911 720 1965 ob
738 1913 1002 1965 rationem
1033 1914 1185 1981 ignes
1211 1911 1332 1967 illos
1361 1912 1582 1968 accendi
1631 1914 1856 1979 asserit;

253 2010 314 2056 ut
360 2002 411 2057 in
441 2018 539 2058 eos
563 2002 756 2059 anima:
810 2003 1091 2072 impiorum
1120 2004 1188 2060 ab
1215 2019 1396 2061 earum
1430 2004 1673 2062 hostibus
1695 2049 1712 2074 ,
1755 2009 1859 2064 hoc

254 2104 340 2151 est
367 2136 382 2154 .
414 2094 755 2151 dmmonibns
781 2095 1120 2166 dejiciantur.
1154 2098 1315 2165 Atqui
1345 2100 1388 2153 si
1411 2099 1726 2171 sempiterni
1748 2101 1857 2157 sint

251 2188 408 2259 ignes
438 2187 512 2242 illi
538 2230 555 2254 ,
588 2198 645 2243 et
668 2189 864 2246 anima:
894 2197 1071 2245 ttunen
1103 2190 1154 2244 in
1181 2189 1405 2246 nihilum
1436 2190 1724 2260 aliquando
1765 2209 1854 2249 re-

253 2282 529 2353 digendte,
561 2294 674 2340 tum
703 2292 853 2340 certe
874 2285 1090 2340 inutiles
1118 2283 1318 2354 forent,
1358 2295 1635 2356 postquam
1664 2303 1854 2344 omnes

253 2378 462 2433 eaedem
511 2381 709 2434 anima:
748 2396 853 2434 non
879 2379 1168 2434 exstabant
1200 2381 1431 2451 amplius
1463 2424 1475 2436 .
1522 2380 1581 2435 In
1616 2394 1721 2437 tam
1761 2383 1856 2438 ab.

250 2471 475 2527 surdam
521 2480 701 2527 autent
746 2472 1054 2541 Opinionem
1101 2474 1261 2530 ivisse
1292 2475 1627 2541 Arnobinm,
1667 2486 1723 2531 et
1751 2476 1853 2531 sibi

251 2565 358 2636 ipsi
386 2575 492 2620 tam
514 2565 752 2621 absurde
779 2566 1171 2623 contradixisse
1188 2608 1203 2633 ,
1232 2566 1351 2638 quis
1377 2567 1533 2622 nobis
1565 2570 1855 2638 persuade-

252 2658 378 2714 bit?
414 2660 469 2715 Si
506 2660 628 2731 quis
669 2669 845 2716 tamen
889 2660 943 2716 id
985 2661 1053 2715 ab
1080 2675 1146 2716 co
1183 2672 1449 2717 assertum
1501 2662 1666 2719 fuisse
1708 2675 1854 2720 recte

250 2753 596 2829 probaverit,
638 2754 893 2812 cedemus
922 2752 1091 2821 illico,
1122 2766 1176 2810 et
1206 2754 1354 2810 illum
1389 2756 1613 2827 turpiter
1637 2771 1853 2813 errasse

249 2850 562 2908 fatebimur.
1822 2834 1839 2851 ‘

322 2942 431 3001 Sed
479 2942 750 2999 Arnobius
774 2942 1037 3015 gravioris
1057 2942 1232 3000 adhuc
1256 2985 1272 3008 ,
1299 2944 1345 3000 si
1375 2945 1483 3000 Deo
1510 2945 1685 3015 placet
1705 2984 1722 3007 .
1764 2960 1853 3001 er-

252 3038 393 3096 roris
426 3038 499 3094 ab
532 3037 933 3094 Elmenhorstio
961 3046 1016 3094 et
1057 3037 1291 3095 deraldo
1334 3038 1577 3110 arguitur
1599 3081 1614 3104 ,
1667 3038 1754 3093 ubi
1783 3036 1852 3093 de

251 3148 544 3203 corporum
569 3143 880 3189 nostrorum
910 3132 1306 3188 resurrectione
1325 3132 1406 3188 sic
1430 3141 1620 3189 contra
1653 3130 1850 3187 Ethni-

1960 1920 2280 1978 irridebant.
2312 1924 2383 1980 At
2406 1926 2583 1981 varios
2611 1925 2835 1995 hujusce
2860 1929 3123 1987 doctrina:
3153 1936 3409 1991 articulos
3438 1954 3560 2008 per-

1959 2019 2247 2081 currendo,
2281 2018 2346 2074 ad
2380 2019 2509 2074 illud
2539 2021 2607 2076 de
2636 2038 2924 2091 corporum
2970 2039 3281 2084 nostrorum
3315 2047 3561 2089 resurre-

1959 2112 2141 2169 ctione
2166 2112 2453 2169 delabitur.
2505 2114 2583 2169 lbi
2632 2126 2810 2173 autem
2859 2130 3063 2176 tantum
3112 2135 3449 2195 argumento,
3506 2135 3565 2182 ut

1958 2204 2103 2276 loqui
2131 2216 2335 2270 amant,
2369 2206 2436 2262 ad
2465 2207 2739 2264 hominem
2767 2212 3007 2266 ostendit
3037 2212 3291 2270 insulsam
3339 2232 3561 2286 prorsus

1959 2313 2082 2354 esse
2110 2299 2257 2355 illaut
2287 2300 2631 2357 ethnicorum
2653 2305 3108 2372 criminationem,
3136 2310 3258 2380 quia
3284 2310 3562 2369 christiani

1956 2395 2276 2450 certissimis
2306 2396 2548 2467 Apostoli
2601 2398 2666 2450 ad
2710 2398 3228 2459 Tltessalonicenses
3275 2407 3561 2463 scribentis

1957 2488 2136 2543 verbis
2169 2488 2402 2544 debitam
2447 2487 2502 2561 (Ι
2538 2488 2745 2555 ΤΙιεδε..
2788 2508 2865 2555 tv,
2914 2493 2981 2547 l2
3027 2504 3072 2550 et
3114 2497 3312 2570 seqq.),
3368 2499 3569 2573 ethnici

1956 2599 2087 2639 vero
2132 2583 2296 2640 dubio
2346 2585 2503 2654 plane
2552 2585 2813 2665 Platonis.
2840 2588 2908 2643 de
2962 2593 3259 2647 animarum
3292 2595 3358 2647 ad
3398 2597 3560 2651 vitam

1897 2697 1917 2715 ο
1954 2676 2133 2733 reditu
2166 2676 2489 2733 documento
2520 2676 2811 2733 indebitam
2841 2684 3165 2749 praestabant
3198 2686 3380 2743 fidem.
3421 2688 3563 2756 Quid

1954 2782 2135 2826 autem
2164 2771 2262 2824 hac
2287 2771 2338 2824 in
2367 2776 2837 2842 argumentatione
2866 2785 3044 2843 potest
3065 2779 3288 2847 erroris,
3316 2781 3559 2851 insaniae,

1954 2864 2157 2918 luroris
2187 2863 2374 2934 argui?
2403 2863 2539 2931 Quid
2570 2865 2762 2920 amabo
2790 2875 2861 2930 te,
2908 2868 3123 2939 iniquis.
3173 2888 3332 2942 quam
3381 2874 3561 2930 Arno-

1955 2955 2106 3012 binm
2138 2956 2280 3011 illius
2307 2958 2510 3012 erroris
2560 2957 2894 3023 insimulare,
2944 2977 3101 3032 quem
3160 2966 3450 3032 proscribit
3502 2984 3567 3025 ac

1955 3049 2239 3119 repudiat?
2290 3048 2474 3119 Neque
2518 3050 2742 3119 objicias
2773 3053 2922 3107 illum
2955 3070 3107 3109 suam
3143 3057 3215 3112 ibi
3244 3076 3349 3114 non
3383 3061 3561 3130 espli—

1963 3155 2118 3196 casse
2145 3143 2492 3197 sententiam.
2524 3142 2658 3198 Nam
2690 3159 2757 3199 ex
2785 3144 2902 3213 ejus
2929 3147 3146 3204 silentio
3194 3151 3326 3207 nihil
3375 3163 3564 3211 contra

259 3241 353 3282 cos
397 3224 685 3296 disputat:
735 3244 754 3278 ι
790 3224 1046 3293 Audetis,
1072 3244 1092 3277 ι
1148 3225 1324 3296 inquit
1368 3223 1561 3280 Arnob.
1585 3266 1600 3291 ,
1655 3222 1746 3279 Hb-
1783 3239 1820 3278 "
1841 3265 1856 3292 9
1891 3215 1936 3279 C
1968 3235 2117 3290 illum
2147 3234 2349 3292 inferre
2381 3235 2460 3292 fas
2484 3242 2585 3292 est.
2622 3237 2824 3293 Deinde
2855 3254 2985 3295 vero
3018 3241 3103 3296 hic
3129 3243 3279 3301 locus
3311 3262 3415 3301 non
3445 3258 3566 3304 erat

256 3336 376 3392 pag.
408 3318 531 3392 51),
580 3337 601 3371 s
633 3319 812 3376 ridere
854 3334 993 3384 nos,
1042 3318 1186 3390 quod
1236 3326 1570 3374 mortuorum
1616 3316 1861 3373 dicamus

254 3412 721 3470 resurrectionem
765 3411 1042 3478 futuram;
1090 3428 1252 3482 quam
1297 3410 1513 3482 quidem
1543 3425 1644 3466 nos
1679 3410 1862 3466 dicere

256 3507 588 3564 conﬁtemur
617 3523 634 3559 :
665 3505 761 3561 sed
797 3521 827 3560 a
873 3504 1028 3561 vobis
1070 3505 1262 3570 aliter,
1312 3519 1471 3574 quam
1524 3502 1858 3569 sentiamus,

256 3602 458 3657 audiri.
490 3600 633 3669 Quid
668 3602 720 3656 in
752 3600 986 3656 Politico
1016 3599 1206 3655 Plato?
1254 3599 1448 3655 Nonne
1478 3614 1602 3655 cum
1631 3598 1864 3654 mundus

260 3693 565 3764 oecmperit
589 3694 662 3749 a‘b
686 3692 932 3750 occiduis
965 3691 1209 3763 partibus
1237 3690 1480 3759 exoriri,
1508 3700 1562 3746 et
1592 3690 1647 3744 in
1685 3689 1866 3746 cardi-

265 3806 399 3848 nem
416 3805 661 3862 vergere,
696 3789 787 3861 qui
808 3787 1039 3844 orientis
1065 3797 1149 3843 est
1177 3787 1333 3854 solis,
1360 3800 1552 3843 rursus
1578 3794 1868 3855 erupturos

265 3883 521 3940 homines
542 3882 752 3940 telluris
778 3897 811 3938 e
834 3879 1042 3953 gremio
1069 3879 1292 3948 scribit,
1319 3894 1479 3936 senes
1496 3919 1512 3944 ,
1545 3893 1735 3941 canos,
1766 3876 1866 3933 de-

264 3976 543 4044 crepitos,
581 3986 787 4033 etcum
814 3974 942 4030 anni
967 3973 1235 4044 cmperint
1271 3974 1536 4030 accedere
1568 3972 1866 4047 longiores,

263 4086 369 4144 per
405 4068 629 4126 eosdem
663 4067 901 4140 gradus,
940 4067 1138 4138 quibus
1167 4066 1328 4122 hodie
1357 4065 1646 4131 crescitur,
1688 4064 1755 4121 ad
1786 4066 1869 4121 in-

264 4163 539 4222 cunabula
577 4160 818 4218 infantiae
851 4160 1136 4217 exituros?
1167 4180 1186 4213 ι
1231 4158 1302 4214 Ει
1347 4159 1436 4215 hic
1481 4157 1699 4230 quidem
1747 4157 1872 4214 Pla-

266 4258 415 4313 tonis
444 4255 620 4321 locus,
646 4255 801 4326 cujus
824 4268 1076 4317 sensum,
1114 4254 1455 4322 potiusquam
1492 4251 1656 4307 verba
1688 4249 1870 4307 Arno-

266 4348 393 4407 bius
421 4349 679 4413 exhibet,
720 4350 772 4404 in
813 4349 979 4404 citato
1004 4346 1121 4417 ejus
1155 4344 1382 4402 Politico
1414 4346 1610 4417 legitur
1638 4343 1867 4419 (Plato.,

265 4455 370 4500 tum
415 4460 478 4506 tt,
501 4442 736 4509 Politia”
766 4440 1130 4517 p.170).1|)5:t
1163 4453 1344 4497 autem
1364 4441 1526 4497 verba
1559 4442 1645 4496 hic
1667 4441 1874 4496 referre

266 4541 405 4596 nihil
459 4552 685 4595 necesse
710 4545 832 4604 est;
862 4552 985 4592 nam
1017 4546 1072 4592 et
1101 4536 1150 4591 id
1188 4536 1449 4609 longioris
1475 4544 1623 4592 esset
1652 4548 1870 4606 operte,

268 4642 325 4689 et
350 4632 428 4688 de
451 4633 517 4687 iis
542 4632 686 4687 nulla
711 4646 933 4703 prorsus
960 4646 1081 4687 esse
1102 4640 1277 4702 patest
1305 4632 1701 4687 controversia.

344 4729 425 4784 At
451 4727 644 4783 mirum
696 4742 827 4782 sane
873 4737 1306 4799 quantacumque
1335 4726 1551 4783 infamis
1577 4742 1683 4782 non
1730 4741 1882 4782 erro-

270 4825 351 4880 ris
379 4831 613 4887 tantum,
644 4821 737 4878 sed
780 4820 1003 4876 insaniae
1033 4830 1085 4876 et
1114 4818 1310 4876 furoris
1339 4827 1460 4875 nota
1491 4819 1713 4876 Auctori
1747 4835 1874 4875 nos-

274 4929 362 4974 tro
388 4916 521 4972 inde
548 4916 809 4970 inuratur.
862 4914 919 4971 Si
961 4914 1102 4969 enim
1139 4914 1537 4970 Elmenhorstio
1566 4913 1880 4970 credimus:

282 5028 303 5063 ι
340 5011 552 5066 insanit
577 5025 700 5063 cum
732 5007 1030 5064 furentibus
1081 5008 1407 5068 hominibus.
1442 5006 1734 5073 Marcione,
1783 5007 1882 5062 8a-

276 5103 463 5165 silide,
514 5111 570 5158 et
615 5101 869 5173 Origene.
924 5100 1013 5170 qui
1067 5101 1514 5157 resurrectionem
1547 5115 1652 5155 non
1679 5101 1880 5165 carnis,

276 5197 376 5253 sed
411 5196 681 5267 corporis,
728 5204 785 5252 et
820 5194 1064 5264 corporis
1093 5195 1310 5266 quidem
1358 5194 1654 5267 spiritualis
1694 5193 1885 5250 crede-

281 5291 437 5346 bant.
477 5308 496 5342 ι
526 5289 778 5346 Tatidem
808 5289 925 5345 hate
952 5298 1079 5344 sunt
1108 5289 1251 5344 illius
1298 5287 1599 5345 Arnobinm
1630 5298 1735 5342 tam
1761 5302 1885 5358 gra-

282 5385 428 5441 viter
453 5401 612 5457 quam
636 5395 838 5442 temere
858 5385 1161 5440 accusantis
1183 5383 1364 5457 verba,
1391 5400 1509 5454 quae
1538 5382 1662 5438 ideo
1686 5381 1890 5438 descri-

289 5481 520 5553 psimus,
553 5497 623 5537 ne.
646 5483 767 5553 quis
792 5483 908 5536 hth
936 5479 1091 5535 nobis
1112 5478 1412 5536 dicentibus
1442 5479 1599 5535 ﬁdem
1622 5479 1887 5549 derogan-

291 5573 421 5629 dam
448 5583 688 5630 censeat.
739 5574 872 5640 Quae
916 5586 1094 5629 autent
1155 5572 1327 5642 major
1373 5574 1672 5639 temeritas,
1728 5588 1886 5644 quam

293 5667 731 5738 antiquissimum
762 5679 1034 5726 auctorem
1066 5669 1288 5735 erroris,
1324 5666 1565 5735 insaniae,
1611 5679 1666 5725 et
1691 5665 1890 5723 furoris

292 5759 554 5817 audacter
602 5776 879 5829 accusare,
933 5771 988 5818 et
1041 5763 1238 5819 nullam
1283 5762 1641 5819 accusationis
1698 5761 1893 5818 aﬂ'erre

280 5854 567 5915 rationem
593 5855 619 5909 ?
671 5854 886 5914 Nullam
939 5863 1119 5913 autem
1166 5856 1597 5918 Elmenhorstius
1656 5856 1893 5929 profert,

750 5949 1023 6014 Ρηισι..
1056 5950 1135 6013 ν.

1899 4613 1954 4675 D

1964 3331 2285 3388 sententiam
2334 3347 2484 3387 suam
2526 3334 2852 3404 explicandi,
2900 3337 2986 3391 ubi
3048 3339 3281 3396 insulsas
3328 3352 3565 3401 tantum-

1966 3425 2127 3482 modo
2181 3424 2460 3497 gentilium
2519 3427 2588 3482 de
2643 3428 3100 3495 Christianorum,
3158 3434 3235 3488 uti
3292 3435 3566 3505 diximus,

1966 3519 2073 3575 lide
2114 3519 2485 3575 cavillationes
2516 3519 3031 3594 criminationesqne
3079 3526 3297 3597 repellit
3342 3538 3395 3584 et
3442 3546 3572 3587 exa~

1966 3610 2117 3681 gitat.
2174 3611 2279 3667 Sed
2331 3611 2401 3667 de
2445 3611 2532 3667 illa
2583 3610 3002 3671 cbristianorum
3048 3617 3154 3672 fide
3207 3635 3351 3676 nunc
3397 3620 3569 3680 fusius

1967 3704 2259 3776 agendum.

2596 3840 2823 3901 CAPUT
2866 3844 2932 3901 Χ.

1971 3977 2051 4036 De
2068 3979 2462 4036 christianorum
2487 3981 2609 4049 ﬁde,
2639 3998 2752 4051 spe,
2776 3983 3020 4049 ecclesiis,
3050 3987 3211 4044 sacris
3251 3988 3562 4062 Scripturis,

2114 4074 2382 4143 altaribus,
2412 4073 2724 4139 simulacris,
2768 4077 3067 4148 synaxibus,
3109 4097 3170 4134 ac
3198 4081 3427 4153 precibus

2506 4167 2658 4222 etiam
2684 4184 2778 4240 pro
2799 4169 3032 4227 mortuis.

2499 4320 2794 4362 ARTICULUS
2835 4322 3045 4364 PRIMUS.

1973 4441 2053 4495 De
2068 4444 2439 4507 christianorum
2463 4442 2557 4493 ﬁde
2578 4442 2783 4507 eiusque
2803 4446 3121 4506 necessitate,
3143 4458 3201 4499 ac
3221 4455 3358 4503 certa
3376 4451 3571 4507 illorum

2037 4508 2103 4582 de
2121 4506 2569 4582 futurgvitappe,
2587 4513 2925 4572 quantumque
2950 4522 3009 4560 ea
3048 4513 3310 4573 gentilium
3332 4530 3380 4582 οι
3398 4506 3575 4570 ἱηὶοηίὲ

2039 4570 2133 4620 bus
2150 4570 2370 4633 oppOsita
2396 4570 2478 4619 sit.

2053 4723 2372 4793 Supremam
2417 4719 2618 4776 Christi
2666 4718 2871 4776 domini
2921 4721 3252 4781 divinitatem
3283 4730 3465 4795 variis,
3500 4733 3575 4788 uti

1980 4818 2238 4881 vidimus,
2267 4818 2533 4873 rationum
2567 4815 2854 4870 momentis
2878 4832 2999 4871 cum
3041 4819 3310 4877 Arnobius
3353 4823 3577 4881 demon-

1983 4912 2255 4970 straverit.
2285 4924 2390 4966 non
2433 4909 2626 4963 mirum
2670 4922 2800 4964 sane
2842 4909 2887 4963 si
2935 4910 3093 4966 dictis
3137 4913 3274 4982 ejus,
3306 4926 3574 4979 tamquam

1986 5008 2182 5065 divinis
2199 5006 2357 5062 ﬁdem
2380 5006 2448 5060 ab
2470 5004 2723 5060 omnibus
2742 5003 3102 5060 adhibendam
3125 5023 3245 5064 esse
3271 5010 3578 5073 ﬁritiissime

1986 5109 2277 5158 assereret.
2325 5098 2574 5155 Totidem
2622 5097 2900 5152 enimvero
2930 5103 3258 5171 argumentis
3288 5120 3410 5161 eum
3451 5124 3576 5166 vera

1985 5195 2224 5262 dixisse,
2275 5203 2328 5247 et
2382 5192 2456 5247 illi
2508 5190 2839 5247 credendum
2892 5208 3014 5248 esse
3065 5197 3335 5259 ostendit,
3387 5202 3581 5272 quibus
3623 5209 3626 5213 ’

1987 5306 2250 5348 summam
2284 5287 2425 5342 illius
2452 5285 2787 5340 divinitatem
2838 5287 3031 5342 assvrit
3063 5300 3115 5344 et
3164 5291 3416 5347 vindicat.
3474 5295 3579 5352 Sed

1990 5388 2111 5459 quia
2142 5385 2369 5456 gentiles
2404 5381 2545 5437 hanc
2573 5380 2989 5437 christianorum
3034 5382 3192 5439 ﬁdem
3239 5387 3462 5443 irridere
3494 5406 3582 5446 so-

1991 5482 2192 5542 lebant,
2225 5477 2351 5532 hinc
2379 5485 2569 5531 auctor
2616 5484 2800 5531 noster
2846 5475 2993 5532 hrevi
3045 5476 3352 5537 inductione
3396 5486 3585 5551 probat

1993 5575 2154 5631 ﬁdem
2175 5573 2335 5628 etiam
2357 5572 2643 5626 humanam
2670 5580 2830 5624 tanta!
2850 5584 2973 5625 esse
2986 5570 3320 5630 necessitatis
3343 5576 3583 5649 (Arnob.,

1989 5668 2081 5725 tib.
2122 5683 2179 5733 ιι,
2210 5683 2261 5736 p.
2289 5661 2417 5736 47);
2452 5671 2511 5716 ut
2538 5662 2751 5732 ipsimet
2778 5662 3004 5732 gentiles
3030 5661 3177 5718 illam
3208 5666 3319 5721 suis
3345 5684 3451 5727 non
3500 5690 3592 5731 so—

1994 5762 2106 5817 lum
2127 5766 2391 5830 cogantur
2420 5755 2622 5811 habere
2663 5752 2972 5810 auctoribus
3018 5765 3178 5827 atque
3228 5759 3591 5836 philosophis,

1997 5852 2094 5912 sed
2112 5852 2258 5912 nulla
2278 5849 2442 5908 etiam
2464 5846 2700 5919 negotia,
2715 5847 3101 5921 navigationes,
3128 5860 3286 5912 terrae
3302 5857 3589 5936 culturam,

3023 5945 3099 6008 16
