4158 6264
590 297 692 354 491

1838 285 1850 341 ἶ
1905 288 2309 350 ιεεειῑτλτιο
2345 286 2629 351 PBEVIA

3777 288 3887 357 49‘!

591 413 862 486 conjugis,
890 410 1054 476 bella,
1083 377 1330 480 aliasque.
1352 421 1442 464 res
1471 405 1586 463 sive
1606 401 1896 470 humanas,
1922 407 2038 463 sive
2057 406 2193 462 divi-
2219 408 2273 478 Α
2296 415 2507 477 nentes,
2534 404 2918 464 existimabant
2957 417 3020 462 se
3047 399 3162 461 solo
3188 413 3386 463 conato
3416 416 3516 463 suo
3540 405 3657 463 ﬁeri
3701 405 3835 463 deos
3868 422 3885 460 :

593 525 710 577 nas,
738 507 840 562 nisi
864 503 971 561 ﬁde
993 512 1289 574 praeeunte,
1317 502 1591 573 suscipere
1615 511 1960 573 praesumant.
1981 499 2187 557 Eodem

591 616 803 671 quoque
828 607 1149 670 argumento
1174 605 1359 668 postea
1388 596 1615 652 Ruﬁnus
1639 596 1718 651 sic
1746 610 1880 651 usus
1908 605 2011 664 est,
2035 595 2189 666 quasi

590 695 720 750 illud
763 693 830 747 ab
872 692 992 762 ipso
1031 699 1252 745 auctore
1281 699 1470 746 nostro
1497 688 1805 745 delibasset.
1830 688 1963 744 Nam
1995 689 2187 745 eadem

589 785 820 855 sumpsit
849 782 1116 853 exempla,
1150 790 1313 852 atque
1333 796 1397 837 ex
1423 783 1505 838 eis
1533 782 1675 837 hunc
1703 781 1943 852 disputat
1987 782 2040 837 in
2070 797 2189 837 mo-

589 880 716 935 dum
748 897 762 934 :
798 896 816 930 t
853 876 922 933 Ut
949 875 1322 945 intelligentiae
1353 874 1449 929 tibi
1492 873 1671 929 aditus
1723 883 1986 943 patescat,
2039 884 2189 930 recte

588 974 763 1044 primo
806 971 1046 1026 omnium
1075 977 1128 1024 te
1153 968 1378 1025 credere
1407 968 1709 1039 profiteris;
1755 968 1880 1039 quia
1900 982 2009 1024 'nec
2039 982 2190 1023 mare

589 1064 708 1135 quis
734 1063 1053 1135 ingreditur,
1073 1071 1129 1118 et
1149 1062 1352 1132 liquido
1375 1077 1439 1116 ac
1465 1059 1729 1132 profundo
1750 1075 1870 1116 sese
1900 1059 2191 1116 committit

588 1158 884 1219 elemento,
926 1156 1028 1210 nisi
1074 1170 1135 1210 se
1181 1154 1327 1224 prius
1372 1152 1560 1209 credat
1609 1168 1769 1224 posse
1813 1153 2026 1208 salvari.
2079 1151 2191 1207 Nec

588 1249 823 1320 agricola
866 1248 1073 1303 semina
1119 1246 1283 1302 sulcis
1312 1246 1511 1310 obruit,
1561 1255 1617 1301 et
1662 1245 1842 1315 fruges
1889 1245 2092 1316 spargit
2136 1246 2189 1299 in

591 1355 809 1410 terram,
866 1341 970 1396 nisi
997 1339 1288 1397 crediderit
1319 1353 1575 1395 venturos
1606 1339 1811 1395 imbres
1832 1379 1848 1404 ,
1900 1338 2187 1394 affuturum

589 1452 801 1508 quoque
828 1436 968 1491 Solis
998 1443 1261 1506 teporem,
1293 1434 1488 1503 quibus
1520 1444 1661 1488 terra
1711 1431 1948 1500 confota,
1980 1441 2190 1502 segetes

589 1530 940 1599 multiplicata
988 1527 1143 1599 fruge
1199 1526 1479 1596 producat,
1526 1541 1591 1580 ae
1640 1524 1817 1581 ventis
1863 1525 2190 1594 spirantibus

590 1623 809 1677 nutriat.
853 1619 999 1676 Nihil
1027 1618 1260 1690 denique
1307 1626 1410 1683 est,
1446 1618 1586 1687 quod
1618 1617 1809 1673 invita
1836 1619 1950 1688 geri
1997 1618 2184 1687 possit,

587 1715 767 1771 sinon
812 1712 1103 1768 credulitas
1147 1722 1271 1766 ante
1301 1710 1661 1779 praecesserit.
1710 1708 1850 1777 Quid
1889 1708 2051 1780 igitur
2090 1708 2191 1764 mi-

2291 498 2572 555 christiani
2601 512 2729 555 vero
2757 498 2989 554 infirma:
3015 506 3218 555 natura:
3256 514 3369 557 suae
3392 499 3602 557 viribus
3633 498 3890 556 diuiden-

2292 599 2393 656 tes,
2416 591 2567 647 illam
2597 590 2666 647 ab
2690 590 3076 662 omnipotentis
3111 589 3207 647 Dei
3235 591 3604 649 misericordia
3639 600 3893 663 expecta-

2290 682 2440 738 bant.
2473 682 2712 739 Gentiles
2737 682 3095 755 opinabantur
3122 683 3236 740 alas
3260 684 3363 740 sibi
3392 692 3515 756 post
3541 696 3769 741 mortem
3800 685 3887 741 fu-

2294 784 2462 841 turas,
2513 777 2708 847 quibus
2752 778 2807 832 in
2849 777 3047 834 calum
3098 777 3470 833 consulerent.
3534 778 3676 847 Quin
3720 776 3891 835 immo

2291 876 2694 945 somniaveram
2719 872 2980 949 quasdam
3010 890 3135 933 esse
3157 884 3472 947 potestates,
3504 888 3628 947 quae
3647 884 3896 932 secreta-

2291 982 2413 1023 rum
2440 968 2636 1024 artium
2664 967 3157 1039 superstitionibus,
3185 976 3244 1025 et
3286 968 3743 1025 commendamus
3769 983 3892 1024 ma-

2290 1074 2481 1133 gorum
2510 1062 2761 1133 precibus
2810 1060 3056 1130 mollitie,
3111 1062 3326 1119 facilem
3351 1062 3406 1117 in
3435 1063 3633 1119 coelum
3664 1073 3896 1118 conten-

2292 1154 2546 1212 dentibus
2568 1156 2770 1212 dabent
2807 1156 3012 1212 aditum
3042 1156 3230 1230 (Ibid.,
3281 1168 3400 1228 pag.
3445 1154 3518 1211 ΒΞ
3541 1166 3588 1211 et
3614 1155 3743 1228 87).
3774 1156 3895 1226 Qua

2292 1248 2360 1304 de
2390 1265 2451 1305 re
2482 1250 2634 1305 Plato
2678 1251 2731 1305 in
2760 1251 3011 1322 genuinis
3037 1250 3153 1307 sive
3216 1250 3401 1306 nothis
3450 1250 3565 1306 suis
3606 1250 3893 1322 operibus,

2292 1342 2541 1411 Servius,
2600 1354 2659 1399 et
2698 1343 2840 1415 apud
2888 1346 3244 1415 Augustinum
3295 1340 3631 1417 Porphyrius
3683 1343 3900 1416 legendi

2292 1433 2494 1505 (Plato,
2526 1438 2579 1491 in
2609 1435 2891 1506 Phaniam,
2920 1447 3045 1492 tam.
3077 1453 3116 1506 ι,
3146 1454 3201 1509 p.
3235 1435 3363 1503 107,
3410 1447 3458 1492 et
3500 1438 3717 1506 Arsinoe,
3766 1447 3896 1493 tom.

2289 1542 2367 1594 tu,
2392 1547 2445 1599 p.
2477 1529 2617 1598 37!;
2647 1531 2819 1599 Serm,
2847 1533 2903 1587 in
2928 1533 3019 1588 lib.
3048 1537 3123 1600 v1,
3149 1530 3391 1600 £neid.,
3432 1546 3563 1589 vers.
3595 1533 3701 1589 758
3726 1546 3743 1601 ;
3788 1534 3899 1590 Au-

2291 1632 2428 1692 gusl.
2466 1622 2554 1677 lib.
2586 1636 2641 1690 ι,
2671 1625 2734 1680 de
2758 1625 2924 1692 civit.,
2971 1640 3020 1680 υ.
3063 1625 3098 1681 9
3141 1635 3187 1680 et
3230 1625 3319 1692 10,
3369 1643 3423 1696 p.
3463 1624 3572 1681 246
3613 1636 3660 1680 et
3703 1626 3897 1699 seqq.).

2293 1714 2497 1772 Verum
2528 1714 2846 1774 ehristianis
2866 1718 3132 1774 incertum
3163 1726 3247 1774 est
3276 1728 3458 1773 utrum
3486 1718 3649 1774 vitam
3673 1718 3905 1775 immen-

586 1824 727 1874 rum,
775 1806 821 1861 si
866 1803 1186 1859 accedentes
1234 1803 1301 1857 ad
1354 1803 1541 1868 Deum,
1590 1801 1816 1858 credere
1867 1817 1965 1857 nos
2014 1803 2189 1872 primo
2220 1807 2268 1877 Β
2295 1811 2461 1866 talem
2506 1811 2758 1881 accipere
2786 1812 3075 1883 aliquando
3115 1824 3449 1869 mereantur.
3480 1812 3905 1870 Arbitrabantur

590 1899 826 1953 omnium
852 1895 1186 1967 proﬁtemur,
1207 1910 1329 1950 cum
1350 1895 1468 1950 sine
1488 1897 1589 1950 hoc
1614 1910 1714 1951 nec
1728 1894 1844 1964 ipsa
1860 1894 2002 1965 exigi
2018 1895 2192 1965 possit

588 1992 694 2047 vita
724 1990 1045 2047 communis.
1080 1987 1205 2042 Haec
1235 1995 1414 2043 autem
1448 1986 1650 2042 idcirco
1678 1988 1732 2043 in
1758 1987 2023 2058 principio
2052 2003 2192 2058 prte-

591 2083 869 2149 misimus,
902 2082 1025 2152 quia
1072 2080 1263 2152 pagani
1292 2079 1449 2135 nobis
1496 2078 1734 2150 objicere
1779 2078 1999 2144 solent,
2046 2078 2192 2149 quod

585 2178 778 2249 religio
800 2187 1003 2237 nostra,
1029 2175 1149 2244 quia
1173 2175 1472 2230 rationibus
1498 2173 1701 2240 deﬁcit,
1724 2174 1779 2229 iu
1798 2175 1912 2231 sola
1933 2174 2191 2231 credendi

586 2270 939 2343 persuasione
981 2269 1260 2323 consistat.
1316 2268 1380 2323 Et
1424 2268 1547 2324 ideo
1576 2269 1913 2324 ostendimus
1941 2283 2042 2324 nec
2069 2268 2186 2339 agi,

587 2380 687 2419 nec
708 2372 855 2419 stare
874 2360 1073 2432 aliquid
1103 2376 1283 2431 posse,
1315 2361 1417 2415 nisi
1446 2363 1784 2429 praecesserit
1802 2361 1881 2415 vis
1906 2360 2186 2416 credendi.

584 2456 831 2525 Denique
856 2464 911 2510 et
964 2452 1304 2508 matrimonia
1336 2453 1749 2518 contrahuntur,
1799 2453 1922 2524 quia
1952 2452 2191 2510 creditur

586 2563 906 2606 successura
939 2547 1227 2618 posteritas
1258 2563 1271 2599 :
1302 2554 1358 2601 et
1379 2547 1529 2617 pueri
1558 2546 1831 2603 discendis
1852 2546 2056 2602 artibus
2079 2557 2189 2603 tra-

584 2643 802 2707 duntur,
823 2642 946 2713 quia
964 2641 1340 2712 magistrorum
1368 2641 1422 2696 in
1445 2640 1740 2712 discipulos
1768 2640 2191 2697 transfundenda

584 2735 821 2794 creditur
841 2734 1124 2805 disciplina
1156 2751 1168 2787 :
1204 2743 1258 2789 et
1281 2734 1491 2803 imperii
1524 2734 1754 2805 insignia
1781 2748 1920 2789 unus
1941 2732 2186 2803 suscipit,

585 2833 711 2887 dum
735 2829 908 2886 credit
929 2828 1158 2899 populos
1178 2838 1233 2882 et
1261 2826 1444 2893 urbes,
1469 2835 1524 2882 et
1548 2822 1815 2882 armatum
1843 2826 2007 2882 etiam
2032 2840 2190 2881 exer-

582 2928 749 2987 citum
800 2925 1098 2994 periturum
1136 2941 1155 2975 ι
1209 2919 1503 2993 (Ruﬁnus,
1557 2918 1838 2976 Comment.
1870 2920 1924 2973 in
1968 2919 2187 2990 symbol.

582 3030 696 3091 post
724 3018 863 3083 init.,
897 3035 951 3088 p.
977 3010 1126 3086 l7l).
1157 3013 1310 3069 Prius
1334 3028 1463 3092 νει-9
1484 3012 1685 3087 cadem.
1700 3011 2187 3084 argumentatione,

580 3113 881 3181 iisdemque
930 3107 1190 3177 exemplis
1237 3104 1453 3161 Celsum
1505 3104 1788 3176 Origenes,
1820 3115 1876 3161 et
1919 3102 2189 3160 Eusebius

2294 1902 2533 1974 denique
2561 1903 2765 1960 ethnici
2795 1921 2855 1961 se
2880 1917 3078 1976 sponte
3106 1920 3225 1976 sua,
3257 1906 3516 1979 nulloque
3548 1907 3900 1978 prohibente,

2295 1997 2349 2051 in
2378 1996 2725 2062 dominicam,
2760 2008 3018 2071 tanquam
3049 2014 3205 2056 suam
3234 2001 3508 2073 propriam
3537 2001 3723 2059 sedem
3753 2002 3910 2061 redi-

2296 2100 2468 2147 turos.
2519 2089 2723 2148 Contra
2773 2107 2903 2149 vero
2933 2088 3211 2150 christiani
3256 2094 3400 2152 istud
3432 2096 3552 2152 ﬁeri
3583 2110 3743 2168 posse
3785 2114 3905 2154 non

2294 2186 2608 2254 sperabant,
2650 2188 2772 2242 sine
2794 2200 2979 2243 rerum
3020 2189 3262 2245 omnium
3293 2188 3543 2257 Domino,
3578 2190 3631 2246 id
3657 2199 3761 2254 est,
3793 2190 3909 2249 nisi

2298 2278 2438 2332 Deus
2455 2278 2818 2350 multipotens,
2843 2289 2898 2335 et
2914 2281 3160 2338 Christus
3176 2281 3436 2339 Dominus
3454 2282 3903 2353 immortalitatis,

2294 2386 2380 2438 eo,
2416 2388 2522 2443 quo
2551 2375 2798 2445 superius
2841 2375 3080 2432 diximus
3111 2376 3262 2451 (Cap.
3293 2395 3467 2450 super.
3494 2388 3596 2434 art.
3620 2379 3699 2452 ι),
3729 2380 3907 2438 modo

2294 2467 2545 2536 gratiam,
2561 2478 2617 2524 et
2640 2479 2858 2525 aeternae
2882 2469 3151 2527 felicitatis
3168 2473 3449 2542 praemium
3467 2473 3908 2544 promerentibus

2294 2560 2607 2615 contulerit.
2643 2556 2808 2618 Visne
2834 2564 3132 2620 Arnobium
3167 2575 3409 2622 nostrum
3446 2567 3755 2639 loquentem
3794 2584 3907 2625 au-

2294 2654 2547 2710 direiEn
2576 2657 2696 2727 ejus
2723 2657 2887 2714 Verba
2913 2675 2929 2714 :
2958 2679 2979 2712 ι
3014 2659 3118 2716 Per
3142 2659 3286 2717 hunc
3308 2661 3485 2718 Solum
3513 2671 3598 2719 est
3614 2661 3907 2736 ingressus

2294 2749 2361 2802 ad
2408 2747 2628 2817 Lucem,
2676 2762 2852 2821 neque
2876 2751 3012 2808 alias
3056 2753 3241 2810 datum
3276 2762 3361 2810 est
3390 2754 3476 2812 vel
3510 2756 3772 2827 irrepere,
3807 2755 3907 2816 vel

2294 2841 2571 2910 invadere,
2605 2843 2819 2900 steteris
2847 2847 3095 2902 omnibus
3118 2848 3339 2916 clausis,
3372 2858 3536 2920 atque
3557 2849 3907 2921 inexpugnab-

2293 2934 2387 2988 bili
2417 2949 2544 2991 arce
2566 2936 2809 2994 munitis.
2845 2937 2995 2995 Licet
3014 2953 3146 3012 ergo
3168 2952 3356 3012 purus,
3385 2952 3442 2997 et
3464 2941 3534 2997 ab
3552 2942 3701 2997 σηιπὶ
3724 2941 3907 2999 fueris

2293 3028 2543 3084 vitiorum
2570 3032 3031 3090 eontaminatione
3053 3041 3330 3105 purgatus,
3358 3034 3735 3092 conciliaveris
3762 3036 3903 3094 illas

2292 3128 2455 3189 atque
2509 3121 2787 3180 inflexeris
2832 3135 3150 3195 potestates,
3200 3127 3270 3182 ad
3318 3128 3515 3185 coelum
3548 3128 3798 3186 redeunti
3825 3144 3907 3187 ne

582 3206 849 3279 quoslibet
876 3202 1124 3259 ethnicos
1168 3199 1440 3267 refellunt,
1486 3198 1554 3254 ad
1583 3197 1710 3255 ﬁdei
1737 3199 1968 3279 probant
1997 3213 2189 3255 neces-
2215 3205 2261 3277 (ς
2292 3214 2406 3268 vias
2432 3213 2710 3280 claudam,
2744 3229 2907 3290 atque
2931 3218 3219 3291 “sepia”
3245 3223 3552 3291 ιηηείωω,
3580 3222 3906 3280 adimat.

582 3301 795 3358 sitatem
826 3297 998 3368 (Orig.
1031 3295 1116 3350 lib.
1150 3312 1186 3361 ι,
1220 3304 1398 3349 contra
1438 3291 1600 3359 Cels.,
1633 3311 1754 3366 pag.
1800 3294 1833 3349 9
1876 3303 1923 3348 et
1955 3294 2056 3359 ‘lO;
2080 3291 2188 3349 Eu-

582 3392 712 3460 seb.,
741 3391 833 3446 lib.
876 3405 927 3454 t,
977 3386 1272 3459 Prwparat.
1305 3384 1532 3458 Evang.,
1563 3403 1610 3440 c.
1640 3387 1696 3450 5,
1727 3403 1777 3456 p.
1811 3386 1879 3441 14
1907 3395 1954 3441 et
1983 3386 2187 3459 δείνῳ).

583 3486 715 3557 Qua:
744 3484 960 3558 quidem
994 3482 1071 3538 illi
1093 3482 1272 3538 adhuc
1298 3480 1521 3536 uberius
1542 3488 1960 3551 prosequuntur.
1989 3480 2190 3549 Quam-

581 3583 770 3638 obrem
802 3578 1010 3649 lengius
1042 3576 1282 3646 profecto
1311 3574 1449 3631 foret
1478 3574 1660 3630 omnia
1684 3589 1870 3629 eorum
1900 3573 2062 3629 verba
2091 3574 2189 3630 de-

581 3674 841 3739 scribere,
890 3685 1010 3740 quae
1058 3670 1127 3723 ab
1174 3668 1424 3723 omnibus
1475 3669 1528 3722 in
1584 3668 1798 3722 illorttm
1829 3667 2000 3734 libris,
2032 3667 2192 3725 facile

583 3765 800 3822 cuilibet
849 3762 1042 3828 obviis,
1076 3761 1180 3833 legi
1223 3772 1471 3832 possunt.
1503 3761 1585 3816 Ad
1614 3776 1709 3816 eos
1739 3775 1900 3830 porro
1920 3760 2070 3815 adire
2096 3762 2190 3831 qui

582 3860 836 3924 voluerit,
865 3872 1046 3928 Operae
1074 3855 1298 3911 forsitan
1345 3869 1457 3911 suae
1484 3870 1592 3910 non
1623 3854 1924 3926 paenitebit,
1949 3863 2189 3925 gratum-

584 3968 691 4024 que
711 3951 867 4008 nobis
897 3950 1076 4017 faciet,
1108 3950 1154 4004 si
1180 3948 1612 4018 deprehendere,
1645 3948 1991 4019 indicareque
2022 3948 2192 4018 possit

583 4056 763 4103 utrum
793 4060 932 4103 unus
960 4060 1027 4101 ex
1073 4043 1182 4099 illis
1211 4044 1280 4101 ab
1306 4041 1418 4099 alio
1444 4057 1541 4098 sua
1569 4041 1926 4112 decerpserit.
1959 4042 2038 4098 De
2064 4040 2187 4097 ﬁdei

582 4155 751 4213 porro
794 4138 1120 4195 necessitate
1166 4136 1296 4193 alibi
1341 4136 1736 4207 disputavimus
1770 4131 1792 4206 (
1821 4143 1943 4189 tom.
1982 4150 2028 4202 ι,
2076 4134 2186 4205 Λρ-

586 4242 780 4306 parat.,
830 4232 918 4287 lib.
953 4247 1012 4300 tt,
1042 4229 1259 4285 Dissert.
1301 4229 1357 4294 2,
1386 4246 1433 4283 c.
1483 4227 1573 4294 ll,
1612 4236 1712 4281 art.
1755 4226 1813 4294 2,
1858 4244 1912 4298 p.
1958 4225 2099 4282 1025
2142 4235 2190 4281 et

580 4344 719 4399 seqq.
745 4324 786 4398 ).

2293 3310 2516 3366 talitatis
2561 3312 2823 3369 accedere
2850 3314 3012 3370 nullis
3043 3316 3249 3385 poteris
3282 3318 3722 3374 contentionibus
3750 3330 3907 3388 prae-

2293 3404 2486 3473 miunt,
2511 3404 2613 3461 nisi
2642 3402 2786 3476 quod
2814 3407 2985 3477 ipsam
3009 3407 3472 3465 immortalitatem
3500 3409 3647 3481 facit,
3674 3409 3906 3469 Christo

2294 3496 2642 3566 attribuente,
2691 3501 3024 3572 perceperis,
3073 3511 3133 3557 et
3177 3516 3363 3559 veram
3406 3503 3576 3561 fueris
3621 3504 3905 3564 admissus

2292 3589 2360 3644 ad
2391 3590 2556 3645 vitam
2588 3592 2845 3661 (Amat,
2881 3592 2972 3649 lib.
2992 3609 3051 3659 tt,
3084 3606 3204 3666 pag.
3237 3594 3352 3669 90).
3382 3614 3403 3650 s

2362 3683 2587 3739 Summa
2608 3699 2739 3756 ergo
2764 3696 2885 3743 erat
2907 3688 3191 3758 gentilium
3219 3690 3511 3756 dementia,
3554 3693 3648 3763 qui
3676 3691 3901 3751 beatam

2293 3778 2755 3836 immortalitatem
2781 3798 2815 3836 ιι
2839 3785 3220 3854 potestatibus
3247 3786 3436 3841 nescio
3479 3786 3692 3858 quibus,
3748 3787 3832 3843 vel
3864 3798 3901 3844 ο

2291 3868 2485 3941 seipsis
2510 3876 2887 3944 expectabant.
2930 3876 3133 3933 Contra
3174 3888 3305 3934 vero
3330 3876 3628 3934 certissima
3654 3887 3741 3935 est
3764 3890 3901 3950 spes

2292 3964 2847 4041 christianummﬁui
2872 3971 2918 4027 si
2947 3971 3096 4043 digni
3110 3971 3241 4039 sint,
3273 3974 3412 4029 hanc
3429 3974 3647 4030 beatam
3674 3978 3901 4031 tmar-

2288 4060 2554 4116 talitatem
2600 4063 2671 4118 ab
2697 4065 3069 4134 omnipotente
3094 4065 3230 4135 Dee,
3257 4067 3380 4123 seio
3406 4066 3552 4125 illius
3572 4067 3799 4137 dature,
3826 4082 3896 4126 se

2288 4164 2612 4224 accepturus
2638 4155 2935 4213 conﬁdunt.

2899 4308 3192 4353 Διιτιουιυδ
3220 4311 3275 4353 ιι.

661 4421 739 4476 Es
786 4416 979 4474 eadem
1006 4424 1213 4473 asserta
1263 4414 1467 4470 Christi
1507 4413 1788 4470 divinitate
1828 4412 2082 4479 efﬁcitur,
2132 4422 2190 4469 ut

2292 4428 2369 4501 De
2391 4430 2769 4501 christianum
2799 4433 3052 4501 ecclesiis,
3088 4434 3244 4488 nas:
3283 4432 3570 4501 Scriptum,
3604 4436 3664 4490 et
3696 4443 3897 4501 symxi-

584 4512 777 4569 salutis
793 4518 1030 4584 aeternae,
1048 4516 1309 4562 eteorum
1332 4520 1453 4576 quae
1472 4506 1722 4562 Christus
1742 4505 2012 4577 promisit,
2032 4504 2188 4562 ﬁrma

587 4594 809 4662 omnino
824 4612 1077 4671 certaque
1090 4602 1159 4656 sit
1180 4599 1599 4655 christianorum
1621 4614 1748 4669 spes
1780 4611 1836 4655 et
1857 4588 2180 4670 expectatio.
2208 4602 2263 4669 β

586 4697 731 4755 Deus
761 4697 904 4753 enim
937 4695 1030 4749 ille
1050 4694 1235 4763 utique
1261 4706 1382 4748 esse
1408 4707 1515 4747 non
1543 4701 1743 4763 potest,
1774 4691 1863 4762 qui
1911 4692 2190 4761 promissis

2351 4493 2463 4564 bus,
2489 4508 2652 4564 quove
2675 4496 2776 4547 ritu
2799 4494 2961 4548 Deum
2983 4493 3132 4553 ia'eis
3154 4493 3495 4564 “sestertius,
3527 4493 3587 4554 ac
3606 4493 3737 4564 quid
3748 4504 3811 4556 ab
3826 4518 3898 4558 eo

2353 4560 2604 4620 peterent.

2364 4684 2444 4740 Ad
2471 4686 2596 4754 alia,
2626 4703 2746 4757 quae
2775 4687 3101 4749 christianos
3126 4691 3303 4749 adhuc
3340 4701 3613 4767 spectant,
3658 4696 3893 4767 gradum

588 4806 697 4847 non
721 4787 998 4846 satisfacit.
1048 4786 1231 4851 Neque
1275 4784 1546 4841 Arnobius
1582 4785 1713 4841 sinit
1731 4784 1832 4841 sibi
1862 4785 1932 4839 ab
1960 4785 2189 4842 ethnicis
2292 4787 2354 4834 ut
2398 4778 2683 4847 faciamus,
2730 4782 2965 4841 ethnicis
3009 4784 3388 4855 ,objicientibns
3432 4787 3613 4847 nullas
3658 4789 3727 4847 ab
3782 4789 3895 4847 illis

584 4887 745 4959 objici
790 4899 983 4940 vanam
1033 4890 1090 4938 et
1137 4896 1346 4937 cassam
1399 4895 1522 4936 esse
1564 4879 1981 4936 cltristianorum
2035 4896 2186 4952 spem
2293 4873 2652 4930 exaediﬁcatas
2676 4892 2851 4933 sacras
2891 4878 3048 4946 mdes,
3076 4879 3348 4937 Arnobius
3371 4880 3453 4937 sic
3480 4882 3797 4952 respondet,
3827 4893 3895 4939 ut

582 4982 604 5053 (
623 4978 840 5046 Arnob.,
871 4977 958 5032 lib.
1001 4993 1056 5043 ιι,
1089 4993 1141 5047 p.
1174 4973 1296 5046 44);
1327 4988 1426 5029 nec
1450 4990 1511 5029 ea
1542 4989 1574 5029 a
1602 4973 1818 5029 Christo
1868 4972 2089 5043 impleta
2137 4982 2191 5030 et
2290 4966 2344 5022 id
2377 4983 2714 5040 nequaquam
2744 4970 2961 5027 difﬁteri
3005 4972 3248 5029 videatur
3274 4973 3512 5045 (Arnob.,
3534 4974 3623 5031 lib.
3656 4991 3730 5044 vt,
3762 4992 3890 5048 pag.

580 5074 724 5137 data,
770 5086 890 5143 qua:
933 5070 1131 5138 saepius
1179 5067 1451 5139 pollicitus
1495 5065 1689 5123 fuerat.
1717 5065 1849 5122 Nam
1879 5066 2184 5136 promissis,
2242 5136 2256 5155 ι
2289 5058 2440 5155 ξω).
2492 5060 2632 5150 Quid
2676 5064 2843 5132 ergo?
2890 5062 3161 5136 Numquid
3190 5082 3378 5123 revera
3404 5067 3683 5125 christiani
3711 5069 3895 5127 nullas

585 5169 876 5224 constituto
904 5173 1168 5233 tempore,
1213 5161 1397 5224 stetit;
1445 5169 1609 5231 atque
1660 5158 1777 5229 ejus
1818 5158 2100 5225 miracula,
2129 5167 2187 5214 et
2244 5151 2253 5155 ’
2286 5151 2457 5222 ipsius
2485 5163 2727 5224 tempore
2744 5155 3216 5214 habebantsacras
3243 5159 3425 5228 aedes,
3455 5159 3676 5221 domos.
3704 5161 3893 5217 eccle-

583 5261 687 5317 alia
709 5258 777 5314 ab
806 5260 923 5331 ipso
950 5255 1205 5311 divinitus
1235 5254 1393 5318 facta,
1424 5268 1526 5308 nec
1548 5252 1769 5308 dubium
1797 5267 1948 5317 sane,
1983 5265 2080 5306 nec
2100 5251 2183 5306 in-
2284 5247 2415 5308 sias.
2446 5246 2559 5303 sive
2590 5248 2811 5317 tenspla,
2844 5248 2899 5304 in
2930 5251 3122 5321 quibus
3148 5266 3341 5311 omnes
3364 5253 3525 5310 simul
3554 5254 3888 5324 congregati,

586 5364 793 5409 certum
842 5351 1071 5405 aliarum
1114 5347 1233 5416 ejus
1279 5344 1697 5417 promissionum
1740 5353 1863 5403 sunt
1894 5343 2085 5415 pignus
2128 5353 2185 5400 et
2288 5344 2454 5398 Deum
2485 5343 2870 5413 premrentur?
2902 5344 3121 5403 Minime
3145 5346 3390 5417 quidem.
3416 5346 3552 5403 Nam
3578 5347 3766 5418 plures
3791 5345 3891 5403 ita-

584 5446 978 5518 comprobatio.
2285 5435 2537 5501 buerunt,
2588 5451 2721 5505 quas
2765 5437 3056 5507 Apostolus
3084 5439 3366 5507 ecclesias,
3398 5439 3670 5499 Eusebius
3698 5455 3831 5498 vero
3864 5456 3881 5495 :

654 5538 901 5595 Ostendit
945 5538 1163 5605 insuper
1207 5531 1476 5587 Arnobius
1520 5539 1777 5601 quantum
1804 5532 2083 5586 christiani
2131 5538 2185 5587 et

2292 5534 2699 5607 προσευκτηρίων
2730 5534 2849 5593 τοὺς
2872 5530 3063 5600 οἵχσυς,
3093 5533 3294 5601 domos,
3321 5534 3376 5590 in
3398 5534 3580 5606 quibus
3602 5534 3887 5606 precaban-

582 5633 782 5691 etbnici
810 5632 879 5688 de
905 5631 1101 5687 futura:
1129 5628 1425 5685 animarum
1458 5635 1578 5696 post
1602 5633 1831 5681 mortem
1863 5626 2053 5683 salutis
2079 5642 2176 5698 spe
2282 5633 2383 5689 tur,
2436 5623 2665 5694 ipsemet
2693 5633 2872 5681 autem
2921 5625 3195 5684 Arnobius
3224 5629 3578 5685 conventicula
3607 5628 3886 5701 appellant

582 5728 723 5782 inter
746 5741 806 5782 se
832 5722 1203 5779 dissentirent.
1231 5719 1492 5789 Gentiles,
1545 5718 1719 5790 inquit
1761 5715 1963 5790 (Idem,
1992 5720 2079 5775 lib.
2114 5736 2171 5788 ιι,
2277 5714 2482 5790 (Paul.,
2513 5713 2682 5784 Epist.
2727 5733 2768 5782 t,
2796 5718 2866 5774 ad
2890 5717 3037 5786 Con,
3066 5735 3184 5789 cap.
3212 5735 3312 5790 xv,
3340 5736 3473 5779 vers.
3505 5722 3617 5789 l5;
3665 5719 3879 5787 Euseb.,

581 5837 633 5891 ρ.
668 5818 782 5891 66),
812 5815 1039 5875 salutem
1092 5816 1389 5872 animarum
1422 5827 1638 5871 suarum
1669 5811 1724 5868 in
1753 5826 1813 5868 se
1837 5810 1971 5883 ipsis
2014 5827 2174 5884 repo-
2275 5810 2364 5866 lib.
2394 5825 2503 5879 vui,
2534 5808 2679 5866 Eccl.
2717 5809 2947 5882 Hieron,
2987 5828 3107 5885 cap.
3131 5813 3190 5884 2,
3217 5832 3340 5890 pag.
3369 5815 3513 5885 395;
3542 5815 3759 5888 Αηιοδη
3783 5815 3878 5881 ab,
