4166 6256
309 269 414 333 405

1553 275 1620 341 ΙΝ
1657 277 2031 351 ΑΒΝΟΒΙΗΜ,
2072 281 2221 343 CAP.
2264 284 2335 345 X.

3490 293 3597 353 494

306 407 381 456 tv,
404 409 526 464 pag.
558 392 712 464 15%).
740 393 850 451 Sed
876 395 995 453 beo
1020 394 1118 454 ille
1136 396 1207 455 ab
1229 395 1466 457 ethnicis
1483 395 1683 466 diruta,
1711 413 1901 471 quem-
1927 396 1981 464 Δ
2005 400 2203 472 logesis‘
2232 403 2605 473 prosternendi
2628 411 2683 460 et
2718 402 3034 465 humiliandi
3057 405 3291 465 hominis
3315 405 3598 479 disciplina

299 483 600 547 adatodom
626 486 1041 547 christianorum
1071 487 1275 559 scripta
1304 488 1518 560 ignibus
1563 489 1689 552 data
1735 490 1901 551 luisse

300 585 414 638 tam
436 593 644 645 amaro.
666 594 826 651 quam
848 595 1007 652 aequo
1033 580 1241 642 doloris
1260 597 1422 649 seruo
1446 582 1534 642 his
1552 583 1902 654 conqueritur

296 670 485 727 verbis
511 688 530 726 :
564 691 586 726 ι
621 671 816 730 Nostra
863 674 1104 746 quidem,
1141 694 1162 728 ι
1213 675 1288 741 ait
1332 675 1445 745 ille,
1501 695 1523 730 ι
1553 677 1751 749 scripta
1800 692 1900 739 cur

293 762 513 835 ignibus
538 763 661 822 dari
685 768 1037 825 meruerunt?
1060 766 1171 825 Cur
1193 768 1502 827 immaniter
1525 771 1898 830 conventicula

294 855 459 923 dirui,
507 857 563 913 iu
608 858 807 929 quibus
833 875 1081 921 summus
1104 872 1292 923 oratur
1320 862 1496 921 Deus?
1523 882 1545 919 ι
1576 863 1729 922 Sicut
1768 880 1899 935 ergo

292 953 476 1010 nullus
500 952 677 1025 potuit
693 969 930 1025 unquam
952 970 1152 1026 negare
1177 955 1503 1015 christianos
1529 971 1627 1019 sua
1649 957 1899 1021 habuisse

291 1050 519 1120 Scripta,
542 1063 840 1121 sacrosque
859 1049 1055 1106 divinre
1076 1051 1360 1122 scriptum
1380 1051 1566 1119 libros,
1596 1052 1668 1111 ita
1692 1052 1898 1113 inﬁcias

290 1159 457 1203 nemo
510 1144 593 1202 ire
643 1154 821 1214 potest
865 1160 962 1205 eos
1009 1153 1138 1203 ante
1185 1145 1408 1204 Arnobii
1458 1136 1665 1216 tempus
1694 1156 1753 1205 et
1778 1148 1897 1214 eius

288 1248 537 1309 tempore
556 1253 687 1295 suas
710 1238 967 1296 habuisse
989 1239 1266 1304 ecclesias.
1291 1240 1380 1299 vel
1407 1251 1466 1299 ut
1490 1240 1583 1299 ille
1606 1240 1752 1312 loqui
1783 1255 1898 1299 tua-

284 1328 411 1397 luit,
443 1331 820 1400 conventicula,
853 1331 946 1388 ubi
970 1330 1042 1389 ab
1069 1331 1304 1392 ethnicis
1330 1332 1607 1392 destructa
1636 1349 1745 1393 non
1776 1332 1896 1391 fue—

288 1435 436 1485 rant.
471 1424 755 1483 Denotata
797 1433 977 1481 autem
1022 1424 1091 1482 ab
1131 1440 1200 1483 eo
1245 1424 1437 1483 barum
1489 1425 1794 1490 eversione.
1843 1433 1897 1487 et

286 1531 571 1579 mororum
619 1516 885 1577 librorum
936 1517 1252 1579 incensione
1292 1532 1459 1589 supra
1502 1517 1897 1589 disputavimus

285 1610 506 1681 (Sept,
542 1626 661 1681 cap.
690 1611 749 1677 2,
776 1620 881 1667 art.
916 1612 968 1677 1,
1002 1622 1123 1671 tam.
1166 1627 1203 1679 t,
1232 1612 1515 1684 Apparet,
1550 1629 1674 1684 pag.
1719 1612 1818 1669 751
1849 1623 1897 1669 et

281 1718 429 1775 ιαμ
458 1703 678 1763 Dium.
701 1705 757 1759 in
784 1703 1014 1770 Μίνως..
1053 1721 1172 1776 cap.
1202 1706 1294 1775 12,
1345 1715 1447 1765 art.
1494 1705 1576 1777 3).
1609 1705 1895 1767 Rationem

2001 504 2087 551 est
2118 494 2306 563 (Idem,
2360 497 2428 551 ib.
2459 498 2521 553 de
2554 495 2765 565 Ρωηίι..
2810 515 2927 570 cap.
2961 499 3039 568 9).
3073 519 3091 553 υ
3123 498 3229 556 Sed
3253 499 3363 570 jam
3394 516 3594 561 conce-

2000 588 2147 647 ditur
2178 590 2280 647 hoc
2308 589 2378 651 de
2404 591 2647 663 pluribus
2675 591 2987 651 Christianis
3026 593 3459 667 intelligendum.
3483 594 3597 652 Nec

2002 683 2182 747 minus
2205 692 2411 743 certum
2444 686 2897 757 manifestumque
2921 695 3024 753 est,
3053 688 3198 769 quod
3228 687 3501 763 Arnobius
3525 688 3593 744 de

2000 777 2253 837 omnibus
2277 782 2575 849 generatim
2620 778 2757 841 dixit
2806 778 3116 843 christianis
3145 778 3397 853 (Arnob.
3430 782 3520 841 lib.
3554 796 3593 846 ι.

2001 888 2124 943 pag.
2155 871 2271 943 15),
2314 873 2404 943 qui
2436 873 2489 933 in
2520 874 2812 945 synaxibus
2836 874 2947 935 suis
2972 874 3143 937 Deum
3185 876 3441 946 prostrati
3465 890 3592 947 pre.

1997 966 2280 1033 (labantur,
2309 981 2374 1025 ac
2396 967 2618 1034 collatis,
2653 978 2711 1029 ut
2739 966 2831 1023 ille
2870 967 2963 1039 ait,
3016 966 3249 1040 precibus
3274 967 3594 1031 adurebant.

1999 1056 2190 1119 Nonne
2228 1058 2374 1121 enim
2427 1058 2510 1115 liae
2560 1058 2769 1121 collata:
2819 1074 3025 1130 prteces
3074 1068 3229 1123 sunt,
3285 1060 3351 1115 de
3404 1060 3598 1135 quibus

1996 1150 2125 1209 alibi
2177 1150 2540 1215 Tertullianus
2592 1168 2606 1206 :
2673 1170 2691 1209 ί
2749 1152 2977 1225 Corpus,
3043 1171 3062 1206 ι
3121 1153 3291 1225 inquit
3345 1152 3599 1226 (Tertul-

2000 1240 2152 1309 lian.,
2199 1228 2467 1314 Apoloy.,'
2493 1258 2610 1314 cap.
2653 1243 2745 1311 '59,
2785 1260 2904 1315 pag,
2955 1244 3067 1316 54),
3106 1262 3125 1296 ι
3162 1259 3347 1303 sumus
3373 1243 3443 1305 de
3467 1261 3597 1301 con-

1995 1333 2225 1395 scientia
2256 1334 2552 1405 religionis,
2584 1342 2640 1390 et
2667 1334 2969 1409 disciplina:
2993 1336 3223 1401 unitate.
3254 1345 3308 1391 ct
3337 1335 3461 1401 ﬁdei
3490 1338 3595 1396 fre-

1996 1426 2152 1484 dere.
2182 1427 2400 1489 Coimus
2428 1428 2496 1485 ad
2544 1427 2736 1499 Deum,
2785 1430 2939 1502 quasi
2969 1446 3129 1489 manu
3156 1430 3297 1493 facta
3330 1435 3595 1503 precatio-

1998 1520 2159 1583 nibus
2183 1520 2504 1581 ambiamus.
2536 1521 2663 1579 Htec
2691 1521 2774 1581 vis
2820 1522 2930 1579 Deo
2958 1533 3112 1597 grata
3138 1526 3264 1581 est?
3292 1544 3312 1578 ι
3347 1525 3419 1593 At
3445 1537 3595 1587 certe

1998 1614 2103 1677 hoc
2133 1617 2462 1691 precantium
2493 1616 2707 1688 agmine
2753 1626 2961 1689 gratam
2991 1618 3101 1674 Deo
3144 1619 3253 1679 vim
3305 1620 3591 1697 iaciebant,

2001 1716 2061 1761 ut
2079 1708 2147 1762 ab
2175 1707 2284 1776 illo,
2308 1708 2480 1781 inquit
2498 1707 2678 1771 adhuc
2701 1708 2973 1767 Arnobius
3002 1707 3216 1785 (Ibid.),
3239 1711 3592 1783 impetrarent

278 1811 504 1869 quoque
532 1797 655 1859 alibi
682 1797 1015 1859 reddidimus
1041 1814 1138 1862 cur
1162 1799 1435 1861 Arnobius
1454 1797 1615 1861 fateri
1644 1799 1892 1861 videatur
1919 1796 1969 1871 B
1995 1802 2299 1859 innocentia:
2331 1803 2643 1861 voluntatem
2673 1813 2721 1861 et
2753 1801 2815 1859 ab
2846 1805 2985 1861 omni
3006 1804 3121 1867 labe
3152 1804 3454 1869 delictorum
3482 1824 3592 1863 om-

282 1889 467 1947 nullas
493 1889 662 1946 fuisse
689 1889 999 1946 cbristianis
1036 1892 1313 1957 ecclesias,
1342 1892 1457 1948 sive
1484 1891 1650 1959 nulla,
1694 1907 1890 1964 quem-

279 1986 577 2047 admodum
607 1985 831 2054 ethnici,
890 1986 1110 2057 templa.
1165 1988 1382 2047 tametsi
1420 1986 1774 2043 conventicula
1820 1986 1890 2042 ab

279 2078 395 2137 illis
418 2088 664 2139 extritus
702 2078 873 2141 fuisse
901 2080 1246 2152 apertissime
1274 2080 1535 2143 declaret.
1564 2079 1700 2139 Cum
1728 2094 1890 2137 nemo

278 2182 467 2231 autem
508 2187 658 2232 sanae
686 2172 890 2235 mentis
911 2171 1073 2235 homo
1117 2173 1169 2233 id
1196 2173 1470 2245 denegare
1494 2181 1678 2245 queat,
1708 2172 1890 2233 nullus

276 2264 453 2325 etiam
504 2264 738 2327 iuﬁciari
784 2275 965 2338 potest
1014 2266 1067 2331 in
1124 2266 1213 2331 his
1266 2266 1695 2333 conventiculis,
1749 2280 1889 2336 quo-

278 2371 517 2429 cumque
581 2359 801 2421 nomine
851 2358 1223 2431 appellentur,
1274 2369 1425 2423 actas
1466 2359 1889 2421 christianorum

278 2466 544 2523 synaxes.
1583 2486 1609 2502 κ

364 2545 425 2600 in
472 2545 538 2603 iis
582 2559 715 2605 vero
759 2545 889 2617 quid
923 2554 1170 2619 agerent,
1218 2546 1266 2607 si
1311 2547 1453 2611 seire
1476 2545 1775 2613 desideres,
1808 2544 1891 2603 bis

284 2639 481 2710 accipe
502 2637 634 2710 ipsis
655 2638 901 2712 ejusdem
928 2638 1155 2701 Arnobii
1187 2638 1365 2703 verbis
1391 2656 1404 2695 :
1438 2656 1459 2691 ‹
1481 2638 1738 2699 Summus
1764 2653 1890 2697 ora-

295 2743 388 2795 tur
412 2733 575 2800 Deus,
605 2749 710 2805 pax
737 2732 947 2797 cunctis
968 2745 1027 2792 et
1050 2735 1205 2799 venia
1236 2733 1538 2807 postulatur
1568 2733 1893 2809 magistrati-

276 2825 418 2892 bus.
444 2827 793 2897 exercitibus,
824 2827 1062 2901 regibus,
1101 2826 1479 2896 inmitiaribus,
1515 2826 1746 2886 inimicis
1772 2826 1892 2898 (Ar-

286 2920 438 2990 risit,
461 2922 557 2983 lib.
587 2936 667 2993 tv,
701 2938 823 2997 pag.
859 2922 1011 2999 152).
1032 2921 1258 2985 Accedit
1278 2920 1636 2993 adstipulator
1658 2918 1893 2992 Cyrillus

290 3015 841 3087 Hierosolymitanus,
872 3018 963 3091 qui
989 3016 1150 3093 paulo
1175 3013 1347 3077 fusius
1375 3015 1513 3087 dixit
1538 3013 1739 3093 (Cyrni.
1768 3013 1895 3073 Hie—

290 3125 522 3182 rosam,
549 3110 752 3171 caluit.
780 3108 843 3177 5,
869 3108 1123 3185 11113149.,
1153 3124 1272 3182 pag.
1300 3108 1426 3185 539)
1460 3108 1893 3186 τῌαρακαλοῦμεν

1991 1899 2139 1959 nium
2166 1898 2560 1969 purgationem.

2064 1990 2181 2049 Non
2211 1990 2405 2047 mirum
2431 2005 2559 2062 ergo
2578 1990 2624 2047 si
2646 1989 2738 2047 illc
2759 1990 2935 2062 palam
2962 2001 3245 2057 asseveret
3262 1993 3399 2055 nihil
3435 1995 3594 2067 plane

1990 2085 2047 2145 in
2085 2084 2383 2157 synaxibus
2414 2084 2681 2153 auditum,
2709 2102 2729 2136 ι
2757 2084 2862 2141 nisi
2907 2086 3052 2158 quod
3092 2086 3361 2149 humanos
3405 2087 3589 2154 iaciat,

1992 2179 2097 2239 nisi
2126 2178 2269 2249 quod
2300 2177 2481 2249 mites,
2524 2178 2880 2246 verecundos,
2911 2180 3159 2250 pudicos,
3196 2192 3396 2253 castos,
3431 2181 3594 2237 fami-

1992 2271 2144 2333 liaris
2169 2270 2661 2331 communicatores
2685 2273 2786 2345 rei,
2807 2280 2861 2331 et
2880 2287 3004 2331 cum
3028 2273 3279 2335 omnibus
3298 2274 3594 2331 coasolidze

1988 2363 2363 2435 germanitatis
2388 2363 2790 2423 necessitudine
2811 2364 3114 2438 capulatos.
3142 2385 3162 2423 ›
3192 2364 3384 2441 (Idm,
3403 2367 3489 2421 lib.
3516 2382 3592 2435 ιν,

1992 2474 2117 2528 pag.
2150 2456 2300 2529 152.)
2336 2456 2675 2529 Quapropter
2718 2458 3050 2533 Augusﬁnus
3089 2458 3305 2521 brevius
3349 2458 3591 2533 quidem,

1988 2549 2090 2609 sed
2130 2565 2240 2607 non
2281 2552 2462 2613 minus
2502 2550 2805 2615 luculenter
2842 2550 3014 2613 dixit:
3044 2570 3064 2609 ς
3090 2549 3283 2622 Populi
3313 2552 3595 2611 conﬂuunt

1988 2643 2062 2703 ad
2115 2644 2389 2705 Ecclesiae.
2442 2654 2590 2709 casta
2640 2643 2979 2713 celebritate,
3033 2645 3260 2703 honesta
3309 2647 3594 2718 utriusque

1986 2751 2157 2797 scitus
2194 2736 2548 2804 discretiOne,
2594 2736 2684 2797 ubi
2726 2736 2951 2799 audiant
2992 2753 3153 2806 quam
3203 2738 3343 2794 bene
3390 2736 3478 2792 hic
3522 2736 3592 2795 ad

1996 2840 2210 2903 tempus
2250 2831 2431 2891 vivere
2470 2829 2726 2895 debeant.
2774 2840 2832 2887 ut
2876 2840 2998 2911 post
3043 2831 3183 2886 hanc
3223 2832 3386 2887 vitam
3434 2832 3593 2887 beate

1995 2936 2315 2993 semperque
2362 2923 2546 2981 vivere
2594 2933 2924 2981 mereantur.
2958 2942 2977 2978 ι
3005 2921 3272 2997 (August.,
3315 2925 3404 2978 lib.
3440 2941 3498 2992 ll,
3529 2923 3593 2978 de

1993 3015 2155 3082 civil.,
2183 3031 2299 3087 cap.
2332 3014 2426 3081 28,
2456 3031 2580 3088 pag.
2602 3014 2719 3091 57.)
2746 3013 2854 3071 Sed
2878 3016 2948 3073 de
2976 3015 3084 3080 his,
3112 3033 3231 3089 quae
3260 3017 3312 3071 in
3341 3018 3594 3075 christia-

1994 3123 2186 3165 norum
2226 3107 2523 3179 synaxibus
2570 3108 2888 3179 agebantur,
2940 3106 3070 3163 alibi
3113 3107 3492 3180 disseruimus,
3539 3119 3595 3166 et

284 3204 377 3261 τὸν
408 3205 514 3265 θεὸν
538 3204 673 3279 ὑπερ
698 3211 866 3265 κοινῆς
889 3210 993 3263 τῶν
1018 3203 1318 3262 Ἐακλησιῶν
1342 3206 1547 3283 εἰρήνης
1573 3243 1589 3269 .
1620 3203 1752 3280 ὑπὲρ
1799 3210 1891 3264 τῆς

1993 3200 2114 3261 haac
2153 3203 2333 3261 omnia
2365 3203 2433 3259 ab
2462 3203 2702 3263 Arnobio
2732 3211 3054 3272 memorata,
3095 3204 3297 3265 clarius
3328 3204 3507 3261 adhuc
3537 3207 3591 3262 in

282 3303 383 3367 τρῦ
408 3297 957 3371 anapaestis-metiar,
986 3295 1121 3373 ὑπὲρ
1148 3294 1423 3369 βασιλέων,
1461 3294 1594 3370 ὑπὲρ
1638 3314 1891 3371 στρατιω-

282 3401 411 3460 τῦν,
437 3395 528 3457 καὶ
547 3392 870 3466 συμμάχων,
898 3390 1033 3469 ὑπὲρ
1058 3395 1158 3449 τῶν
1191 3390 1244 3446 ἐν
1278 3389 1583 3457 ἀσθενείαις,
1622 3387 1756 3463 ὑπὲρ
1789 3394 1889 3441 τῶν

282 3472 744 3560 stemmativa
758 3526 778 3557 ρ
811 3488 902 3547 καὶ
920 3483 1261 3553 ἁπαξαπλῶς,
1283 3484 1416 3565 ὑπὲρ
1436 3483 1637 3543 πάντων
1657 3481 1890 3554 βοηθείας

581 3578 982 3641 rObsecramus
1008 3576 1178 3635 Deum
1202 3590 1299 3646 pro
1325 3573 1600 3637 communi
1622 3572 1891 3630 Ecclesia-

288 3688 416 3735 sten
436 3687 594 3745 pace,
618 3686 719 3747 pro
738 3670 1133 3745 tranquillitate
1158 3668 1370 3741 mundi,
1396 3682 1495 3740 pro
1514 3667 1756 3739 regibus,
1791 3681 1889 3740 pro

290 3764 581 3834 militibus,
607 3779 709 3837 pro
736 3763 922 3838 sociis,
954 3776 1053 3843 pro
1084 3763 1321 3837 :cgrons,
1355 3777 1457 3843 pro
1482 3761 1719 3833 afﬂictis,
1749 3768 1805 3817 et
1834 3761 1888 3816 in

288 3874 507 3921 ωωωο
528 3874 625 3936 pro
648 3859 721 3919 iis
757 3858 1029 3933 omnibus,
1079 3855 1174 3928 qui
1214 3866 1374 3935 egent
1415 3856 1637 3911 auxilio.
1669 3874 1692 3908 ι
1726 3853 1891 3910 Addit

286 3953 390 4015 ille
410 3968 603 4017 omnes
631 3951 957 4013 christianos
1006 3961 1116 4011 tum
1146 3966 1331 4007 orasse
1373 3950 1723 4027 patriarchas,
1758 3964 1887 4025 pro-

282 4046 507 4121 phetas,
532 4045 809 4121 apostolos
831 4055 886 4104 et
914 4052 1206 4121 martyres,
1232 4053 1291 4100 ut
1317 4044 1384 4099 iis
1406 4042 1883 4111 intercedentibus,

284 4139 437 4203 Deus
458 4140 679 4207 illorum
708 4139 992 4201 exaudiret
1020 4154 1233 4213 preces,
1266 4148 1323 4195 et
1351 4138 1676 4201 concederet
1702 4149 1889 4209 postu-

286 4231 421 4293 lata.
461 4231 569 4292 Sed
608 4232 681 4295 de
708 4232 796 4297 his
821 4232 974 4304 plura
1027 4242 1152 4289 ante
1199 4241 1487 4307 utrumque
1525 4230 1889 4289 Tertullianus

284 4336 350 4385 ut
394 4340 499 4389 suo
546 4326 669 4387 loco
712 4324 1013 4389 videbimus
1064 4322 1446 4397 (Tertulliau.,
1476 4325 1719 4401 Apolog.,
1769 4341 1882 4396 cap.

358 4514 505 4587 Quid
552 4524 774 4581 autem.
823 4528 999 4592 quove
1026 4513 1134 4571 ritu
1179 4524 1233 4570 et
1280 4528 1431 4569 more
1484 4512 1556 4568 ibi
1610 4511 1889 4571 christiani

1993 3306 2176 3355 nostra
2204 3295 2269 3353 de
2290 3295 2613 3357 Tertulliani
2638 3296 2993 3373 Apologetico
3017 3296 3400 3355 dissertatione
3420 3300 3590 3372 expli-

1992 3390 2261 3451 cabuntur
2309 3390 2459 3465 (tom.
2493 3408 2529 3447 l.
2574 3391 2827 3465 Apparet.
2860 3408 2981 3464 pag.
3013 3392 3086 3447 25
3115 3402 3163 3447 et
3199 3393 3339 3461 4H;
3371 3391 3588 3451 Dissert.

1990 3486 2046 3545 in
2072 3483 2378 3545 Tcrtullian.
2407 3501 2522 3558 cap.
2560 3485 2648 3554 15,
2678 3495 2779 3538 art.
2810 3483 2846 3537 2
2876 3493 2923 3539 et
2951 3483 3139 3558 seqq.).

2588 3612 2896 3693 ABTIGULDS‘
2918 3612 2997 3661 ω.

2241 3732 2318 3785 De
2341 3733 2714 3785 christianorum
2738 3734 2971 3798 precibus
2993 3747 3083 3799 pro
3104 3736 3329 3786 mortuis.

2060 3859 2360 3921 Christiani
2401 3863 2575 3925 sacris
2611 3863 2726 3921 suis
2757 3862 2811 3921 in
2845 3865 3139 3939 synaxibus
3171 3866 3343 3925 Deum
3376 3866 3589 3939 publice

1989 3970 2098 4013 non
2141 3955 2318 4013 solum
2358 3971 2457 4033 pro
2496 3955 2635 4015 vivis
2663 3956 2975 4014 hominibus
3005 3959 3255 4026 orabant,
3285 3959 3385 4015 sed
3423 3960 3586 4016 etiam

1989 4063 2090 4127 pro
2121 4048 2370 4105 mortuis.
2402 4047 2461 4111 in
2502 4049 2568 4104 iis
2599 4050 2869 4125 siquidem
2898 4071 2919 4104 ι
2949 4067 3213 4135 summus,
3246 4072 3266 4107 ι
3295 4053 3369 4110 ait
3409 4053 3585 4111 Arno-

1989 4142 2112 4203 bius
2139 4141 2379 4219 (Arnob.,
2404 4142 2492 4201 lib.
2522 4159 2597 4227 tv,
2623 4161 2749 4225 pag.
2778 4144 2929 4221 152),
2960 4165 2978 4201 Ι
3008 4155 3193 4211 oratur
3214 4147 3378 4212 Deus,
3407 4163 3507 4219 pax
3531 4158 3588 4204 et

1993 4234 2153 4293 venia
2180 4235 2625 4309 postulatur......
2654 4236 2834 4297 adhuc
2856 4239 3021 4301 vitam
3049 4237 3390 4311 degentibus,
3421 4248 3477 4297 et
3502 4255 3587 4295 rc-

1989 4329 2181 4388 solutis
2209 4344 2496 4402 corporum
2526 4330 2820 4388 viuctione.
2853 4354 2872 4387 »
2900 4332 3031 4388 Tam
3078 4336 3362 4405 perspicua
3403 4346 3584 4391 autem

1989 4437 2356 4501 expressaque
2384 4433 2511 4480 sunt
2540 4424 2658 4480 haec
2697 4426 2882 4495 verba,
2927 4436 2985 4482 ut
3012 4425 3337 4485 rheterodoxi
3367 4427 3583 4501 quidam

1990 4533 2182 4577 eorum
2223 4519 2575 4592 splendorem
2617 4519 2960 4576 dissimulare
2998 4537 3105 4577 non
3147 4523 3437 4601 potuerint.
3480 4522 3584 4579 Ve-

288 4607 463 4669 Deum
511 4615 882 4678 precarentur,
924 4606 1004 4667 sic
1057 4606 1328 4665 Arnobius
1368 4606 1601 4677 explicat
1644 4623 1657 4662 :
1704 4624 1722 4656 ι
1753 4595 2112 4669 HuicDrum
2155 4626 2262 4683 quo
2302 4613 2473 4684 magis
2512 4612 2658 4668 clara
2697 4622 2843 4682 sunt,
2889 4629 2955 4669 eo
2991 4595 3162 4685 magis
3201 4626 3373 4671 atram
3421 4612 3589 4670 bilem

288 4716 483 4759 omnes
507 4716 570 4763 es
601 4717 756 4759 more
782 4700 1199 4777 prosternimus,
1231 4700 1375 4757 hunc
1401 4700 1611 4756 collatis
1637 4699 1888 4775 precibus

291 4795 578 4856 adoramus
604 4811 619 4849 :
648 4797 717 4857 ab
754 4794 862 4859 hoc
902 4795 1069 4866 justa,
1108 4802 1170 4857 et
1214 4794 1399 4850 auditu
1453 4795 1573 4865 ejus
1622 4793 1887 4865 condigna

292 4888 659 4965 deposcimus.
703 4888 824 4947 Non
854 4905 964 4964 quo
993 4889 1268 4951 desideret
1304 4889 1575 4962 supplices
1616 4903 1716 4944 nos
1742 4903 1884 4955 esse,

290 4990 388 5043 aut
413 4993 558 5049 amet
581 4983 852 5045 substerni
878 4992 961 5045 tot
988 4983 1214 5045 millium
1247 4983 1647 5041 venerationem
1680 4980 1880 5040 videre.

292 5075 508 5137 litilitas
534 5077 654 5137 lucc
684 5088 866 5137 nostra
894 5087 1008 5147 est,
1036 5086 1097 5135 et
1120 5077 1392 5138 commodi
1423 5077 1592 5133 nostri
1622 5079 1883 5132 rationem

282 5178 543 5247 spectans
569 5168 815 5242 (Arnim,
847 5170 936 5229 lib.
985 5185 1023 5247 ι,
1063 5188 1190 5245 pag.
1223 5170 1290 5227 14
1320 5179 1366 5227 α
1393 5168 1576 5245 seqq.)
1619 5189 1639 5224 ι
1671 5170 1885 5225 Tertul-

291 5261 475 5318 lianus
504 5277 656 5330 vero,
684 5262 778 5318 ubi
823 5262 1084 5319 adversus
1112 5262 1397 5319 Marcionis
1426 5264 1493 5318 de
1539 5263 1746 5317 duobus
1784 5261 1887 5318 diis

289 5371 537 5415 errorem
559 5355 779 5413 dimicat
809 5374 823 5413 :
859 5376 879 5408 ε
907 5357 963 5412 1η
986 5358 1245 5425 alienum,
1276 5376 1296 5411 ι
1323 5357 1498 5430 inquit
1526 5355 1885 5429 (Tertullian.,

287 5449 385 5504 lib.
410 5465 447 5523 ι,
476 5450 594 5504 adu.
629 5446 823 5517 Mam,
863 5467 978 5521 cap.
1007 5449 1127 5521 24),
1163 5469 1183 5503 r
1212 5453 1409 5508 cmlum
1442 5449 1535 5511 alii
1565 5453 1672 5505 Deo
1696 5460 1886 5506 exten-

282 5540 463 5610 ditur,
487 5544 542 5598 in
566 5542 744 5598 aliena
765 5552 911 5598 terra
930 5543 1020 5599 alii
1047 5542 1159 5601 Deo
1186 5545 1467 5601 sternitur.
1498 5566 1518 5600 ›
1549 5544 1716 5601 Nobis
1740 5555 1887 5601 certe

286 5637 441 5699 dicet
456 5638 652 5713 aliquis
681 5639 785 5696 hoc
804 5641 1054 5709 ultimum
1079 5642 1300 5706 verbum
1318 5643 1580 5719 sternitur,
1613 5659 1643 5698 a
1669 5644 1891 5723 quibus-

292 5731 426 5795 dam
466 5732 543 5788 de
586 5732 850 5804 publicam
895 5734 1271 5809 paenitentiam
1301 5736 1583 5809 agentibus
1611 5737 1887 5813 explicari,

284 5824 447 5902 juxta
476 5823 607 5891 illud
635 5826 879 5900 ejusdem
931 5827 1249 5889 Tertulliani
1295 5829 1514 5897 citatum
1544 5848 1559 5888 :
1593 5848 1614 5885 ι
1650 5828 1889 5889 Exomo-

1989 4704 2109 4761 aliis
2136 4715 2446 4775 moverunt,
2481 4707 2575 4777 qui
2604 4706 2807 4779 optime
2837 4708 3018 4767 vident
3051 4709 3175 4765 inde
3199 4710 3340 4785 haud
3373 4711 3584 4766 incerto

1988 4800 2167 4873 colligi
2200 4801 2418 4873 aliquod
2453 4818 2575 4858 esse
2601 4805 2976 4879 purgatorium,
3010 4804 3123 4859 sive
3155 4804 3414 4879 aliquem,
3445 4820 3581 4877 quo-

1987 4893 2122 4958 libet
2145 4895 2365 4953 nomine
2398 4903 2643 4961 vocetur,
2672 4895 2873 4960 locum,
2909 4895 2996 4948 ubi
3031 4896 3375 4951 morientium
3399 4895 3578 4966 justo-

1990 4998 2108 5047 rum
2134 4986 2350 5049 animm,
2375 4987 2695 5057 quibusdam
2728 4986 2992 5041 leviorum
3023 4998 3364 5057 peccaturum
3395 5003 3581 5043 macu-

1988 5078 2055 5134 lis
2103 5081 2467 5152 coinquinatae
2516 5088 2831 5151 purgantur.
2882 5079 3241 5147 Quantumvis
3293 5089 3473 5152 tamen
3526 5080 3582 5135 hi

1987 5172 2243 5229 dentibus
2283 5173 2590 5242 frendeant,
2627 5188 2925 5245 ontttesque
2954 5172 3245 5229 adhibeant
3281 5172 3579 5239 machinas,

1990 5284 2263 5340 nunquam
2305 5283 2438 5325 sane
2481 5267 2703 5327 Arnobii
2733 5266 3107 5322 auctoritatem
3138 5266 3443 5325 elevabunt.
3477 5265 3584 5322 Cur

1989 5361 2153 5427 enim,
2188 5360 2381 5415 amabo
2421 5369 2496 5427 te,
2528 5360 2718 5415 harum
2764 5376 3010 5432 precum,
3050 5376 3185 5434 quas
3216 5360 3327 5425 ille,
3361 5358 3583 5414 minime

1988 5454 2271 5511 diminutis
2291 5452 2595 5525 argumenti
2618 5454 2700 5508 sui
2726 5454 2953 5525 viribus,
2984 5453 3403 5524 praetermittere
3432 5465 3586 5526 pote-

1988 5559 2093 5617 rat,
2116 5547 2446 5606 mentionem
2475 5548 2638 5606 facit?
2665 5548 2774 5605 Cur
2801 5565 2892 5604 eas
2933 5547 3164 5604 ethnicis
3195 5556 3302 5604 tam
3332 5547 3589 5604 audacter

1989 5643 2248 5715 obiectat,
2280 5644 2385 5703 nisi
2416 5646 2542 5718 quia
2582 5653 2734 5701 certo
2761 5642 2964 5699 certius
3001 5650 3249 5711 noverat,
3284 5641 3588 5712 antiquum,

1991 5754 2356 5804 communem,
2395 5754 2460 5795 ac
2498 5739 2645 5817 pium
2684 5738 2853 5792 fuisse
2889 5736 3320 5794 Christianorum
3350 5748 3599 5801 morem;

1992 5849 2101 5908 quo
2130 5832 2304 5893 Deum
2324 5848 2425 5908 pro
2443 5832 2673 5897 mortuis
2692 5829 3017 5893 hominibus
3036 5841 3194 5889 orare
3214 5825 3501 5893 solebant?
