4158 6264
579 325 686 386 693

1830 305 2284 373 DlSSERTATlO
2323 302 2605 366 PRAEVIA

3760 292 3868 350 496

654 443 721 498 Et
754 455 880 496 vero
914 437 1017 492 hoc
1046 434 1464 492 cltristianorum
1498 430 1736 486 Arnobio
1785 429 2164 498 eo:rqnalinm,

2307 446 2356 487 ες
2398 427 2542 497 ἡμεῖς
2572 422 2703 499 ὑπὲρ
2747 419 2978 482 πάντων,
3008 415 3186 478 ἁπλῶς
3219 423 3317 472 τῶν
3347 415 3398 470 ἐν
3448 414 3569 485 ἡμῖν
3596 431 3866 488 προκεκρι-

581 549 745 608 atque
775 533 1136 600 antiquiorum
1179 529 1479 585 institutum
1523 541 1836 593 moremque
1874 523 2038 579 fuisse
2068 539 2170 577 non

581 629 752 685 solum
786 627 1082 695 st-riptores
1112 621 1349 678 Arnobio
1401 629 1559 674 :etale
1589 633 1764 689 pares,
1796 633 1978 673 verum
2009 617 2172 671 etiam

582 721 892 791 superiores
938 717 1027 772 alii
1084 713 1322 786 plurimi,
1379 712 1524 783 iique
1569 713 1715 766 omni
1766 711 1869 764 ﬁde
1917 709 2170 779 majores,

580 813 921 885 apertissime
977 809 1351 866 testiﬁcantur.
1398 805 1529 860 Nam
1574 803 1939 859 Tertullianus
1989 811 2174 856 eontra

582 907 823 977 bigamos
868 904 984 958 lucc
1023 902 1213 958 scribit
1251 902 1302 957 in
1347 899 1510 955 verba
1551 916 1564 952 :
1601 917 1619 950 ‹
1668 897 1849 966 Neque
1896 895 2176 966 pristinam

579 1017 805 1058 uxorem
837 999 1037 1068 potetis
1091 1000 1295 1062 odisse,
1337 997 1421 1052 cui
1459 995 1620 1051 etiam
1656 995 2047 1064 religiosioretn
2095 1007 2180 1046 re-

581 1109 766 1151 servas
796 1095 1158 1160 all'ectionem,
1194 1104 1250 1147 ιιι
1284 1093 1392 1161 jam
1432 1098 1665 1157 receptae.
1694 1087 1832 1157 apttd
1871 1086 2178 1150 Dominum,

582 1204 682 1260 pro
703 1189 856 1259 cujus
880 1188 1073 1256 spiritu
1107 1185 1364 1255 posndas,
1394 1200 1490 1253 pro
1517 1198 1619 1251 qua
1647 1181 1948 1236 oblationes
1975 1192 2181 1233 annuas

583 1281 792 1337 reddis.
826 1300 846 1333 ι
875 1278 1235 1348 (Tertullian.,
1269 1276 1359 1330 lib.
1396 1276 1456 1329 de
1497 1272 1722 1328 Exltort.
1752 1279 1944 1333 casltt.,
1971 1286 2089 1339 cap.
2121 1284 2178 1335 ll,

584 1393 706 1448 pag.
739 1373 892 1446 671.)
935 1374 1143 1429 Rursus
1185 1381 1364 1426 autem
1401 1369 1646 1440 sequenti
1693 1366 1872 1421 libro:
1907 1384 1924 1416 ι
1959 1363 2123 1429 Uxor,
2157 1380 2176 1414 ›

582 1473 827 1542 inquit,r
859 1483 956 1540 pro
1007 1467 1186 1521 anima
1241 1465 1341 1520 viri
1397 1463 1479 1518 sui
1539 1472 1678 1522 orat.
1735 1471 1789 1516 et
1843 1457 2181 1528 refrigerium

582 1562 802 1618 interim
835 1560 1144 1631 adpostulat
1167 1559 1239 1625 ei,
1273 1567 1330 1612 et
1356 1557 1408 1610 in
1441 1557 1610 1625 prima
1637 1553 2034 1609 resurrectione
2055 1565 2183 1605 con-

584 1658 837 1718 sortium,
868 1666 922 1711 et
956 1654 1114 1710 offert
1154 1651 1349 1716 annuis
1380 1650 1568 1705 diebus
1609 1647 1952 1702 dormitionis
1989 1643 2126 1714 ejus.
2159 1661 2177 1695 ι

585 1752 782 1825 (Idem,
814 1750 902 1805 lib.
933 1750 995 1804 de
1029 1748 1267 1817 Monog.,
1301 1763 1418 1815 cap.
1453 1746 1543 1809 10,
1578 1759 1696 1813 pag.
1728 1739 1882 1811 682.)

2277 518 2529 590 μημένων,
2563 517 2808 588 μεγίστην
2837 507 3007 570 ὄνησιν
3037 513 3363 570 πιστεύοντες
3397 507 3603 564 ἔσεσθαι
3630 512 3743 564 ταῖς
3765 502 3871 576 ibo-

2276 618 2421 682 χαῑς,
2453 610 2586 680 ὑπὲρ
2617 603 2684 660 ὧν
2711 603 2884 667 δέησις
2929 605 3229 681 ἀναφέρεται
3257 611 3347 663 τῆς
3373 601 3543 676 ἁγίας,
3573 602 3660 654 καὶ
3685 619 3875 674 φρικω-

2278 699 2529 760 Beata-mc
2583 697 2915 776 προκειμένης
2963 698 3165 755 θυσίας.
3234 692 3488 763 Rogamus
3551 706 3722 745 omnes
3781 704 3875 758 pro

2279 793 2535 854 omnibus,
2566 794 2654 858 qui
2680 791 2812 843 inter
2838 805 2929 843 nos
2959 788 3062 840 vita
3096 787 3257 858 [uncti
3285 794 3424 851 sunt,
3447 785 3729 839 maximum
3769 799 3878 838 esse

2279 888 2539 942 credentes
2569 887 2861 940 animarum
2879 885 3145 956 juvamen,
3182 896 3274 952 pro
3299 880 3481 951 quibus
3507 877 3723 945 offertur
3753 892 3873 945 pre-

2281 985 2414 1038 catio
2448 983 2611 1037 sancti
2651 981 2791 1034 illius
2830 988 2876 1033 et
2915 975 3184 1039 tremendi,
3215 973 3350 1044 quod
3390 974 3440 1026 in
3471 971 3626 1024 altari
3657 970 3879 1038 positam

2285 1086 2379 1143 est,
2409 1074 2672 1142 sacriﬁcii.
2698 1072 2768 1128 At
2793 1076 2906 1125 hare
2934 1070 3118 1142 Cyrilli
3147 1068 3308 1122 verba
3339 1066 3520 1121 citavit
3550 1063 3876 1131 Eustratius,

2284 1167 2898 1239 COIISlaIIllntipttlllantB
2944 1163 3208 1219 Ecclesiae
3255 1159 3558 1232 presbyter,
3610 1160 3662 1212 in
3718 1156 3880 1222 libro,

2285 1281 2443 1336 quem
2501 1265 2645 1318 circa
2702 1261 2938 1317 medium
2995 1257 3249 1312 swcnluut
3307 1263 3517 1309 sextum
3567 1253 3635 1308 de
3688 1251 3883 1308 iisdem

2286 1359 2704 1415 Christianorum
2749 1353 3002 1427 precibus
3043 1369 3138 1424 pro
3173 1349 3401 1406 mortuis
3439 1349 3764 1418 composuit,
3795 1346 3886 1402 ubi

2289 1452 2387 1506 has
2428 1453 2668 1522 aliasque
2709 1449 2910 1521 Cyrillu
2938 1447 3169 1502 asseruit
3196 1443 3531 1498 catecheses.
3567 1441 3700 1510 Quis
3729 1455 3884 1511 ergo,

2288 1549 2485 1604 auditis
2503 1548 2651 1601 hisce
2673 1545 2814 1599 illius
2839 1542 3040 1608 verbis,
3067 1556 3173 1595 non
3197 1537 3481 1595 mirabitur
3502 1545 3885 1606 protestantes,

2288 1644 2378 1714 qui
2422 1641 2564 1698 serio
2609 1638 2940 1710 respondent
2985 1636 3129 1691 fusas
3177 1634 3309 1690 olim
3356 1626 3385 1686 ὁ
3440 1629 3748 1686 christianis
3791 1631 3891 1684 has

2291 1752 2479 1806 preces
2508 1737 2558 1790 in
2587 1733 2730 1802 ﬁdei,
2757 1734 2896 1801 Spei,
2925 1740 2979 1786 et
3003 1729 3284 1785 cbaritatis
3312 1736 3595 1783 tesseram.
3623 1740 3726 1779 non
3759 1736 3894 1778 vero

657 1844 767 1900 Nec
795 1852 879 1900 est
905 1857 1037 1898 sane
1067 1839 1210 1913 quod
1245 1839 1400 1894 nobis
1429 1835 1795 1892 heterodoxus
1824 1833 2021 1898 aliquis
2041 1830 2179 1902 obji-
2217 1869 2264 1932 Β
2291 1831 2342 1885 in
2390 1827 2688 1886 subsidium
2733 1827 3061 1892 animarum,
3102 1839 3166 1879 ac
3208 1822 3346 1894 ignis
3393 1819 3689 1892 purgatorii
3730 1817 3896 1874 refri-

585 1941 691 1998 ciat
740 1938 1156 2003 Tertullianunt,
1199 1950 1322 1990 cum
1367 1933 1464 1987 hos
1511 1929 1678 1984 libros
1723 1927 2064 1990 conﬁciebat,
2117 1923 2183 1978 ad

586 2034 968 2090 haereticorum
994 2029 1103 2101 jam
1135 2040 1316 2099 partes
1338 2025 1624 2087 defecisse,
1655 2032 1814 2092 atque
1837 2038 1902 2077 ex
1934 2021 2185 2076 Montano

587 2128 728 2183 hanc
754 2125 1022 2181 delibasse
1053 2123 1377 2178 doctrinam.
1405 2119 1701 2174 Enimvero
1731 2125 2016 2186 antequam
2047 2113 2187 2167 hanc

584 2221 638 2277 in
689 2220 937 2275 lueresim
985 2218 1266 2288 prolapsus
1313 2224 1481 2279 esset,
1530 2226 1715 2266 sacros
1765 2210 2185 2265 christianorum

587 2319 727 2373 ritus
764 2317 1005 2370 breviter
1045 2309 1401 2374 recensendo,
1431 2306 1619 2362 eadem
1653 2319 1873 2377 prorsus
1902 2304 2188 2358 tradidisse

589 2411 828 2481 legitur:
860 2425 878 2458 ‹
908 2405 1239 2464 Ohlationes.
1274 2422 1292 2454 ι
1326 2401 1499 2470 inquit
1535 2399 1726 2471 (Idem,
1761 2398 1877 2460 lib..
1908 2396 1969 2450 de
1997 2394 2186 2450 Coron.

586 2506 768 2570 miltt.,
798 2519 916 2573 cap.
951 2500 1032 2572 5),
1064 2518 1084 2551 ι
1113 2514 1209 2569 pro
1239 2494 1528 2559 defunctis,
1574 2509 1668 2564 pro
1709 2491 1969 2547 natalitiis
2013 2504 2189 2543 annua

590 2601 680 2656 die
724 2597 970 2653 facimus.
1003 2613 1022 2646 ι
1054 2591 1284 2648 Tantum
1318 2590 1479 2661 igitur
1517 2587 1692 2648 abest.
1727 2595 1785 2640 ut
1828 2584 2190 2639 beterodoxo-

587 2711 710 2752 rum
743 2691 1098 2762 responsione
1128 2684 1387 2742 inﬁrmari
1424 2683 1596 2754 possit
1626 2681 1769 2735 illius
1800 2680 1866 2734 de
1900 2679 1981 2733 his
2012 2677 2188 2748 preci-

589 2793 694 2848 bus
733 2787 1136 2850 testimonium;
1168 2783 1294 2854 quin
1341 2779 1520 2850 potius
1559 2776 1685 2832 inde
1726 2775 1938 2846 plenius
1969 2774 2194 2828 demon-

593 2896 796 2943 stretur
826 2885 929 2938 hoc
958 2881 1122 2937 fuisse
1147 2890 1254 2933 tatu
1278 2875 1682 2938 haereticorum,
1711 2886 1870 2942 quam
1900 2867 2194 2924 catholico-

595 2997 717 3038 rum
744 2987 1023 3035 constans.
1052 2983 1368 3041 certumque
1398 2969 1802 3024 documentum.

669 3070 1092 3142 Antiquissimus
1115 3080 1244 3122 vero
1268 3061 1728 3120 Constitutionntn
1762 3055 2193 3129 Apostoliearum

597 3179 784 3223 auctor
823 3163 1151 3222 christianos
1191 3159 1257 3214 ad
1304 3159 1470 3214 Deum
1518 3171 1616 3228 pro
1661 3155 1891 3210 mortuis
1938 3150 2196 3206 fratribus

2292 1926 2496 1997 geriutn
2515 1926 2542 1979 .9

2362 2019 2542 2075 Mirari
2592 2018 2753 2074 etiam
2795 2017 2927 2073 satis
2957 2029 3062 2070 non
3094 2025 3380 2086 possumus
3409 2008 3892 2074 Elmenhorstium,

2291 2115 2381 2186 qui
2425 2115 2480 2169 in
2522 2113 2632 2169 suis
2675 2112 2741 2168 ad
2785 2113 2927 2166 hunc
2957 2110 3183 2168 Arnobii
3216 2118 3381 2164 nostrt
3415 2107 3591 2162 locum
3635 2106 3898 2161 observa-

2291 2207 2527 2262 tionibus
2578 2205 2834 2261 audacter
2876 2212 3153 2259 asseverat
3196 2201 3552 2272 Augustinum
3595 2200 3648 2253 in
3689 2212 3790 2253 suo
3831 2198 3905 2251 de

2295 2300 2430 2356 Cura
2459 2301 2681 2373 gerenda
2723 2317 2816 2372 pro
2859 2300 3073 2354 mortuis
3120 2297 3256 2352 libro
3301 2298 3526 2368 ingenue
3563 2293 3720 2350 fateri
3764 2307 3905 2347 con-

2294 2404 2480 2467 ceptas
2512 2413 2608 2466 pro
2650 2395 2876 2450 mortuis
2909 2407 3099 2465 pret-es
3139 2391 3250 2447 sola
3291 2390 3552 2460 majorum
3595 2387 3691 2442 niti
3733 2384 3907 2440 tradi-

2296 2493 2461 2558 tione,
2497 2507 2600 2547 nec
2643 2491 2812 2546 sacris
2861 2491 3055 2544 litteris
3097 2487 3320 2543 ﬁrmari.
3370 2486 3493 2541 llrec
3535 2484 3733 2555 quippe
3772 2489 3909 2537 sunt

2295 2585 2585 2658 ipsissima,
2628 2602 2747 2657 qua:
2790 2586 2880 2640 ille
2925 2599 3030 2640 non
3073 2582 3277 2648 retulit,
3311 2596 3408 2636 nec
3452 2580 3566 2636 suis
3609 2580 3769 2643 forte,
3801 2575 3907 2632 sed

2295 2680 2488 2736 alienis
2528 2680 2701 2736 oculis
2743 2681 2965 2751 legerat,
3001 2676 3282 2746 Augustini
3314 2675 3473 2729 verba
3501 2691 3516 2730 :
3545 2691 3564 2725 ε
3595 2671 3652 2726 ln
3683 2669 3908 2726 Macha-

2295 2775 2534 2830 bteorum
2569 2775 2722 2830 libris
2771 2775 2999 2844 legimus
3037 2773 3278 2828 oblatum
3307 2786 3405 2841 pro
3431 2768 3658 2824 mortuis
3698 2766 3912 2822 Sacriﬁ-

2296 2871 2461 2923 cium.
2491 2867 2596 2922 Sed
2625 2867 2728 2921 etsi
2758 2882 3022 2938 nusquam
3055 2867 3107 2921 in
3150 2865 3446 2935 Scripturis
3487 2862 3756 2918 veteribus
3781 2875 3904 2915 om-
3983 2895 3994 2902 -

2296 2964 2428 3018 nino
2483 2964 2770 3034 legeretur,
2825 2978 2932 3017 non
2979 2976 3141 3032 parva
3184 2971 3268 3017 est
3313 2959 3579 3014 universa;
3620 2955 3910 3023 Ecclesia,

2297 3073 2416 3128 qua:
2459 3056 2512 3111 in
2562 3057 2665 3111 hac
2708 3053 3102 3111 consuetudine
3147 3053 3314 3109 claret
3357 3049 3669 3116 auctoritas,
3715 3047 3802 3102 ubi
3849 3047 3912 3102 in

2302 3150 2554 3222 precibus
2585 3150 2902 3214 sacerdotis,
2942 3165 3063 3220 quae
3099 3147 3322 3203 domino
3351 3146 3464 3202 Deo
3492 3144 3559 3199 ad
3590 3142 3707 3214 ejus
3734 3141 3916 3196 altare

596 3263 709 3319 suis
730 3259 995 3317 orandum
1021 3257 1101 3312 sic
1121 3254 1475 3310 hortabatur:
1506 3270 1524 3303 ‹
1558 3250 1663 3306 Pro
1688 3247 1944 3304 fratribus
1970 3247 2191 3309 nostris,
2223 3269 2268 3332 ρ
2301 3247 2616 3316 funduntur,
2661 3247 2840 3301 locum
2885 3261 3041 3300 suum
3088 3244 3251 3300 habet
3293 3243 3454 3298 ctiam
3503 3236 3916 3295 commendatio

597 3357 689 3430 qui
740 3357 791 3411 in
843 3351 1064 3410 Christo
1112 3350 1492 3420 requievcrunt
1531 3360 1772 3409 oremus,
1816 3352 1873 3397 ttt
1917 3340 2194 3396 hominum

601 3465 792 3507 amans
819 3449 981 3512 Deus,
1005 3443 1096 3516 qui
1123 3444 1358 3497 animam
1387 3440 1626 3496 deluucti
1653 3436 1907 3507 suscepit,
1935 3435 1982 3490 ei
2013 3435 2198 3489 remit-

605 3551 684 3598 tat
705 3558 868 3597 omne
892 3549 1168 3612 peccatum
1193 3535 1552 3590 volttntarium
1582 3545 1646 3588 ac
1667 3547 1771 3585 non
1798 3527 2195 3593 voluntarium;

602 3647 661 3696 et
702 3636 965 3708 propitius
1003 3632 1351 3697 clemensque
1383 3627 1575 3688 faetus.
1618 3627 1842 3680 collocet
1877 3639 1998 3677 eum
2032 3623 2084 3676 in
2116 3637 2202 3674 re-

603 3731 763 3802 gione
789 3729 1022 3798 piorum,
1045 3724 1441 3794 quies-centium
1466 3721 1517 3775 in
1541 3720 1661 3774 sinu
1686 3716 2001 3781 Abrahauti,
2031 3714 2202 3769 Isaaci

605 3832 662 3878 et
686 3821 869 3876 .lacobi
893 3835 1014 3874 eum
1038 3816 1310 3881 omnibus,
1335 3813 1480 3886 quia
1505 3810 1705 3867 szeculo
1742 3811 2060 3879 placuerunt
2096 3807 2202 3862 Deo

605 3929 674 3974 ac
718 3915 835 3987 ejus
881 3913 1214 3970 voluntatem
1265 3911 1539 3976 fecerunt,
1591 3906 1733 3962 unde
1777 3905 1983 3976 aufugit
2023 3902 2200 3968 dolor,

605 4010 820 4067 tristitia
870 4016 925 4064 et
977 4007 1229 4079 gemitus.
1278 4023 1296 4056 ι
1346 3993 1584 4075 (ϐοηδιὶί.
1636 3999 1894 4070 Apostol.,
1941 3997 2032 4052 lib.
2092 4011 2203 4060 vtu,

608 4120 728 4174 cap.
759 4103 830 4160 40
864 4113 910 4156 et
950 4101 1044 4168 Μ,
1083 4115 1202 4171 pag.
1252 4097 1355 4154 769
1393 4107 1439 4151 et
1479 4095 1642 4169 seqq.)
1689 4093 1893 4150 Deinde
1933 4108 2063 4148 vero
2093 4089 2209 4144 vult

609 4198 752 4254 diem
790 4196 859 4251 ab
900 4209 1088 4251 eorum
1128 4203 1302 4248 morte
1349 4192 1586 4257 tertium,
1633 4204 1857 4255 nonum,
1903 4187 2206 4259 quadrage-

611 4292 840 4355 simum,
899 4300 954 4347 et
997 4287 1430 4345 anniversarium
1489 4286 1623 4340 fusis
1677 4285 1926 4339 similiter
1955 4283 2209 4355 precibus

612 4385 901 4442 celebrari.

687 4479 958 4535 Praeterea
1001 4478 1302 4551 Cyprianus
1343 4475 1407 4531 ad
1459 4473 1781 4530 Furnitanos
1825 4471 1942 4529 hmc
1980 4471 2207 4529 scribit:

622 4584 645 4628 ι
673 4572 827 4640 Quod
860 4571 1099 4641 episc0pi
1130 4583 1502 4626 antecessores
1547 4567 1717 4622 nostri
1761 4575 2110 4632 censuerunt,
2144 4579 2212 4618 ne

2302 3356 2653 3400 mortuorum.
2671 3344 2963 3416 s(August.,
2986 3339 3072 3394 lib.
3091 3338 3288 3394 deCur.
3303 3354 3411 3409 ger.
3434 3351 3527 3406 pro
3541 3344 3843 3404 mort.,cap.
3867 3346 3914 3398 ι,

2305 3449 2426 3494 toni.
2458 3440 2512 3504 6,
2538 3455 2659 3511 pag.
2692 3437 2848 3506 616.)
2873 3435 3064 3491 Nonne
3085 3433 3229 3488 enim
3259 3432 3330 3487 ibi
3360 3438 3546 3499 aperte
3571 3428 3918 3495 ingenueque

2305 3533 2501 3588 fatetur
2531 3531 2720 3586 harum
2772 3545 2991 3599 precum
3040 3528 3092 3582 in
3123 3525 3550 3580 Macltabaéorum
3578 3519 3748 3580 libris.
3774 3533 3921 3589 quos

2307 3643 2404 3698 pro
2435 3626 2714 3680 canonicis
2745 3624 2953 3690 habuit,
2985 3621 3315 3677 mentionem
3349 3613 3786 3684 ﬁeri?Quamvis
3811 3629 3916 3667 au-

2308 3733 2415 3777 tem
2466 3721 2750 3792 negaveris
2797 3709 2896 3773 ltus
2952 3715 3121 3770 libros
3172 3713 3363 3769 canoni
3412 3725 3582 3766 sacrae
3627 3708 3923 3778 scriptura:

2308 3816 2715 3880 adscribendos,
2748 3830 2843 3870 eos
2873 3823 3050 3868 tamen
3084 3810 3404 3881 antiquitate
3445 3821 3540 3862 sna
3576 3801 3922 3860 venerandos

2310 3930 2432 3970 esse
2480 3927 2678 3983 negare
2720 3892 2826 3964 non
2875 3917 3051 3979 potes.
3095 3904 3357 3975 Quamvis
3402 3901 3564 3956 etiam
3610 3897 3924 3970 ingenuinis

2311 4026 2485 4066 sacra!
2514 4009 2797 4077 scripturae
2825 4006 2978 4061 libris
3011 4003 3145 4060 nihil
3174 4002 3386 4073 penitus
3416 3999 3485 4054 de
3516 3996 3706 4053 iisdem
3733 3993 3923 4065 preci-

2313 4103 2415 4158 bus
2446 4105 2737 4174 legeretur,
2768 4098 3047 4156 contendit
3087 4107 3265 4152 tamen
3310 4092 3643 4164 Augustinus
3674 4105 3777 4144 non
3811 4087 3925 4142 mi-

2314 4199 2471 4254 nimat
2507 4196 2845 4253 auctoritatis
2873 4209 2994 4250 eSSc
3030 4192 3230 4248 veteris
3264 4189 3524 4245 Ecclesia:
3565 4181 3926 4242 consuetudi-

2316 4307 2462 4345 netn.
2489 4289 2594 4345 Sed
2620 4290 2727 4351 die.
2757 4303 2964 4360 qna-so,
2989 4285 3164 4350 nobis,
3195 4279 3590 4348 Elmenhorsti,
3619 4289 3796 4332 utrum
3825 4275 3928 4347 qui

2313 4385 2519 4458 diserte
2558 4382 2792 4437 alfirtnat
2834 4379 3034 4451 aliquid
3089 4379 3142 4432 in
3175 4377 3328 4432 libris
3364 4373 3791 4430 Macltabmorum
3825 4370 3929 4424 ha-

2317 4479 2456 4542 beri,
2486 4487 2650 4549 atque
2679 4475 2812 4532 satis
2841 4473 3058 4530 aliunde
3101 4471 3337 4542 probari,
3375 4467 3586 4524 tametsi
3632 4466 3684 4521 in
3718 4465 3927 4519 veteri-

2317 4570 2418 4626 bus
2445 4571 2739 4640 St-ripturis
2773 4586 2877 4623 tton
2907 4569 3198 4637 legeretur,
3227 4574 3427 4626 utrum,
3458 4561 3699 4631 inquam,
3729 4557 3775 4611 is
3804 4556 3932 4628 ipse

614 4665 738 4736 quis
767 4663 930 4718 frater
957 4662 1022 4716 ad
1065 4662 1284 4716 tutelam
1325 4659 1407 4715 vel
1451 4673 1635 4714 curant
1677 4659 1932 4713 clericum
1968 4659 2194 4712 nomina-

2319 4664 2526 4719 idcirco
2553 4661 2829 4734 negaverit
2870 4659 3001 4716 illttd
3033 4661 3083 4714 in
3124 4658 3293 4713 sacris
3326 4655 3618 4726 Scripturis
3661 4650 3930 4721 reperiri?

618 4767 703 4814 ret
730 4775 745 4814 :
776 4772 840 4812 ac
870 4757 912 4810 si
947 4755 1066 4825 quis
1100 4755 1202 4810 hoc
1244 4753 1478 4814 fecisset,
1523 4767 1627 4806 non
1669 4751 1956 4806 offerretur
1997 4765 2092 4820 pro
2121 4766 2210 4817 eo,

619 4871 721 4913 nec
746 4853 1069 4910 sacriﬁcium
1111 4869 1206 4922 pro
1240 4851 1568 4905 dormitione
1610 4848 1728 4920 ejus
1767 4847 2153 4904 celebraretur.
2187 4867 2206 4898 ι

619 4948 888 5022 (Cyprian.
929 4947 1092 5018 Epist.
1122 4963 1160 5010 1,
1185 4964 1304 5018 pag.
1447 4945 1575 5010 ane
1603 4943 1819 5010 quidem
1845 4960 1875 4996 ει
1903 4943 2054 4997 nobis
2083 4942 2210 4996 altbi

617 5042 780 5099 citata
811 5048 958 5107 sunt,
1001 5041 1086 5094 tthi
1128 5039 1418 5104 Ambrosii,
1462 5048 1515 5093 et
1556 5038 1784 5093 aliorum
1827 5037 2082 5092 Ecclesize
2115 5036 2214 5090 Pa-

619 5142 759 5192 trum
789 5134 1107 5193 auctoritate
1133 5136 1457 5190 sententiam
1491 5135 1559 5188 ab
1600 5134 1796 5202 ineptis
1837 5133 2212 5187 hrert-ticornm

617 5231 1068 5296 cavillationibus.
1102 5230 1416 5300 frivolisque
1449 5228 1897 5298 responsionihus
1925 5227 2216 5282 vindicavi-

619 5348 738 5391 mus
781 5327 930 5404 (Not.
976 5330 1027 5383 in
1075 5326 1332 5391 Ambros.,
1376 5325 1438 5378 de
1482 5323 1603 5378 obit.
1653 5323 1904 5378 Valentia.
1939 5321 2216 5388 consolat.,

621 5444 742 5498 pag.
775 5422 913 5482 1194
941 5435 986 5478 et
1019 5439 1190 5490 supr.,
1221 5436 1339 5492 pag.
1378 5417 1508 5472 1121
1541 5428 1585 5471 et
1619 5419 1800 5489 1155).

696 5518 929 5572 Prodeat
951 5515 1113 5572 etiam
1139 5511 1370 5586 Cyrilhts
1401 5511 1944 5581 Hterosolymitanus,
1973 5516 2029 5568 et
2057 5527 2216 5583 quem

625 5615 694 5670 de
735 5610 984 5683 precibus
1012 5608 1426 5667 Christianorum
1475 5621 1571 5676 pro
1605 5605 1743 5659 vitis
1769 5605 2093 5676 quibuslibet
2123 5605 2221 5662 ho-

626 5705 862 5762 minibus
906 5703 1264 5761 disserentem
1313 5699 1580 5772 superiori
1623 5698 1852 5753 articulo
1896 5699 2218 5772 audivimus,

621 5816 768 5857 nunc
808 5799 876 5856 de
921 5799 1172 5869 precibus
1215 5813 1310 5868 pro
1355 5796 1580 5852 mortuis
1621 5795 1893 5852 dicentem
1939 5796 2223 5853 audiamus

625 5891 852 5970 (ϐελτίω,
884 5889 1091 5950 Camb.
1120 5891 1174 5960 5,
1209 5887 1458 5962 Mystag.,
1493 5907 1611 5963 pag.
1642 5887 1771 5961 559)
1797 5905 1811 5948 :
1846 5889 2064 5963 Διόμεθα
2091 5894 2220 5952 πάν-

2207 5999 2229 6027 l

2319 4759 2453 4827 Quis
2494 4773 2751 4828 unquam,
2782 4755 2886 4810 nisi
2925 4769 3172 4809 errorum
3224 4749 3548 4822 prtrjudtciis
3592 4747 3926 4814 oltczeCatus,

2321 4854 2392 4908 ita
2437 4860 2845 4922 argumentatus
2884 4847 3003 4901 est?
3031 4845 3136 4902 Sed
3175 4845 3261 4900 dic
3291 4843 3488 4906 adhuc.
3522 4855 3727 4909 quaeso,
3762 4855 3930 4893 num-

2306 4949 2449 5020 quid
2492 4960 2596 5001 tam
2634 4945 2782 5017 parvi
2827 4941 3086 5014 ponderis
3131 4950 3214 4996 est
3261 4939 3529 4993 universa:
3577 4932 3829 4990 Et'clesize
3875 4940 3935 4988 et

2322 5040 2610 5110 Augustini
2652 5046 2830 5103 :ctate,
2864 5045 2920 5092 et
2962 5035 3135 5106 plura,
3181 5043 3237 5088 ut
3274 5032 3528 5096 vidimus,
3561 5039 3686 5083 ante
3724 5025 3932 5081 sazcula

2323 5136 2621 5190 auctoritas
2651 5143 2705 5188 et
2731 5129 3064 5186 consenstts?
3092 5126 3246 5184 Unde
3279 5137 3458 5181 autem
3501 5124 3630 5178 illttd
3665 5120 3929 5187 manavit,

2327 5227 2432 5284 uisi
2481 5243 2544 5282 ex
2593 5222 2979 5296 Apostolorum
3025 5220 3330 5291 discipulis,
3369 5229 3532 5290 atque
3570 5233 3637 5272 ex
3682 5215 3934 5288 ipsismet

2327 5331 2367 5378 Α
2380 5322 2647 5396 postolis‘!

2403 5415 2588 5487 Neque
2617 5416 2792 5471 minus
2818 5429 2847 5471 a
2875 5429 3040 5482 scopo
3062 5412 3276 5468 aberrat
3303 5410 3442 5468 idem
3469 5405 3932 5474 Elmenhorstius,

2330 5507 2422 5581 qui
2464 5509 2630 5564 inStat
2679 5508 3034 5580 Epiphaniam
3081 5522 3306 5578 negasse
3355 5505 3556 5576 pariter
3604 5518 3789 5574 preces
3833 5516 3936 5572 pro

2333 5606 2565 5661 mortuis
2614 5603 2727 5661 ullo
2781 5619 2952 5660 sacras
2993 5603 3286 5672 Scriptura:
3341 5599 3653 5656 teStintonio
3699 5595 3938 5652 stabiliri

2337 5699 2654 5773 (Epiphan.,
2690 5701 2871 5756 lucres.
2903 5697 2994 5766 75,
3028 5697 3055 5770 §
3082 5700 3115 5753 ’5
3146 5708 3192 5753 et
3219 5698 3300 5769 7).
3338 5695 3453 5752 Jam
3493 5694 3636 5751 enim
3668 5690 3844 5748 citatis
3875 5687 3935 5744 itl

2336 5796 2682 5853 Ambrosium
2707 5795 3177 5864 observationibus
3197 5794 3395 5850 nostris
3416 5790 3568 5866 (Not.
3591 5791 3644 5844 in
3667 5787 3933 5849 Ambros.,

2340 5901 2464 5952 tom.
2499 5909 2558 5964 ιι,
2595 5908 2716 5965 pag.
2760 5891 2925 5963 1195)
2961 5889 3125 5962 plane
3153 5886 3490 5947 ostendimus
3529 5883 3596 5941 ab
3626 5878 3942 5954 Epiphanio
