4166 6256
283 336 386 393 497

1510 327 1578 385 ΙΝ
1617 326 1990 395 ARNOBIUM,
2029 326 2180 384 CAP.
2222 325 2291 382 Χ.

3468 320 3573 378 ι98

279 453 679 512 catholicorum
709 449 1040 523 prepugnari
1070 451 1417 517 sententiam,
1458 458 1621 521 atque
1661 451 1879 521 opposi-
1905 451 1960 513 Α
1984 449 2150 504 fuisse
2179 449 2490 514 discrimen,
2521 447 2664 520 quod
2695 446 2783 502 illa
2812 444 3085 512 humanis,
3115 444 3231 501 haec
3265 456 3397 501 vero
3435 442 3571 499 divi-

281 559 391 605 tam
426 551 479 604 in
509 561 751 603 errorum
779 554 836 601 et
866 544 1164 600 ha-reseum
1205 546 1351 601 Aerii
1394 545 1584 613 reponi
1628 559 1873 599 numero.

277 641 400 710 Quo
436 657 568 710 ergo
598 640 741 711 jure,
773 640 818 694 is
847 639 938 709 qui
971 653 1158 709 preces
1191 653 1287 709 pro
1314 638 1544 692 mortuis
1574 636 1877 691 fundcndas

277 749 462 808 negat,
503 737 793 791 bam-licus
831 733 938 789 dici
981 744 1179 804 potest,
1225 734 1325 787 nisi
1369 731 1492 804 quia
1533 731 1652 800 ejus
1693 731 1876 802 opinio

277 833 450 888 sacris
476 830 774 902 Scripturis
801 838 858 886 et
887 829 1159 885 constanti
1186 827 1449 884 Ecclesia:
1477 824 1752 880 traditioni
1781 824 1876 880 ad-

276 937 526 984 versatur
542 924 566 980 ἱ)

884 1117 1178 1160 Αιῑτιουιιυε
1216 1119 1287 1159 ιν.

272 1271 354 1324 De
374 1270 747 1320 christianorum
770 1265 1023 1318 altaribus.
1041 1262 1306 1321 sacriﬁciis,
1326 1276 1383 1312 ac
1402 1263 1559 1313 thuris
1576 1276 1693 1326 usu;
1712 1267 1875 1314 utrum

339 1335 586 1384 Arnobius
617 1330 683 1379 de
728 1327 1114 1386 catechumenis,
1165 1328 1584 1387 sacramentisqne
1623 1326 1873 1387 Baptismi,

343 1406 396 1513 1et
443 1395 778 1509 Epcbaristite,
829 1398 882 1441 et
902 1391 1082 1442 divina:
1128 1390 1298 1451 gratia:
1345 1390 1642 1439 necessitate
1689 1390 1876 1439 locutus

367 1473 479 1511 ueri
507 1497 517 1509 .

357 1612 676 1672 Christianis
698 1611 904 1666 crimen
927 1608 1104 1664 adhuc
1124 1607 1387 1664 faciebant
1407 1607 1604 1662 ethnici
1631 1605 1870 1679 (Arnob.,

279 1709 374 1764 lib.
410 1723 480 1773 Vl,
511 1723 632 1777 pag.
656 1701 788 1775 28!!)
820 1718 923 1759 non
951 1703 1126 1756 solum
1157 1701 1297 1772 quod
1328 1700 1492 1762 nulla.
1517 1701 1592 1753 uti
1618 1698 1869 1766 diximus,

276 1805 548 1860 baberent
589 1801 810 1870 templa.
842 1807 935 1853 aut
964 1797 1134 1852 nullas
1164 1810 1346 1850 sacras
1379 1794 1543 1858 atdes,
1576 1793 1669 1847 sed
1698 1792 1874 1846 nullas

275 1899 445 1953 etiam
473 1911 619 1959 aras,
648 1893 790 1948 nulla
817 1892 1030 1957 altaria,
1056 1891 1198 1944 nulla
1225 1888 1510 1952 sacriﬁcia,
1538 1886 1680 1940 nulla
1709 1887 1875 1938 simu-

275 1991 445 2054 lacra,
481 1989 687 2043 nullum
719 1987 892 2042 thuris
921 1995 1097 2038 usum.
1129 1981 1399 2037 Arnobius
1428 1995 1557 2034 vero
1585 1978 1635 2033 id
1663 1979 1873 2049 penitus

278 2099 474 2154 negare
527 2098 633 2136 non
682 2081 930 2143 videtur;
984 2077 1150 2132 immo
1199 2091 1326 2130 vero
1376 2075 1546 2144 palam
1597 2073 1874 2127 declarare

280 2180 428 2235 nulla
449 2195 476 2229 a
499 2175 813 2232 Christianis
839 2173 978 2229 facta
1009 2169 1296 2236 sacriﬁcia,
1322 2184 1420 2223 nec
1442 2167 1694 2223 debuisse
1725 2166 1874 2222 facti-

281 2273 404 2327 tari.
438 2271 662 2325 Sextum
694 2269 836 2323 enim
872 2267 1068 2321 librum
1099 2280 1254 2319 suum
1293 2262 1361 2317 ab
1399 2261 1482 2316 his
1513 2260 1721 2315 orditur
1747 2275 1872 2314 ver-

280 2365 402 2420 bis:
431 2384 449 2416 ι
477 2363 615 2433 Quid
636 2379 788 2432 ergo,
816 2360 1014 2416 dixerit
1035 2359 1324 2429 quispiam,
1348 2353 1614 2411 sacrilicia
1639 2350 1874 2408 censetis

276 2461 428 2515 nulla
469 2473 592 2514 esse
628 2457 848 2512 omnino
885 2453 1170 2510 facienda?
1210 2451 1279 2507 Ut
1325 2451 1479 2506 vobis
1518 2464 1622 2504 non
1664 2459 1870 2513 nostra,

275 2551 377 2608 sed
400 2552 656 2606 Varronis
679 2549 842 2604 vestri
866 2544 1134 2602 sententia
1158 2542 1580 2613 respondeamus
1607 2558 1618 2594 :
1646 2539 1822 2596 Nulla.
1848 2559 1868 2591 ι

283 2646 526 2718 (Arnob.,
571 2644 657 2698 lib.
690 2659 786 2706 vu,
830 2659 949 2713 pag.
983 2639 1136 2710 ΞΗ.)
1174 2638 1280 2692 Sed
1321 2652 1480 2692 nemo
1517 2645 1621 2700 est,
1666 2633 1758 2703 qui
1803 2648 1872 2688 ex

278 2741 443 2795 citata
485 2739 551 2794 ab
591 2737 828 2794 Arnobio
874 2734 1133 2790 Varronis
1176 2731 1502 2787 auctoritate
1528 2770 1542 2794 ,
1592 2738 1646 2783 et
1694 2726 1874 2781 allatis

274 2835 476 2892 deinde
515 2845 698 2889 contra
744 2828 1007 2887 sacriﬁcia
1051 2825 1407 2898 argumentis,
1460 2821 1715 2877 facillime
1766 2835 1874 2874 non

276 2931 565 3002 intelligat,
606 2929 756 2983 illum
795 2926 866 2980 ibi
903 2924 973 2979 de
1016 2920 1295 2979 sacriﬁciis
1343 2920 1681 2973 ethnicorum
1726 2929 1876 2969 more

277 3027 456 3092 factis,
501 3025 796 3094 disputare,
847 3031 1006 3089 atque
1058 3017 1258 3071 idcirco
1305 3029 1501 3084 negare
1548 3027 1608 3066 ea
1654 3009 1758 3064 diis
1799 3008 1875 3062 fa-

279 3122 491 3179 cienda.
530 3119 636 3175 Sed
680 3117 946 3173 [heraldus
983 3129 1105 3169 eum
1147 3109 1429 3180 imperititn
1461 3116 1514 3162 ct
1549 3103 1876 3175 stupiditatis

279 3216 352 3271 ibi
380 3222 630 3279 accusat;
666 3213 786 3280 quia
819 3210 1159 3266 ethnicorum
1186 3203 1450 3259 sacrillcia
1484 3197 1869 3269 impugnando,

279 3311 482 3366 nullam
525 3306 911 3363 sacriﬁciorum
957 3302 1140 3375 pupilli
1177 3297 1458 3354 I~raelitici
1493 3295 1616 3350 fecit
1648 3292 1878 3347 mentio-

281 3421 430 3460 nem.
472 3401 530 3456 ln
562 3402 676 3455 suis
706 3414 850 3453 enim
877 3398 942 3450 ad
973 3395 1169 3450 librum
1199 3392 1339 3446 illius
1369 3389 1658 3460 septimum
1692 3386 1881 3456 primis

281 3493 846 3554 animadversionibus
872 3491 950 3544 sic
977 3505 1098 3542 eum
1126 3488 1344 3556 castigat
1378 3503 1390 3538 :
1420 3500 1439 3535 ι
1468 3481 1677 3536 Vellem
1701 3491 1879 3532 tamen

282 3592 508 3647 dixisset
537 3586 738 3658 aliquid
770 3582 1040 3640 Arnobius
1074 3579 1143 3635 de
1172 3575 1454 3633 sacriﬁcus
1487 3573 1665 3645 pepuli
1711 3571 1882 3626 Israe-

285 3686 441 3748 litici,
468 3698 589 3752 qua:
619 3681 793 3752 magni
825 3679 968 3734 illius
995 3675 1263 3742 sacriﬁcii,
1291 3690 1398 3744 quo
1423 3685 1595 3742 agnus
1625 3670 1880 3723 immacuo

291 3779 433 3834 latus
483 3793 576 3845 pro
621 3775 854 3848 peccatis
900 3773 1103 3828 nostris
1147 3783 1271 3824 ante
1314 3767 1496 3823 mundi
1549 3763 1879 3819 creationem

294 3870 621 3934 immolatus,
672 3878 890 3939 peccata
941 3873 1120 3919 nostra
1171 3863 1437 3933 purgavit,
1485 3865 1879 3913 sacramentum

288 3964 704 4020 constituebant.
758 3959 862 4015 Sed
904 3957 1124 4013 Arnobii
1177 3956 1231 4010 in
1280 3953 1544 4023 religione
1592 3952 1880 4005 rudit-nem

288 4058 422 4112 satis
451 4066 604 4114 antea
634 4053 957 4109 deteximus.
991 4070 1008 4102 ›
1046 4049 1240 4105 Verum
1275 4057 1327 4102 ct
1356 4060 1453 4100 nos
1490 4044 1558 4098 ibi
1599 4044 1884 4113 ipsammet

287 4149 505 4206 Heraldi
544 4149 594 4202 in
628 4146 890 4218 legendis,
933 4160 997 4199 ac
1038 4143 1203 4214 probe
1248 4138 1612 4211 intelligendis
1655 4135 1882 4193 Arnobii

290 4242 459 4298 nostri
495 4240 645 4294 libris
674 4239 968 4301 rudimtem,
1009 4237 1053 4290 si
1095 4237 1212 4303 ejus
1251 4233 1416 4288 verbo
1457 4223 1743 4292 uti'liceat,
1785 4243 1881 4284 seu

291 4338 472 4407 potius
516 4334 755 4404 iniquum
798 4333 1034 4386 animum
1073 4325 1549 4399 deprehendimus.
1587 4322 1700 4377 Non
1739 4322 1882 4376 aliud

291 4427 560 4498 siquidem
603 4441 668 4480 co
717 4426 768 4479 in
816 4424 952 4478 libro
997 4422 1327 4493 propositum
1362 4417 1582 4474 Arnobii
1616 4417 1744 4482 fuit;
1781 4417 1883 4471 nisi

295 4533 351 4576 ut
373 4521 690 4577 ostenderet
718 4520 859 4574 nulla
883 4519 985 4572 diis
1007 4518 1286 4588 gentilium
1313 4514 1548 4569 facienda
1573 4528 1695 4568 esse
1716 4512 1884 4567 sacri-

295 4617 438 4682 ﬁcia,
483 4630 653 4685 eaque
692 4618 815 4684 jure
861 4612 1056 4667 merito
1099 4627 1125 4665 a
1169 4610 1477 4664 christianis
1514 4607 1682 4675 rejici.
1726 4605 1884 4676 Atqui

294 4719 504 4765 constat
539 4725 605 4763 ex
631 4709 752 4762 data
780 4725 809 4763 a
843 4707 998 4762 nobis
1026 4706 1183 4775 hujus
1214 4705 1331 4758 libri
1363 4704 1595 4774 aualysi,
1628 4710 1789 4772 atque
1821 4715 1889 4755 ex

297 4804 433 4857 intra
458 4801 724 4868 dicendis,
751 4801 852 4854 hoc
878 4801 944 4854 ah
967 4800 1057 4852 illo
1083 4798 1430 4852 validissimis
1452 4807 1891 4867 argumentorum

299 4896 591 4950 momentis
618 4910 738 4949 esse
764 4895 1208 4949 demenstratum.
1234 4890 1365 4958 Quis
1394 4890 1552 4961 igitur
1573 4903 1718 4942 same
1743 4903 1892 4942 men-

299 4991 367 5045 tis
413 4990 574 5044 homo
615 4989 666 5042 i:l
707 4989 804 5053 illi,
840 4987 1050 5042 tametsi
1093 4987 1160 5039 de
1207 4985 1565 5040 lsraelitarum
1613 4979 1891 5036 sacriﬁciis

301 5086 514 5156 penitus
545 5074 823 5144 tacuisset,
856 5081 988 5135 satis
1021 5079 1184 5133 fuisse
1217 5075 1583 5132 iuliciahitur?

373 5177 511 5247 Quid
539 5192 690 5242 vero,
718 5174 858 5246 quod
891 5174 979 5228 ille
1009 5171 1349 5244 apertissime
1382 5168 1636 5240 praedicat
1667 5166 1895 5236 gentiles

303 5270 722 5343 inquirentibus,
754 5283 873 5338 qua:
912 5265 1299 5320 sacriﬁciorum
1344 5278 1565 5317 Suorum
1603 5276 1760 5315 causa
1803 5259 1894 5321 sit,

304 5364 501 5419 frustra
535 5360 906 5429 adsignavisse
937 5373 1122 5413 eorum
1161 5356 1532 5426 antiquitatem
1571 5367 1633 5407 ac
1667 5365 1897 5405 consua-

306 5457 564 5511 tudinem.
592 5452 831 5522 Utraque
857 5453 1000 5506 enim
1024 5466 1088 5506 ex
1118 5447 1423 5504 hominibus
1452 5445 1739 5516 prodierat.
1767 5442 1899 5497 Nol-

306 5553 415 5606 lutu
467 5564 597 5605 vero
647 5546 966 5603 sacriﬁcium
1019 5559 1122 5600 rite
1165 5543 1277 5598 ﬁeri
1327 5551 1526 5612 potest,
1573 5539 1676 5595 nisi
1722 5538 1899 5592 divina

310 5647 428 5716 lege
488 5644 789 5697 in~tittttum
833 5658 846 5693 :
896 5659 913 5689 ι
970 5638 1080 5708 Ego
1140 5645 1353 5698 autem,
1403 5655 1421 5685 ι
1470 5634 1640 5704 inquit
1695 5629 1900 5700 (Ibid.,

313 5758 431 5810 pug.
464 5737 616 5808 227),
652 5755 671 5788 ι
707 5751 826 5790 cum
860 5733 1073 5805 postulo
1098 5745 1311 5787 Causam
1344 5726 1472 5783 mihi
1504 5725 1772 5797 depromi,
1805 5741 1902 5778 au-

314 5834 432 5888 dire
463 5831 710 5886 desidero
731 5829 870 5884 caelo
898 5826 1098 5898 aliquid
1133 5826 1360 5894 lapsum.
1396 5842 1414 5874 ι
1441 5823 1511 5877 At
1536 5823 1675 5892 quis,
1704 5835 1801 5874 oro
1830 5828 1903 5885 te,

318 5923 602 5988 dubitabit,
637 5923 736 5976 hoc
764 5923 904 5976 inter
929 5919 1206 5987 gentilium
1229 5927 1281 5972 et
1305 5915 1615 5971 Jutltcorum
1644 5912 1910 5970 sacriﬁcia

1981 542 2064 598 nis
2095 541 2304 612 legibus
2331 542 2533 596 sancita
2567 539 2801 596 fuerint?

2053 634 2319 689 Praeterea
2349 635 2643 698 Arnobius,
2673 633 2761 687 ubi
2787 633 3065 704 gentilium
3096 630 3359 688 sacriﬁcia
3389 631 3573 701 exagi-

1980 739 2079 793 tat,
2113 739 2274 799 alque
2306 728 2568 798 explodit,
2602 728 2671 782 ibi
2709 727 2888 782 adhuc
2925 726 3128 782 diserte
3169 726 3332 780 tradit
3371 724 3570 793 (lltid.,

1980 840 2100 894 pug.
2150 819 2261 893 15),
2295 819 2426 876 nihil
2466 821 2534 874 ab
2573 820 2811 890 ipsismet
2848 820 3060 875 illorum
3102 818 3224 885 diis,
3267 818 3334 872 de
3373 832 3435 872 ca
3481 834 3570 872 ra-

1978 916 2145 981 tione,
2178 931 2280 986 qua
2314 915 2380 970 ab
2410 915 2713 969 hominibus
2750 914 2878 978 coli,
2911 923 2965 970 et
2991 912 3272 968 sacriﬁciis
3312 910 3569 966 honorari

1978 1009 2195 1074 vellent,
2241 1011 2620 1064 constitutum.
2667 1008 2806 1063 Ecce
2847 1007 2892 1063 si
2933 1005 3118 1061 audire
3159 1005 3313 1071 velis,
3346 1005 3574 1074 ipsamet

1978 1102 2095 1173 ejus
2139 1104 2339 1158 verba:
2373 1123 2391 1154 ι
2421 1103 2688 1169 Numquid
2728 1102 2804 1157 dii
2848 1103 3073 1172 aliquas,
3106 1119 3125 1152 ι
3158 1101 3330 1171 inquit
3367 1098 3568 1169 (Ibid.,

1979 1214 2100 1268 pag.
2154 1197 2320 1266 215),
2360 1215 2378 1248 ς
2419 1197 2564 1267 leges
2617 1210 2849 1250 sanxere
2896 1194 3186 1265 aliquando
3234 1191 3570 1259 mortalibus,

1978 1291 2439 1360 constitutumque
2480 1300 2562 1344 est
2608 1290 2675 1344 ab
2718 1288 2801 1343 his
2841 1304 3076 1359 unquam
3122 1287 3246 1358 quid
3277 1301 3372 1341 eos
3411 1300 3574 1355 agere

1979 1383 2317 1446 conveniret,
2347 1384 2432 1437 vel
2462 1383 2590 1454 quid
2631 1398 2774 1447 non;
2807 1383 2934 1453 quid
2967 1381 3294 1439 consecrari.
3327 1379 3453 1449 quid
3487 1380 3570 1433 fu-

1979 1493 2128 1547 gere,
2155 1477 2237 1532 vel
2261 1478 2363 1532 coli
2387 1492 2447 1531 se
2469 1478 2660 1531 saltem
2684 1477 2879 1547 quibus
2898 1475 3198 1530 rationibus
3217 1484 3572 1544 cuperent....

1979 1570 2048 1627 Ut
2088 1572 2280 1641 opinor
2316 1571 2384 1626 ab
2425 1571 2510 1624 his
2554 1587 2844 1640 numquam
2886 1587 3061 1640 neque
3101 1570 3450 1625 constitutum
3489 1576 3576 1624 est

1977 1663 2202 1734 aliquid.
2258 1679 2434 1734 neque
2495 1663 2792 1729 sancitum;
2848 1662 3100 1733 quoniam
3161 1677 3260 1716 nec
3315 1662 3414 1717 visi
3469 1662 3573 1716 ali-

1977 1759 2215 1828 quando,
2243 1773 2417 1828 neque
2443 1758 2485 1810 si
2515 1769 2639 1811 sunt
2669 1757 2790 1822 visi,
2820 1757 3156 1826 apertissima
3185 1755 3358 1825 potuit
3383 1755 3572 1824 cogni-

1904 1861 1952 1921 B
1981 1854 2124 1908 tione
2154 1852 2417 1923 dignosci.
2455 1871 2473 1904 ›
2507 1852 2695 1906 Nonne
2731 1867 2860 1921 ergo
2893 1853 2991 1904 hac
3029 1865 3246 1920 quoque
3281 1864 3573 1916 argumen-

1977 1949 2179 2004 tatione
2203 1948 2288 2002 ille
2313 1947 2528 2018 rejectis
2553 1947 2895 2002 ethnicorum
2920 1947 3218 2010 sacriﬁciis,
3244 1945 3344 1998 alia
3369 1945 3573 2013 omnia,

1977 2057 2096 2112 quae
2150 2042 2290 2094 Deus
2337 2055 2367 2093 a
2414 2040 2616 2094 .ludteis
2661 2039 2773 2093 ﬁeri
2815 2046 3163 2108 praeceperat,
3219 2038 3376 2107 plane
3421 2037 3574 2107 peni-

1980 2147 2172 2207 tusque
2221 2135 2630 2205 comprobavit?
2675 2134 2745 2188 At
2791 2134 3003 2188 tametsi
3055 2132 3187 2186 nihil
3235 2132 3458 2186 omnino
3505 2131 3575 2187 de

1979 2231 2084 2285 illis
2110 2229 2355 2294 dixisset,
2385 2229 2484 2283 hoc
2511 2228 2784 2283 silentium
2807 2228 2858 2282 ei
2889 2235 3171 2297 perperam
3197 2225 3369 2295 culpae
3393 2224 3573 2280 datur.

1977 2325 2110 2381 Nam
2150 2333 2511 2394 praeterquam
2547 2321 2689 2392 quod
2731 2331 2857 2376 tunc
2896 2321 3149 2390 abrogata
3181 2330 3336 2374 erant
3362 2318 3574 2374 Judaeo-

1979 2435 2098 2474 rum
2129 2418 2414 2483 sacriﬁcia,
2441 2418 2508 2470 de
2530 2416 2638 2470 illis
2664 2423 2833 2480 certe,
2863 2414 3001 2468 sicut
3023 2413 3278 2476 diximus,
3312 2429 3417 2467 non
3446 2426 3575 2483 age-

1979 2511 2157 2575 batur,
2217 2510 2314 2565 sed
2363 2508 2432 2563 de
2483 2508 2663 2577 impiis
2711 2504 3050 2560 ethnicorum
3099 2503 3397 2569 sacriﬁciis,
3454 2519 3574 2573 qua)

1981 2608 2119 2663 ﬁctis
2159 2607 2416 2678 falsisque
2456 2604 2560 2659 diis
2593 2603 2752 2669 facta,
2781 2601 3062 2657 christiani
3093 2601 3216 2672 jure
3253 2601 3448 2658 merito
3472 2600 3574 2656 de-

1981 2704 2334 2760 testabantur.

2051 2800 2167 2867 Quo
2204 2813 2363 2868 porro
2409 2811 2572 2851 sensu
2611 2796 2725 2864 ipse
2770 2794 2874 2851 diis
2917 2791 3332 2848 sacriﬁcandum
3373 2800 3571 2861 negat;

1980 2891 2168 2948 eodem
2200 2890 2357 2959 plane
2382 2889 2448 2943 iis
2479 2902 2600 2942 aras
2630 2896 2686 2942 et
2723 2887 3009 2941 simulacra
3053 2884 3378 2942 exstrttenda
3410 2883 3576 2938 fabri-

1981 2986 2258 3056 caudaque
2284 2984 2507 3038 omnino
2553 2981 2820 3036 inﬁciatus
2857 2993 2958 3035 est.
2995 2979 3100 3037 Sed
3141 2979 3208 3034 de
3235 2978 3320 3034 his
3359 2978 3578 3033 abunde

1981 3082 2336 3137 disseruimus
2367 3082 2417 3134 in
2447 3080 2724 3150 superiore
2750 3077 2802 3131 in
2837 3077 3051 3132 Minucii
3073 3075 3353 3131 Octavium
3375 3074 3576 3128 disser-

1982 3176 2186 3230 tatiotie
2207 3173 2448 3245 (Diasert.
2468 3173 2520 3226 in
2546 3171 2765 3237 Mirum,
2782 3188 2897 3238 cap.
2925 3170 3012 3232 12,
3033 3181 3135 3224 art.
3154 3167 3268 3241 29).
3293 3167 3410 3222 Non
3429 3167 3574 3222 enim

1905 3265 1950 3326 C
1981 3270 2088 3324 alio
2116 3268 2387 3323 Arnobius
2412 3266 2592 3331 modo,
2623 3280 2780 3335 quam
2810 3264 2924 3324 ille.
2946 3265 3013 3318 de
3041 3263 3102 3317 iis
3132 3271 3319 3316 contra
3345 3258 3578 3331 gentiles

1981 3363 2215 3433 disputat
2244 3361 2318 3415 uti
2351 3376 2417 3414 ex
2448 3358 2584 3413 infra
2607 3357 2850 3412 dicendis
2879 3357 3011 3410 satis
3043 3356 3266 3425 patebit.

2055 3456 2134 3512 Ad
2164 3455 2339 3510 thuris
2369 3465 2548 3509 autem
2586 3469 2738 3507 usum
2783 3451 2924 3520 quod
2974 3453 3199 3512 attinet,
3233 3449 3479 3505 ethnicos
3515 3449 3581 3504 il-

1984 3552 2092 3606 lum
2116 3567 2144 3604 a
2192 3550 2505 3604 clll'iSlitllllS
2546 3556 2786 3616 spretum
2823 3546 3178 3611 objicientes,
3212 3558 3279 3599 eo
3309 3543 3580 3597 Arnobius

1983 3645 2180 3700 refellit
2211 3643 2454 3715 (Arnob.,
2485 3641 2573 3695 lib.
2604 3656 2697 3706 vn,
2734 3657 2854 3710 pag.
2883 3637 3037 3704 9.31),
3063 3636 3204 3707 quod
3237 3636 3375 3704 apttd
3409 3635 3574 3705 ipsos,

1985 3749 2042 3794 ut
2065 3739 2198 3793 infra
2228 3751 2441 3808 quoque
2461 3734 2798 3798 ostendetur,
2823 3733 3075 3802 antiquus
3101 3745 3208 3785 non
3236 3728 3416 3784 fuerit.
3437 3727 3576 3784 'l‘er-

1985 3833 2238 3887 tullianus
2265 3845 2423 3896 vero,
2464 3828 2533 3882 de
2571 3841 2678 3898 quo
2709 3842 2807 3881 nos
2839 3825 3008 3880 iusius
3050 3838 3150 3878 suo
3181 3824 3321 3886 loco,
3368 3824 3581 3877 tametsi

1984 3925 2180 3980 alicubi
2225 3925 2427 3978 nullum
2481 3937 2509 3976 a
2557 3922 2863 3977 cbristianis
2909 3921 3032 3976 thus
3075 3919 3285 3975 incendi
3320 3919 3580 3986 fateatur;

1987 4027 2239 4076 teSIatum
2268 4016 2619 4071 nihilominus
2649 4015 2772 4070 alibi
2805 4015 2951 4080 facit,
2983 4013 3110 4068 illud
3141 4013 3210 4067 ab
3231 4014 3296 4067 iis
3313 4012 3579 4081 adhiberi,

1986 4129 2106 4169 cum
2151 4123 2481 4165 nortuorum
2525 4124 2751 4178 corpora
2801 4106 3164 4179 sepeliebant,
3208 4113 3263 4159 et
3301 4119 3420 4158 cum
3447 4103 3584 4158 odor

1986 4209 2091 4265 loci
2120 4206 2341 4277 alicujus
2379 4204 2706 4259 oﬁ'endebal.
2749 4202 2854 4258 Sed
2885 4219 2986 4256 non
3006 4201 3200 4264 eodem,
3234 4199 3426 4268 inquit,
3455 4199 3582 4264 ritu,

1987 4321 2079 4358 nec
2101 4304 2276 4358 eodem
2305 4301 2500 4363 habitu,
2522 4316 2613 4353 uec
2636 4297 2811 4352 eodem
2833 4308 3110 4367 apparatu,
3128 4310 3228 4366 quo
3249 4293 3420 4365 agitur
3443 4292 3584 4361 apud

1987 4400 2150 4454 idola.
2182 4397 2341 4453 Vides
2369 4397 2530 4465 igitur
2558 4411 2662 4450 non
2692 4407 2906 4447 omnem
2955 4390 3126 4445 thuris
3175 4404 3328 4442 usum
3361 4387 3428 4441 ah
3469 4387 3580 4450 illo,

1991 4495 2147 4548 sicuti
2181 4492 2248 4546 ab
2282 4490 2522 4546 Arnohio
2549 4488 2868 4560 improbari,
2901 4485 2994 4542 sed
3018 4500 3140 4541 eum
3160 4484 3456 4542 dumtaxat,
3477 4496 3588 4552 quo

1991 4587 2149 4642 idolis
2180 4603 2206 4638 a
2231 4585 2523 4657 gentilibus
2546 4584 2670 4639 thus
2694 4581 3030 4636 adolebatur.
3059 4579 3166 4634 Nos
3191 4586 3370 4632 autem
3402 4575 3469 4630 de
3496 4573 3588 4630 illo

1916 4661 1970 4721 Β
1994 4680 2122 4735 alihl
2153 4679 2362 4750 egimus
2388 4680 2530 4749 (tam.
2563 4695 2603 4733 ι.
2633 4677 2912 4748 Appurut.,
2944 4674 3030 4729 lib.
3067 4690 3103 4736 I,
3125 4672 3327 4726 dissert.
3356 4671 3441 4733 10,
3468 4684 3584 4735 cap.

1997 4774 2084 4840 16,
2118 4791 2237 4844 pag.
2271 4771 2417 4843 198).
2451 4780 2505 4826 et
2539 4770 2762 4824 interius
2786 4769 2960 4822 adhuc
2989 4766 3277 4836 agendum.

2067 4867 2330 4936 Opinatus
2375 4877 2459 4920 est
2491 4864 2754 4919 l-leraldus
2794 4861 3092 4915 Arnobium
3139 4859 3208 4913 de
3237 4855 3591 4911 sacramentis

1995 4959 2244 5030 baptismi
2277 4968 2330 5013 et
2379 4955 2721 5012 eucharistia».
2764 4969 3068 5008 Sermonem
3110 4951 3332 5012 habere.
3383 4948 3472 5002 ubi
3501 4948 3599 5003 do-

1998 5065 2081 5109 cet
2104 5054 2313 5108 animas
2345 5062 2558 5106 nostras
2589 5062 2746 5119 posse
2778 5047 2896 5101 ﬁeri
2926 5066 2945 5099 ι
2981 5047 3272 5116 longaevas,
3313 5063 3330 5096 ι
3357 5047 3470 5099 sive
3493 5043 3594 5098 im-

2001 5152 2282 5213 mortales.
2327 5168 2346 5200 ‹
2404 5149 2448 5203 si
2483 5146 2643 5202 modo
2685 5145 2853 5200 Deum
2904 5151 3115 5199 tentent
3155 5153 3487 5210 agnoscere,
3531 5151 3598 5192 ac

1999 5247 2195 5303 deinde
2226 5244 2516 5307 servitute,
2550 5251 2709 5311 atque
2755 5239 3147 5295 inhumanitath
3195 5234 3478 5306 depositis,
3512 5248 3597 5288 rc-

2004 5349 2217 5395 sumaut
2244 5336 2456 5407 ingenia
2486 5335 2738 5398 mitiora;
2782 5342 2838 5386 ut
2879 5331 2945 5385 ad
2987 5330 3142 5397 illud,
3173 5327 3315 5400 quod
3356 5326 3595 5392 dabitur,

2004 5449 2124 5490 esse
2155 5432 2359 5503 possint
2395 5438 2617 5499 parata'.
2661 5437 2696 5481 ι’
2725 5425 2966 5497 (Arnob.,
2996 5426 3083 5478 lib.
3109 5440 3168 5483 ιι,
3198 5439 3318 5493 pag.
3349 5421 3467 5494 65.)
3492 5419 3601 5476 Sed

2003 5545 2130 5598 qua,
2161 5537 2338 5596 putas,
2364 5524 2576 5578 ratione
2608 5521 2872 5576 llcrnldus
2893 5518 3094 5589 putavit
3121 5515 3301 5571 verbis
3333 5513 3604 5585 prioribus

2005 5620 2280 5690 baptismi,
2327 5628 2380 5672 et
2408 5615 2796 5688 posterioribus
2828 5611 3168 5667 eucharistia:
3206 5616 3606 5664 sacramentum

2009 5714 2314 5785 designari?
2347 5713 2504 5777 Audi,
2537 5725 2744 5780 qutBSo,
2788 5716 2842 5761 et
2873 5704 3183 5761 miraberis.
3212 5704 3608 5772 Antiquissimi,

2013 5812 2208 5884 inquit,
2246 5811 2504 5866 Ecclesia:
2529 5808 2708 5862 l’atre-
2736 5820 2841 5858 non
2872 5801 3056 5859 solum
3088 5800 3368 5869 gentilium
3399 5811 3617 5867 usurpa-

2012 5917 2141 5967 runt
2167 5911 2359 5973 verba,
2383 5904 2574 5976 quibus
2599 5900 2654 5956 in
2681 5895 3035 5971 explicandis
3074 5895 3186 5952 suis
3207 5891 3481 5966 mysteriis
3499 5900 3625 5948 ute-
