4158 6264
588 342 694 403 499

1827 339 2283 403 DISSERTATIO
2322 343 2407 402 PB
2416 342 2603 403 ΛΕἫΛ

3772 352 3882 410 500

582 463 823 528 bantur;
856 459 951 516 sed
980 470 1044 514 ea
1069 459 1232 515 etiam
1260 459 1327 513 ad
1354 454 1771 515 cbristianorum
1805 459 2183 516 accommoda.
2209 466 2264 528 Α
2286 461 2481 526 dimus,
2524 461 2789 520 adversus
2813 473 3004 536 gentes
3032 467 3213 537 operis
3241 478 3449 538 septem
3477 468 3531 524 in
3566 468 3733 525 libros
3758 469 3873 525 dis-

582 562 718 611 runt
742 561 1113 620 sacramenta,
1157 562 1319 622 atque
1361 548 1577 607 illorunt
1623 551 1762 607 ritus
1792 553 2187 609 transtulerunt
2290 555 2478 610 tributi
2505 564 2705 626 partes,
2747 572 2973 629 quarum
3003 574 3109 616 una
3129 561 3440 617 christiana
3481 562 3754 635 religionis
3779 579 3877 620 ve-

586 648 645 702 in
672 644 994 700 Ecclesium.
1038 642 1200 714 Atqui
1228 640 1391 708 hunc,
1421 643 1615 715 inquit,
1640 644 1693 699 in
1716 643 1879 700 linem
1908 646 2182 703 Arnobius

585 740 750 795 citata
798 751 829 791 a
867 735 1037 803 ,nohis
1077 733 1244 790 verba
1289 749 1356 791 es
1402 735 1487 791 bis
1532 733 1816 793 Ciceronis
1851 738 2127 808 excerpsit
2165 754 2181 795 :

592 849 613 885 ι
635 830 764 886 Mihi
793 832 919 884 cuni
945 828 1116 884 multa
1143 828 1342 884 eximia
1363 829 1650 900 divinaque
1674 828 1926 887 videntur
1954 830 2181 887 Athenas

582 933 689 982 tua;
718 925 1015 996 peperisse,
1045 931 1207 994 atque
1227 924 1281 978 in
1308 923 1413 978 vita
1451 923 1725 979 hominum
1750 925 2001 983 attulisse
2020 966 2034 991 ,
2066 938 2179 981 tum

583 1019 716 1074 nihil
744 1017 938 1072 melius
960 1017 1067 1071 illis
1107 1018 1380 1087 mysteriis
1415 1017 1611 1088 quibus
1654 1030 1722 1073 ex
1750 1020 1952 1090 agresti
1984 1019 2178 1075 imma-

582 1112 745 1183 nique
768 1112 873 1165 vita
898 1109 1121 1174 exculti,
1144 1109 1213 1164 ad
1242 1109 1627 1166 humanitatem
1648 1121 1703 1167 et
1723 1113 1947 1184 mitigati
1969 1128 2175 1179 sumus;

581 1204 862 1274 initioque,
907 1212 968 1257 ut
1013 1203 1371 1273 appellantur,
1414 1204 1484 1258 ita
1524 1218 1711 1260 revera
1753 1205 2016 1277 principia
2056 1208 2180 1265 vitat

581 1298 933 1369 cognovimus
970 1312 990 1348 ι
1023 1294 1234 1370 (Cleon,
1264 1298 1352 1352 lib.
1380 1312 1441 1364 ll,
1466 1299 1529 1351 de
1549 1296 1751 1370 Legib.,
1776 1317 1897 1372 pag.
1929 1300 2058 1370 559,
2080 1303 2175 1358 lin.

581 1390 696 1463 Si).
726 1392 793 1445 At
837 1389 962 1444 inde
996 1389 1258 1444 Hernidus
1284 1390 1559 1446 concludit
1586 1391 1884 1448 Arnobium
1928 1395 1995 1450 ad
2038 1396 2179 1453 hunc

578 1482 732 1538 latini
759 1480 994 1536 oratoris
1023 1481 1199 1535 locum
1215 1480 1582 1549 collineando,
1614 1483 1727 1537 suis
1756 1482 2023 1553 prioribus
2055 1502 2179 1541 ver-

578 1575 662 1631 bis
686 1573 756 1629 de
785 1568 1074 1644 baptismo,
1121 1575 1515 1643 posterioribus
1551 1575 1620 1631 de
1674 1578 2001 1634 eucharistia
2027 1579 2178 1635 locu-

578 1676 690 1722 tum
738 1664 926 1722 fuisse.
978 1665 1024 1721 Ο
1071 1667 1342 1738 egregiam
1396 1668 1644 1739 profecto
1682 1672 2172 1741 consequentiam!

578 1762 743 1830 Quasi
768 1774 900 1816 vero
926 1759 1199 1817 Arnobius
1221 1761 1425 1831 aliquid
1454 1776 1521 1817 ex
1552 1762 1660 1817 illis
1687 1763 1967 1821 Ciceronis
1991 1763 2175 1822 verbis

578 1854 811 1908 mutuari
850 1868 957 1908 non
984 1855 1243 1924 potuerit,
1284 1855 1387 1910 nisi
1415 1853 1485 1909 de
1526 1855 1610 1909 bis
1637 1855 2055 1911 christianorum
2081 1872 2172 1912 sa-

579 1947 875 2002 cramentis
895 1946 1250 2016 loqueretur?

651 2043 724 2096 At
766 2039 897 2095 nihil
939 2051 1089 2097 certe
1124 2041 1195 2095 ab
1226 2041 1345 2112 ejus
1384 2052 1568 2099 mente
1595 2044 1768 2115 magis
1809 2044 2065 2100 alienum.
2095 2045 2175 2103 De

576 2133 698 2189 sola
724 2134 1006 2189 enimvero
1030 2132 1274 2205 disputat
1302 2133 1447 2190 (elici
1484 2136 1680 2191 anima:
1718 2146 1920 2194 nostra
1946 2138 2172 2195 immor-

575 2225 804 2294 talitate,
838 2238 998 2297 quam
1026 2227 1130 2281 nisi
1154 2228 1342 2298 agnito
1362 2242 1495 2283 vero
1525 2229 1658 2297 Deo,
1685 2244 1750 2285 ac
1772 2230 1986 2287 feritate
2010 2232 2170 2288 vitio-

576 2333 721 2386 rum,
769 2326 828 2375 et
870 2333 1087 2375 morum
1128 2319 1523 2376 inhumanitate
1561 2320 1859 2393 depositis,
1912 2325 2172 2394 consequi

576 2426 685 2467 non
729 2426 1037 2482 possumus.
1082 2412 1353 2481 Quorsum
1398 2414 1561 2485 igitur
1604 2414 1676 2471 ibi
1727 2417 2173 2473 commemoratio

574 2502 935 2573 baptismatis,
963 2505 1031 2562 de
1060 2520 1166 2576 qua
1188 2519 1296 2561 non
1327 2505 1747 2576 agebaturiCui
1772 2509 1936 2564 etiam
1976 2520 2174 2579 praeter

572 2596 864 2656 nereidum
913 2598 969 2656 in
1019 2609 1255 2659 mentem
1299 2601 1487 2657 venire
1533 2601 1711 2670 potuit
1751 2601 1835 2657 bis
1884 2603 2173 2671 postremis

576 2692 802 2748 Arnobii
831 2692 1012 2749 verbis
1043 2712 1056 2748 :
1093 2692 1160 2748 Ut
1181 2694 1251 2748 ad
1279 2694 1432 2761 illud,
1461 2694 1597 2765 quod
1622 2694 1850 2763 dabitur,
1878 2696 2049 2753 beatae
2070 2697 2174 2752 im-

575 2785 927 2843 mortalitatis
965 2786 1269 2855 praemium,
1312 2788 1509 2842 anima:
1551 2787 1747 2856 possint
1793 2803 1902 2842 esse
1945 2798 2170 2857 paruus,

578 2879 959 2938 eucharistiam
1005 2879 1338 2950 signiﬁcari?
1370 2880 1478 2938 Sed
1506 2879 1627 2936 vide
1654 2881 1943 2939 miriﬁcum
1971 2882 2174 2953 ingenii

578 2972 729 3029 illius
753 2988 1008 3031 acumen.
1043 2975 1118 3028 De
1144 2987 1231 3040 ea,
1266 2974 1457 3044 inquit,
1489 2973 1700 3031 obscuro
1726 2975 1986 3045 attrepide
2005 2977 2175 3031 Arno-

576 3065 720 3134 bius,
752 3073 813 3121 ut
839 3075 967 3137 pote
1008 3066 1456 3132 catechumenos,
1482 3065 1977 3136 loquitur.{Nonne
2012 3068 2174 3140 lynce

577 3157 942 3228 perapicacior
990 3158 1110 3226 fuit,
1160 3161 1250 3230 qui
1302 3160 1353 3215 id
1402 3161 1564 3225 vidit,
1614 3161 1760 3231 quod
1801 3177 1908 3219 non
1953 3162 2171 3227 quidem

2287 649 2519 717 ritatem,
2543 658 2602 706 et
2620 649 2788 707 altera
2818 650 3049 709 ethnicm
3065 652 3350 711 falsitatem
3376 653 3733 717 demonstrat.
3756 656 3877 719 lam

2288 756 2420 797 vero
2457 744 2813 814 expendimus
2859 748 3046 817 quanti
3091 746 3345 817 ponderis
3383 750 3493 804 sint
3531 761 3876 822 argumenta,

2285 834 2480 904 quibus
2517 835 2893 894 demonstrare
2921 840 3201 895 contendit
3236 841 3545 909 christiana:
3575 844 3875 915 religionis,

2287 927 2780 1000 praecipuorumque
2796 930 2912 1001 ejus
2925 930 3232 1004 dogmatum
3263 934 3567 1003 veritatem,
3591 951 3872 994 sacrorum

2285 1017 2427 1072 illius
2454 1019 2832 1089 mysteriorum
2856 1031 2912 1077 et
2939 1024 3141 1079 rituum
3172 1027 3544 1095 sanctitatem,
3580 1044 3643 1085 ac
3673 1045 3864 1088 eorum

2284 1109 2372 1178 qui
2398 1125 2515 1164 eam
2548 1112 2759 1168 sincere
2784 1115 3148 1184 sectabantur,
3175 1118 3534 1189 integritatem
3559 1137 3793 1188 morum,
3818 1135 3875 1180 et

2282 1219 2345 1258 ea
2371 1206 2546 1259 omnia
2591 1207 2658 1260 ab
2688 1208 2930 1278 repetitis
2973 1211 3171 1280 saepius
3215 1211 3549 1267 ethnicorum
3586 1217 3872 1274 calumniis

2281 1294 2534 1354 vindicet.
2557 1294 2815 1369 Superest
2843 1310 2899 1355 ut
2933 1298 3097 1357 simili
3137 1301 3297 1358 modo
3338 1300 3442 1359 alia
3474 1304 3867 1375 examinemus,

2287 1402 2409 1456 quae
2439 1388 2505 1443 ab
2534 1389 2629 1445 illo
2671 1391 2725 1445 iu
2765 1392 3001 1448 secunda
3041 1395 3223 1463 operis
3259 1396 3339 1451 sui
3370 1404 3547 1467 parte,
3594 1398 3665 1454 ad
3704 1416 3872 1456 vanas

2279 1477 2558 1550 gentilium
2585 1483 2891 1552 religiones,
2915 1485 3107 1555 impios
3124 1490 3320 1553 cultus,
3348 1502 3414 1543 ac
3432 1488 3685 1546 ridiculas
3712 1493 3871 1564 plane

2279 1581 2335 1626 et
2361 1571 2777 1631 absurdissimas
2814 1578 3223 1649 superstitiones
3272 1578 3512 1636 funditus
3550 1586 3870 1643 evertendas

2279 1668 2522 1737 protulit.

2346 1784 2587 1843 Primum
2616 1788 2794 1861 itaque
2830 1791 3075 1862 plurimis
3100 1804 3288 1855 auctor
3319 1806 3508 1857 noster
3533 1801 3873 1871 argumentis

2203 1861 2251 1925 Β
2281 1888 2387 1935 tam
2419 1883 2701 1953 perspicue
2723 1861 2883 1953 quam
2909 1887 3106 1944 invicte
3137 1891 3333 1960 probat
3376 1891 3539 1955 falsos
3566 1861 3776 1965 penitus
3804 1911 3875 1951 ac

2275 1976 2670 2034 commentitios
2698 1993 2820 2037 esse
2847 1994 3036 2039 omnes
3057 1982 3211 2051 deos,
3240 1999 3377 2055 quos
3401 1985 3609 2043 ethnici
3634 2002 3741 2043 non
3768 1989 3876 2044 mi-

2276 2079 2375 2121 nus
2396 2065 2579 2138 impio,
2607 2084 2766 2139 quam
2798 2072 3020 2143 antiquo
3058 2075 3205 2130 cultu
3243 2077 3661 2137 venerabantur.
3694 2079 3776 2135 Ab
3798 2095 3873 2135 co

2274 2168 2450 2221 autem
2481 2161 2591 2230 ille,
2617 2165 2769 2234 quasi
2800 2166 2995 2235 praevia
3028 2168 3370 2238 velitatione,
3405 2171 3619 2239 initium
3647 2172 3873 2230 dicendi

2276 2251 2402 2311 fecit
2431 2255 2674 2327 (Arnob.,
2706 2256 2796 2312 lib.
2841 2274 2933 2324 ill,
2965 2278 3088 2332 pag.
3125 2260 3277 2335 102),
3311 2263 3455 2334 quod
3494 2264 3695 2323 ethnici
3726 2281 3877 2321 nun-

2273 2361 2432 2416 quam
2463 2348 2737 2418 esplicare
2761 2353 3036 2421 potuerint
3063 2354 3281 2412 ubinam
3316 2359 3559 2428 gentium
3599 2360 3763 2417 vitam
3795 2360 3874 2417 dii

2274 2444 2355 2499 sui
2381 2442 2601 2515 degant,
2624 2453 2718 2501 aut
2748 2456 2949 2516 quanta
2986 2448 3056 2509 sit
3099 2449 3318 2509 illorum
3353 2451 3664 2509 multitudo.
3705 2454 3876 2512 Certo

2275 2538 2417 2599 sitim
2457 2538 2731 2599 affirmare
2760 2551 3036 2613 nequeunt
3060 2558 3160 2604 eos
3198 2545 3252 2600 in
3282 2545 3423 2605 ctelo
3465 2546 3749 2614 habitare,
3788 2559 3877 2621 ta:

2275 2628 2462 2700 lesqne
2488 2630 2558 2685 ibi
2586 2646 2728 2698 esse,
2755 2634 2940 2704 quales
2984 2635 3037 2689 in
3084 2636 3244 2697 terris
3266 2638 3541 2699 coluntur.
3572 2638 3876 2705 Gentilium

2276 2721 2536 2791 siquidem
2566 2723 2746 2779 nullus
2771 2724 2902 2781 illuc
2943 2727 3252 2793 convolavit
3293 2746 3547 2803 unquam,
3579 2742 3636 2789 et
3660 2733 3870 2795 vultum

2275 2810 2616 2884 formamque
2644 2814 2859 2873 illorum
2891 2817 3115 2875 intuitus
3141 2829 3245 2879 est.

2346 2904 2532 2975 Neque
2559 2908 2721 2964 etiam
2753 2910 2859 2965 illis
2888 2912 3168 2983 explorata
3213 2916 3385 2988 magis
3424 2928 3545 2975 erat
3565 2922 3870 2990 nominum,

2276 2999 2468 3069 quibus
2494 3001 2569 3056 dii
2599 3003 2958 3079 vocabantur,
2991 3007 3167 3079 origo.
3202 3018 3259 3065 et
3282 3023 3311 3063 a
3342 3011 3538 3087 quibus
3566 3017 3875 3089 excogitata

2275 3091 2506 3164 dataque
2544 3093 2782 3153 fuerunt.
2813 3097 2945 3166 Quis
2975 3101 3116 3157 enim
3165 3117 3412 3161 asserere
3452 3105 3649 3165 audeat
3688 3117 3874 3167 utrum

2275 3183 2347 3240 dii
2378 3186 2505 3250 lues,
2542 3187 2712 3260 inquit
2740 3190 3031 3261 Arnobius,
3065 3193 3162 3255 sibi
3186 3196 3362 3267 diebus
3385 3198 3727 3270 imposuerint
3761 3203 3877 3259 lus-

577 3251 934 3366 obscﬂro.:tli
954 3252 1051 3317 ait.
1080 3251 1523 3366 filiifilii)?!”
1547 3254 2005 3366 immovAfnmlm
2022 3256 2173 3313 dixe"
2200 3251 2246 3319 (ἶ
2278 3280 2440 3344 tricis,
2471 3282 2523 3336 in
2555 3251 2704 3355 regio
2726 3284 2915 3342 codice
2953 3251 3327 3363 minuscripto
3358 3251 3574 3363 legilur,
3605 3296 3872 3366 ludibriis,

576 3351 681 3408 rat,
711 3358 810 3398 nec
835 3344 1015 3399 dicere
1044 3344 1248 3401 voluit?
1295 3345 1436 3401 Nihil
1469 3348 1617 3403 enim
1658 3347 1806 3405 aliud
1829 3389 1843 3414 ,
1876 3351 2017 3411 sicut
2055 3366 2172 3405 mo-

573 3438 812 3503 nuimus,
850 3438 1012 3504 dixit,
1058 3455 1218 3510 quam
1249 3442 1459 3499 animas
1496 3442 1672 3499 beata:
1710 3445 2034 3501 aeternitatis
2063 3461 2169 3501 non

573 3530 688 3587 fore
715 3531 1024 3600 participes,
1046 3533 1151 3588 nisi
1184 3533 1351 3593 Deum
1383 3546 1702 3604 agnoscant,
1748 3552 1811 3591 ac
1850 3540 2172 3608 purgatione

472 3648 477 3651 η
574 3624 828 3685 vitiorum
880 3623 947 3678 ad
996 3640 1114 3679 eaut
1172 3628 1565 3697 assequendnm
1596 3638 1799 3698 parata:
1822 3629 1950 3687 sint.
1985 3634 2171 3703 Apage

574 3730 727 3786 ergo,
779 3717 874 3770 has
923 3716 1162 3788 aliasque
1205 3719 1415 3783 similes
1454 3720 1781 3791 scriptorum
1810 3726 2168 3792 quorumdam

572 3809 980 3877 annotationes,
1020 3827 1159 3881 quas
1193 3826 1260 3871 ea
1304 3814 1679 3879 tantummodo
1711 3819 1920 3873 ratione
1964 3832 2168 3889 conge-

571 3909 721 3970 runt.
755 3910 814 3957 ut
840 3916 1008 3959 vanos
1038 3905 1179 3961 male
1212 3904 1441 3976 digesta:
1466 3908 1789 3971 eruditionis
1826 3914 2171 3969 rumusculos

571 4002 925 4072 aucupentur.

645 4085 815 4141 Multo
851 4086 1015 4158 igitur
1043 4088 1247 4145 certius
1271 4096 1356 4148 est
1379 4091 1614 4162 agnitam
1639 4091 1709 4148 ab
1730 4103 1957 4155 auctore
1983 4105 2171 4154 nostro

572 4180 765 4247 divinat
792 4182 1014 4253 gratiae,
1041 4198 1139 4239 seu
1182 4183 1350 4241 divini
1374 4186 1571 4242 auxilii
1598 4186 1670 4243 ad
1701 4188 2040 4247 subeundum
2066 4206 2170 4262 pro

567 4273 883 4333 ebriatiana:
926 4276 1205 4351 religionis
1249 4277 1595 4337 confessione
1653 4283 1997 4354 martyrium.
2068 4284 2170 4342 Tot
2224 4313 2239 4321 ε

571 4366 715 4423 enim
740 4368 970 4438 namque
1010 4369 1279 4427 horrenda
1307 4372 1375 4428 ad
1410 4384 1639 4430 mortem
1683 4389 1853 4449 usque
1887 4378 2173 4451 supplicia,

573 4468 682 4517 tam
712 4469 1026 4517 constanter
1054 4465 1263 4535 perpeti
1307 4466 1417 4520 sine
1440 4464 1585 4535 Deo,
1625 4468 1798 4541 inquit
1825 4485 1932 4529 non
1974 4483 2169 4541 potue-

566 4558 717 4617 runt.
750 4550 858 4608 Sed
887 4552 939 4608 id
985 4568 1016 4613 a
1045 4555 1200 4615 nobis
1229 4571 1391 4629 supra
1433 4561 1752 4632 explicatum
1793 4578 1857 4621 ac
1881 4566 2165 4635 probatum

574 4642 769 4717 (δίψη,
812 4659 930 4717 cap.
958 4646 1016 4719 4,
1048 4658 1149 4702 art.
1179 4650 1274 4722 11)
1305 4650 1477 4709 fusius
1520 4656 1736 4725 probari
1778 4657 1913 4715 nihil
1940 4675 2167 4729 necesse
2192 4638 2246 4700 Β

570 4748 674 4794 est.
754 4744 759 4767 Ἦ

1186 4858 1418 4917 CAPUT
1452 4860 1547 4917 XI.

571 4967 950 5027 Emorinautur
974 4974 1148 5043 priora
1183 4974 1396 5030 Arnobii
1421 4986 1742 5048 argumenta,
1785 4979 1964 5049 quibus
2004 4982 2170 5037 ethni-

776 5082 949 5122 corum
971 5068 1269 5142 religionem
1290 5068 1477 5141 falsam
1504 5087 1610 5127 esse
1631 5074 1963 5129 demonstrat.

1098 5199 1397 5241 ARTICULUS
1434 5196 1648 5244 PRIMUS.

564 5294 1217 5369 Excutiunmrargnmeuta,
1245 5292 1552 5369 indecontra
1575 5300 1839 5369 gentilium
1864 5304 2160 5369 religionem

625 5358 943 5430 abAArnohio
966 5357 1139 5430 petita,
1176 5358 1525 5430 quodethnici
1567 5357 1820 5425 explicare
1866 5357 2161 5430 non'potue-

620 5420 742 5504 Ψ*
764 5419 1179 5504 "mimi"???
1195 5419 1660 5504 αεέγίεξεξεςεξξξιξ
1680 5430 1915 5504 {quibus
1934 5419 2161 5504 ίιέροεξιθ

625 5484 723 5533 sint
761 5495 941 5554 eorm'n.
978 5483 1191 5554 nomina,
1244 5489 1296 5531 et
1334 5483 1623 5554 quanta-{sit
1670 5483 1842 5538 eorum
1883 5483 2159 5554 multitudo,

628 5551 867 5616 atqueex
892 5542 1173 5616 Ciceronis,
1188 5542 1463 5616 praesertim
1478 5543 1543 5616 de
1563 5554 1736 5616 natura
1758 5554 1982 5614 deorum,
2004 5542 2159 5616 libris,

904 5609 1053 5678 quale
1344 5604 1591 5678 Arnobius
1612 5610 1740 5678 ierat
1764 5604 2080 5678 expenditur,
2105 5604 2163 5669 ac

630 5666 836 5741 Eandem.
855 5666 1140 5741 sanetam,
1165 5667 1628 5741 Νῇεδεοι-εεηιωιιωί
1652 5666 1871 5738 Leontis,
1891 5666 2160 5741 Thema;

626 5728 882 5793 Hipponis,
908 5737 960 5779 et
982 5728 1186 5781 aliorum
1210 5728 1507 5783 testimonio.

642 5862 770 5922 Duae
795 5874 923 5923 sunt
944 5872 1149 5924 tantum
1170 5871 1335 5927 totius
1357 5868 1514 5941 hujus
1539 5870 1952 5942 Arnobiani,uti
1979 5882 2165 5936 osten-

2276 3371 2328 3427 in
2348 3372 2584 3441 antiquis
2613 3374 2941 3435 editionibus
2971 3379 3207 3441 ludicris.
3232 3381 3286 3439 in
3314 3383 3498 3439 ultima
3532 3386 3781 3452 luslricis,
3816 3400 3879 3447 et

2275 3465 2327 3520 id
2358 3465 2571 3520 melius.
2604 3467 2699 3527 Est
2726 3470 2894 3534 enim,
2927 3471 3096 3541 inquit
3134 3473 3437 3533 Macrobius
3468 3476 3751 3551 (Μίτυν-οὺ..
3778 3482 3875 3537 lib.

2274 3575 2309 3627 ι,
2342 3558 2637 3626 Solurnal.,
2670 3578 2788 3634 cap.
2840 3566 2926 3631 16,
2972 3584 3092 3640 pag.
3125 3568 3278 3640 507).
3304 3571 3545 3631 lustricus
3586 3574 3727 3641 dies,
3759 3592 3874 3651 quo

2274 3651 2507 3707 infantes
2536 3654 2854 3725 lustrantur,
2886 3669 2931 3711 et
2949 3675 3130 3715 nomen
3159 3663 3438 3733 accipiunt,
3461 3679 3525 3721 ac
3552 3681 3729 3722 mares
3754 3671 3877 3743 qni-

2275 3744 2395 3803 dem
2417 3760 2584 3813 nono,
2619 3749 2829 3803 femina:
2858 3761 3052 3809 octavo
3072 3795 3088 3818 ,
3119 3756 3574 3824 quemadmodum
3606 3775 3632 3812 ιι
3680 3760 3876 3818 Servio

2273 3854 2487 3912 quoque
2515 3841 2854 3900 observatur.
2888 3847 2957 3900 At
2983 3844 3093 3914 dii,
3140 3832 3277 3918 quos
3302 3848 3503 3909 ethnici
3529 3893 3542 3913 .
3577 3867 3683 3907 non
3710 3868 3876 3914 secus

2273 3946 2336 3988 ac
2361 3942 2592 3990 caeteros
2628 3937 2899 3999 homines,
2930 3950 3088 3999 natos
3124 3954 3244 3997 esse
3276 3940 3599 4011 fatebantur,
3628 3954 3738 4003 tum
3772 3962 3875 4003 no-

2273 4025 2418 4082 mina
2443 4027 2544 4082 sibi
2581 4043 2857 4087 assumere
2886 4045 2993 4087 non
3023 4040 3313 4102 potuerunt
3340 4033 3536 4108 (Fest.,
3569 4035 3632 4092 de
3668 4039 3867 4097 verbor.

2273 4117 2507 4190 Signiﬁ.,
2548 4138 2672 4194 pag.
2724 4122 2877 4195 507).
2919 4123 3104 4197 Neque
3147 4125 3309 4181 etiam
3359 4127 3425 4184 iis
3468 4127 3591 4184 data
3636 4139 3758 4185 sunt
3797 4130 3870 4187 ab

2272 4209 2601 4271 hominibus.
2634 4213 2801 4271 Tanta
2846 4216 2990 4273 enim
3032 4226 3151 4272 erat
3184 4232 3247 4274 ac
3288 4226 3512 4290 prorsus
3555 4222 3873 4278 innumera-

2271 4302 2393 4361 bilis
2423 4305 2638 4363 illorum
2676 4306 2999 4374 multitudo,
3031 4317 3090 4363 ut
3134 4325 3323 4387 magna
3357 4326 3503 4381 pars.
3545 4314 3705 4372 sicuti
3747 4324 3875 4386 post

2275 4396 2667 4457 Tertullianum
2696 4401 3077 4471 ostendemus,
3118 4403 3393 4477 plerisque
3430 4406 3662 4464 diversis
3692 4410 3870 4480 genti-

2273 4489 2373 4547 bus
2402 4503 2455 4547 et
2480 4494 2693 4563 populis
2713 4511 2783 4551 ne
2808 4498 3030 4553 nomine
3062 4507 3216 4557 tenus
3246 4500 3458 4572 cognita
3489 4499 3674 4559 fuerit.

2346 4585 2515 4643 Velim
2546 4595 2726 4643 autem
2757 4590 3034 4660 expiandas
3083 4601 3259 4649 utrum
3287 4604 3476 4650 auctor
3506 4604 3714 4661 noster,
3748 4596 3871 4654 hmo

2267 4681 2579 4749 scribendo,
2616 4682 2755 4742 nihil
2798 4684 3128 4759 decerpserit
3174 4703 3239 4743 ex
3283 4688 3376 4747 illo
3406 4688 3681 4745 Ciceronis
3723 4691 3870 4759 loco,

2274 4773 2365 4830 ubi
2407 4771 2563 4833 Cotta
2608 4773 2713 4831 hoc
2752 4785 3128 4847 argumentum
3156 4789 3315 4853 urget
3338 4784 3552 4848 acrius,
3581 4782 3871 4851 nullosque

2272 4880 2394 4923 esse
2419 4867 2700 4937 gentilium
2728 4867 2860 4924 deos
2888 4869 3225 4929 demonstrat
3253 4890 3267 4927 :
3302 4890 3322 4925 ι
3359 4873 3494 4946 Age,
3519 4885 3572 4930 et
3600 4876 3681 4931 bis
3704 4893 3873 4934 voca-

2272 4958 2413 5021 bulis
2438 4959 2570 5015 deos
2596 4974 2718 5021 esse
2742 4960 2991 5026 facimus,
3022 4964 3218 5035 quibus
3242 4980 3271 5019 a
3297 4965 3456 5023 nobis
3485 4969 3865 5028 nominantur.

2272 5051 2343 5104 At
2368 5051 2596 5119 primum
2620 5060 2751 5122 quot
2787 5050 3061 5109 hominum
3095 5055 3310 5127 linguae,
3346 5067 3424 5114 tot
3467 5061 3685 5115 nomina
3731 5061 3868 5118 deo-

2268 5157 2412 5201 rum.
2447 5142 2565 5221 Non
2594 5144 2739 5201 enim
2764 5152 2819 5199 ut
2842 5154 2895 5197 tu
2925 5144 3183 5213 Velleius,
3206 5164 3591 5225 qnoqnumque
3621 5155 3863 5220 veneris,

2270 5235 2349 5291 sic
2371 5234 2510 5290 idem
2543 5218 2594 5289 in
2624 5233 2773 5295 Italia
2799 5235 3090 5306 Vulcanus,
3123 5239 3262 5296 idem
3303 5218 3352 5295 in
3381 5218 3596 5313 Africa,
3632 5245 3773 5301 idem
3804 5247 3861 5300 in

2269 5326 2542 5397 Hispania.
2574 5329 2777 5386 Deinde
2808 5333 3083 5388 nominum
3109 5349 3213 5389 non
3241 5351 3470 5407 magnus
3489 5355 3767 5407 numerus.
3792 5358 3863 5398 ne

2266 5419 2319 5474 in
2341 5420 2634 5480 Pontiliciis
2659 5423 2872 5497 quidem
2904 5426 3131 5489 nostris;
3161 5427 3386 5487 deorum
3409 5440 3587 5491 autem
3611 5434 3861 5491 innume-

2266 5514 2467 5571 rabilis.
2503 5519 2582 5569 An
2624 5518 2741 5575 sine
2771 5518 3079 5575 nominibus
3125 5521 3290 5577 sunt?
3328 5522 3475 5581 istud
3521 5518 3735 5597 quidem
3783 5528 3856 5582 ita

2267 5604 2420 5661 vobis
2462 5606 2639 5661 dicere
2680 5624 2903 5664 necesse
2950 5619 3052 5666 est.
3098 5609 3234 5679 Quid
3275 5613 3418 5669 enim
3458 5617 3684 5685 attinet,
3729 5633 3853 5673 cum

2266 5712 2369 5754 una
2399 5696 2564 5754 l‘acies
2591 5700 2680 5762 sit,
2710 5702 2865 5777 plura
2887 5716 3006 5758 esse
3025 5704 3239 5763 nomina
3257 5706 3280 5761 ?
3296 5705 3465 5776 Quam
3491 5708 3690 5765 bellum
3713 5719 3851 5778 erat,

2264 5791 2454 5855 Vellei.
2483 5780 2727 5850 conﬁteri
2758 5798 2935 5866 potius
2966 5798 3198 5867 nescire,
3230 5800 3375 5872 quod
3404 5803 3665 5868 nescires,
3691 5819 3852 5877 quam

2276 5886 2377 5947 ista
2396 5886 2727 5947 etl‘utientem
2759 5893 3059 5951 nauseare?
3086 5892 3168 5951 An
3216 5903 3271 5951 tu
3301 5895 3405 5953 mei
3442 5897 3670 5957 similmu
3699 5910 3866 5971 putas
