4166 6256
313 312 415 375 501

1518 311 1585 369 ΙΝ
1614 311 2006 384 ΔΒΝΟΒΙΠΜ,
2051 316 2209 377 CAP.
2252 318 2342 375 XI.

3512 325 3618 383 502

308 443 457 497 esse,
486 435 583 487 aut
611 426 687 487 tui
720 424 934 489 Deum?
965 425 1213 485 Proiecto
1247 439 1358 487 non
1394 435 1572 499 putas.
1622 447 1641 483 ι
1689 428 1909 500 (αξιοι-η
1937 435 1993 501 Α
2017 433 2299 505 gentilium
2320 435 2666 505 opinionibus
2684 438 2949 510 indignari
2965 440 3209 512 quidem,
3229 441 3326 498 sed
3354 460 3372 495 ι
3404 444 3615 509 conari,

309 524 403 581 lib.
433 539 475 591 ι,
506 522 572 585 de
594 519 726 579 Nat.
752 521 924 588 ileon,
970 537 1092 593 pag.
1132 520 1260 587 207,
1292 522 1386 579 lin.
1423 521 1543 594 39.)
1571 521 1736 585 Vides
1764 534 1915 586 certe

308 615 564 677 eamdem
594 629 718 679 esse
764 594 1045 679 Ciceronis
1084 623 1245 685 atque
1279 614 1505 677 Arnobii
1544 617 1717 673 nostri
1754 632 1914 688 ιρι-ευ..

308 710 721 777 mentationem,
752 726 857 782 qua
905 711 1214 775 iictitiorum
1259 713 1543 776 numinum
1572 712 1914 773 divinitatem

306 804 431 877 jure
466 803 661 860 merito
690 803 949 875 explodit.

385 897 571 969 Neque
605 897 680 960 ibi
722 906 934 960 tantum
974 905 1164 961 auctor
1210 908 1393 961 noster
1432 900 1633 975 premit
1678 899 1909 965 aratoris

317 988 469 1045 latini
497 987 718 1059 vestigia
751 1027 764 1041 .
799 987 896 1045 sed
922 987 1049 1049 alibi
1076 987 1292 1059 smptus,
1330 1001 1423 1047 aut
1458 989 1622 1048 verba
1647 990 1785 1059 ejus.
1818 1000 1914 1045 aut

312 1098 533 1140 sensum
563 1081 841 1151 exprimit.
867 1082 938 1138 At
959 1097 1020 1141 ea
1051 1081 1232 1137 hausit
1261 1084 1598 1154 potissimum
1645 1099 1715 1138 ex
1742 1083 1913 1138 tribus

311 1175 460 1231 illius
484 1175 547 1231 de
571 1173 776 1228 Natura
805 1174 1016 1237 deorum
1053 1174 1224 1240 libris,
1271 1175 1346 1228 uti
1391 1190 1461 1230 ex
1497 1175 1632 1229 inira
1672 1174 1913 1230 dicendis

311 1283 507 1325 omnes
538 1268 859 1338 intelligent.
909 1266 1065 1321 Prius
1095 1266 1275 1341 igitur,
1326 1282 1486 1339 quam
1533 1268 1757 1329 ulterius
1789 1282 1913 1339 pro-

309 1361 647 1433 grediamur,
671 1376 779 1416 non
826 1358 1032 1415 inutilis
1073 1358 1428 1431 proculdubio
1468 1375 1647 1433 operm
1687 1360 1910 1431 pretium

312 1454 424 1511 erit
455 1454 766 1523 observare,
793 1454 935 1525 quod
965 1463 1152 1509 auctor
1194 1464 1378 1509 noster
1415 1452 1482 1508 de
1512 1452 1596 1508 his
1636 1453 1913 1510 Ciceronis

306 1547 473 1604 libris
498 1546 632 1603 lerat
663 1546 950 1618 judicium,
981 1556 1038 1607 et
1064 1563 1160 1603 cur
1205 1562 1393 1607 eorum
1425 1548 1477 1604 in
1504 1548 1697 1623 primis
1723 1556 1912 1602 aucto-

306 1642 477 1697 ritate
501 1642 744 1697 ethnicos
771 1641 1002 1699 refellat.

388 1732 463 1787 De
502 1733 744 1803 ipsemet
789 1742 969 1788 autem
1018 1731 1311 1800 Cicerone,
1360 1732 1413 1787 in
1445 1731 1597 1789 hisce
1639 1730 1790 1786 libris
1830 1732 1909 1786 lo-

2018 526 2145 583 dum
2172 529 2623 586 consuetudinem
2655 532 2891 588 civitatis
2926 534 3097 598 timet,
3130 534 3453 605 religionem
3501 536 3617 590 lau-
3668 576 3671 587 .

2018 618 2151 674 dare
2176 621 2464 689 majorum,
2495 638 2721 693 eamque
2758 639 2788 679 a
2825 627 3212 694 superstitione
3251 627 3394 683 velle
3433 627 3618 698 sejun-

2017 729 2170 785 gere,
2196 715 2293 771 sed
2317 717 2591 787 quomodo
2624 717 2676 772 id
2707 718 2895 788 possit,
2939 735 3049 775 non
3094 720 3365 777 invenire.
3420 740 3439 773 ι
3486 721 3619 794 (Λιι-

2019 817 2180 879 gust.,
2198 808 2288 864 lib.
2314 825 2367 865 tv
2394 812 2459 863 de
2473 807 2651 875 Ciuit.,
2679 826 2796 880 cap.
2821 812 2914 878 50,
2941 829 3062 884 pag.
3089 812 3240 887 HO).
3262 814 3399 869 Tum
3422 814 3618 872 deinde

2020 903 2267 970 sequenti
2296 901 2437 959 libro
2457 903 2554 970 ait,
2585 918 2710 960 cum
2733 903 2826 959 ille
2842 903 3053 960 videret
3076 905 3474 974 apertissimam
3494 922 3617 965 esse

2021 994 2310 1062 insaniam,
2338 1013 2360 1047 ‹
2396 996 2640 1053 conﬁteri
2687 998 2852 1055 Deum
2882 1007 2938 1055 et
2979 1015 3182 1070 negare
3224 1002 3508 1071 praescium
3537 1004 3620 1058 tu.

2020 1097 2286 1154 turorum,
2315 1091 2545 1147 tentavit
2573 1106 2838 1155 asserere,
2863 1092 3008 1162 quod
3031 1094 3291 1163 scriptum
3321 1105 3439 1151 est:
3463 1096 3615 1153 Dixit

2018 1178 2281 1249 insipiens
2306 1182 2356 1234 iu
2378 1182 2547 1239 corde
2588 1198 2685 1239 suo
2720 1201 2733 1236 :
2781 1183 2898 1238 Non
2928 1194 3014 1240 est
3056 1188 3228 1252 Deus;
3272 1187 3368 1242 sed
3412 1203 3519 1243 non
3550 1205 3616 1245 ex

2020 1286 2117 1329 sua
2163 1276 2413 1341 persona”.
2458 1275 2604 1331 Vidit
2648 1278 2791 1332 enim
2832 1292 2992 1346 quam
3023 1289 3171 1335 esset
3195 1280 3524 1337 invidiosum
3564 1292 3621 1339 et

2018 1364 2339 1432 molestum;
2373 1368 2603 1440 ideoque
2630 1372 2839 1427 Cottam
2870 1372 2996 1429 fecit
3019 1373 3383 1443 disputantem
3411 1376 3480 1433 de
3518 1378 3619 1435 hac

2018 1476 2079 1517 re
2113 1461 2400 1519 adversum
2437 1463 2649 1520 Stoicos
2691 1466 2743 1521 in
2774 1466 2925 1522 libris
2950 1467 3018 1521 de
3045 1468 3269 1523 deorum
3317 1479 3528 1538 natura,
3566 1482 3622 1526 et

2020 1568 2117 1624 pro
2144 1554 2353 1611 Lucilio
2384 1556 2570 1621 Balbo,
2600 1558 2688 1614 cui
2709 1558 3004 1616 stoicorum
3034 1570 3216 1630 partes
3253 1562 3619 1620 defendendas

2019 1647 2189 1712 dedit,
2224 1650 2417 1705 maluit
2444 1648 2585 1707 ferre
2608 1655 2961 1719 sententiam,
2997 1669 3157 1725 quam
3191 1671 3290 1725 pro
3323 1657 3503 1725 Cotta,
3527 1660 3618 1729 qui

2019 1743 2222 1799 nullam
2274 1752 2524 1801 naturam
2573 1745 2809 1801 divinam
2851 1763 2972 1804 esse
3019 1748 3316 1805 contendit.
3372 1770 3390 1807 ι
3446 1749 3617 1822 (Idem

306 1833 533 1898 quente,
566 1825 645 1885 sic
680 1825 993 1896 pronuntiat
1031 1843 1044 1879 :
1092 1844 1111 1877 ι
1167 1826 1306 1888 Ante
1337 1840 1528 1889 omnes
1552 1823 1767 1891 Tullius
1792 1823 1906 1883 Ro-

2016 1834 2163 1900 ibid.,
2191 1836 2280 1890 lib.
2309 1852 2363 1901 v,
2396 1853 2511 1907 cap.
2538 1836 2594 1905 9,
2625 1854 2744 1910 pag.
2769 1838 2921 1910 121.)

305 1919 458 1975 mani
512 1918 905 1975 disertissimus
941 1918 1188 1989 generis,
1233 1918 1441 1975 nullam
1478 1918 1684 1975 veritus
1713 1917 1911 1988 impie-

306 2013 440 2067 tatis
471 2011 748 2079 lnvidiam,
781 2012 1032 2083 ingenue,
1061 2020 1408 2076 constanter,
1447 2021 1502 2067 et
1530 2011 1734 2077 libere,
1783 2011 1911 2081 quid

311 2121 477 2178 super
518 2106 611 2161 tali
647 2106 992 2178 opinatione,
1031 2125 1047 2159 ι
1083 2106 1335 2161 nimirttm
1364 2106 1436 2163 de
1465 2105 1749 2175 gentilium
1780 2100 1908 2169 diis,

322 2220 347 2253 ι
383 2201 625 2269 sentiret,
656 2188 877 2273 pietate,
902 2215 1025 2261 cum
1053 2201 1258 2275 majore
1283 2200 1626 2260 monstravit.
1656 2198 1704 2257 Δ
1734 2214 1841 2270 quo
1863 2199 1911 2255 si

312 2309 407 2351 res
452 2310 663 2350 sumere
707 2294 895 2365 judicii
932 2296 1161 2379 veritate
1205 2293 1537 2364 conscriptas
1585 2290 1908 2366 pergeretis,

313 2398 565 2460 perorata
592 2398 739 2443 esset
768 2388 884 2447 hmc
924 2403 1111 2455 causa,
1144 2402 1244 2444 nec
1270 2386 1557 2453 secundas,
1602 2396 1661 2447 ut
1690 2384 1908 2448 dicitur,

308 2480 557 2537 actiones
596 2480 753 2541 nobis
800 2480 868 2539 ab
907 2480 1196 2541 inlantibus
1237 2479 1551 2551 postularet.
1600 2496 1619 2529 ι
1656 2475 1901 2549 (Arnob.,

310 2573 410 2631 lib.
439 2588 518 2637 ut,
548 2590 663 2644 pag.
691 2574 843 2640 105.)
864 2573 1226 2645 Quamobrem
1257 2588 1361 2626 non
1393 2571 1568 2646 pauci,
1600 2571 1770 2642 pergit
1795 2569 1908 2634 ille,

314 2667 704 2733 aversabantur
730 2668 991 2727 librorum
1012 2668 1132 2739 ejus
1159 2668 1228 2725 de
1256 2678 1446 2723 natura
1473 2666 1701 2725 deorum
1725 2665 1912 2720 lectur-

316 2775 471 2827 nem,
514 2760 763 2832 nulloque
799 2763 1018 2835 penitus
1050 2761 1214 2817 modo
1240 2776 1332 2815 nec
1360 2761 1414 2814 in
1443 2776 1620 2814 aurem
1660 2756 1912 2821 volebant

310 2851 604 2909 admittere
636 2871 648 2908 :
679 2853 770 2908 alii
800 2869 930 2913 vero
958 2868 1054 2910 eos
1097 2853 1566 2911 senatusconsulto
1590 2849 1908 2917 abolendos,

311 2959 380 3000 ac
409 2944 479 3000 de
520 2945 701 3000 medio
731 2945 999 3001 tollendos
1024 2946 1343 3009 censebant.
1392 2942 1699 3005 Cardiualis
1729 2951 1909 2997 autem

308 3039 579 3097 Baronius
608 3040 860 3110 opinatus
896 3048 979 3103 est
1010 3038 1063 3095 id
1096 3047 1395 3094 memorato
1423 3053 1450 3090 a
1477 3034 1635 3091 nobis
1660 3033 1912 3104 superius

310 3131 638 3189 Diocletiani
664 3131 841 3187 edicto
890 3131 1108 3200 factum,
1160 3130 1388 3201 illosque
1433 3128 1599 3187 libros
1629 3123 1909 3185 Ciceronis

2088 1931 2158 1987 At
2188 1933 2233 1987 si
2261 1930 2452 1988 Cicero
2483 1934 2566 1988 his
2594 1935 2645 1989 in
2671 1935 2822 1990 libris
2850 1952 3044 1993 omnes
3072 1937 3311 1996 funditus
3333 1942 3620 2013 religiones

2016 2026 2252 2090 sustulit,
2296 2025 2342 2079 si
2383 2025 2449 2081 ad
2481 2027 2736 2082 invidiam
2767 2028 3181 2100 molestiamque
3216 2032 3613 2104 depellendam,

2016 2117 2185 2179 verbo
2209 2127 2418 2175 tantum
2447 2135 2549 2177 nec
2590 2121 2801 2177 sincera
2838 2131 3022 2181 tuente
3048 2123 3181 2180 deos
3208 2126 3444 2183 existere
3468 2143 3618 2186 asse-

2015 2217 2143 2283 ruit,
2173 2230 2302 2291 quo,
2334 2217 2565 2287 inquies,
2585 2218 2708 2289 jure
2734 2220 3006 2276 Arnobius
3039 2230 3187 2279 tanta
3218 2224 3618 2280 asseveratione

2015 2306 2515 2380 aitirmat(Arpob.,
2544 2312 2635 2369 lib.
2691 2328 2766 2380 tu,
2816 2330 2938 2384 pag.
2984 2313 3112 2387 iOt)
3154 2315 3254 2372 hos
3298 2317 3446 2388 ipsos
3492 2332 3615 2375 esse

2015 2400 2295 2458 Ciceronis
2316 2402 2505 2467 libros,
2544 2423 2563 2457 ‹
2598 2407 2792 2478 quibus
2819 2407 3113 2464 christiana
3143 2410 3333 2482 religio
3360 2426 3614 2482 compro-

2016 2493 2194 2559 betur,
2219 2505 2273 2549 et
2305 2499 2589 2552 vetustatis
2611 2499 2948 2568 Opprimatur
2976 2503 3303 2557 auctoritas?
3332 2523 3350 2557 ›
3372 2502 3618 2574 Respon-

2017 2586 2133 2643 deri
2163 2586 2302 2643 baud
2332 2587 2515 2658 inepte
2544 2598 2727 2659 potest
2750 2591 3061 2648 christiana;
3091 2593 3371 2665 religionis
3394 2597 3615 2652 nomine

2016 2679 2087 2735 ab
2114 2680 2206 2734 illo
2223 2679 2512 2750 signiﬁcari
2551 2682 2695 2739 illius
2720 2683 2789 2740 de
2814 2700 2946 2741 vero
2976 2695 3031 2741 et
3051 2688 3212 2741 unico
3249 2687 3383 2751 Deo,
3409 2687 3617 2744 divina—

2018 2786 2122 2842 que
2150 2771 2295 2827 illius
2317 2774 2497 2833 omnia
2519 2774 2935 2833 administrante
2963 2777 3299 2846 providentia
3320 2779 3615 2835 documen,

2022 2873 2154 2927 tum.
2183 2864 2316 2925 Nam
2338 2881 2405 2923 eo
2429 2876 2638 2925 asserto
2650 2868 2974 2939 opprimitur
2999 2872 3280 2927 vetustatis
3298 2873 3612 2940 auctoritas,

2020 2973 2141 3029 qua:
2168 2959 2496 3029 multiplices
2521 2971 2577 3019 et
2598 2960 2861 3029 inﬁnitos,
2894 2963 3036 3023 sicut
3061 2963 3311 3031 diximus,
3346 2964 3485 3021 Deos
3508 2964 3613 3020 lin-

2016 3063 2190 3111 xerat.
2218 3054 2380 3124 Atqui
2406 3054 2599 3112 Cicero
2640 3056 2696 3116 in
2726 3056 2840 3111 suis
2872 3057 2937 3111 de
2972 3056 3183 3112 Natura
3206 3060 3421 3113 deorum
3458 3057 3613 3114 libris

2020 3146 2140 3209 hac
2168 3157 2274 3203 tam
2303 3160 2489 3219 aperte
2512 3149 2877 3218 domoustrat,
2904 3166 3063 3222 quam
3088 3152 3250 3207 falsas
3279 3166 3402 3208 esse
3424 3166 3613 3209 omnes

310 3240 438 3285 cum
489 3225 912 3291 Christianorum
962 3225 1178 3316 scriptis
1230 3224 1353 3294 igne
1394 3227 1981 3316 reveragcrematosc
2012 3242 2295 3313 mimum
2343 3245 2614 3314 Quoslibet
2656 3246 2788 3301 deos
2836 3246 3131 3303 mentium
3178 3245 3487 3316 religiones.
3544 3245 3614 3303 At

310 3317 565 3390 (Raram,
617 3318 685 3373 ad
733 3318 869 3377 Ann.
926 3317 1054 3385 502,
1104 3315 1132 3392 §
1190 3316 1276 3382 l9,
1335 3316 1483 3388 725).
1518 3314 1624 3371 Sed
1656 3327 1906 3368 veremur

309 3426 383 3467 ne
406 3410 757 3474 doctissimus
782 3410 866 3464 vir
894 3411 1131 3471 animum
1172 3425 1279 3465 non
1318 3407 1449 3462 satis
1478 3405 1773 3471 adverterit
1795 3406 1907 3485 Οερ-

315 3514 483 3569 tatum
512 3514 570 3562 et
592 3505 907 3569 Eusebium,
939 3519 1077 3574 quos
1129 3505 1195 3558 de
1242 3503 1434 3562 eodem
1472 3500 1793 3556 Diocletiani
1813 3499 1910 3555 de—

308 3609 464 3655 creto
484 3599 814 3661 disserentes
842 3599 966 3659 alibi
995 3599 1300 3669 citavimus,
1329 3611 1608 3655 sacrorum
1631 3596 1911 3650 dumtaxat

313 3688 512 3746 divinae
526 3689 837 3760 Scriptum,
861 3705 957 3747 seu
980 3690 1293 3756 deiﬂoorum
1312 3700 1623 3745 nostrorum
1647 3689 1907 3753 librorum

314 3782 511 3843 fecisse
539 3787 889 3845 mentionem.

393 3901 561 3963 Porro
598 3911 780 3963 autem
810 3918 969 3974 quam
1011 3900 1251 3969 funditus
1280 3898 1473 3961 Cicero
1512 3899 1664 3963 hisce
1701 3898 1815 3955 suis
1851 3897 1908 3957 in

310 3994 472 4060 libris
504 3995 724 4064 impium
770 3995 994 4057 deorum
1021 3995 1247 4062 cultum,
1274 4008 1573 4063 clunesque
1598 3991 1765 4053 falsas
1788 3994 1910 4053 eth-

312 4088 560 4149 nieorum
598 4089 888 4160 religiones
913 4088 1191 4153 everterit.
1220 4086 1421 4155 quidve
1458 4085 1529 4140 de
1570 4084 1761 4147 iisdem
1804 4083 1910 4145 diis

311 4183 568 4249 senserit,
615 4183 705 4240 hic
732 4183 1043 4245 [.actantius
1085 4182 1322 4252 explicat
1363 4180 1544 4237 verbis
1589 4199 1602 4235 :
1648 4180 1909 4245 Romana:

312 4276 673 4349 philosophiae
702 4279 976 4349 princeps,
1006 4291 1058 4339 et
1085 4278 1420 4347 amplissimo
1439 4276 1749 4343 sacerdotio
1772 4291 1910 4346 pra:-

312 4372 484 4439 ditus,
516 4375 920 4429 commentitios
958 4390 1022 4429 ac
1052 4375 1207 4429 iiclos
1234 4373 1366 4429 deos
1411 4371 1685 4442 redarguit
1729 4388 1743 4425 :
1774 4385 1912 4440 quo-

312 4482 436 4521 rum
466 4466 642 4521 cultus
682 4466 1100 4538 superstitiones
1126 4481 1266 4541 pene
1302 4464 1474 4519 aniles
1501 4479 1622 4518 esse
1649 4471 1907 4526 testatur;

312 4558 468 4614 falsis
516 4558 895 4628 opinionibus,
922 4557 1308 4626 erroribusque
1354 4555 1681 4617 turbulentis
1722 4552 1908 4623 impli-

2011 3338 2377 3395 dernonstrata
2445 3355 2633 3397 earum
2679 3341 2940 3406 falsitate,
2984 3341 3262 3399 Arnobius
3306 3340 3616 3399 necessario

2010 3434 2258 3493 concludi
2291 3449 2452 3506 posse
2474 3436 2699 3505 putavit,
2726 3436 2895 3491 solam
2912 3435 3261 3491 christianum
3295 3434 3612 3502 religionem

2008 3543 2134 3585 esse
2163 3544 2367 3597 veram,
2400 3539 2455 3589 et
2480 3530 2603 3587 aliis
2625 3531 2895 3587 veteribus
2922 3530 3244 3601 repudiatis,
3267 3530 3338 3586 ab
3354 3530 3613 3593 omnibus

2006 3621 2427 3695 suscipiendam.
2606 3634 2609 3635 '

2082 3717 2287 3772 Praeter
2335 3715 2651 3774 Ciceronem
2700 3732 2851 3782 vero,
2886 3718 3032 3775 mille
3079 3718 3251 3782 alios,
3309 3731 3374 3773 ex
3414 3717 3612 3788 quibus

2013 3810 2301 3871 nonnullos
2352 3809 2663 3865 nominibus
2708 3810 2825 3866 suis
2898 3810 3167 3883 appellat,
3245 3824 3277 3865 a
3338 3824 3401 3867 se
3452 3809 3611 3867 citari

2011 3915 2174 3970 posse
2202 3909 2393 3959 auctor
2433 3909 2618 3956 noster
2648 3900 2843 3955 asserit
2878 3902 2971 3972 qui
3007 3901 3140 3956 deos
3179 3900 3460 3971 gentilium
3512 3900 3615 3955 fal-

2012 4009 2119 4051 sos
2152 3994 2398 4064 penitus,
2447 4009 2512 4049 ac
2539 4008 2721 4048 meros
2764 3996 3011 4048 homines
3046 3993 3213 4049 fuisse
3259 3994 3474 4063 scriptis
3517 4008 3615 4063 pu-

2012 4086 2169 4144 blicis
2222 4087 2561 4158 proclamare
2609 4101 2675 4145 ac
2732 4087 2961 4157 probare
3006 4102 3112 4143 non
3167 4086 3605 4143 dubitaverunt:

2022 4199 2041 4233 ι
2075 4180 2370 4241 Possumus
2412 4179 2631 4251 quidem
2660 4193 2856 4237 onlnes
2896 4182 3053 4244 istos,
3090 4199 3110 4231 ι
3154 4179 3227 4235 ita
3260 4178 3349 4235 ille
3377 4179 3613 4250 loquitur

2015 4274 2193 4345 (idem
2216 4316 2232 4341 ,
2262 4275 2352 4329 lib.
2384 4289 2469 4339 tv,
2501 4290 2622 4345 pag.
2654 4272 2778 4342 H7)
2804 4314 2820 4340 ,
2864 4292 2887 4326 ι
2936 4274 3093 4337 nobis
3114 4312 3131 4339 ,
3173 4287 3309 4345 quos
3360 4274 3611 4331 inducitis

2014 4376 2176 4438 atque
2204 4366 2490 4438 appellatis
2526 4365 2690 4432 deos,
2751 4365 2998 4421 homines
3044 4364 3214 4423 fuisse
3269 4375 3608 4434 monstrare,

2015 4460 2100 4514 vel
2150 4459 2514 4530 Agragantino
2566 4457 2871 4515 Euhemero
2898 4456 3213 4529 ,replicato,
3257 4459 3410 4528 cujus
3459 4458 3612 4515 libel-

2016 4554 2097 4611 los
2145 4554 2381 4620 Ennius,
2410 4553 2616 4609 clarum
2656 4561 2715 4617 ut
2744 4552 2897 4615 ﬁeret
2936 4553 3182 4618 cunctis,
3215 4566 3522 4608 sermonem
3557 4553 3610 4607 in

312 4660 467 4707 catos
500 4664 617 4706 esse
643 4650 891 4705 homines
914 4650 1182 4719 queritur.
1212 4647 1346 4707 Nam
1382 4657 1525 4702 totus
1555 4647 1692 4701 liber
1721 4646 1909 4701 tertius
1934 4644 1989 4706 D
2021 4650 2209 4713 italum
2255 4648 2528 4713 transtulit
2547 4688 2562 4713 ,
2591 4648 2675 4703 vel
2726 4646 2986 4719 Nicagora
3013 4643 3213 4718 Cyprio
3235 4688 3250 4711 ,
3302 4646 3386 4700 vel
3415 4646 3614 4702 Pellaeo

310 4743 385 4801 de
406 4742 603 4807 Natura
624 4742 855 4805 deorum
883 4755 1078 4803 manes
1102 4741 1662 4812 (traditusreligiones
1688 4740 1908 4804 evertit,

317 4850 383 4892 ac
424 4834 588 4893 delet.
637 4835 777 4904 Quid
813 4850 945 4907 ergo
991 4851 1021 4895 β
1063 4834 1220 4900 nobis
1264 4844 1584 4904 expectatur
1641 4832 1914 4907 amplius?

314 4931 456 4989 Nam
482 4933 795 5004 eloquentia
824 4947 1085 5004 seperare
1112 4947 1401 5004 possumus
1428 4931 1790 4997 Ciceronem?
1816 4932 1914 4999 Mi-

314 5028 466 5083 nime
496 5028 549 5083 id
572 5030 814 5099 quidem.
846 5027 956 5084 Sed
981 5028 1173 5087 fiducia
1194 5027 1270 5085 illi
1298 5027 1489 5093 deiuit,
1515 5027 1784 5097 ignoranti
1818 5042 1911 5085 ve-

317 5123 558 5185 ritatem.
589 5122 678 5176 Ait
702 5122 850 5177 enim
874 5121 1085 5183 (acilius
1104 5136 1168 5177 se
1201 5135 1363 5191 posse
1399 5120 1609 5188 dicere,
1638 5119 1767 5190 quid
1798 5135 1911 5183 non

316 5216 413 5280 sit,
443 5231 602 5282 quam
631 5216 757 5287 quid
789 5217 882 5276 sit,
907 5216 1014 5272 hoc
1042 5223 1147 5274 est.
1176 5214 1311 5273 falsa
1341 5230 1401 5270 se
1432 5214 1756 5283 intelligit,
1787 5229 1911 5271 vera

315 5309 553 5364 nescire.
591 5327 611 5361 ι
643 5296 1045 5376 (ωειαηιξιὸό.
1073 5324 1110 5366 t.
1135 5305 1336 5373 quit,
1363 5324 1483 5377 cap.
1517 5308 1606 5373 Π,
1639 5323 1757 5378 pag.
1791 5305 1911 5378 90.)

392 5400 672 5457 Lactantio
703 5400 884 5472 igitur,
922 5400 1149 5470 aliisque
1173 5400 1584 5471 quamplurimis
1622 5399 1913 5463 eruditissi-

314 5494 426 5549 mis
443 5494 816 5564 scriptoribus,
845 5492 1015 5561 vistun
1030 5502 1117 5563 est
1142 5491 1228 5547 liis
1247 5491 1525 5557 Ciceronis
1540 5490 1694 5561 libris
1723 5491 1915 5557 falsam

314 5584 655 5642 ethnicorum
698 5584 1013 5654 religionem
1057 5582 1295 5639 funditus
1318 5583 1526 5646 everti,
1570 5586 1782 5638 tametsi
1828 5582 1916 5638 ille

314 5679 483 5735 aliam
510 5692 695 5733 verant
718 5677 1007 5733 ostendere
1033 5685 1087 5731 et
1114 5676 1357 5731 stabilire
1387 5691 1495 5731 non
1523 5676 1776 5731 valuerit.

2019 4742 2226 4803 Leonte
2247 4786 2263 4809 ,
2318 4741 2402 4799 vel
2433 4740 2732 4812 Cyrenensi
2777 4739 3087 4809 Theodoro,
3118 4739 3205 4795 vel
3240 4738 3506 4811 Hippone,
3552 4753 3616 4793 ac

2018 4836 2248 4906 Diagora
2287 4836 2492 4901 Meliis,
2526 4836 2609 4895 vel
2637 4834 2950 4890 auctoribus
2977 4833 3097 4891 aliis
3128 4833 3306 4900 mille,
3337 4834 3427 4904 qui
3458 4848 3616 4891 scru-

2016 4928 2227 4998 pulosa:
2265 4927 2558 4998 diligentiae
2602 4941 2728 4981 cura
2776 4925 2830 4979 in
2873 4925 3063 4983 lucem
3081 4939 3171 4980 res
3193 4924 3403 4981 abditas
3450 4924 3616 4979 liber-

2020 5030 2130 5077 tate
2176 5023 2408 5090 ingenua
2454 5017 2817 5089 protulerunt.
2856 5036 2875 5068 ι
2911 5016 3081 5085 Quam
3111 5027 3290 5073 autem
3340 5017 3394 5073 id
3428 5033 3613 5081 verum

2016 5115 2111 5178 sit,
2136 5114 2270 5179 satis
2288 5113 2461 5182 liquet
2476 5127 2541 5171 ex
2561 5111 2667 5176 his,
2687 5124 2807 5179 qua:
2829 5124 2927 5173 nos
2945 5108 3015 5169 de
3039 5109 3268 5164 laudatis
3292 5109 3360 5165 ab
3383 5124 3450 5166 eo
3483 5110 3615 5165 scri-

2021 5209 2270 5281 ptoribus
2299 5209 2353 5265 in
2402 5209 2583 5277 priore
2612 5216 2901 5276 apparatus
2931 5206 3102 5263 nostri
3150 5214 3295 5261 torno
3317 5247 3334 5271 ,
3365 5214 3421 5263 et
3461 5218 3621 5276 supe-

2014 5302 2164 5365 riore
2202 5301 2276 5359 de
2302 5299 2518 5357 Minucii
2545 5298 2768 5357 Oetavio
2792 5298 3175 5361 dissertatione
3215 5295 3611 5366 disputavimus

2010 5395 2163 5467 (tom.
2190 5411 2208 5450 ι
2238 5396 2490 5464 Apparat.
2510 5434 2529 5459 ,
2567 5392 2658 5448 lib.
2686 5408 2766 5457 tu,
2814 5391 3036 5455 Distat.
3068 5392 3120 5459 1,
3153 5407 3272 5461 cap.
3305 5390 3393 5459 Η,
3426 5399 3527 5459 art.
3556 5390 3612 5457 5,

2015 5506 2140 5562 pag.
2196 5487 2336 5552 785;
2375 5496 2425 5543 et
2470 5504 2619 5557 (επ
2650 5487 2867 5552 Dium.
2914 5488 2972 5543 in
2999 5486 3203 5543 Minue.
3236 5483 3454 5551 Oetam,
3493 5502 3613 5559 cap.

2022 5593 2072 5641 et
2123 5591 2223 5643 ut.
2278 5580 2493 5654 uitium).
2529 5580 2739 5643 memini
2788 5595 2950 5651 porro
2977 5579 3155 5646 ullus,
3202 5579 3281 5634 uti
3325 5586 3612 5650 ptttamus,

2022 5673 2303 5735 dubitandi
2368 5677 2519 5737 locus
2565 5684 2651 5731 est
2700 5688 2827 5735 cum
2874 5671 3233 5737 Ciceronem,
3288 5680 3401 5727 tum
3444 5669 3580 5735 alios
3604 5712 3620 5737 ,

396 5772 726 5842 Augustinus
769 5784 902 5826 vero
944 5769 1126 5827 citatis
1183 5767 1503 5839 quibusdam
1559 5785 1625 5829 ex
1678 5767 1919 5833 secundo
2016 5784 2157 5838 quos
2179 5767 2454 5833 Arnobius
2480 5766 2803 5833 nominatim
2851 5763 3108 5832 vocavit,
3139 5776 3236 5817 eos
3278 5764 3425 5835 ipsos
3463 5776 3584 5823 esse
3611 5802 3626 5827 ,

312 5863 601 5923 concludit
638 5864 789 5933 ωμω
834 5864 1249 5923 simulacrorum
1294 5862 1617 5929 institutioni
1662 5871 1723 5923 et
1772 5861 1920 5927 falsis
2029 5862 2098 5925 de
2136 5860 2339 5933 quibus
2387 5862 2478 5927 ille
2515 5859 2642 5919 alibi
2694 5858 2915 5917 distaret
2952 5878 2968 5916 :
3006 5873 3028 5908 ι
3064 5853 3330 5917 Audimus
3379 5851 3637 5923 quosdam
