4158 6264
584 328 693 383 505

1829 327 2283 389 BlSSlt‘RTA'l‘lO
2319 332 2599 423 PILEVIA

3775 335 3886 394 504

587 443 998 516 philosophandi
1047 446 1227 502 studio
1268 445 1477 500 deditos
1524 447 1718 518 partim
1765 445 1929 502 ullam
1981 463 2176 516 negare
2207 454 2257 512 Α
2288 449 2490 505 tionem
2533 451 2697 506 etiam
2746 449 3075 523 Euripides,
3119 452 3321 523 aliique
3366 449 3583 506 Baccho
3639 449 3885 506 tribuunt

584 538 693 592 vim
740 553 859 592 esse
909 538 1182 604 divinam,
1237 539 1427 608 partim
1480 554 1548 594 an
1580 540 1685 607 sit,
1736 540 1975 611 quotidie
2024 555 2173 612 qute-

583 647 727 687 t'ere.
779 651 798 685 ι
834 631 1049 704 (Arnob.
1076 676 1090 699 ,
1126 633 1212 687 lib.
1246 649 1300 697 ι,
1334 650 1454 705 pag.
1492 631 1606 704 18.)

658 725 747 778 His
779 739 939 793 porro
972 728 1041 780 ita
1072 726 1406 787 constitutis,
1453 725 1520 780 ad
1550 726 1651 780 alia
1699 727 1977 782 veniamus
2021 743 2178 799 argu-

586 828 801 881 menta,
859 819 1053 887 quibus
1132 818 1223 873 ille
1286 818 1546 873 absurdus
1613 820 1892 888 gentilium
1958 821 2026 876 de
2074 821 2178 876 diis

586 913 700 966 suis
747 912 1062 982 opiniones,
1090 922 1251 983 atque
1289 914 1426 968 adeo
1464 929 1678 969 omnem
1727 914 1937 969 illorum
1989 913 2177 970 falsam

583 1005 902 1076 religionem
953 1006 1078 1062 inde
1108 1007 1387 1071 concutit,
1436 1006 1577 1061 unde
1626 1007 1729 1062 illis
1784 1008 2000 1063 fundata
2046 1026 2179 1065 con-

583 1106 891 1169 structaque
934 1099 1235 1156 videbatur.
1291 1098 1577 1154 Rationum
1642 1100 1908 1169 siquidem
1955 1117 2177 1157 suarum

583 1203 857 1245 momenta
907 1208 972 1247 ex
1034 1193 1098 1246 iis
1148 1192 1406 1257 deducit,
1465 1209 1585 1261 qua:
1648 1193 1849 1249 ethnici
1904 1203 2178 1265 tamquam

584 1294 730 1340 certa
758 1295 811 1338 et
861 1286 1083 1340 minime
1132 1287 1293 1340 dubia
1345 1285 1520 1353 palam
1571 1285 1768 1356 ubique
1818 1287 1886 1341 de
1934 1287 2040 1342 diis
2069 1288 2180 1342 suis

588 1381 977 1449 praedicabant.
1000 1382 1058 1437 In
1084 1380 1190 1436 illis
1213 1396 1376 1450 porro
1409 1381 1758 1436 recensendis
1786 1392 1841 1435 et
1862 1382 2181 1436 examinan-

584 1473 669 1528 dis
703 1475 933 1543 positum
977 1474 1045 1527 ab
1078 1474 1169 1528 illo
1221 1474 1505 1540 ordinem,
1552 1474 1730 1544 quoad
1784 1474 1896 1529 fieri
1952 1474 2178 1544 poterit,

587 1582 896 1637 sequemur.
930 1568 999 1623 At
1044 1585 1110 1623 ne
1139 1567 1328 1623 eadem
1370 1567 1660 1638 aliquando
1687 1583 1809 1622 cum
1859 1583 1926 1623 eo
1968 1578 2183 1639 repeta-

588 1677 738 1724 mus,
793 1677 855 1716 ea
903 1662 1081 1716 omnia
1129 1677 1248 1731 qua:
1322 1660 1387 1714 ad
1439 1675 1601 1715 unam
1657 1660 2013 1732 eamdemque
2064 1676 2179 1716 rem

588 1752 831 1822 faciunt,
883 1765 936 1808 ct
964 1755 1007 1809 si
1051 1754 1120 1808 ab
1149 1754 1242 1809 illo
1274 1753 1436 1808 variis
1465 1753 1519 1809 in
1548 1753 1679 1810 locis
1722 1762 1949 1809 tractata
1970 1795 1986 1821 ,
2019 1754 2180 1809 simul

581 1848 858 1921 semelque
885 1848 1316 1905 retraetabimus.

1170 2024 1329 2068 ARTIC
1339 2027 1368 2068 υ
1379 2025 1476 2068 ιυδ
1528 2025 1588 2065 ll.

583 2144 835 2206 Quomodo
858 2144 1102 2193 Arnobius
1120 2143 1427 2207 demonstret
1444 2142 1608 2207 falsam
1626 2140 1829 2207 illorum
1850 2142 2181 2207 divinitatem,

644 2208 728 2270 qui
753 2208 823 2258 (lii
844 2208 1121 2257 renuntiati
1142 2216 1274 2264 sunt,
1302 2206 1381 2270 vel
1404 2210 1470 2255 ob
1490 2206 1600 2255 data
1623 2206 1905 2270 hominibus
1922 2205 2184 2270 beneﬁcia,

644 2266 771 2321 sicut
792 2271 940 2319 Liber
967 2278 1167 2332 promer
1192 2269 1309 2325 vini,
1337 2268 1493 2332 Ceres
1528 2270 1684 2329 panis,
1732 2266 2042 2332 rEsculapins
2065 2269 2186 2318 her-

643 2334 836 2387 barum,
864 2331 1083 2381 Minerva
1106 2332 1249 2388 oleae,
1276 2331 1607 2391 Triptolemus
1630 2332 1775 2393 aratri
1816 2331 2184 2393 inventionem;

648 2396 726 2459 vel
743 2397 807 2444 ob
833 2395 1064 2457 praeclara
1088 2394 1310 2459 quaedam
1343 2393 1489 2459 facta,
1515 2394 1641 2443 sicut
1662 2392 1911 2443 Hercules
1934 2399 1986 2443 et
2008 2392 2187 2443 Romus

643 2458 737 2518 lus,
759 2455 844 2523 qui
862 2455 1146 2509 senatorum
1162 2457 1386 2509 manibus
1404 2455 1705 2506 dilaceratus
1727 2463 1822 2506 est.

659 2609 874 2666 Variam
908 2609 1230 2665 idololatrite
1284 2617 1340 2662 et
1387 2608 1535 2678 impii
1592 2608 1819 2664 deorum
1851 2609 2031 2664 cultus
2080 2609 2190 2664 ori-

492 2715 500 2723 '
587 2704 769 2775 ginem
829 2701 1116 2772 fontesque
1171 2700 1613 2769 corruptissimos
1669 2701 1779 2771 jam
1832 2702 2190 2771 patefecimus

590 2808 647 2854 et
690 2795 1033 2852 ostendimus
1070 2794 1235 2867 (tom.
1269 2810 1320 2859 ι,
1352 2794 1601 2863 Apporat.
1626 2833 1640 2857 ,
1690 2810 1811 2865 pag.
1847 2794 1955 2849 459.
1982 2804 2030 2847 et
2056 2794 2184 2860 7l7,

587 2900 635 2946 et
664 2907 800 2960 seqq.
828 2931 843 2952 ,
896 2904 960 2943 ac
1008 2886 1229 2941 Dissert.
1265 2902 1465 2957 super.,
1495 2903 1609 2953 cap.
1658 2887 1763 2949 14,
1806 2897 1908 2941 art.
1960 2884 2017 2957 5)
2070 2902 2189 2941 eam

592 2982 721 3039 inde
748 2982 1087 3052 potissimum
1118 2994 1402 3042 manasse,
1431 2978 1575 3049 qupd
1609 2977 1773 3048 prisci
1814 2979 2055 3048 caecique
2087 2977 2191 3032 ho-

594 3082 772 3133 mines
816 3091 912 3131 eos
945 3075 997 3128 in
1040 3072 1223 3127 album
1265 3072 1489 3126 deorum
1523 3070 1858 3135 retulerunt,
1916 3087 1946 3125 a
1996 3072 2192 3142 quibus

594 3170 829 3223 maxima
856 3183 915 3220 se
945 3164 1224 3233 accepisse
1273 3163 1536 3219 beneficia
1559 3204 1574 3223 ,
1602 3174 1695 3217 aut
1748 3163 2007 3233 prteelara
2040 3179 2190 3235 qua:-

2209 1853 2259 1913 B

2281 539 2546 614 (Euripid.
2580 544 2635 598 in
2680 542 2921 601 Bacchis.
2977 561 3108 600 vers.
3162 543 3267 599 277
3323 555 3371 599 et
3409 559 3559 616 seq.;
3604 541 3880 599 Dissertat.

2281 652 2397 706 sup.
2428 678 2444 703 ,
2476 653 2596 708 cap.
2628 639 2733 706 14,
2762 649 2865 695 art.
2908 636 2987 711 4).
3017 638 3121 696 Sed
3153 639 3221 694 de
3260 639 3363 694 hoc
3384 680 3401 705 ,
3448 648 3503 693 et
3551 636 3774 704 Cerere,
3812 638 3886 696 de

2281 730 2476 795 quibus
2525 748 2623 786 nos
2682 734 2733 787 in
2781 734 3048 805 superiori
3095 734 3512 802 dissertatione,
3580 733 3700 790 haec
3756 744 3888 791 sunt

2288 820 2530 879 Lucretii
2576 826 2814 881 carmina
2846 844 2862 882 :

2377 944 2597 1010 ﬁamque
2621 942 2777 1010 Ceres
2798 943 2956 995 fertur
2978 943 3165 1010 fruges.
3191 945 3442 1009 Liberque
3469 945 3689 1010 liquores

2378 1006 2595 1070 Vitigeui
2619 1007 2817 1058 laticem
2841 1006 3129 1058 mortalibus
3151 1006 3444 1059 instituisse.

2812 1094 3047 1158 (Lucret.,
3071 1090 3154 1144 lib.
3183 1108 3232 1156 v,
3256 1106 3383 1145 vers.
3406 1093 3463 1144 il
3477 1095 3695 1160 etscqq.)

2286 1220 2360 1276 Ea
2391 1232 2570 1278 autem
2599 1222 2766 1279 Ceres
2795 1222 2953 1295 panis
2983 1223 3285 1285 inventrix,
3336 1221 3403 1277 ab
3429 1221 3620 1278 eodem
3649 1221 3892 1280 Diodoro

2286 1313 2472 1368 Siculo
2509 1314 2706 1370 dicitur
2730 1316 3081 1372 screndarum
3108 1316 3318 1387 frugum
3344 1358 3360 1380 ,
3392 1325 3443 1370 et
3475 1317 3641 1371 totius
3684 1317 3890 1373 messis

2288 1409 2597 1475 rationem,
2649 1410 2789 1466 unde
2840 1412 2993 1481 panis
3038 1411 3355 1473 conficitur,
3400 1427 3461 1464 ea
3507 1411 3626 1479 lege
3671 1409 3894 1477 Tripto-

2287 1503 2490 1557 lemtnn
2518 1504 2769 1559 docuisse
2795 1547 2809 1568 ,
2843 1513 2899 1558 nt
2946 1521 3064 1559 eam
3103 1521 3223 1559 cum
3257 1504 3525 1559 universis
3579 1503 3894 1561 hominibus

2288 1597 2715 1652 communicaret
2759 1596 3004 1667 (Diodor.
3060 1597 3266 1661 Sicnl.,
3314 1597 3406 1652 lib.
3457 1612 3550 1666 ιιι,
3598 1594 3889 1667 Biblioth.,

2291 1708 2413 1763 pag.
2442 1690 2597 1754 252).
2639 1692 2982 1763 Quapropter
3010 1694 3156 1750 canit
3188 1691 3445 1763 Virgilius
3479 1708 3494 1745 :

2384 1806 2548 1857 Prima
2568 1807 2724 1859 Ceres
2745 1807 2880 1859 ferro
2902 1807 3140 1860 mortales
3157 1812 3359 1858 vertere
3378 1812 3563 1856 terram

2384 1869 2620 1934 instituit,
2643 1884 2753 1934 cum
2766 1872 2862 1931 jam
2887 1870 3093 1934 glandes
3116 1878 3265 1934 algae
3282 1869 3455 1918 arbuta
3476 1881 3624 1918 sacras

2384 1930 2849 1997 Deﬁcerentsylvte,
2877 1930 2931 1983 et
2954 1938 3131 1984 victum
3155 1930 3357 1981 Dodona
3379 1937 3610 1993 negaret.

2662 2016 2892 2085 (Virgil,
2917 2017 3005 2069 lib.
3026 2035 3043 2068 ι
3067 2019 3261 2081 Georg.,
3284 2028 3411 2069 vers.
3432 2015 3520 2068 147
3547 2020 3593 2067 et
3609 2013 3771 2080 seqq.)

2292 2123 2515 2195 Virgilio
2534 2122 2777 2178 concinit
2801 2122 3031 2179 Ovidius
3062 2143 3076 2177 :

2508 2237 2671 2287 Prima
2694 2236 2864 2295 Ceres,
2892 2237 3077 2287 homini
3101 2237 3159 2286 ad
3184 2236 3393 2287 meliora
3417 2242 3606 2295 vocato,

2447 2300 2654 2350 Mutavit
2675 2299 3102 2363 glandesutiliorc
3128 2301 3258 2349 cibo.

2387 2362 2611 2427 Illagjugo
2628 2361 2794 2427 tauros
2811 2361 2988 2427 collum
3007 2363 3234 2427 praebere
3257 2363 3426 2427 coegit
3450 2376 3462 2410 :

2448 2425 2575 2476 Tum
2602 2426 2808 2490 primum
2826 2425 2959 2474 soles
2981 2425 3120 2474 eruta
3147 2426 3268 2475 n‘lit
3284 2425 3479 2474 humus.

2831 2506 3019 2573 (Ovid,
3042 2506 3127 2559 lib.
3155 2524 3223 2570 tv,
3251 2509 3408 2568 Fast.,
3433 2520 3544 2574 pag.
3572 2507 3709 2575 548.)

2296 2619 2471 2674 Porro
2509 2627 2688 2674 autem
2721 2625 2906 2672 narrat
2951 2616 3129 2673 adhuc
3177 2615 3474 2679 Diodorus,
3512 2616 3621 2687 jam
3669 2633 3700 2670 a
3743 2615 3903 2672 nobis

2294 2710 2586 2772 laudatus,
2644 2710 2797 2765 deam
2844 2707 3099 2765 Cererem
3148 2708 3217 2764 ab
3270 2709 3691 2764 Atheniensibus
3733 2724 3900 2780 prop.

2296 2816 2380 2862 ter
2420 2807 2520 2860 hoc
2545 2805 2866 2861 beneficium
2891 2805 3022 2874 ipsis
3051 2804 3309 2859 collatum
3334 2847 3347 2867 ,
3374 2802 3737 2859 oblationibus
3783 2805 3896 2859 vico

2298 2900 2584 2968 timarum,
2629 2909 2790 2969 atque
2819 2899 3108 2953 Eleusiniis
3136 2897 3304 2954 initiis
3335 2897 3654 2953 honoratam
3682 2894 3899 2971 (Diod.,

2300 2989 2390 3045 lib.
2422 3006 2478 3055 ν,
2502 2990 2754 3045 Bibliotlt.
2781 3032 2795 3055 ,
2827 3008 2950 3064 pag.
2974 2989 3129 3061 200).

2370 3088 2440 3141 At
2478 3085 2569 3141 ille
2611 3097 2903 3157 praeterea,
2938 3095 2991 3140 et
3028 3085 3117 3156 qui
3162 3084 3323 3141 verba
3355 3083 3472 3153 ejus
3507 3084 3904 3155 transcripsere

2302 3178 2569 3234 Eusehim
2596 3188 2652 3234 et
2694 3178 3005 3233 Lactantius
3029 3220 3044 3243 ,
3076 3178 3422 3248 apertissime
3459 3176 3741 3233 declarant
3768 3176 3899 3233 1E5-

593 3261 718 3316 dam
753 3259 990 3314 facinora
1037 3258 1181 3312 edita
1230 3256 1399 3312 fuisse
1438 3255 1863 3313 arbitrabantur.
1912 3256 2190 3323 Quamob—
2218 3254 2264 3318 C
2299 3272 2570 3341 culapium
2602 3286 2709 3327 non
2739 3270 2898 3326 mod"
2930 3268 3214 3325 herbarum
3238 3310 3255 3335 ,
3278 3269 3373 3324 sed
3408 3268 3575 3324 ιοιῑυε
3596 3270 3759 3325 etiam
3787 3284 3905 3325 me-

601 3367 716 3407 rem
785 3350 1057 3406 Arnobius
1123 3351 1343 3404 insanos
1406 3348 1532 3402 illos
1590 3348 1822 3417 gentiles
1873 3347 1959 3403 his
2011 3349 2194 3404 verbis

595 3445 889 3516 compellat
915 3462 928 3499 :
953 3463 972 3497 ι
1013 3444 1122 3499 Vos
1162 3442 1440 3508 Liberum,
1475 3443 1618 3511 quod
1645 3457 1802 3497 usum
1831 3446 2035 3513 reperit
2063 3443 2191 3510 vini;

608 3539 751 3609 quod
783 3539 934 3609 pains
959 3580 973 3603 ,
1019 3536 1275 3593 Cererem
1302 3553 1319 3601 ;
1371 3536 1745 3606 Esenlapinm
1769 3578 1785 3602 ,
1825 3537 1968 3608 quod
1998 3536 2197 3620 herba-

598 3648 756 3697 rum;
807 3631 1131 3697 Minervam,
1181 3630 1324 3702 quod
1355 3631 1523 3693 olezc;
1574 3629 2004 3701 Triptolemum,
2053 3632 2197 3702 quod

602 3731 801 3787 aratri:
849 3729 1085 3800 denique
1115 3727 1432 3790 Herculem,
1469 3726 1610 3796 quod
1641 3725 1786 3782 feras
1806 3769 1821 3791 ,
1845 3727 1989 3798 quod
2018 3727 2194 3794 fures,

600 3824 744 3895 quod
779 3821 1153 3890 multiplicium
1185 3822 1421 3891 capitum
1453 3823 1727 3891 superavit
1758 3821 2200 3891 compescuitqne

602 3920 867 3986 nutriens,
899 3918 1147 3974 divorum
1175 3916 1434 3973 retulistis
1456 3917 1508 3971 in
1532 3925 1758 3973 coetum.
1782 3913 2025 3990 (Arnob,
2045 3916 2134 3972 lib.
2160 3934 2197 3985 t,

605 4031 729 4087 pag.
761 4012 882 4083 2i.)

677 4111 747 4165 At
774 4108 935 4178 quid,
968 4122 1067 4164 oro
1107 4117 1194 4172 te,
1238 4106 1362 4161 inde
1407 4104 1691 4176 sequitur,
1743 4104 1846 4159 nisi
1896 4119 1991 4159 eos
2018 4105 2201 4160 homi-

606 4218 705 4259 nes
728 4202 897 4258 fuisse
918 4247 933 4269 ,
960 4211 1053 4257 aut
1073 4202 1265 4256 saltem
1296 4200 1428 4256 deos
1456 4198 1749 4268 aliquando
1773 4213 1894 4254 esse
1924 4200 2157 4268 coapisse
2184 4240 2202 4266 ,

606 4311 671 4349 ac
695 4297 923 4366 proinde
951 4297 1142 4352 falsam
1175 4295 1398 4350 omnino
1436 4294 1542 4350 illis
1574 4294 1920 4349 divinitatem
1947 4293 2205 4348 attribui?

608 4389 748 4444 Vera
794 4391 940 4445 enim
983 4390 1235 4444 divinitas
1266 4396 1470 4444 acterna
1515 4402 1638 4443 esse
1660 4387 1858 4455 debet,
1904 4401 2004 4444 nec
2031 4386 2202 4442 ullum

609 4502 863 4556 umquam
895 4486 1069 4555 potuit
1097 4484 1298 4539 habere
1335 4482 1569 4538 initiutn.

680 4578 865 4649 Neque
895 4577 1012 4632 hate
1046 4576 1115 4630 ab
1143 4574 1380 4632 Arnobio
1424 4589 1707 4645 perperam
1751 4576 2051 4646 excogitata
2079 4589 2204 4645 gra-

609 4671 791 4740 tiSqne
822 4671 943 4724 lit-ta
972 4669 1194 4724 dixeris.
1231 4669 1471 4724 Primum
1502 4668 1646 4723 enim
1673 4668 1941 4725 Diodorus
1964 4668 2200 4734 Siculus,
2226 4676 2282 4737 Ι)

613 4765 769 4819 testis
796 4779 858 4818 ea
892 4763 944 4818 in
971 4779 1029 4817 re
1051 4778 1181 4819 sane
1204 4762 1690 4833 locupletissimus,
1710 4762 2069 4817 disertissime
2091 4772 2204 4817 tra-

614 4856 752 4912 didit
782 4873 810 4908 a
858 4856 1149 4927 Dionysio,
1181 4871 1277 4911 seu
1320 4854 1516 4910 Libero
1536 4898 1550 4922 ,
1573 4864 1666 4910 aut
1695 4854 1910 4911 Baccho
1931 4864 2204 4926 repertum

611 4950 781 5007 fuisse
829 4950 938 5005 vini
988 4967 1141 5006 nsunt
1200 4948 1444 5023 (Diodor.
1500 4948 1701 5014 Sicnl.,
1753 4949 1840 5006 lib.
1896 4967 1941 5015 ι,
1995 4967 2118 5021 pag.
2175 4948 2209 5004 9

614 5056 659 5099 et
690 5046 788 5110 10,
816 5056 862 5100 et
890 5044 980 5099 lb.
1022 5060 1114 5107 tu,
1161 5060 1283 5115 pag.
1336 5040 1495 5115 “2).
1530 5043 1685 5098 Prius
1723 5058 1852 5097 vero
1893 5033 1948 5096 id
1990 5042 2211 5098 uberius

614 5146 967 5204 narraverat,
995 5135 1084 5190 ubi
1114 5137 1553 5192 commemoratis
1595 5135 1914 5205 quihusdam
1947 5133 2067 5188 aliis
2094 5136 2212 5202 ejus

598 5214 669 5284 in
723 5229 970 5284 homines
1013 5228 1326 5294 beneficiis,
1383 5226 1501 5281 haec
1532 5228 1723 5298 adjecit
1754 5226 1955 5301 (lbid.,
2004 5245 2056 5296 p.
2108 5226 2211 5281 157

617 5330 677 5375 el
706 5319 830 5389 158)
863 5339 878 5376 :
902 5320 1026 5377 ’Λν6’
1052 5317 1118 5374 ὧν
1140 5315 1194 5375 εὖ
1217 5322 1470 5381 πάθοντας·
1506 5323 1774 5394 ἀπονεῖμαι
1800 5323 1954 5394 τιμὰς
1989 5320 2219 5381 ἰσοθέους

618 5415 761 5487 ἀντῷ
787 5416 873 5469 καὶ
922 5417 1126 5476 θυσίας,
1156 5413 1434 5487 προθύμως
1461 5411 1699 5469 ἁπάντων
1725 5415 2021 5493 ἀνθρώπων,
2049 5410 2134 5467 διὰ
2157 5414 2218 5468 τὸ

620 5508 828 5579 μέγεθος
877 5515 968 5570 τῆς
1026 5508 1322 5581 εὐεργεσίας
1366 5505 1743 5578 ἀπονειμάντων
1786 5511 1875 5565 τὴν
1907 5507 2209 5561 ἀθανασίαν.

624 5598 725 5654 His
755 5609 861 5653 tam
884 5601 1170 5671 ingentibus
1202 5599 1457 5668 beneﬁciis
1484 5607 1683 5652 tantum
1720 5599 1818 5652 sibi
1864 5602 2057 5670 favoris
2084 5616 2228 5655 (ιονι-Δ

625 5692 848 5757 ciliaoit,
895 5703 949 5746 ut
991 5692 1294 5763 propensius
1343 5690 1570 5745 omnium
1612 5690 1794 5744 studiis
1837 5690 2216 5745 immortalitati

625 5792 950 5837 consecratus
978 5824 994 5849 ,
1064 5796 1319 5851 tamquam
1373 5780 1537 5846 Deus,
1592 5790 1638 5836 et
1689 5781 1858 5836 cultus
1907 5782 2118 5837 eximios
2167 5794 2216 5839 et

619 5872 936 5929 victimarum
982 5874 1327 5930 solemnitate:
1370 5875 1639 5947 reciperet.
1671 5872 1792 5934 Vini
1820 5887 1987 5947 porro
2025 5873 2215 5933 inven-

2300 3365 2495 3421 dicinaa
2525 3365 2790 3421 creditura
2834 3362 3001 3418 fuisse
3040 3372 3396 3434 repertorem.
3438 3364 3509 3419 At
3538 3363 3606 3418 de
3660 3364 3754 3419 illo
3800 3380 3903 3419 nos

2303 3458 2357 3513 in
2379 3458 2660 3528 superiore
2682 3457 2985 3527 Apparatus
3008 3455 3178 3510 nostri
3213 3466 3358 3510 tomo
3386 3455 3621 3509 diximus
3649 3454 3902 3523 (Diodor.

2303 3552 2391 3607 lib.
2424 3569 2478 3614 ν,
2531 3568 2651 3622 pag.
2701 3551 2848 3615 2'55;
2911 3549 3124 3609 Euseb..
3161 3548 3249 3603 lib.
3280 3564 3334 3610 v,
3372 3546 3611 3618 Prwpar.
3657 3546 3860 3620 Evang.
3884 3591 3901 3615 ,

2301 3663 2418 3719 cap.
2450 3646 2506 3711 ‘2,
2545 3661 2663 3715 pag.
2693 3643 2760 3699 57
2787 3658 2803 3707 ;
2840 3641 3076 3698 Lactant.
3099 3684 3115 3709 ,
3146 3642 3242 3697 lib.
3273 3657 3327 3710 ι,
3370 3658 3486 3713 cap.
3518 3640 3621 3709 19,
3652 3658 3775 3713 pag.
3809 3641 3903 3708 98;

2305 3747 2428 3793 tam.
2461 3753 2511 3801 ι,
2543 3736 2826 3807 Apparat.,
2861 3753 2978 3807 pag.
3016 3733 3205 3807 “92).

2377 3830 2655 3888 Testatum
2709 3830 2863 3886 nobis
2894 3830 3068 3885 adhuc
3109 3830 3375 3885 Diodorus
3404 3829 3531 3885 facit
3577 3845 3606 3883 τι
3658 3828 3904 3886 Minerva

2308 3926 2559 3983 traditam
2591 3924 2856 3981 olivarum
2892 3924 3277 3993 plantationem
3320 3932 3376 3979 et
3402 3923 3665 3977 culturam
3687 3963 3702 3987 ,
3741 3933 3906 3994 atque

2307 4019 2415 4074 olei
2446 4017 2854 4090 expressionem
2886 4015 3153 4090 (Dioclen,
3178 4016 3278 4070 loc.
3307 4016 3443 4085 cit.).
3472 4014 3730 4084 Quamvis
3755 4014 3907 4070 enim

2309 4111 2414 4167 hoc
2455 4110 2665 4166 arboris
2717 4124 2906 4181 genus,
2943 4108 3298 4181 sylvestribus
3355 4109 3718 4180 permixtum,
3777 4118 3907 4163 ante

2280 4208 2472 4279 'hujus
2518 4206 2773 4262 Minervae
2819 4215 2998 4260 ortum
3053 4204 3362 4270 extitisset,
3408 4203 3589 4258 nullus
3631 4212 3810 4256 tamen
3840 4201 3910 4256 il-

2308 4303 2413 4358 lius
2440 4300 2618 4357 cultus
2656 4313 2711 4357 et
2757 4315 2884 4356 usus
2914 4297 3180 4354 hactenus
3214 4297 3471 4353 inventus
3505 4295 3696 4353 fuerat.
3746 4293 3914 4351 Unde

2310 4396 2564 4468 Virgilius
2594 4413 2609 4450 ς
3290 4406 3297 4411 ·
3414 4374 3419 4379 ’

3055 4506 3293 4561 Oleteaue
3310 4506 3529 4557 Minerva

2401 4574 2682 4635 lnventrix,
2705 4574 2923 4636 uncique
2947 4582 3075 4634 puer
3099 4577 3397 4621 monstrator
3420 4569 3593 4620 aratri.

2834 4653 3065 4720 (Virgil.,
3089 4653 3174 4705 lib.
3200 4670 3218 4703 ι
3237 4654 3436 4718 Georg,
3460 4665 3589 4704 vers.
3617 4651 3720 4715 18.)

2306 4769 2401 4826 His
2440 4776 2617 4822 autem
2649 4763 3040 4833 posterioribus
3070 4762 3249 4816 herbis
3273 4759 3488 4831 quidam
3532 4758 3756 4824 Osirim,
3798 4758 3900 4815 alii

2310 4860 2743 4930 Triptolemum,
2815 4858 2972 4924 cuius
3039 4854 3312 4911 Arnobius
3370 4864 3553 4908 noster
3621 4851 3911 4919 meminit,

2314 4953 2583 5025 designari
2612 4951 2924 5022 opinantur.
2960 4945 3066 5004 Sed
3094 4944 3292 5001 videsis
3317 4945 3367 4999 in
3391 4943 3493 4999 hos
3516 4954 3572 5000 et
3598 4943 3917 5013 superiores

2318 5046 2468 5101 latini
2510 5053 2686 5116 poetae
2734 5055 2920 5095 versus
2969 5039 3143 5096 Servii
3186 5037 3654 5093 commentarium.
3703 5034 3916 5091 Plinius

2316 5154 2447 5194 vero
2491 5137 2623 5192 dixit
2654 5134 2860 5206 (Plin.,
2904 5133 2997 5188 lib.
3031 5147 3133 5196 vn,
3183 5129 3377 5186 Natur.
3421 5129 3542 5184 bist.
3568 5173 3581 5193 ,
3633 5144 3753 5198 cap.
3800 5127 3913 5195 56,

2319 5248 2439 5302 pag.
2469 5225 2564 5297 99)
2590 5228 2735 5282 illam
2766 5226 2931 5281 aratri
2952 5224 3313 5280 inventionem
3344 5222 3526 5293 anigi
3547 5220 3871 5278 Atheniensi
3895 5262 3911 5284 .

2320 5325 2406 5381 vel
2429 5322 2760 5394 Triptolemo
2783 5318 3038 5375 adscribi.
3065 5317 3169 5374 Sed
3193 5315 3261 5371 de
3288 5316 3382 5372 illo
3401 5329 3661 5387 expresse
3682 5312 3912 5370 Ovidius

2321 5414 2575 5471 Cererem
2606 5414 2684 5469 sic
2714 5412 3022 5483 loquentem
3056 5409 3302 5465 inducit:

2412 5528 2513 5590 Iste
2529 5527 2731 5590 quidem
2756 5525 2976 5590 mortalis
2999 5526 3111 5590 erit,
3139 5522 3231 5590 sed
3246 5522 3433 5590 primus
3454 5522 3630 5583 arabit,

2412 5589 2475 5640 Et
2495 5584 2652 5650 seret,
2681 5597 2735 5639 et
2757 5587 2907 5647 culta,
2928 5587 3125 5650 prmnia
3151 5584 3309 5642 tollet,
3327 5585 3492 5636 humo.

2862 5672 3049 5737 (0vid.,
3070 5668 3154 5721 lib.
3177 5684 3244 5730 ιν,
3269 5669 3422 5729 rm.
3448 5682 3563 5736 pag.
3590 5670 3724 5732 592.)

2312 5782 2388 5839 lbi
2418 5782 2601 5851 itaque
2634 5780 3003 5852 Triptolemus
3027 5781 3304 5850 expressis
3334 5777 3513 5834 verbis
3555 5777 3754 5835 dicitur
3782 5793 3907 5834 ara-

2316 5877 2386 5935 tri
2433 5877 2703 5947 inventor,
2731 5875 2873 5933 sicut
2896 5891 2930 5933 a
2973 5874 3208 5933 Diodoro
3252 5872 3435 5931 Siculo
3475 5872 3635 5943 paulo
3662 5880 3791 5929 ante
3819 5871 3906 5928 ci-
