4166 6256
275 349 380 404 ἓ-οὸ

1489 342 1554 396 ιΝ
1595 337 1967 406 ARNOBIUM,
2010 339 2162 396 CAP.
2203 341 2323 396 Xl.‘

3458 337 3562 396 506

272 475 387 521 tato
428 463 594 518 totius
623 460 964 533 agricultura:
991 460 1237 515 doctrina
1279 458 1535 513 imbutus.
1581 458 1655 512 De
1696 457 1859 512 aratri
1888 465 1934 524 Α
1964 457 2411 522 admirationem,
2486 465 2540 512 et
2608 455 2885 514 beneﬁciis
2945 455 3384 512 benevolentiam
3432 471 3558 528 gra-

272 571 438 628 porro
465 557 800 626 aliorumque
841 555 908 607 ab
949 553 1190 609 Arnobio
1217 562 1636 607 memoratarum
1670 553 1862 606 inven-

269 653 434 714 tione,
501 649 698 705 videsis
756 647 1082 720 Polydorum
1144 647 1470 716 Vergilium,
1523 645 1768 714 aliosque
1797 643 1864 698 de

269 762 448 801 rerum
467 745 835 798 inventoribus
854 745 1147 814 scriptores
1175 741 1415 814 (Diodor.
1435 740 1502 793 lib
1557 757 1596 804 ι,
1627 757 1747 811 pag.
1773 741 1790 791 1
1812 740 1856 806 l,

269 841 362 906 19.,
396 841 493 894 loc.
525 839 610 892 cit.
640 855 655 903 ;
693 837 881 909 Polgd.
925 836 1095 907 Verg.,
1131 836 1220 891 ltb.
1245 852 1259 890 ι
1283 878 1297 900 ,
1322 835 1385 888 de
1406 835 1508 888 inv.
1540 850 1667 894 rer.,
1695 849 1742 886 c.
1765 832 1858 898 21,

267 945 318 990 et
349 937 437 990 lib.
468 935 555 999 Iit,
585 949 700 1003 cap.
731 933 766 986 2
793 942 837 986 et
866 931 942 1003 5).

344 1027 429 1083 Ex
465 1027 777 1090 his-autem,
827 1042 945 1097 qua:
975 1024 1278 1089 retulimus,
1324 1023 1454 1078 illud
1495 1021 1649 1076 facile
1704 1020 1861 1076 ititer

264 1124 484 1194 ligitur,
515 1122 658 1192 quod
693 1119 961 1174 Arnobius
987 1119 1110 1172 alibi
1143 1118 1328 1172 scribit
1357 1115 1572 1188 (Arnob.
1595 1157 1610 1180 ,
1639 1114 1732 1168 lib.
1787 1129 1856 1178 ιι,

260 1234 370 1288 pag
422 1212 516 1287 90)
568 1212 769 1283 primos
811 1211 1057 1266 homines
1089 1226 1192 1266 non
1224 1210 1393 1264 alimn
1424 1208 1735 1263 adhibuisse
1777 1207 1855 1260 ci-

258 1312 430 1376 bum,
464 1325 623 1381 quant
664 1308 925 1374 glandes,
975 1317 1064 1359 aut
1105 1321 1169 1359 ex
1212 1305 1375 1359 ramis
1418 1302 1723 1373 agrestibus
1761 1300 1858 1354 bu-

255 1405 455 1469 culos,
486 1417 583 1459 nec
611 1402 745 1456 alias
771 1416 928 1472 quam
956 1416 1024 1454 ex
1054 1399 1348 1454 corticibus
1389 1406 1444 1452 et
1474 1395 1704 1466 pellibus
1735 1410 1857 1447 ves-

256 1507 368 1553 tes.
419 1496 568 1564 Quod
598 1496 771 1548 adhuc
815 1492 1029 1547 Diodori
1056 1492 1219 1548 Siculi
1248 1533 1262 1554 ,
1311 1489 1526 1551 Ovidii,
1571 1487 1849 1551 Lucretii,

253 1602 316 1648 et
373 1591 597 1644 aliormn
656 1588 964 1643 testimonio
1021 1585 1293 1640 stabilitur
1345 1599 1408 1638 ac
1459 1583 1852 1638 corroboratur

254 1684 511 1757 (Diodor.
536 1725 549 1745 .
593 1681 680 1738 lib.
711 1698 758 1745 ι,
810 1698 926 1752 pag.
961 1681 1034 1745 5;
1067 1679 1220 1734 Ovid.
1241 1719 1256 1746 ,
1287 1678 1376 1732 lib.
1420 1695 1436 1732 ι
1487 1675 1719 1741 Fastor.,
1762 1673 1855 1728 sub

255 1777 357 1847 ﬁn.
385 1793 398 1838 ;
434 1775 641 1829 Lucret.
664 1817 678 1839 ,
711 1775 800 1828 lib.
846 1790 898 1836 v,
923 1790 1050 1828 vers.
1100 1772 1198 1828 95l
1235 1783 1279 1824 et
1307 1769 1495 1842 seqq.).

341 1869 470 1923 Post
497 1869 614 1924 hzrc
640 1869 706 1922 ab
727 1877 945 1922 auctore
979 1877 1167 1921 nostro
1211 1866 1512 1938 appellatur
1558 1864 1815 1918 Hercules
1837 1904 1850 1926 ,
1883 1877 1930 1936 Β

257 1961 332 2017 de
349 1962 522 2031 cujus,
549 1961 789 2023 ntaiunt,
816 1960 1089 2042 laboribus
1114 1960 1368 2030 loquitur.
1402 1957 1508 2012 Sed
1555 1957 1606 2010 bi
1639 1956 1851 2010 labores

257 2057 352 2110 cui
383 2056 548 2126 ignoti
577 2069 698 2109 eSse
741 2054 1003 2124 possunt?
1033 2051 1090 2108 Si
1137 2052 1228 2106 ulli
1273 2061 1450 2106 tamen
1503 2051 1719 2104 curioso
1772 2049 1854 2102 in—

258 2148 524 2218 comperti
568 2149 710 2214 sint,
760 2147 877 2202 illos
919 2147 988 2201 ab
1037 2147 1224 2200 eodem
1288 2145 1524 2200 Diodoro
1574 2144 1755 2200 Siculo
1799 2151 1855 2198 et

259 2243 388 2297 aliis
437 2243 682 2313 plurimis
725 2243 1021 2312 explicatos
1071 2241 1308 2296 inveniet
1356 2241 1598 2314 (Diodor.
1644 2239 1850 2308 S.‘cul.,

261 2337 358 2393 lib.
389 2354 458 2403 tv,
489 2337 646 2393 Bibli.
671 2380 686 2401 ,
726 2355 846 2409 pag.
880 2337 984 2392 145
1011 2347 1057 2390 et
1099 2338 1285 2405 seqq.).
1339 2337 1412 2390 De
1437 2336 1528 2388 illo
1575 2345 1752 2388 autem
1802 2342 1854 2389 et

255 2430 459 2486 Libero
499 2433 661 2487 etiam
694 2446 788 2484 seu
840 2430 1072 2493 Baccho,
1126 2440 1180 2483 et
1219 2429 1340 2483 aliis
1393 2428 1482 2498 qtti
1535 2427 1604 2481 ob
1657 2427 1852 2480 eximia

254 2527 426 2593 facta,
466 2538 520 2582 et
567 2525 828 2580 beneﬁcia
876 2524 1068 2578 collata
1101 2523 1410 2577 hominibus
1442 2522 1514 2575 dii
1562 2519 1854 2575 renuntiati

257 2632 423 2686 sunt,
458 2632 648 2691 praeter
694 2619 1027 2674 Laetantium
1057 2617 1342 2687 (Lactant,
1393 2615 1480 2670 lib.
1518 2632 1572 2683 ι,
1603 2630 1720 2684 cap.
1754 2614 1852 2679 l9,

257 2735 391 2788 pag.
426 2715 496 2772 98
521 2727 564 2770 ct
594 2714 777 2787 seqq.).
810 2715 888 2768 sic
909 2712 1104 2768 cecinit
1139 2711 1390 2765 lloratius
1425 2729 1438 2764 :

354 2830 588 2878 Romulus
615 2837 665 2879 et
688 2828 840 2878 Liber
865 2837 1019 2889 pater,
1040 2836 1091 2876 et
1109 2840 1217 2875 eum
1237 2825 1434 2889 Castore
1460 2823 1663 2885 Pollux,
1699 2845 1703 2850 -

353 2893 472 2942 Post
494 2894 712 2954 iungentia
738 2888 1087 2941 facta’deornm
1115 2891 1163 2939 in
1183 2888 1363 2950 templa
1387 2891 1598 2951 recepti,

351 2955 479 3007 Dum
507 2951 667 3006 terras
693 2955 1046 3016 hominumque
1071 2954 1237 3003 colunt
1260 2964 1436 3012 genus,
1465 2964 1640 3016 aspera
1663 2951 1795 3002 bella

321 3049 326 3057 ι
351 3020 678 3082 Coritponuut,
701 3031 848 3081 agros
872 3013 1138 3080 assignant,
1164 3029 1242 3078 0p.
1259 3016 1341 3064 ida
1361 3013 1593 3063 condunt.

913 3142 1082 3192 Diram
1105 3147 1187 3203 qui
1211 3141 1432 3191 contudit
1451 3140 1668 3203 hydram,

353 3208 604 3273 Comperit
625 3206 852 3256 invidiam
875 3218 1107 3268 suPreuio
1125 3205 1220 3253 line
1236 3205 1439 3254 domari.

633 3292 848 3357 (Horat.,
871 3289 953 3340 lib.
980 3305 1034 3350 ιι,
1056 3287 1191 3353 epist.
1217 3303 1256 3350 ι,
1282 3300 1406 3339 vers.
1429 3289 1459 3337 5
1477 3293 1521 3337 et
1543 3285 1700 3352 seqq.)

355 3427 424 3480 At
475 3424 674 3480 merito
724 3421 996 3480 Arnobius
1061 3418 1315 3472 [lontanis
1369 3417 1658 3484 exprobrat
1711 3415 1854 3486 quod

259 3519 407 3575 hunc
434 3518 758 3582 Romulum,
805 3531 965 3587 quem
1002 3513 1251 3569 Horatius
1297 3513 1526 3582 primum
1578 3511 1853 3576 nominat,

257 3615 336 3668 ob
359 3613 572 3684 egregia
619 3611 753 3667 facta
786 3625 849 3665 ac
889 3610 1086 3666 collata
1137 3609 1428 3675 henelicia,
1476 3609 1701 3663 deorum
1753 3625 1852 3662 uu-

264 3723 426 3764 mero
466 3706 850 3776 adscripserint
918 3703 1239 3759 Senatorum
1289 3701 1553 3774 siquidem
1612 3702 1856 3757 manibus

271 3799 609 3870 discerptus,
656 3797 1078 3869 interfectusque
1127 3796 1342 3850 fuerat:
1385 3816 1402 3848 ι
1443 3795 1632 3852 Nonne
1681 3796 1854 3862 ipsum

263 3893 560 3949 Romulum
608 3903 848 3962 patrem,
921 3911 938 3942 ι
999 3891 1173 3960 inquit
1220 3888 1308 3943 ille
1366 3889 1619 3959 (Arnob.,
1674 3887 1758 3941 lib.
1796 3903 1855 3952 ι,

259 4004 390 4058 pag.
414 3985 535 4057 24),
567 4004 586 4037 ‹
620 3993 931 4040 senatorum
966 3982 1215 4037 manibus
1240 3982 1586 4037 dilaceratqu
1619 3990 1854 4048 centum,

260 4091 322 4136 et
349 4079 629 4149 Quirinum
665 4092 790 4133 esse
823 4077 1075 4132 Martium
1123 4076 1334 4141 dicitis,
1385 4083 1440 4129 ct
1488 4074 1858 4130 sacerdotibus

267 4187 325 4230 et
350 4171 714 4244 pulvinaribus
753 4171 1055 4234 honoratis,
1073 4179 1126 4226 et
1154 4171 1206 4224 in
1237 4167 1444 4224 :ndibus
1474 4169 1707 4223 adoratis
1739 4184 1856 4222 am-

261 4267 561 4339 piissimis,
607 4273 661 4320 et
686 4273 807 4337 post
834 4266 947 4318 haec
975 4267 1157 4318 omnia
1198 4262 1394 4318 etclam
1425 4261 1733 4317 ascendisse
1773 4261 1858 4331 ju-

260 4359 415 4416 ratis.
480 4377 500 4410 ι
562 4359 736 4412 Vitam
791 4367 972 4411 autetn
1031 4355 1264 4410 Roinulo
1329 4363 1433 4409 tam
1482 4355 1775 4410 crudeliter
1827 4370 1857 4408 a

265 4450 612 4508 senatoribus
637 4450 800 4504 luisse
840 4459 1118 4520 ereptam,
1162 4447 1374 4503 tametsi
1406 4447 1589 4502 Livius
1613 4448 1860 4504 dissimu-

259 4545 379 4600 lare
407 4552 670 4610 conetur,
706 4543 950 4598 Valerius
989 4554 1167 4598 tamen
1209 4541 1508 4607 Maximus,
1563 4551 1617 4596 et
1661 4542 1856 4614 Diony-

261 4637 378 4691 sius
409 4635 894 4709 llalycarnasseus,
944 4634 1108 4689 etalii
1141 4633 1311 4702 palam
1353 4643 1646 4704 aperteque
1689 4633 1859 4687 laten-

263 4742 352 4783 tnr
374 4727 510 4798 (Liv.
531 4771 545 4794 ,
577 4727 664 4782 lib.
695 4743 750 4793 ι,
779 4744 893 4798 cap.
923 4727 1010 4791 1'2;
1040 4725 1211 4780 Valer.
1244 4726 1388 4781 Max.
1411 4769 1426 4793 ,
1457 4728 1546 4780 lib.
1575 4744 1625 4792 v,
1649 4744 1763 4792 cap.
1801 4729 1855 4791 5,

265 4821 299 4892 §
333 4822 356 4876 l
385 4837 401 4883 ;
432 4819 648 4891 Dionys.
698 4819 873 4874 llalic.
900 4861 914 4886 ,
949 4819 1041 4876 lib.
1076 4836 1147 4885 ιι,
1179 4820 1352 4888 Antiq.
1381 4837 1604 4883 romam,
1637 4837 1689 4889 p.
1744 4819 1854 4891 18).

259 4913 382 4981 Quo
434 4931 593 4984 porro
650 4914 738 4968 ille
796 4913 955 4968 modo
1001 4914 1052 4968 in
1099 4914 1320 4968 deorum
1372 4918 1683 4976 numerum,
1713 4915 1857 4985 pcje-

258 5017 421 5062 rante
450 5007 677 5061 Proculo
697 5048 712 5072 ,
749 5007 948 5062 relatus
974 5007 1043 5059 sit
1066 5047 1080 5067 ,
1108 5007 1157 5060 iu
1181 5008 1444 5077 superiori
1473 5009 1856 5064 dissertatione
1893 5025 1899 5031 '

259 5102 601 5160 ostendimus
633 5101 874 5174 (Dissert.
907 5103 961 5156 in
991 5100 1213 5168 Minuc.,
1245 5119 1363 5172 cap.
1401 5102 1490 5170 15,
1540 5111 1637 5156 art.
1680 5102 1760 5171 ‘2).

332 5220 468 5288 Quis
512 5219 691 5288 igitur,
737 5217 840 5272 nisi
876 5219 1033 5287 plane
1083 5219 1348 5284 insaniat,
1401 5218 1574 5281 hunc,
1612 5219 1852 5288 aliosque

256 5334 290 5371 τι
365 5317 523 5369 nobis
578 5327 946 5376 memoratos,
997 5330 1352 5384 qua-cumque
1404 5323 1497 5368 aut
1547 5313 1700 5378 falsa,
1757 5325 1850 5368 aut

250 5425 387 5465 vera
417 5408 672 5463 beneﬁcia
700 5409 991 5462 contulisse
1011 5449 1026 5472 ,
1055 5417 1146 5460 aut
1174 5407 1309 5462 facta
1359 5407 1570 5477 egregia
1617 5407 1852 5462 edidisse

251 5503 522 5567 ferantur,
568 5501 702 5556 deos
750 5501 987 5556 dixerit?
1033 5501 1162 5554 Nam
1221 5501 1271 5554 hi
1321 5503 1436 5569 puri
1489 5503 1706 5572 patique
1757 5511 1852 5556 bo-

251 5599 435 5654 rniues
481 5597 726 5658 fuerunt,
792 5597 932 5667 iique
979 5597 1397 5651 sceleratissimi.
1451 5598 1705 5664 Quamvis
1750 5615 1850 5654 au-

252 5702 368 5749 tem
411 5702 516 5744 tam
550 5693 749 5754 sancti,
781 5707 940 5762 quam
968 5691 1181 5745 scelesti
1213 5699 1268 5744 et
1308 5690 1559 5761 ﬁagitiosi
1602 5691 1843 5760 fuissent,

249 5801 551 5856 numquam
603 5794 777 5840 tamen
823 5785 895 5838 illi
955 5785 1114 5839 etiam
1163 5799 1353 5838 omnes
1378 5785 1533 5838 simul
1564 5827 1580 5852 ,
1614 5795 1691 5840 tot
1715 5797 1850 5840 tatu-

250 5897 363 5953 que
399 5895 464 5935 ac
492 5878 734 5936 Chrisuts
757 5921 772 5946 ,
800 5889 860 5936 ut
887 5893 1046 5949 supra
1077 5875 1325 5946 vidimus,
1378 5879 1658 5951 stupendis
1698 5879 1851 5938 lactis

1972 551 2117 621 tique
2143 549 2308 604 animi
2355 551 2670 604 memoriam
2716 549 2815 603 sibi
2857 549 3296 604 conciliaverunt.
3348 547 3404 603 Si
3447 549 3558 603 suis

1967 660 2095 715 ergo
2125 661 2178 698 ra
2209 643 2418 698 innilins
2445 644 2718 696 stetissent
2743 643 2976 708 ethnici,
3007 658 3111 695 non
3149 651 3393 712 poterant
3426 655 3557 698 sane

1967 738 2163 793 Christi
2198 754 2390 808 negare
2430 736 2804 802 divinitatem,
2832 748 2917 788 aut
2947 736 3173 801 rejicere
3215 734 3554 804 religionem,

1967 843 2019 887 et
2052 834 2100 885 iu
2131 833 2246 901 ejus
2289 837 2584 885 Sl'ctalures
2621 840 2767 883 lauto
2814 830 2993 884 lurore
3038 829 3380 884 debacchari.
3426 829 3558 896 Quis

1966 927 2146 997 itaque
2195 943 2299 980 non
2349 925 2528 980 videat
2577 941 2734 995 quam
2786 927 2934 980 l'utile
2965 940 3266 994 vanumque
3311 923 3380 977 sit
3427 922 3556 977 illud

1965 1019 2375 1089 argumentum?
2403 1018 2520 1072 .lam
2575 1033 2703 1072 vero
2745 1019 2975 1071 vidimus
3000 1033 3101 1087 qua
3133 1017 3340 1071 ratione
3386 1015 3558 1070 Minu-

1965 1114 2078 1166 cius
2126 1112 2276 1167 Felix
2321 1111 2462 1164 hunc
2507 1126 2749 1165 errorem
2777 1111 3065 1176 everterit,
3106 1124 3168 1162 ac
3207 1103 3343 1162 infra
3377 1118 3558 1162 osten-

1962 1205 2153 1259 demus
2179 1205 2451 1275 qnomodo
2479 1219 2509 1257 a
2565 1204 2842 1258 Lactantio
2868 1213 2922 1258 et
2965 1201 3296 1256 Tertulliano
3347 1199 3558 1254 relella-

1965 1308 2046 1354 tttr
2079 1301 2325 1369 (Ibidem,
2360 1309 2460 1352 art.
2498 1314 2546 1360 ι,
2583 1297 2848 1352 Dissertat.
2884 1298 2934 1350 in
2967 1296 3204 1350 Lactant.
3233 1337 3247 1358 ,
3285 1311 3400 1362 cap.
3451 1293 3518 1353 30
3541 1335 3554 1360 ,

1962 1405 2062 1448 art.
2097 1395 2164 1460 5,
2212 1405 2257 1448 et
2305 1394 2358 1447 in
2409 1391 2748 1456 Tcrlulliatt.,
2779 1408 2896 1462 cap.
2940 1391 3012 1446 25
3035 1432 3050 1457 ,
3084 1401 3184 1444 art.
3214 1387 3291 1462 5).

2561 1523 2854 1563 Αιιτιουιιές
2894 1524 2971 1562 Ill.

1959 1650 2266 1714 Expenditnr
2313 1649 2439 1698 aliud
2478 1647 2687 1714 Arnobii
2732 1657 2897 1697 contra
2924 1647 3239 1714 ethnicorum
3258 1646 3554 1714 religionem

2021 1709 2381 1774 argumentum,
2412 1711 2522 1760 inde
2570 1712 2786 1769 ductum,
2815 1711 2942 1774 quod
2988 1709 3170 1774 ethnici
3193 1709 3412 1756 dixerint
3435 1709 3558 1758 deos

2021 1771 2135 1824 suos
2159 1789 2321 1824 mares
2347 1785 2397 1824 ct
2419 1775 2640 1822 feminas.
2671 1786 2726 1822 ac
2753 1771 3021 1821 Celebratis
3059 1773 3269 1819 humano
3303 1784 3438 1818 more
3464 1784 3556 1819 nu-

2023 1842 2152 1901 ptiis,
2193 1839 2390 1900 alioque
2439 1837 2639 1901 turpiori
2665 1835 2825 1901 modo
2866 1833 3464 1901 lilios__proereasse,“ubi
3490 1833 3554 1883 de

2022 1894 2318 1963 Septimanis
2337 1894 2541 1956 l'mturis,
2558 1897 2867 1963 rhalridicis,
2883 1894 3316 1963 __Hi:-lles_,.omiaco
3355 1894 3554 1963 Priapo,

2020 1958 2206 2012 Cerere
2234 1975 2512 2018 malumusa,
2538 1961 2740 2009 deorum
2760 1959 2938 2012 nuptiis
2959 1958 3556 2019 usu,l‘arre,coemptione

2021 2026 2304 2082 celebratis,
2354 2023 2682 2086 sponsalibus,
2723 2024 3021 2086 l'esccnniois
3048 2023 3376 2086 rt-arminibus,
3417 2021 3556 2082 regia

2021 2090 2350 2152 Opismilnilc.
2383 2083 2561 2136 'infami
2609 2085 2819 2152 νίψω-ιε
2861 2083 3106 2152 (ξδἰὴριὶω
3147 2091 3276 2142 ortu,
3315 2088 3367 2132 et
3389 2095 3557 2132 mere-

2017 2147 2192 2202 tricula
2217 2149 2436 2209 Venere,
2463 2162 2490 2198 a
2515 2161 2638 2211 rege
2665 2147 2837 2213 Cyprio
2851 2148 3022 2198 ditata.

2029 2326 2428 2382 Validissimum
2477 2339 2606 2380 sane
2644 2333 2829 2377 contra
2875 2322 3120 2378 ethnicos
3161 2329 3547 2394 argumentum

1960 2420 2082 2475 inde
2138 2419 2316 2473 adlmc
2380 2418 2512 2487 petit
2567 2416 2874 2481 Arnobius,
2937 2415 3079 2486 quod
3132 2415 3206 2469 illi
3265 2415 3396 2469 deos
3430 2427 3557 2468 suos

1960 2528 2136 2568 mares
2164 2523 2217 2566 et
2242 2511 2486 2566 leniinas
2530 2511 2916 2581 praedicarent,
2950 2525 3012 2564 ac
3044 2510 3267 2578 publicis
3305 2509 3416 2564 suis
3440 2523 3557 2579 pre-

1959 2607 2112 2662 cibus
2162 2608 2542 2674 proﬁterentur
2595 2624 2608 2659 :
2661 2625 2678 2652 ι
2736 2603 2869 2658 Nam
2927 2605 3234 2668 consuetis,
3271 2621 3290 2654 ι
3341 2603 3550 2672 inquit,

1959 2700 2188 2765 Arnob,
2237 2699 2324 2754 lib.
2369 2715 2458 2762 ιιι,
2514 2714 2632 2768 pag.
2682 2695 2806 2766 159)
2868 2714 2886 2747 ‹
2924 2697 2990 2769 in
3022 2696 3271 2763 pret-ibus
3305 2713 3318 2749 :
3351 2695 3466 2749 sive
3496 2703 3555 2748 tu

1959 2793 2093 2847 deus
2117 2808 2175 2847 es
2197 2833 2211 2853 ,
2243 2792 2356 2845 sive
2377 2790 2510 2855 dea,
2552 2791 2750 2844 dicere.
2785 2790 2913 2856 Qua:
2967 2789 3317 2844 dubitationis
3355 2802 3554 2859 excep-

1959 2887 2075 2958 ptio
2119 2886 2249 2941 dare
2286 2901 2382 2940 vos
2429 2885 2533 2940 diis
2586 2899 2771 2939 sexum
2814 2885 3174 2954 disjunctioue
3209 2900 3276 2938 ex
3321 2883 3434 2945 ipsa
3464 2881 3558 2939 de-

1960 2983 2149 3035 clarat.
2191 2999 2210 3032 ›
2241 2979 2391 3050 Apud
2423 2979 2716 3033 Varronem
2739 2995 2866 3033 vero
2889 2979 3114 3050 legimus
3139 2977 3409 3047 quomodo
3431 2991 3555 3046 pre-

1961 3090 2051 3131 ces
2082 3076 2184 3129 illa:
2229 3075 2343 3129 ﬁeri
2376 3082 2771 3129 consueverant
2816 3091 2830 3128 :
2883 3073 3137 3128 (Lucum
3165 3093 3184 3124 ι
3221 3073 3291 3126 ait
3345 3071 3552 3142 (Varr.,

1962 3170 2050 3224 lib.
2099 3170 2161 3222 de
2203 3167 2280 3222 Re
2323 3169 2469 3221 rusti.
2495 3211 2508 3233 ,
2551 3161 2678 3238 pag.
2703 3166 2860 3240 159),
2901 3186 2919 3218 ι
2958 3167 3281 3221 conculcare
3323 3179 3548 3220 romano

1883 3278 1928 3342 ρ
1963 3279 2113 3318 more
2144 3266 2222 3318 sic
2266 3273 2499 3332 oportet.
2560 3264 2732 3318 Poreo
2785 3262 2994 3333 piaculo
3039 3261 3219 3318 facito.
3265 3261 3353 3317 Sic
3395 3261 3556 3315 verba

1961 3358 2229 3424 concipito
2262 3377 2274 3412 :
2309 3355 2362 3412 Si
2410 3358 2574 3420 deus,
2625 3359 2667 3410 si
2702 3357 2800 3411 dea
2829 3373 2923 3420 es,
2972 3356 3124 3424 cujus
3167 3356 3294 3410 illttd
3343 3369 3555 3409 sacrum

1959 3463 2060 3507 est.
2096 3452 2200 3507 Sed
2251 3453 2365 3506 bare
2402 3453 2570 3506 iusius
2601 3452 2783 3522 probat
2818 3451 3122 3505 Brissonius
3151 3449 3405 3520 (Brisson.
3429 3489 3445 3514 ,
3493 3449 3557 3501 de

1963 3544 2200 3601 Formul.
2224 3590 2239 3613 ,
2280 3564 2396 3616 cap.
2451 3550 2539 3616 60)
2563 3590 2577 3611 ,
2607 3554 2660 3600 t-t
2704 3561 2802 3599 nos
2841 3545 2909 3600 de
2937 3545 3002 3598 iis
3032 3543 3231 3609 aliquid
3273 3542 3398 3596 alibi
3428 3542 3556 3596 atti-

1960 3642 2134 3712 gimus
2188 3638 2486 3713 (Disseruit.
2547 3641 2597 3693 in
2638 3639 2868 3700 .llinnc.,
2917 3655 3032 3707 cap.
3096 3638 3192 3700 l5,
3243 3646 3343 3689 art.
3403 3635 3478 3705 1).

2034 3732 2218 3802 Neque
2241 3733 2369 3786 sinit
2410 3731 2681 3786 Arnobius
2712 3731 2812 3785 sibi
2839 3731 2904 3784 ah
2937 3729 3337 3784 inconsiderato
3375 3727 3555 3798 aliquo

1960 3825 2158 3896 apponi
2175 3825 2499 3878 christianos
2517 3840 2729 3895 quoque
2751 3823 2975 3878 credere
2999 3837 3199 3876 marem
3219 3837 3338 3875 esse
3364 3821 3552 3890 Deum,

1961 3919 2396 3991 quandoquidem
2428 3934 2624 3974 nomen
2647 3961 2662 3984 ,
2698 3920 2866 3982 Deus,
2901 3917 3178 3972 masculini
3209 3919 3420 3986 generis
3448 3925 3552 3971 est.

1965 4015 2040 4070 Eo
2082 4015 2359 4068 enimvero
2393 4013 2611 4067 iminine
2655 4028 2759 4066 non
2785 4027 2982 4078 sexus,
3017 4010 3112 4065 sed
3145 4025 3244 4064 usu
3291 4010 3556 4065 sermonis

1964 4108 2232 4179 promitur
2261 4107 2353 4161 Dei
2404 4106 2747 4175 signiﬁcatio.
2778 4105 2892 4160 Non
2929 4106 3069 4159 [)ens
3097 4119 3259 4174 ergo,
3291 4102 3386 4158 sed
3435 4103 3554 4173 ejus

1964 4216 2158 4256 nomen
2192 4215 2360 4268 genus
2389 4199 2741 4254 masculinum
2774 4199 3060 4269 signiﬁcat.

2037 4295 2103 4348 At
2131 4294 2262 4347 deos
2290 4309 2468 4346 mares
2498 4303 2553 4346 et
2579 4292 2807 4346 leminas
2833 4307 2955 4346 esse
2983 4307 3086 4346 non
3117 4307 3275 4362 posse
3311 4291 3389 4347 sic
3426 4307 3554 4362 pro-

1963 4389 2052 4444 bat
2075 4387 2362 4442 Arnobius.
2393 4387 2581 4450 Tales,
2633 4387 2801 4456 inquit
2831 4386 3046 4458 (Arnob.
3070 4428 3085 4452 ,
3119 4387 3208 4440 lib.
3243 4403 3332 4452 ιιι,
3366 4407 3418 4456 p.
3454 4387 3556 4442 104

1963 4490 2008 4533 et
2035 4479 2200 4548 seqq.)
2223 4521 2235 4542 ,
2267 4493 2387 4533 esse
2415 4488 2716 4547 nequeunt,
2749 4480 2877 4550 quin
2903 4493 2996 4534 eas
3031 4489 3214 4550 partes
3249 4495 3416 4549 eaque
3460 4480 3556 4535 ha-

1963 4573 2123 4627 beant
2166 4571 2441 4636 membra,
2488 4572 2680 4642 quibus
2724 4583 2949 4641 uterque
2977 4587 3140 4626 sexus
3178 4572 3554 4642 distinguitur,

1885 4686 1938 4746 ι)
1963 4676 2018 4722 et
2045 4684 2162 4733 qua:
2187 4666 2253 4720 ad
2289 4669 2688 4737 prepagandam
2737 4669 2977 4722 sobolem
3025 4667 3158 4722 facta
3201 4677 3340 4724 sunt.
3397 4669 3557 4739 Atqui

1964 4775 2042 4814 ea:
2076 4771 2257 4827 partes
2312 4776 2484 4831 eaque
2528 4761 2773 4828 corporis
2807 4760 3044 4815 ineiubra
3065 4802 3078 4822 ,
3110 4760 3154 4813 si
3203 4761 3252 4816 in
3282 4761 3384 4813 diis
3414 4760 3551 4825 sint,

1965 4852 2171 4906 inutilia
2195 4895 2208 4917 ,
2243 4855 2380 4906 sicut
2421 4854 2580 4907 etiam
2609 4855 2684 4908 ait
2723 4853 2934 4913 Cicero,
2978 4869 3082 4906 non
3110 4861 3392 4917 potuerunt
3422 4851 3552 4924 (Cic.

1963 4946 2048 5000 lib.
2087 4962 2120 5000 ιι
2153 4946 2216 5000 de
2249 4945 2438 4999 Natur.
2472 4947 2614 5001 deor.
2638 4988 2652 5011 ,
2683 4964 2801 5016 pag.
2834 4945 2941 5000 9.08
2973 4956 3016 4998 et
3047 4961 3162 5013 seqq
3192 4945 3232 5017 ).
3263 4945 3428 4999 Tanta
3461 4945 3557 5015 igi-

1963 5048 2047 5092 tur
2075 5038 2301 5093 deorum
2331 5038 2714 5092 immortalium
2743 5081 2757 5104 ,
2791 5039 2882 5108 qui
2915 5054 3211 5106 numquam
3242 5049 3550 5101 senescant,

1961 5146 2062 5185 nec
2085 5133 2334 5198 corporis
2357 5129 2562 5184 viribus
2583 5131 2953 5195 debilitantur,
2981 5131 3252 5200 procreari
3281 5131 3554 5186 debuisset

1961 5224 2280 5289 multitudo,
2317 5235 2374 5278 ut
2398 5226 2576 5292 omnia
2622 5226 2686 5278 iis
2713 5226 2820 5292 jam
2855 5225 3010 5295 plena
3037 5226 3244 5290 iurent,
3277 5240 3375 5279 nec
3401 5225 3553 5282 cmlis

1961 5319 2255 5373 innumeris
2302 5331 2521 5386 possent
2565 5319 2798 5388 amplius
2836 5320 3124 5374 contineri.
3169 5319 3374 5374 Eodem
3419 5337 3552 5388 quo-

1956 5425 2060 5478 que
2109 5420 2429 5480 argumento
2479 5411 2767 5466 Minucium
2797 5413 3042 5483 aliosque
3068 5427 3195 5466 usos
3239 5412 3404 5467 fuisse
3439 5415 3551 5481 jam

1957 5504 2294 5557 ostendimus
2363 5501 2606 5574 (Dissert.
2658 5504 2712 5558 in
2757 5503 2955 5558 Minue.
2999 5504 3179 5557 Octav.
3209 5544 3223 5568 ,
3274 5522 3390 5574 cap.
3449 5506 3550 5576 16,

1957 5607 2058 5650 art.
2080 5596 2158 5667 2).

2028 5691 2197 5760 Quam
2257 5694 2424 5749 tnnlta
2475 5705 2651 5749 autem
2701 5692 2969 5756 absurda,
3023 5693 3313 5756 obscaena,
3359 5700 3414 5746 et
3453 5691 3557 5750 dlis

1959 5787 2174 5858 indigna
2209 5802 2277 5843 ex
2310 5790 2526 5845 diverso
2553 5789 2788 5856 ipsomnt
2833 5801 2965 5842 sexu
3005 5795 3342 5855 sequantur,
3393 5782 3568 5840 Arno-

1959 5881 2080 5940 bius
2123 5881 2371 5943 breviter
2416 5883 2646 5954 explicat
2689 5878 2948 5951 (Arnob.,
2978 5879 3072 5937 lib.
3117 5893 3216 5947 ιιι,
3263 5895 3384 5952 pag.
3417 5874 3571 5948 illi).
