4158 6264
213 377 328 435 509

1446 385 1511 440 ΙΝ
1550 382 1927 449 ARNOBIUM,
1965 381 2115 439 CAP.
2160 380 2250 437 XI.

3409 379 3512 436 510

207 502 381 549 autem
399 493 530 560 dico,
560 502 811 565 quaesiuit
832 496 1047 567 occulta,
1078 516 1181 555 non
1209 501 1502 557 erubescens
1524 499 1693 556 dicere
1719 516 1799 565 ea,
1829 501 1883 560 Α
1908 498 2159 565 Hesiodo,
2194 497 2283 569 qui
2318 496 2497 553 Solem
2529 512 2556 551 a
2584 495 2750 553 Theia
2782 501 2955 554 matre
2981 509 3109 563 sua,
3132 502 3186 550 et
3212 502 3367 570 patre
3398 493 3514 567 Hy-

206 602 325 657 quet
347 598 447 642 non
474 587 632 654 pudet
656 603 744 644 vos
772 590 1009 647 adorare.
1046 594 1173 662 Quae
1211 611 1329 665 ergo
1356 611 1419 650 ex
1446 611 1648 663 spuma,
1685 604 1737 647 et
1755 596 1808 647 in

205 677 381 750 Cypro
408 686 481 734 est
506 678 697 752 genita,
728 680 933 753 Cinyra:
956 685 1143 750 amica,
1198 686 1441 741 Venerem
1468 687 1581 741 dico
1625 685 1809 741 Philo—

203 770 461 841 medeam;
486 772 606 839 quia
632 785 809 829 exorta
854 787 925 831 est
955 794 1018 833 ea:
1046 779 1371 851 genitalibus,
1419 797 1484 837 ea:
1512 780 1764 835 salacibus
1789 824 1804 846 ,

200 863 437 933 inquam,
458 868 786 939 genitalibus,
830 887 943 941 qua:
973 872 1110 929 Caelo
1132 876 1354 931 abscissa
1379 885 1515 944 sunt,
1546 893 1658 947 qua:
1696 886 1807 945 post

197 955 563 1011 abscisst'onem
607 960 787 1029 ﬂuctui
813 964 912 1016 vim
948 967 1226 1021 attulerunt
1272 984 1291 1022 :
1332 978 1589 1037 tamquam
1638 969 1805 1022 libidi-

197 1050 346 1104 nosis
373 1051 548 1106 uestris
574 1055 801 1123 partibus
831 1057 1014 1130 dignus
1036 1062 1234 1130 fructus
1272 1063 1337 1118 sit
1374 1061 1540 1116 Venus
1565 1064 1620 1116 in
1647 1064 1805 1117 sacris

196 1143 480 1210 mysteriis.
537 1143 838 1204 Macrobius
891 1166 1020 1205 vero
1045 1152 1137 1208 ubi
1165 1154 1234 1208 de
1264 1155 1498 1209 Saturno
1545 1155 1801 1212 disserit:

196 1230 362 1286 Hunc
379 1234 559 1299 aiunt,
589 1237 790 1308 inquit,
823 1241 1097 1299 abscidisse
1140 1244 1267 1301 ϐαξιὶ
1309 1249 1470 1316 patris
1540 1248 1800 1318 pudenda,

194 1324 384 1396 quibus
405 1326 459 1379 in
486 1344 626 1382 mare
670 1331 907 1399 deiectis,
964 1332 1208 1391 Venerem
1250 1350 1598 1405 procreatam,
1632 1358 1746 1411 qum
1772 1358 1803 1395 a

193 1433 422 1488 spuma,
484 1421 620 1475 unde
666 1425 891 1492 coaluit,
920 1427 1181 1508 Ἀφροδίτη
1208 1448 1390 1486 nomen
1426 1434 1638 1501 accepit.
1702 1433 1802 1488 Adi

191 1521 468 1581 praeterea
519 1514 858 1581 Ciceronem,
892 1524 978 1589 qui
1031 1524 1166 1577 hanc
1194 1524 1483 1578 secundam
1532 1525 1797 1580 Venerem

192 1612 493 1673 nuncupat.
508 1606 745 1664 Consule
763 1610 926 1668 etiam
943 1613 986 1666 si
1012 1612 1165 1677 velis,
1196 1614 1506 1684 Hesiodum,
1528 1617 1797 1681 Servium,

192 1693 516 1765 Gregorium
565 1699 1000 1774 Nazianzenum,
1052 1714 1108 1763 et
1157 1708 1293 1763 alios
1342 1709 1798 1782 (Macrob.,lib.t

191 1786 489 1858 Salmal.,
540 1809 655 1864 cap.
679 1794 731 1857 8.
758 1814 878 1869 pag.
901 1797 1041 1864 209;
1092 1799 1254 1855 Cicer.
1287 1802 1373 1857 lib.
1406 1819 1463 1867 ιι,
1514 1804 1575 1857 de
1603 1802 1794 1858 Natur.

1916 592 2137 659 perione
2188 600 2368 645 natum
2420 591 2632 646 cecinit.
2667 589 2856 644 Cicero
2903 589 3064 643 etiam
3095 587 3324 656 triplicis
3369 584 3513 643 Solis

1911 692 2090 755 patres
2121 693 2386 751 recenset,
2416 699 2641 754 quorum
2692 683 2822 736 alter
2844 724 2856 746 ,
2886 681 3092 751 inquit,
3126 688 3283 734 natus
3327 678 3510 750 Hypea

1910 780 2089 843 rione;
2115 779 2209 834 sed
2241 779 2307 833 de
2334 777 2438 833 hoc
2464 778 2590 835 Sole
2618 777 2687 830 ibi
2716 776 2808 830 ille
2832 792 2937 829 non
2968 775 3138 843 plura.
3167 772 3309 827 Nihil
3333 781 3512 828 tamen

1912 873 1964 927 id
2008 873 2239 933 mirum,
2274 870 2707 942 quandoquidem
2764 870 2831 925 de
2864 869 3169 939 Hyperione
3198 867 3287 921 alii
3336 867 3511 935 scrip-

1910 977 2054 1021 tores
2080 969 2286 1021 variant
2315 966 2333 1039 (
2358 966 2593 1031 llesiod.,
2632 964 2915 1035 Theogon.,
2947 980 3075 1017 vers.
3109 961 3234 1028 571,
3267 971 3315 1015 et
3338 975 3508 1032 seqq.;

1908 1059 2094 1121 Cicer.,
2128 1060 2216 1113 lib.
2245 1075 2300 1114 ιιι
2338 1058 2401 1113 de
2429 1057 2623 1112 Natur.
2672 1058 2929 1121 deorum.,
2971 1073 3089 1126 pag.
3116 1055 3244 1119 247,
3269 1054 3362 1108 lin.
3392 1053 3510 1119 45).

1907 1156 1976 1207 At
2004 1168 2123 1208 cum
2148 1166 2374 1223 utroque
2405 1153 2638 1207 Hesiodo
2667 1160 2719 1205 et
2748 1150 3010 1205 Cicerone
3035 1150 3089 1203 in
3120 1148 3184 1204 iis
3213 1148 3353 1202 belle
3381 1162 3515 1203 con-

1906 1249 2068 1301 sentit
2111 1247 2414 1311 Arnobius,
2444 1247 2534 1316 qui
2582 1246 2923 1315 continenter
2965 1242 3205 1314 adjecitz:
3244 1258 3265 1294 ι
3299 1240 3377 1295 Ex
3409 1239 3511 1295 La-

1907 1350 2029 1396 tona
2059 1348 2114 1395 et
2155 1341 2344 1395 eodem
2372 1339 2505 1393 Jove
2545 1338 2851 1393 arcitenens
2905 1337 3087 1391 Delius-
3134 1342 3187 1391 et
3236 1337 3510 1406 sylvarum

1906 1434 2162 1504 captatrix
2199 1432 2380 1486 Diana.
2420 1451 2441 1483 ι
2476 1430 2712 1505 (Arnob.,
2744 1431 2812 1483 lib
2863 1445 2934 1497 tv,
2966 1445 3085 1499 pag.
3121 1427 3268 1498 Mi.)
3302 1426 3426 1483 Sive
3453 1433 3514 1481 ut

1905 1525 2011 1579 alio
2040 1527 2089 1578 in
2120 1526 2258 1578 libro
2283 1524 2495 1579 dixerat
2526 1542 2539 1576 :
2574 1543 2592 1574 ι
2626 1525 3022 1577 Arcitenentem
3053 1522 3213 1575 Iliona
3236 1528 3291 1575 et
3320 1520 3511 1588 Apollo

1903 1620 2200 1674 circumlati
2236 1634 2330 1688 per
2355 1618 2506 1689 fugas
2534 1619 2741 1681 matris,
2787 1625 2949 1686 atque
2975 1618 3027 1669 in
3057 1614 3247 1670 insulis
3272 1614 3507 1668 erranti-

1903 1713 2003 1768 bus
2045 1715 2131 1768 vix
2158 1714 2275 1768 tuti.
2319 1732 2336 1763 ι
2373 1712 2560 1787 (lbid.,
2592 1712 2681 1765 lib.
2712 1727 2757 1779 ι,
2789 1729 2907 1785 pag.
2942 1711 3045 1774 2t);
3092 1710 3306 1764 Hesiod.
3336 1708 3508 1763 Theo-

1900 1821 2045 1876 gon.,
2084 1821 2212 1859 vers.
2269 1805 2371 1860 917
2399 1814 2444 1857 et
2468 1820 2638 1871 seqq.;
2681 1802 2817 1864 Cic.,
2844 1803 2930 1856 lib.
2958 1817 3013 1856 ιιι
3038 1802 3100 1855 de
3128 1800 3506 1867 Natur.deor.,

188 1881 358 1945 δεον..
385 1901 508 1956 pag.
536 1886 666 1954 248,
686 1889 779 1945 lin.
801 1890 894 1957 27;
920 1891 1160 1957 Hesiod.,
1190 1894 1475 1987 “regem,
1505 1912 1635 1951 vers.
1670 1897 1793 1963 195,
1825 1905 1874 1966 Β
1904 1913 2020 1966 pag.
2051 1896 2182 1961 248,
2211 1895 2303 1950 lin.
2330 1896 2429 1961 i7;
2464 1894 2699 1963 ﬂamen,
2729 1894 2917 1959 Iliad.,
2962 1909 3074 1957 xiv,
3118 1908 3249 1947 vers.
3309 1891 3415 1946 525
3463 1901 3513 1945 et

189 1986 235 2031 et
258 1992 444 2049 δαιθά
486 1979 637 2036 Sero.
670 1983 724 2037 in
757 1984 887 2041 lib.t
922 1984 1110 2059 Georg.
1148 1987 1314 2060 Virg.,
1350 1979 1470 2062 pag.
1506 1992 1641 2057 115ς
1677 1991 1802 2070 Cre—

188 2084 324 2139 gor.,
357 2081 495 2125 orat.
523 2073 619 2127 lin
642 2073 873 2140 Iuliam,
903 2088 1022 2132 ante
1049 2081 1192 2149 βω).

1907 2005 2078 2057 seqq.;
2133 1986 2333 2053 Strat,
2389 1986 2475 2040 lib.
2531 2003 2566 2040 ι
2626 1985 2813 2057 Geogr.
2864 2002 2983 2057 pag.
3039 1983 3180 2050 485;
3236 1981 3407 2039 Calui.
3456 1982 3509 2037 in

1906 2095 2069 2133 carm.
2112 2079 2289 2134 simul.
2333 2078 2530 2143 Diam;
2562 2078 2737 2145 0vid.,
2778 2078 2865 2133 lib.
2910 2094 2979 2133 xv
3002 2077 3372 2147 Metamorplt,
3397 2076 3504 2147 fab.

259 2159 344 2216 Ex
397 2162 594 2219 eodem
623 2180 786 2235 porro
832 2166 1114 2225 Clemente
1187 2171 1555 2229 Alexandrino
1595 2174 1807 2232 videtur
1905 2171 1990 2243 9.)
2024 2174 2099 2228 De
2126 2175 2190 2228 iis
2214 2172 2491 2228 enimvero
2522 2175 2637 2228 haec
2664 2184 2787 2229 sunt
2818 2172 3036 2228 Hesiodi
3066 2172 3304 2228 carmina
3336 2187 3352 2225 :

187 2256 460 2312 Arnobius
487 2258 541 2313 id
571 2259 926 2329 deliberasse,
948 2265 1090 2335 quod
1119 2265 1319 2336 adjecit
1348 2268 1592 2324 eamdem
1625 2285 1802 2326 mere-

189 2349 441 2406 triculam
470 2351 740 2409 Venerem
766 2370 796 2410 a
819 2357 1020 2428 Cynira
1045 2374 1170 2429 rege
1199 2360 1400 2432 Cyprio
1427 2361 1670 2430 dilatam,
1721 2365 1801 2418 di-

185 2456 482 2514 vorumque
527 2456 896 2504 consecratam
935 2451 987 2505 in
1017 2468 1264 2509 numero.
1296 2454 1447 2523 Quod
1481 2456 1696 2525 quidem
1737 2451 1802 2511 et

188 2550 218 2589 a
238 2534 391 2593 Iulio
407 2534 644 2595 Firmico
671 2542 1047 2598 conﬁrmatum
1072 2545 1312 2601 invenies
1330 2554 1345 2617 (
1363 2548 1581 2611 Arnob.,
1606 2550 1694 2604 lib.
1719 2565 1796 2618 IV,

188 2646 320 2700 pag.
351 2631 495 2695 ηδε
525 2630 758 2689 Clemens
781 2636 1044 2692 Alexandr
1074 2682 1087 2706 ,
1119 2641 1369 2694 admonit.
1391 2642 1459 2694 ad
1481 2640 1610 2695 Gent
1638 2684 1654 2708 ,
1676 2660 1795 2714 pag.

190 2723 294 2791 1ος
345 2722 478 2780 Juli.
530 2725 724 2795 Firm.,
776 2730 840 2785 de
883 2748 984 2785 err.
1010 2737 1146 2804 prof.
1179 2733 1355 2804 relig.,
1396 2751 1517 2805 pag.
1553 2734 1662 2804 15).
1694 2734 1800 2790 Nos

185 2824 380 2873 autem
412 2817 480 2874 de
502 2820 591 2875 illa
622 2822 822 2892 aliquid
846 2824 970 2879 alibi
1013 2828 1427 2896 perstrinximus
1448 2827 1622 2901 (Tom.
1651 2845 1666 2883 ι
1694 2830 1800 2900 Αρ-

187 2921 396 2982 paret,
427 2930 553 2987 pag.
582 2916 734 2989 729).

797 3069 1089 3112 ARTICULDS
1128 3071 1200 3111 Π.

190 3209 449 3271 Quomodo
473 3209 716 3261 Arnobius
737 3209 903 3260 falsam
947 3210 1084 3261 Iovis
1127 3211 1437 3262 divinitatem
1483 3212 1796 3262 demonstret

250 3288 321 3325 ex
352 3276 460 3337 ejus
494 3274 751 3325 adulteriis
787 3286 899 3325 cum
935 3275 1238 3337 Hyperione,
1259 3275 1418 3337 funde
1462 3276 1547 3326 Sol
1579 3289 1793 3334 aureus;

247 3335 594 3400 cum’Latona,
616 3337 745 3386 unde
764 3335 1103 3400 arcitenentes
1134 3336 1304 3400 Apollo
1330 3344 1382 3388 et
1404 3338 1559 3389 Diana
1587 3340 1633 3387 in
1656 3340 1794 3387 insu-

249 3397 313 3449 lis
352 3400 660 3463 errantibus;
703 3413 813 3448 cum
855 3397 1008 3459 Leda,
1038 3397 1186 3448 unde
1214 3398 1443 3449 Castores
1481 3400 1789 3463 Tyndarida,

244 3476 349 3512 seu
374 3460 617 3525 Dioscuri,
641 3475 842 3525 ovorum
870 3464 1153 3525 progenies,
1170 3474 1380 3524 quorum
1404 3460 1535 3512 alter
1556 3460 1795 3524 equorum

244 3524 486 3589 dormitor,
506 3523 646 3589 alter
672 3522 977 3589 pugillatur,w
996 3532 1045 3574 et
1066 3522 1224 3589 cestu
1262 3522 1647 3589 insuperabilis:
1674 3527 1792 3589 item

245 3584 370 3635 aliis
406 3584 853 3649 {ovis‘adnlte'riim
902 3599 1010 3635 cum
1051 3585 1304 3642 Alcmena,
1345 3584 1477 3637 unde
1516 3587 1791 3649 Hercules;

246 3661 370 3697 cum
404 3647 623 3705 Semele,
669 3650 801 3700 unde
838 3649 1076 3708 Bacchus,
1114 3663 1206 3701 seu
1246 3650 1491 3709 Bromius,
1532 3650 1715 3707 Nisius,
1742 3647 1795 3701 et

250 3710 434 3768 livius,
458 3723 521 3759 ex
563 3710 863 3771 genitalibus
899 3712 1069 3760 matris
1106 3712 1308 3774 fulmine
1349 3717 1491 3768 ictus,
1535 3721 1681 3774 atque
1729 3727 1794 3762 ex

248 3774 453 3821 semine
475 3774 620 3834 patris
643 3777 819 3823 iterum
843 3781 986 3822 natus
1011 3787 1023 3820 :
1053 3775 1170 3821 item
1200 3773 1335 3823 Jovis
1356 3788 1466 3823 cum
1491 3773 1634 3831 Maia,
1656 3776 1792 3823 unde

252 3834 567 3894 neutrius;
591 3849 701 3895 eum
746 3836 960 3893 Electra,
988 3835 1122 3887 unde
1144 3836 1433 3895 Dardanus;
1477 3850 1587 3885 cum
1610 3837 1793 3886 Laoda-

249 3896 386 3953 mia,
425 3892 856 3962 unde'Srarpedon,
881 3892 965 3947 ubi
984 3898 1053 3962 de
1086 3898 1302 3947 Minerva
1337 3913 1397 3947 ex
1426 3892 1563 3962 Jovis
1586 3899 1794 3962 cerebro

246 3964 397 4017 nata,
427 3970 480 4007 ac
498 3958 558 4007 de
578 3958 796 4021 ejusdem
820 3960 955 4009 Jovis
978 3961 1030 4009 in
1053 3963 1212 4009 varias
1256 3961 1571 4009 animantium
1615 3961 1794 4009 formas

245 4021 628 4082 amationibus,
654 4030 803 4085 atque
827 4023 893 4072 de
916 4023 994 4072 bis
1011 4023 1179 4075 verbis
1203 4038 1213 4069 :
1237 4023 1483 4084 'l‘isianes,
1505 4030 1557 4073 et.
1577 4022 1794 4075 Bocores

244 4085 432 4146 mauri,
459 4092 603 4147 atque
619 4085 839 4136 babeeali
854 4086 1219 4135 adolescentes.

254 4233 616 4305 Jupitercum
645 4234 857 4291 lunone
900 4249 1088 4290 sorore
1137 4248 1231 4288 sua
1288 4234 1559 4300 incestas,
1612 4241 1673 4287 ut
1718 4234 1795 4287 ait

189 4328 483 4396 Arnobius,
506 4336 563 4383 et
585 4338 740 4384 antea
766 4329 1133 4385 Tertullianus
1174 4327 1413 4400 (Arnob.,
1451 4328 1539 4383 lib.
1572 4346 1643 4393 tv,
1669 4346 1788 4402 ρης·

193 4423 335 4487 ηδς
384 4420 629 4489 Tertull,
687 4422 933 4495 Apolog.,
984 4439 1100 4494 cap.
1132 4421 1242 4493 11),
1292 4422 1488 4493 aliique
1516 4432 1788 4488 notarunt,

189 4514 404 4585 nuptias
431 4514 746 4572 celebravit.
769 4516 874 4570 Sed
918 4530 1142 4586 magnus
1173 4516 1262 4570 ille
1289 4514 1423 4569 deus
1460 4515 1790 4570 libidinosis-

189 4609 356 4664 simus
401 4608 506 4664 hac
535 4622 734 4675 uxore,
784 4609 959 4680 inquit
1006 4618 1196 4664 auctor
1237 4619 1450 4673 noster,
1503 4618 1789 4664 contentus

190 4716 291 4757 non
321 4701 452 4769 fuit,
471 4704 715 4773 quamvis
742 4704 851 4757 oris
871 4704 1151 4774 dignitate,
1175 4713 1228 4756 et
1256 4702 1499 4756 ulnarum
1522 4702 1778 4765 candore,
1812 4701 1864 4761 D

187 4794 299 4849 sive
324 4804 388 4849 ut
430 4794 697 4849 Homerus
718 4837 733 4862 ,
761 4795 1163 4865 Gregoriusque
1194 4795 1561 4851 Nazianzenus
1590 4797 1782 4851 λουκὼ-

193 4886 330 4948 λεν-ος
381 4886 660 4952 albiulna,
694 4896 854 4956 atque
901 4889 1094 4943 eximia
1153 4889 1338 4941 [οΙἸΙῖἱΕ
1390 4887 1786 4955 pulchritudine

188 4981 395 5036 caeteris
424 4980 672 5035 omnibus
699 4990 846 5036 esset
889 4981 1169 5035 amabilior
1196 4980 1435 5052 (.4rnob..
1467 4981 1637 5043 lib.1v,
1661 4997 1782 5053 pag.

191 5074 321 5139 Ml;
354 5072 596 5139 Romen,
631 5071 792 5129 Iliad.
822 5087 873 5144 ι⁸
900 5089 1029 5128 vers.
1062 5073 1125 5129 M-
1154 5084 1198 5127 et
1221 5072 1375 5141 alibi;
1437 5070 1590 5141 Creg.
1624 5072 1784 5135 Naz.,

190 5175 324 5221 orat.
353 5167 467 5221 δίη
510 5163 743 5231 Iuliam,
778 5184 899 5237 pag.
931 5166 1084 5237 257).
1138 5167 1215 5221 Ex
1244 5166 1407 5221 variis
1431 5166 1575 5222 enim
1634 5167 1788 5236 pelli-

189 5260 336 5315 cibus
362 5269 421 5315 et
444 5259 639 5315 scortis
659 5302 672 5319 .
705 5268 865 5333 atque
895 5261 1030 5314 adeo
1054 5259 1270 5314 totidem
1302 5258 1575 5313 adulteriis
1596 5300 1610 5323 ,
1651 5260 1787 5315 ﬁlios

189 5355 492 5424 suscepisse
522 5352 861 5424 perhibetur.
909 5353 1094 5424 Neque
1142 5353 1191 5407 id
1223 5352 1425 5408 ethnici
1469 5368 1667 5422 negare
1697 5368 1790 5405 au-

189 5445 405 5502 debant.
446 5446 809 5514 Quamobrem
842 5445 1113 5501 Arnobius
1142 5445 1266 5501 illos
1298 5446 1381 5499 liis
1424 5446 1600 5501 verbis
1650 5447 1787 5501 allo-

187 5541 366 5609 quitur
395 5558 412 5593 :
451 5558 471 5592 ι
506 5540 583 5596 Ex
632 5540 967 5610 Hyperiona,
1009 5559 1029 5592 ι
1063 5541 1236 5611 inquit
1274 5540 1518 5607 (Aruob.,
1566 5540 1655 5594 lib.
1698 5556 1787 5605 tv,

189 5650 309 5704 pag.
338 5631 486 5705 ιιι),
536 5643 702 5690 matre
721 5642 767 5688 et
818 5632 1035 5689 exJove
1073 5634 1365 5705 jaculatore
1411 5633 1642 5703 fulminis
1697 5634 1791 5689 Sol

187 5742 372 5780 aureus
411 5727 839 5797 ﬂagrantissimus
865 5736 1017 5780 natus
1061 5736 1155 5780 est.
1187 5725 1328 5780 Alibi
1364 5739 1493 5779 vero
1513 5765 1527 5788 ,
1558 5724 1597 5799 ;(
1623 5724 1786 5791 lbid.,

190 5836 312 5891 pag.
355 5817 480 5891 155)
511 5804 541 5887 ;”
563 5838 582 5872 ι
616 5818 710 5876 Sol
741 5818 1009 5875 secundus
1041 5835 1192 5890 teque
1228 5818 1375 5875 Jovis
1404 5818 1561 5886 illius,
1595 5828 1648 5875 et
1677 5819 1786 5891 ily-

193 5914 415 5981 periona
450 5912 696 5984 proditus
718 5914 996 5983 genitrice.
1036 5932 1057 5967 ι
1092 5912 1200 5972 Sed
1227 5914 1387 5984 plane
1408 5912 1680 5981 discrepat
1722 5912 1791 5966 ab

2060 2306 2165 2349 Δητὼ
2189 2298 2225 2340 δ’
2248 2301 2448 2340 Απόλλωνα,
2481 2303 2545 2340 καὶ
2568 2290 2722 2353 Ᾰρτιμιν
2736 2330 2747 2348 ,
2768 2301 2954 2353 ὶοχίαιραν
2967 2329 2978 2347 ,

2061 2354 2255 2415 Ill-696m
2276 2366 2380 2415 τόνον
2400 2366 2481 2416 «ιρι
2501 2366 2646 2404 πάντων
2666 2365 2888 2415 σῡρανιιηυν
2907 2392 2919 2410 ,

2060 2429 2199 2468 Γιὶνατ⁵
2223 2424 2270 2478 ἄρ
2282 2456 2295 2475 ,
2315 2429 2499 2479 Δὶγιόχοιο
2523 2429 2603 2474 Διὸς
2628 2428 2793 2481 pilosus
2813 2431 2971 2478 μιγάσι.

2000 2517 2185 2571 Latona
2217 2528 2382 2571 autem
2407 2518 2682 2582 Apollinem
2713 2525 2768 2569 et
2802 2519 3031 2579 Dianam,
3051 2518 3242 2581 sagulis
3278 2514 3503 2647 ῗῗὲιὲξη-

1998 2643 2272 2693 Amabilem
2295 2644 2480 2708 prolem
2503 2657 2652 2708 super
2674 2656 2848 2693 omnes
2874 2644 3078 2703 car-lites,

1999 2708 2182 2759 Genuit
2200 2720 2342 2766 sane,
2365 2706 2585 2772 eEgiochi
2604 2706 2744 2763 Jovis
2760 2720 2931 2763 amore
2951 2709 3125 2761 mixta.

1905 2812 2093 2870 Tullus
2138 2828 2268 2869 vero
2298 2832 2318 2871 ι
2362 2815 2555 2884 Apollo
2608 2816 2798 2871 tertius
2845 2815 2979 2871 Jove
3024 2818 3188 2871 tertio
3236 2824 3396 2872 natus
3442 2823 3500 2873 et

1904 2906 2141 2974 Latona,
2172 2923 2331 2979 quem
2360 2924 2428 2963 ex
2478 2908 2840 2980 Hyperboreis
2872 2909 3107 2981 Delphos
3136 2909 3314 2966 lerunt
3336 2910 3503 2965 adve-

1907 3001 2072 3057 nisse.
2116 3020 2135 3055 ι
2184 3001 2279 3056 His
2311 3016 2469 3066 vero,
2521 3011 2720 3071 praeter
2761 3002 3086 3070 Homerum,
3134 3003 3497 3066 Strabonem,

1901 3092 2200 3161 Catullum,
2254 3104 2310 3151 et
2349 3098 2484 3153 alios
2530 3099 2765 3153 concinit
2786 3097 3039 3162 Ovidius,
3072 3098 3162 3153 ubi
3195 3096 3500 3168 Apollinem

1902 3186 2169 3242 dicentem
2208 3188 2409 3243 inducit
2440 3207 2454 3242 :

2582 3304 2700 3355 Mihi
2718 3304 2956 3369 Delphica
2976 3305 3123 3355 tellus

1992 3365 2057 3433 Et,
2078 3365 2261 3427 Claros,
2285 3373 2337 3417 et
2359 3367 2607 3433 Tenedos,
2631 3365 2949 3433 l’atarze'aque
2975 3371 3116 3431 regia
3139 3371 3309 3429 servit,

1991 3427 2187 3493 Jupiter
2210 3437 2285 3480 est
2300 3431 2513 3493 genitor.

1898 3534 1976 3588 Ex
2004 3534 2275 3589 Herodoto
2297 3552 2457 3607 porro
2482 3536 2656 3594 disces
2676 3578 2690 3602 ,
2723 3552 2821 3593 cur
2851 3536 2993 3597 idem
3022 3531 3213 3607 Apollo
3241 3547 3297 3601 ct
3321 3538 3488 3595 Diana

1898 3629 1967 3680 ab
1998 3628 2241 3682 Annobio
2291 3628 2572 3692 dicantur.
2614 3648 2631 3680 ι
2670 3629 3018 3701 circumligati
3048 3645 3143 3701 per
3189 3628 3339 3699 luges
3386 3645 3496 3687 ma-

1900 3722 1996 3776 tris
2024 3763 2036 3787 ,
2070 3732 2231 3793 atque
2254 3724 2308 3776 in
2338 3723 2530 3778 insulis
2571 3723 2873 3779 errantibus
2902 3723 2987 3779 vix
3021 3725 3138 3781 tuti.
3180 3742 3199 3777 ι
3232 3723 3307 3783 lbi
3353 3724 3497 3787 enim

1898 3812 1990 3868 ille
2015 3826 2200 3873 narrat
2226 3815 2531 3889 Apollinem
2564 3825 2619 3871 et
2644 3816 2863 3873 Dianam
2886 3833 2915 3873 ιι
2937 3816 3140 3873 Latona
3170 3815 3224 3873 in
3255 3814 3499 3875 Cbemmi

1898 3907 2069 3962 insula
2092 3949 2104 3968 ,
2150 3924 2268 3978 (pta:
2300 3921 2486 3978 postea
2518 3911 2776 3965 innatavit
2797 3951 2814 3978 ,
2844 3910 3141 3969 occultatus
3171 3920 3227 3967 et
3253 3919 3498 3989 servatus

1899 4000 2207 4073 (Herodot.,
2260 4001 2349 4054 lib.
2381 4017 2455 4067 ιι,
2492 4000 2518 4073 §
2555 4002 2689 4067 156,
2738 4020 2858 4073 pag.
2895 4002 2991 4056 iiii
3018 4019 3032 4068 ;
3061 4002 3282 4067 Arnob.,
3317 4000 3405 4059 lib.
3439 4016 3492 4069 ι,

1898 4110 2019 4163 pag.
2045 4094 2159 4163 ΞΟ).

1966 4184 2265 4241 Subscribit
2314 4188 2517 4243 iterum
2558 4187 2805 4243 Ciceroni
2863 4196 3051 4243 auctor
3100 4197 3315 4253 noster,
3367 4203 3494 4244 cum

1903 4291 2089 4349 postea
2123 4282 2344 4336 tradidit
2373 4299 2437 4337 ex
2468 4285 2585 4354 ipso
2624 4283 2799 4339 adhuc
2827 4282 2960 4339 Jove
2981 4287 3188 4354 genitos
3211 4284 3495 4352 Castores,

1901 4391 1921 4426 ι
1958 4371 2181 4438 Gricee,
2220 4394 2238 4426 ι
2271 4376 2443 4445 inquit
2467 4374 2665 4449 (lbid.;
2723 4376 2813 4431 lib.
2846 4392 2920 4441 tv,
2951 4393 3074 4447 pag.
3108 4376 3247 4447 Mi)
3284 4394 3302 4428 ι
3338 4377 3496 4432 Dios-

1895 4464 2036 4519 curis
2090 4480 2283 4521 nomen
2333 4476 2433 4522 est.
2473 4487 2489 4518 ι
2528 4467 2753 4536 Scriptis
2788 4469 3066 4523 enimvero
3093 4470 3283 4523 Cicero
3334 4478 3493 4525 antea

1895 4554 2010 4610 hare
2039 4557 2387 4612 inatidaverat
2416 4577 2428 4610 :
2460 4562 2752 4637 Δίοσκουροι
2781 4560 2939 4613 etiam
2965 4560 3105 4637 apud
3136 4559 3327 4615 Graios
3352 4561 3493 4617 mul-

1897 4653 1963 4706 tis
1993 4652 2165 4706 modis
2209 4655 2664 4723 nominantur...,.
2721 4653 2954 4708 Secundi
3001 4654 3133 4710 Jove
3172 4656 3331 4711 tertio
3382 4655 3494 4710 nati

1890 4760 1955 4800 ex
1995 4744 2140 4800 Leda
2165 4744 2355 4801 Castor
2380 4756 2436 4801 et
2479 4747 2686 4801 Pollux.
2720 4766 2739 4798 ι
2766 4746 3039 4819 (Cic.,lib.
3079 4764 3136 4803 ιιι
3185 4751 3247 4802 de
3297 4747 3493 4803 Natur.

1888 4838 2056 4903 deum,
2104 4858 2156 4910 p.
2192 4837 2341 4912 H7.)
2395 4838 2617 4911 Utrique
2658 4839 3014 4909 adstipulator
3069 4841 3279 4897 accedit
3316 4841 3493 4896 Theo-

1890 4932 2057 4991 critus
2079 4941 2232 5001 poeta
2254 4946 2462 5003 graecus
2494 4932 2577 4991 his
2606 4932 2937 4995 carminibus
2970 4930 3288 5004 (Theocrit.,
3324 4931 3488 5005 Idyll.

1889 5024 1981 5098 22)
2012 5042 2029 5078 :

2042 5135 2219 5184 Υμνιομις
2243 5128 2365 5183 “Si;
2390 5148 2431 5173 τι
2452 5135 2513 5173 καὶ
2536 5135 2690 5185 Αὶγιόχῳ
2715 5134 2796 5179 Διὸς
2818 5126 2896 5183 υἱῷ.

2046 5198 2235 5247 Κάστορα,
2257 5197 2318 5234 καὶ
2339 5197 2490 5247 φϐιρὸν
2514 5192 2744 5236 “obiicimus.
2767 5196 2833 5239 πὺξ
2859 5192 3011 5247 ὶριῧὶζιν
3030 5224 3040 5240 ,

2046 5261 2181 5309 Χιὶρᾳς
2207 5257 2447 5304 ἰπιζιῦξαντα
2470 5261 2594 5307 μέσοις
2620 5261 2777 5308 palatoue
2801 5260 2944 5307 ἱμᾶσιν.

1983 5327 2173 5390 Hymno
2191 5330 2502 5381 celebramus
2527 5329 2675 5380 Ledae
2692 5338 2746 5381 et
2759 5329 2897 5379 Iovis
2918 5327 3144 5391 (Egiocbi
3160 5328 3293 5383 tilias

1986 5391 2251 5455 Castorem,
2279 5399 2331 5439 et
2354 5393 2627 5455 terribilem
2654 5393 2923 5455 Pollucem,

1985 5452 2103 5503 Cum
2128 5452 2269 5503 manu
2294 5455 2448 5504 cinxit
2466 5453 2666 5505 bubulis
2690 5455 2822 5505 loris.

1894 5536 2102 5592 Videsis
2150 5547 2409 5607 praeterea
2440 5539 2658 5595 Homeri
2707 5540 2963 5612 hymnum
3007 5539 3059 5593 in
3095 5538 3243 5593 .lovis
3271 5551 3487 5609 pueros,

1893 5644 1957 5684 ac
1987 5629 2382 5686 Tbeodoretum
2409 5632 2729 5703 (Theodon,
2753 5650 2907 5688 serm.
2939 5632 2974 5687 Ω
3002 5635 3065 5687 de
3096 5634 3278 5706 Auget.
3306 5643 3356 5688 et
3384 5634 3490 5688 dat-

1892 5736 2055 5786 mon.,
2088 5723 2276 5794 pugilli
2293 5726 2361 5795 l).

1966 5818 2236 5872 Arnobius
2261 5834 2390 5874 vero
2417 5819 2607 5874 ambos
2632 5819 2825 5874 fratres
2881 5834 2988 5875 uno
3016 5819 3349 5889 sunplicique
3391 5832 3490 5873 no-

1894 5908 2043 5967 mine
2086 5908 2341 5968 Castores
2390 5910 2659 5981 appellat;
2713 5931 2731 5964 ι
2785 5911 2939 5981 quia.
2993 5932 3013 5965 δ
3059 5912 3229 5981 inquit
3264 5910 3489 5966 Servius
