4166 6256
229 283 340 344 515

1459 288 1524 346 IN
1560 286 1939 360 ARNOBIUM,
1982 294 2136 353 CAP.
2177 292 2267 354 XI.

3417 306 3522 371 5M

230 405 308 459 De
338 404 440 457 hoc
467 410 644 458 autent
687 404 958 461 Alcmenae
985 415 1142 478 partu
1179 404 1368 464 Cicero
1399 425 1412 462 :
1446 411 1639 466 Sextus
1688 413 1821 467 llcr-
1846 417 1901 476 Α
1924 415 2097 471 adhuc
2124 406 2437 487 excerptum
2471 418 2724 476 fateberis
2743 462 2758 487 ,
2789 423 2933 493 quod
2963 433 3152 481 auctor
3179 438 3367 487 noster
3391 434 3523 491 sub-

225 498 409 558 cules,
442 499 642 569 inquit,
686 515 749 553 ex
787 499 1062 565 Alcmena,
1092 518 1239 571 quem
1263 502 1468 574 Jupiter
1492 509 1697 575 genuit,
1728 508 1818 561 sed

223 592 400 649 tertias
427 593 653 664 Jupiter.
698 593 892 660 Plura,
925 596 969 650 si
1004 596 1181 664 lubet,
1224 599 1363 668 apud
1394 599 1686 655 Diodorum
1729 600 1815 656 Si—

222 688 425 754 culum,
459 686 774 753 Hesiodum,
820 687 1089 756 Plautum,
1132 701 1187 746 et
1228 691 1474 748 Vossium
1506 694 1688 765 legere
1725 710 1817 765 po-

222 779 374 837 teris.
428 779 589 834 Addit
641 796 773 835 vero
822 782 1025 838 Auctor
1078 792 1265 839 noster
1312 796 1435 856 post
1484 784 1817 842 Clementem

220 871 646 928 Alexandrinum
678 883 976 930 transactas
1003 875 1070 931 ab
1094 877 1283 933 eodem
1312 878 1442 933 Jove
1473 894 1667 935 novem
1697 895 1818 934 cum

220 968 481 1024 Alcmena
512 978 717 1026 noctes.
767 970 840 1025 De
872 971 973 1027 ltoc
1003 987 1165 1042 porro
1211 971 1440 1044 aliisque
1466 973 1533 1028 ab
1581 974 1820 1031 Arnobio

218 1073 412 1120 nostro
439 1064 753 1120 memoratis
789 1063 938 1121 Jovis
975 1067 1261 1123 adulteriis
1290 1068 1485 1124 \itieSiS
1523 1067 1816 1124 Homerum

216 1155 376 1230 (Cia,
407 1159 445 1211 l.
480 1172 557 1223 ιιι,
582 1158 645 1211 de
671 1154 867 1212 Natur.
893 1158 1061 1221 deor.,
1086 1176 1140 1231 p.
1164 1158 1294 1226 205,
1326 1160 1420 1216 lin.
1445 1161 1541 1215 ult.
1577 1159 1817 1229 Diodor.,

216 1252 256 1306 l.
285 1266 366 1318 tv,
400 1250 564 1318 Bibl.,
598 1270 651 1322 p.
686 1254 818 1320 {57;
852 1251 1096 1321 Hesiod.,
1127 1254 1190 1308 de
1230 1264 1375 1309 scuto
1409 1253 1566 1311 llerc.
1616 1256 1815 1322 Plaut.,

213 1343 268 1397 in
300 1343 557 1416 Amphit.;
601 1343 773 1413 Voss.,
802 1344 841 1399 l.
870 1361 907 1412 ι,
936 1346 1000 1400 de
1025 1348 1159 1418 orig.
1191 1356 1237 1401 et
1268 1364 1444 1419 progr.
1472 1347 1623 1414 idol.,
1653 1365 1700 1401 ε.
1727 1348 1816 1416 14,

215 1456 271 1510 p.
316 1436 451 1503 162;
492 1437 705 1507 Aruob.,
754 1439 793 1494 l.
834 1453 912 1506 tv,
965 1457 1015 1510 p.
1065 1439 1202 1506 145;
1236 1438 1468 1496 Clemens
1511 1441 1814 1509 Alexandr,

213 1530 486 1585 Admonit.
530 1531 598 1584 ad
642 1540 806 1604 gent.,
851 1550 904 1603 p.
936 1530 1039 1599 2ος
1077 1531 1291 1588 Homer.
1324 1532 1513 1602 Iliad.,
1555 1550 1664 1599 xiv,
1709 1551 1820 1590 ver-

209 1643 306 1683 sus
337 1627 443 1683 3l6
470 1637 515 1682 et
540 1625 729 1699 seqq.).
1729 1622 1733 1628 “

286 1720 563 1790 Explicata
605 1737 819 1793 quoque
853 1723 1122 1791 invenies,
1171 1740 1293 1796 quae
1331 1727 1605 1782 Arnobius
1633 1727 1820 1783 scribit

213 1813 472 1871 Liberum
505 1857 521 1881 ,
551 1829 647 1872 seu
679 1815 948 1873 Bacchum
981 1833 1047 1874 ex
1066 1818 1200 1875 Jove
1224 1831 1277 1875 et
1303 1820 1537 1887 Semele,
1565 1832 1726 1893 atque
1750 1838 1817 1878 ex
1844 1826 1894 1888 B

212 1913 445 1974 semine,
469 1924 568 1966 seu
600 1909 807 1966 fenmre
834 1912 1001 1980 patris
1024 1929 1212 1969 rursus
1253 1923 1469 1981 natum;
1507 1925 1562 1972 et
1607 1925 1664 1971 ιιι
1690 1916 1815 1971 alibi

212 2002 476 2073 loquitur,
506 2017 573 2059 ex
605 2003 931 2074 genitalibus
959 2006 1143 2061 matris
1172 2006 1393 2063 fulmine
1426 2009 1814 2079 praecipitatum

215 2094 463 2165 (Arnob.,
492 2097 582 2151 lib.
627 2113 663 2158 t.
696 2114 816 2170 pag.
858 2098 931 2154 20
956 2111 1002 2153 et
1030 2100 1141 2163 24;
1179 2111 1227 2156 et
1267 2102 1357 2157 lib.
1403 2118 1479 2165 Iv,
1512 2120 1631 2175 pag.
1664 2100 1813 2175 141).

212 2192 414 2251 Narrat
454 2194 596 2249 enim
651 2192 913 2249 Diodorus
961 2194 1235 2251 Semelem
1281 2212 1311 2251 a
1358 2197 1514 2265 Jove,
1564 2198 1653 2267 qui
1702 2198 1819 2267 ejus

215 2303 407 2343 amore
447 2287 726 2359 ﬂagrabat.
760 2287 1010 2360 precibus
1051 2288 1164 2343 suis
1189 2291 1511 2356 extorsisse,
1540 2299 1600 2346 ut
1646 2289 1712 2345 ad
1757 2305 1817 2346 se

214 2397 288 2437 ex
315 2381 406 2437 illo
435 2390 827 2454 pra‘gnantem,
861 2382 979 2452 pari
1004 2391 1166 2451 atque
1196 2382 1261 2438 ad
1287 2383 1557 2439 Junonem
1587 2383 1815 2452 honore,

213 2475 273 2532 id
321 2485 426 2540 est,
473 2476 675 2532 tonitru
707 2486 760 2532 et
789 2476 1016 2532 fllill’lilte
1054 2488 1296 2532 armatus
1339 2477 1623 2533 accederet
1661 2475 1818 2548 (Dio-

215 2570 340 2624 tlor.
405 2569 593 2633 Sicul.,
643 2569 734 2625 lib.
783 2585 872 2637 XL,
921 2568 1193 2636 Biblioth.,
1246 2587 1366 2642 pag.
1415 2569 1540 2633 158,
1591 2580 1639 2625 et
1679 2569 1821 2639 apud

214 2661 444 2729 Euseb.,
478 2662 564 2718 lib.
601 2678 656 2729 ιι,
697 2661 933 2735 Prtepar.
986 2662 1212 2735 Evaug.,
1262 2680 1379 2734 cap.
1429 2663 1484 2721 2.
1535 2681 1656 2736 pag.
1702 2663 1817 2731 52).

208 2753 331 2812 Sed
358 2770 479 2811 cum
509 2753 596 2810 illa
628 2763 832 2811 tantam
880 2755 1104 2827 fulgoris
1148 2772 1213 2812 ac
1260 2754 1493 2828 fragoris
1538 2757 1645 2811 vim
1680 2756 1821 2814 ferre

210 2846 579 2919 nequivisset,
629 2848 816 2905 statim
862 2850 1166 2905 exanimata
1215 2849 1462 2905 abortum
1505 2851 1654 2906 fecit.
1683 2850 1818 2905 Tum

101 2962 107 2967 ·
209 2956 351 2998 vero
382 2940 591 3012 Jupiter
629 2942 887 2997 infantem
938 2958 1036 2998 suo
1088 2943 1253 2999 insuit
1305 2943 1529 3011 femori,
1589 2958 1822 3013 eumque

211 3044 362 3091 stato
402 3044 646 3105 tempore
691 3038 917 3101 enixus,
946 3035 1144 3108 Nysam
1186 3035 1401 3092 Arabiae
1444 3035 1497 3091 in
1544 3036 1822 3092 civitatem

211 3128 542 3200 deportavit.
575 3128 651 3184 lbi
681 3144 711 3184 a
737 3129 997 3202 Nymphis
1023 3129 1304 3198 educatus,
1339 3147 1367 3184 a
1399 3134 1573 3200 patre,
1602 3140 1655 3187 et
1678 3130 1818 3198 loco,

212 3222 311 3277 ubi
346 3233 501 3277 natus
531 3232 646 3288 est,
680 3221 898 3294 Dionysi
941 3223 1151 3293 accepit
1181 3239 1400 3279 nomen.
1442 3223 1592 3280 Alios
1621 3232 1817 3291 testes,
1845 3230 1891 3295 ο

211 3317 261 3372 si
288 3316 383 3372 tibi
417 3317 531 3373 dari
570 3317 733 3384 velis,
765 3320 875 3373 cito
898 3316 1147 3374 dabimus
1179 3319 1500 3388 Homerum,
1530 3318 1779 3375 Nonnnm
1800 3362 1818 3387 ,

213 3410 493 3479 Ovidium,
537 3421 593 3467 et
631 3409 975 3480 Ciceronem,
1028 3428 1183 3484 quos,
1233 3427 1354 3469 cum
1398 3414 1624 3478 lubebit,
1670 3414 1821 3471 adire

211 3502 378 3559 facile
413 3505 616 3574 poteris
646 3502 911 3581 (flamen,
943 3503 1103 3559 lliud.
1136 3520 1250 3569 xrv,
1284 3522 1414 3561 vers.
1442 3505 1551 3561 255
1582 3516 1628 3560 et
1653 3521 1821 3578 seqq.;

214 3595 428 3664 Nonn.,
448 3598 536 3652 lib.
564 3613 603 3653 ι.
632 3596 851 3670 Diougs.
876 3598 1019 3663 init;
1039 3596 1215 3661 0vid.,
1236 3599 1324 3655 lib.
1348 3615 1421 3653 ιιι.
1444 3598 1817 3668 Metamorp/t.,

215 3687 250 3762 ἓ
276 3691 335 3757 3,
360 3708 478 3762 pag.
503 3690 607 3747 102
627 3701 673 3746 et
695 3708 859 3761 seqq.;
884 3692 1070 3757 licem,
1093 3690 1183 3746 lib.
1209 3706 1245 3759 ι,
1271 3690 1507 3755 Tuscul.,
1527 3710 1648 3765 pag.
1670 3692 1817 3763 119).

296 3782 517 3839 Interim
562 3784 791 3841 observa
843 3782 1090 3839 Liberum
1122 3785 1190 3839 ab
1221 3795 1441 3841 auctore
1488 3799 1673 3841 nostro
1713 3802 1819 3840 non

208 3877 403 3936 solum
430 3875 767 3943 Semeleion,
802 3877 853 3934 id
894 3887 1009 3949 est,
1040 3879 1286 3937 Semeles
1313 3880 1512 3948 lilium,
1560 3881 1656 3937 sed
1690 3880 1822 3937 Bro-

208 3973 388 4028 mium
444 3989 693 4045 quoque,
753 3972 1010 4045 Nysium,
1070 3984 1232 4046 atque
1291 3973 1481 4029 Evinm
1540 3974 1818 4045 appellati.

206 4067 430 4143 Βρόμιον
456 4066 532 4134 δὲ,
581 4070 757 4138 inquit
792 4069 988 4123 citatus
1012 4084 1039 4122 a
1070 4067 1226 4123 nobis
1268 4068 1531 4124 Diodorus
1573 4067 1821 4134 Siculus,

209 4165 319 4220 ἀπὸ
347 4170 441 4220 τοῦ
458 4166 595 4220 κατὰ
620 4168 710 4222 τήν
732 4164 927 4237 γένεσιν
949 4165 1109 4218 αὐτοῦ
1145 4164 1412 4239 γενομένου
1438 4161 1659 4240 βρόμου.
1691 4161 1821 4218 Bro-

208 4256 348 4311 mius
378 4256 444 4309 ab
475 4257 697 4311 excitato
720 4256 859 4311 circa
891 4256 1203 4311 natiuitatem
1231 4258 1344 4325 ejus
1372 4258 1591 4310 tonitrus
1616 4259 1824 4327 fragore

208 4360 563 4423 nuncupatus
586 4362 669 4408 est
690 4393 706 4418 ,
734 4352 930 4424 Nysius
961 4368 1092 4407 vero
1125 4367 1231 4408 non
1262 4368 1292 4407 a
1317 4352 1427 4422 jam
1454 4352 1675 4424 praefata
1697 4394 1712 4420 ,
1746 4352 1822 4409 uti

205 4448 464 4515 videtur,
515 4446 647 4504 urbe
689 4447 900 4503 Arabia:
940 4447 1115 4519 Nysa,
1146 4448 1241 4504 sed
1291 4449 1467 4518 potius
1503 4447 1647 4521 Nyso
1678 4448 1821 4502 illius

206 4556 389 4616 patre.
419 4540 553 4599 Nam
582 4541 800 4610 Cicero,
822 4554 942 4614 post
965 4560 1126 4615 quem
1150 4554 1341 4599 auctor
1371 4553 1557 4599 noster
1584 4544 1821 4615 quinque

1919 507 2129 576 jnnxit,
2163 525 2227 563 ex
2260 514 2451 567 eodem
2493 512 2623 568 Jote
2654 523 2708 568 et
2734 513 2865 569 Maia
2897 518 3137 587 genitum
3163 536 3284 576 esse
3310 522 3520 580 Mercu-

1924 600 2061 656 rimn
2113 600 2350 674 (Arnob,
2399 606 2488 659 lib.
2535 622 2605 673 tv,
2655 624 2777 680 pag.
2824 610 2956 675 136;
3000 622 3121 667 tom.
3170 630 3210 681 ι,
3241 616 3518 689 Apparal.,

1924 694 2013 749 lib.
2059 712 2136 761 ιιι,
2175 697 2380 754 dissert.
2421 702 2476 767 5,
2514 718 2558 755 c.
2605 701 2659 769 9,
2706 713 2805 758 art.
2851 706 2906 771 2,
2955 725 3075 781 pag.
3128 711 3270 775 757).
3302 712 3522 771 Litteris

1923 787 2121 859 quippe
2142 789 2341 863 latinus
2367 802 2549 849 oratur
2577 795 2692 850 haec
2717 798 3068 868 consiguasse
3089 802 3304 871 legitur.
3331 825 3350 858 ι
3384 806 3522 863 Mer-

1924 882 2105 937 curius
2154 885 2342 939 tertius
2371 885 2503 943 Jove
2548 890 2707 945 tertio
2752 900 2907 947 natus
2936 910 3000 949 ex
3028 894 3194 964 Maia,
3234 912 3300 953 ex
3330 914 3437 970 quo
3466 910 3523 956 et

1924 972 2190 1046 Penelopa
2229 978 2371 1033 Pana
2413 992 2594 1036 natum
2626 983 2823 1039 ferant.
2864 1005 2881 1038 ι
2922 986 3185 1045 Diodorus
3214 1001 3394 1047 autem
3437 994 3520 1049 Si-

1924 1067 2115 1122 culus:
2155 1088 2174 1122 ι
2214 1068 2455 1127 Fuerunt
2486 1074 2609 1130 tiliae
2648 1089 2858 1148 septem
2898 1081 3194 1140 Atlanti....
3225 1082 3358 1139 Maia
3393 1097 3519 1143 natu

1925 1163 2159 1218 maxima
2188 1180 2218 1218 e
2242 1164 2391 1221 Jovis
2418 1169 2700 1237 complexu
2746 1171 3067 1228 Mercurium
3111 1176 3398 1231 multarum
3429 1193 3519 1234 ar-

1928 1251 2056 1307 tium
2099 1269 2429 1325 repertorem
2468 1279 2487 1312 ι
2522 1262 2708 1331 genuit
2745 1260 2956 1333 (Cicer.,
2988 1265 3080 1322 lib.
3108 1282 3188 1335 ιιι,
3228 1268 3292 1323 de
3325 1268 3517 1328 Natur.

1922 1345 2092 1414 deor.,
2126 1367 2246 1422 pag.
2276 1350 2400 1415 218,
2432 1353 2524 1407 lin.
2572 1354 2635 1419 6;
2670 1353 2887 1411 Diodor.
2934 1358 3123 1424 Sicul.,
3172 1360 3259 1416 lib.
3314 1377 3392 1429 ιιι,
3423 1361 3522 1417 Bi-

1925 1439 2129 1509 blioth.,
2177 1461 2297 1514 pag.
2334 1446 2477 1516 155).
2509 1444 2739 1517 Utrique
2762 1460 2940 1505 autem
2970 1462 3165 1521 praeter
3190 1452 3518 1511 Macrobium

1926 1532 2206 1607 (Macrob..
2236 1538 2324 1591 lib.
2355 1555 2393 1604 ι,
2423 1539 2722 1607 δαιιινηαι.,
2746 1560 2794 1599 c.
2834 1543 2922 1612 12,
2956 1563 3077 1618 pag.
3106 1546 3231 1621 122)
3259 1548 3520 1622 suffraga-

1923 1636 2009 1683 tus
2035 1637 2120 1685 est
2148 1629 2401 1702 Virgilius
2430 1633 2513 1689 bis
2538 1637 2786 1692 versibus
2822 1654 2834 1691 :

2015 1729 2168 1802 vobis
2191 1732 2468 1802 Mercurius
2492 1746 2629 1796 pater
2644 1743 2742 1799 est,
2768 1752 2917 1802 quem
2942 1742 3143 1792 candida
3166 1742 3297 1795 Maia

2021 1792 2252 1862 Cyllenes
2274 1796 2442 1862 gelido
2460 1792 2752 1862 conceptum
2779 1792 2965 1854 vertice
2987 1806 3126 1856 ludit.

2015 1855 2072 1933 At
2101 1855 2502 1933 Maiamtauditis
2522 1863 2563 1933 si
2587 1855 2852 1933 quidquam
2878 1855 3145 1933 credimus)
3166 1868 3304 1922 Atlas

2015 1917 2154 1968 Idem
2174 1917 2313 1968 Atlas
2335 1931 2564 1986 generat,
2584 1917 2695 1974 ctuti
2718 1917 2801 1989 qui
2822 1930 2997 1990 sydera
3018 1917 3160 1982 ιυιιιί.

2198 2003 2430 2069 (Virgil,
2447 2004 2532 2056 lib.
2556 2021 2638 2058 vni
2659 2009 2867 2072 timid"
2887 2025 3014 2066 vers.
3034 2016 3125 2067 158
3141 2025 3188 2069 et
3206 2019 3365 2085 seqq.)

1919 2110 2064 2179 Quos
2093 2111 2146 2166 in
2170 2126 2361 2168 versus
2389 2114 2588 2171 videsis
2618 2116 2791 2174 Servii
2821 2121 3254 2182 observationes.

1991 2205 2136 2260 Mille
2164 2223 2330 2278 porro
2354 2208 2475 2264 aliis
2496 2221 2549 2265 et
2575 2213 2874 2284 virginibus
2901 2226 2955 2272 et
2983 2220 3333 2292 mulieribus,
3362 2223 3522 2283 sicuti

1921 2298 2048 2355 alibi
2091 2313 2356 2356 meruerat
2401 2305 2671 2361 Arnobius
2717 2309 2959 2380 (Arnob.,
2990 2312 3079 2367 lib.
3129 2330 3180 2380 v,
3216 2333 3338 2389 pag.
3370 2318 3519 2391 172),

1922 2394 2237 2463 pudicitiam
2288 2397 2506 2454 infamis
2550 2400 2763 2472 Jupiter
2809 2407 3028 2475 eripuit.
3070 2402 3151 2465 ilbi
3198 2422 3376 2467 autem
3428 2413 3525 2470 ille

1924 2485 2195 2542 Elemram
2247 2505 2309 2545 ac
2361 2490 2709 2550 Laodamiam
2761 2498 3078 2554 nominatim
3137 2504 3395 2572 appellat.
3456 2507 3527 2562 At

1928 2577 2135 2633 blectra
2166 2581 2399 2651 nympha
2445 2585 2542 2639 luit
2576 2585 2778 2643 Oceani
2809 2598 2864 2645 et
2893 2590 3153 2649 Tnethios
3186 2593 3313 2660 tilia,
3345 2613 3466 2669 qua:
3491 2613 3525 2656 a

1922 2667 2057 2725 Jove
2108 2683 2452 2742 constuprata
2474 2719 2489 2742 ,
2524 2678 2826 2735 Dardanum
2855 2692 2993 2740 teste
3025 2684 3236 2754 Ovidio,
3294 2667 3430 2757 sive,
3470 2699 3526 2746 ut

1925 2763 2214 2836 Dionysius
2245 2766 2689 2828 Halicarnasseus
2714 2776 2988 2844 opinatur,
3022 2778 3326 2836 Dardanum
3354 2791 3410 2838 et
3436 2782 3526 2839 Ja-

1924 2872 2042 2913 sum
2073 2861 2281 2930 peperit
2301 2861 2545 2936 (Dioug.,
2577 2864 2876 2937 Halicarn.,
2899 2870 2988 2925 lib.
3020 2887 3058 2938 ι,
3088 2872 3339 2942 Antiquit.
3363 2891 3523 2945 rom.,

1924 2967 2043 3024 pag.
2068 2952 2181 3025 49).
2207 2954 2381 3011 Ovidii
2403 2968 2583 3014 autem
2612 2960 2725 3016 haec
2749 2972 2875 3017 sunt
2897 2978 2960 3019 ea
2985 2963 3052 3020 de
3076 2979 3137 3020 re
3164 2967 3402 3023 carmina
3435 2985 3450 3023 :

2018 3061 2277 3141 Dardanon
2296 3064 2497 3141 Electra
2522 3072 2743 3121 nesciret
2766 3072 3016 3141 Atlantide
3042 3085 3252 3141 cretum,

2111 3126 2311 3180 Scilicet
2331 3129 2582 3182 Electram
2608 3137 2933 3189 concubuisse
2951 3138 3082 3191 Jovi.

2452 3218 2640 3283 (Ouid,
2657 3218 2745 3274 lib.
2770 3237 2853 3277 xxv
2872 3226 3085 3289 Easton,
3110 3241 3236 3282 vers.
3260 3230 3368 3295 19.)

1996 3303 2076 3360 Ex
2098 3303 2391 3362 Laodamia
2414 3324 2548 3364 vt-ro
2568 3309 3003 3384 Belleropltontis
3021 3316 3125 3372 filia
3150 3318 3291 3374 idem
3315 3319 3526 3391 Jupiter

1922 3402 2109 3468 genuit
2156 3399 2545 3468 Saperdunem,
2578 3402 2758 3475 Lyciae
2799 3422 3016 3478 regem,
3068 3412 3523 3479 quemadmodum

1922 3491 2069 3546 canit
2098 3490 2365 3548 Homerus
2397 3491 2663 3565 (ﬂamen,
2688 3495 2847 3553 Iliad.
2878 3515 2954 3565 vr,
2983 3516 3110 3557 vers.
3141 3503 3240 3559 197
3265 3515 3313 3559 et
3341 3504 3473 3577 seq.)
3503 3523 3520 3561 :

2078 3611 2292 3676 ᾼαφδαμιίπ
2314 3618 2378 3668 μὶν
2399 3618 2626 3671 sepimine
2659 3622 2811 3670 μητὶκα
2833 3620 2914 3670 ζὼς
2933 3651 2945 3669 .

2084 3682 2114 3716 H
2139 3675 2176 3717 δ’
2200 3680 2293 3719 ius’
2312 3682 2476 3721 ἀντίοιον
2494 3680 2706 3735 unde”:
2728 3686 3040 3738 χαλκοκορὺστήν.

2020 3774 2138 3847 Qum
2162 3775 2420 3827 Laodamia
2441 3780 2643 3891 quidem
2668 3783 2936 3833 concubuit
2956 3783 3153 3847 Jupiter
3170 3786 3470 3849 consiliator,

2020 3837 2189 3891 Ετιαιιθ
2223 3842 2421 3891 uenerit
2478 3844 2661 3891 irinum
2699 3844 3039 3891 Sarpedonem
3075 3856 3278 3891 tamtum
3316 3852 3470 3891 ιιριιιη.

2019 3837 2189 3901 anue
2222 3842 2421 3904 peperit
2443 3837 2661 3893 divinum
2699 3837 3040 3908 Sarpedonem
3075 3856 3278 3900 aeratam
3315 3837 3526 3903 bellato-

3313 3914 3458 3975 [rem.

1974 4001 2221 4083 Tantam
2269 4024 2432 4078 porro
2473 4011 2669 4068 asserit
2713 4013 2984 4073 Arnobius
3029 4026 3242 4090 tamque
3288 4018 3524 4092 ﬂagitio-

1926 4117 2063 4169 sam,
2098 4118 2160 4158 ac
2192 4104 2476 4174 perditam,
2524 4106 2592 4161 de
2621 4124 2723 4181 qua
2753 4124 2851 4165 nos
2890 4109 3014 4166 alibi
3042 4111 3282 4181 (Arnob.,
3315 4112 3405 4171 lib.
3448 4130 3520 4182 tv,

1925 4211 2047 4266 pag.
2079 4194 2203 4261 HS,
2253 4207 2374 4252 tom.
2407 4214 2442 4264 ι,
2476 4199 2751 4270 Apparat.,
2791 4219 2912 4273 pag.
2944 4203 3069 4271 753,
3099 4206 3227 4271 805.
3274 4206 3431 4275 1242,
3475 4216 3524 4264 et

1924 4285 2113 4359 seqq.),
2147 4287 2313 4345 fuisse
2337 4288 2486 4346 Jovis
2516 4290 2827 4359 libidinem;
2858 4305 2913 4349 ut
2933 4295 2998 4351 ad
3026 4312 3168 4364 eam,
3192 4297 3238 4353 si
3271 4314 3522 4368 umquam

1925 4384 2211 4452 potuisset,
2241 4385 2561 4455 explendam
2593 4388 2643 4442 in
2673 4404 2886 4456 aurum,
2910 4400 3175 4464 satyrum,
3194 4391 3521 4460 draconem;

1924 4477 2132 4541 alitem,
2170 4488 2415 4544 taurum,
2460 4496 2523 4535 ac
2554 4480 2835 4537 formicam
2867 4499 2990 4541 sese
3016 4496 3230 4541 vertere
3263 4502 3367 4541 non
3399 4501 3526 4541 eru-

1923 4572 2122 4630 buerit.
2168 4578 2298 4643 Quae
2347 4576 2508 4648 paulo
2549 4577 2751 4637 clarius
2796 4581 3075 4637 enucleata
3116 4578 3343 4639 Ovidius
3383 4580 3525 4640 hunc

207 4639 513 4711 Dionysos,
566 4637 682 4693 sive
731 4637 958 4694 Liberos
1014 4649 1284 4702 recenset,
1342 4638 1547 4695 diserte
1599 4638 1818 4705 asserit.
1846 4639 1900 4701 D
1928 4666 2110 4721 ι-θιιιιει
2139 4637 2491 4726 ίη’,,ιυ(]ὐ,η;

202 4732 448 4803 quintum
480 4728 630 4803 Nyso
654 4742 830 4785 natum
859 4741 904 4785 et
931 4729 1149 4787 Titione.
1195 4730 1309 4786 Evii
1352 4729 1584 4801 denique
1614 4747 1819 4801 cogno-

202 4840 342 4881 men
375 4824 587 4880 Bacclm
616 4825 846 4879 inditum
874 4823 1091 4896 quidam
1126 4832 1349 4895 putant;
1381 4824 1504 4896 quia
1536 4834 1816 4894 postquam

200 4920 267 4975 in
324 4919 537 4975 leonem
589 4929 849 4986 mutatus,
898 4935 1341 4990 unumquemque
1398 4935 1466 4975 ex
1512 4919 1819 4990 gigantibus

198 5013 526 5078 occidisset,
556 5030 588 5068 a
613 5013 747 5070 Jove
775 5024 925 5085 patre
950 5030 1049 5068 suo
1078 5009 1300 5076 Euhion,
1328 5012 1445 5068 sive
1477 5013 1647 5069 bonus
1678 5012 1818 5067 [ilius

196 5107 632 5176 COgnominalns
652 5106 768 5160 l‘nit.
800 5103 901 5159 Alii
926 5108 1266 5176 suspicantur
1290 5104 1390 5160 Itoc
1419 5120 1613 5158 nomen
1637 5112 1815 5158 ortmn

193 5219 235 5259 ει
270 5201 446 5258 verbo
474 5199 630 5267 Evoe,
659 5216 753 5257 seu
784 5200 937 5263 Εὐὰν,
966 5215 1074 5271 quo
1111 5199 1447 5255 Bacchantes
1478 5202 1528 5252 in
1555 5200 1667 5254 suis
1699 5213 1819 5269 my-

194 5295 404 5352 steriis
427 5294 661 5361 Baccho,
704 5304 762 5348 ut
808 5293 932 5348 alibi
980 5295 1381 5359 annotavimus,
1418 5291 1591 5363 palam
1637 5293 1818 5346 accla-

194 5388 442 5446 mabant
475 5385 714 5457 (Arnob.,
747 5387 833 5441 lib.
868 5402 941 5451 tv,
976 5403 1096 5458 pag.
1130 5386 1254 5449 Ml,
1279 5396 1326 5441 et
1354 5384 1442 5441 lib.
1476 5402 1532 5452 v,
1564 5403 1683 5456 pug.
1718 5384 1821 5441 176

191 5495 252 5541 et
291 5482 423 5542 177;
462 5493 509 5537 et
550 5481 650 5536 loc.
687 5483 775 5535 cit.
816 5478 1036 5535 Diodor.
1079 5481 1268 5546 Sieul.,
1309 5482 1398 5536 lib.
1433 5496 1509 5545 ιιι,
1545 5480 1815 5546 ΒὲὺιιοιΙι.,

191 5592 345 5648 pag.
379 5573 510 5639 M9;
537 5584 588 5628 et
628 5571 770 5643 apud
810 5571 1024 5638 Euseb.,
1077 5571 1166 5627 lib.
1209 5588 1267 5627 ιι.
1316 5570 1552 5642 Prtepar.
1588 5562 1816 5643 Euang,

186 5688 247 5726 ε.
282 5666 352 5732 2,
370 5683 491 5739 pag.
515 5665 618 5745 5a;
642 5664 833 5733 (ἤσθιε,
855 5666 945 5725 lib.
969 5682 1048 5735 ιιι,
1071 5665 1134 5721 de
1151 5662 1344 5733 Νικίαν.
1360 5665 1526 5735 deor.,
1546 5684 1668 5740 pag.
1687 5663 1817 5737 218,

186 5768 312 5824 (in.
343 5764 462 5835 25).

184 5886 213 5938 ;,
282 5859 381 5918 Ex
405 5860 570 5920 citato
598 5861 951 5939 paulo_antea
979 5858 1244 5921 Cicerone
1269 5859 1404 5920 illud
1444 5859 1634 5935 procul
1653 5858 1820 5921 dubio

2021 4780 2229 4833 Minonis
2251 4784 2438 4836 elusam
2459 4788 2690 4853 designat
2711 4788 2980 4853 imaginem
3005 4791 3132 4843 tauri

2015 4842 2281 4897 Euronem.

2119 4862 2281 4909 opem.

2022 4944 2034 4956 ο
2106 4947 2116 4958 ι
2189 4946 2201 4959 Ι
2271 4946 2284 4959 ο
2354 4950 2366 4963 ο
2434 4947 2447 4962 ο
2515 4947 2529 4963 ο
2597 4948 2610 4960 ο
2683 4954 2695 4965 ο
2760 4951 2773 4965 ο
2844 4952 2857 4965 ο
2928 4953 2940 4967 ο
3010 4953 3022 4965 Ι
3091 4953 3107 4967 ο

2016 4970 2161 5039 gerit
2191 4979 2243 5039 et
2265 4976 2677 5039 Astoriengaquila
2701 4976 2923 5030 luctante
2945 4982 3124 5039 teneri,

2016 5030 2159 5085 Fecit
2181 5035 2385 5086 olorinis
2411 5030 2591 5086 Ledam
2617 5042 2859 5088 recubare
2884 5042 2977 5091 sub
3004 5030 3129 5091 :tlis':

2017 5095 2247 5165 Addidit,
2263 5102 2476 5165 utsatyri
2500 5098 2688 5165 celatus
2710 5104 2923 5165 imagine
2949 5102 3164 5165 pulcram

2015 5159 2211 5227 Jupiter
2240 5159 2666 5227 impleritgemino
2682 5159 2904 5216 Nirteula
2930 5159 2973 5227 (Ἰ
2986 5175 3003 5227 )
3025 5167 3143 5217 fmtu
3164 5180 3177 5217 :

2016 5221 2525 5294 Attilittytritiii_fuerit,
2554 5239 2659 5294 cum
2680 5236 2738 5294 te
2760 5221 3015 5294 Tirynthia
3041 5230 3113 5289 (2)
3141 5230 3292 5294 cepit.

2019 5284 2217 5335 Aureus
2243 5294 2297 5335 ut
2318 5286 2517 5337 Danaen
2543 5288 2755 5350 Asopida
2783 5284 2865 5403 (ᾗ
2876 5284 3053 5342 luserit
3069 5284 3217 5355 ignis,

2019 5348 2383 5403 Mnemosynem
2408 5357 2602 5403 pastor:
2632 5354 2797 5403 varius
2865 5355 3008 5403 eoida
3027 5368 3217 5403 seruem

2016 5348 2383 5413 Mnemosynem
2407 5357 2569 5413 pastor
2588 5368 2602 5404 :
2632 5348 2797 5404 varius
2816 5348 3008 5405 Deoida
3027 5348 3258 5418 serpens.

1924 5456 2117 5512 Postea
2173 5471 2302 5511 vero
2360 5456 2651 5529 Gregorius
2701 5458 3073 5517 Nazianzenus
3122 5458 3301 5534 (Greg.
3352 5459 3518 5535 Naz.,

1920 5561 2044 5604 tom.
2077 5564 2136 5617 ιι,
2164 5567 2324 5605 carm.
2357 5550 2449 5618 6|,
2484 5569 2602 5625 pag.
2636 5550 2762 5625 142)
2792 5570 2807 5608 :

1994 5684 2072 5761 (ι)
2102 5690 2386 5761 Antiopam
2411 5690 2582 5749 Nictei
2614 5690 2799 5749 ﬁliam.

1994 5760 2072 5834 (2)
2104 5760 2423 5823 Alcumena.

1993 5836 2075 5910 (5)
2104 5834 2301 5909 Egilia
2327 5848 2415 5899 est
2435 5838 2597 5912 Λεορὶ
2622 5835 2846 5896 Boeotiae
2872 5839 3029 5913 regis
3049 5837 3181 5900 tilia.
