4166 6256
823 339 931 405 λομι
948 348 997 401 δή
1016 353 1221 403 spiam»
1243 351 1299 392 ὅς’
1320 354 1447 393 istuc
1471 357 1715 405 perueniat
1733 385 1744 402 ,

824 418 978 469 ταῦρος,
995 414 1133 461 ιιῦιινος,
1153 418 1296 467 χρυσὸς,
1318 416 1407 466 ὄφις,
1430 418 1549 462 πόσις,
1571 413 1715 469 ἄρκτος,
1734 412 1875 458 ἅπαντα

821 467 930 529 ῥυσὰ
948 488 1007 524 μιν
1143 473 1273 527 ἄνωτιν
1294 478 1396 528 ἰρως,
1418 481 1545 529 κοῦρός
1568 467 1609 518 τί
1626 476 1855 527 ἀλαπαδνὸς,

819 528 871 584 ὸς
891 538 999 579 ωδτοί
1018 540 1050 590 τ’
1075 541 1240 579 ἰνικονσι
1261 540 1346 581 σιῶν
1369 528 1572 594 ulmi-ips;
1596 540 1759 583 ἀιιδνῶν.

757 670 917 741 Cerne
939 672 1060 741 mihl_
1083 679 1317 741 quoniam
1342 674 1537 741 formas,
1559 679 1645 740 qui
1668 674 1855 739 primus
1880 691 2051 728 eorum
2064 686 2160 741 est,

758 732 948 803 induat,
977 732 1195 785 ardentis
1216 735 1430 803 Veneris
1451 732 1565 803 dum
1577 732 1800 802 'car'pttur
1817 744 1935 803 igne
1952 741 1977 791 ?

756 796 897 868 Quae
920 804 1108 855 taurus,
1134 812 1263 848 nunc
1288 800 1427 850 albus
1450 800 1575 868 olor,
1600 796 1730 852 nunc
1752 796 1962 868 caerulus
1984 807 2177 868 anguis,

753 857 895 909 Nunc
932 870 1118 920 ausum,
1162 874 1406 924 ursusque
1448 857 1674 925 efﬁcitur,
1724 879 1851 915 nunc
1874 857 2094 981 deniqu‘?
2119 857 2258 981 qigd-

2081 944 2165 981 aut

754 983 871 1055 Fuit
892 998 1046 1055 amor,
1070 987 1391 1055 inﬁrmusque
1418 1002 1560 1053 puer,
1586 990 1839 1055 sicdicitis
1863 996 1975 1055 ipsi,
2061 930 2112 995 [ᾳ

754 1045 1005 1098 Imbecilla
1022 1050 1160 1111 juvat
1180 1045 1517 1114 quos'ﬁng'ere
1540 1045 1737 1101 numina
1753 1045 1946 1104 dextra.

661 1196 738 1251 De
776 1196 1017 1265 ejusdem
1049 1206 1228 1253 autem
1274 1197 1423 1253 lovis
1469 1199 1717 1267 ridicula,
1767 1210 1825 1253 ut
1870 1196 2257 1273 Eurymedusa:

658 1296 903 1358 stuprum
930 1288 1192 1357 afferret,
1224 1289 1523 1346 mulatione
1547 1291 1672 1346 alibi
1704 1291 1907 1361 aliquid
1935 1293 2256 1363 perstrinxi-

659 1394 781 1434 mus
808 1380 954 1451 (tam.
978 1396 1016 1444 ι,
1047 1381 1327 1451 Apparat.,
1356 1383 1445 1436 lib.
1478 1398 1556 1450 ιιι,
1591 1383 1797 1437 dissert.
1832 1398 1871 1447 ι,
1902 1400 1949 1439 c.
1984 1384 2039 1451 9,
2066 1396 2166 1438 art.
2200 1385 2255 1451 1,

658 1488 777 1542 pag.
813 1470 963 1541 752).
995 1471 1213 1528 Videsis
1233 1473 1409 1530 adhuc
1432 1474 1500 1529 de
1529 1473 1849 1544 quibusdam
1880 1475 1986 1529 illis
2011 1475 2257 1533 nefandis

654 1563 802 1619 Jovis
824 1567 1268 1621 conversionibus
1292 1566 1561 1623 Justinum
1584 1566 1892 1637 Martyrem,
1916 1566 2253 1624 Clementem

655 1657 1103 1726 Alexandrinum,
1131 1659 1514 1729 Epiphaniam,
1542 1660 1739 1716 Julium
1776 1660 2088 1728 Firmicum,
2120 1661 2256 1717 Vos-

1914 226 2368 290 DISSFJITATIO
2405 230 2689 291 ΡΒΔΞἮΑ

2293 347 2345 410 Δ

3862 236 3954 299 516

2974 346 3202 409 CAPUT
3241 349 3357 407 XII.

2367 485 2632 554 Quomodo
2660 486 2914 543 Arnobius
2942 487 3259 543 ethnicorum
3302 487 3601 561 religionem
3643 503 3706 544 ea:
3742 488 3954 545 aliorum

2434 580 2665 645 deorum,
2700 590 2849 651 atque
2875 580 3086 636 dearum
3125 581 3410 650 adulteriis,
3451 591 3499 636 et
3527 581 3743 654 ﬂagitiis
3771 582 3951 653 falsam

2434 690 2539 729 esse
2563 675 2814 730 ostendat.

2880 805 3181 847 ARTICULUS
3220 806 3428 847 PRIIUS.

2362 922 2516 991 Quam
2530 926 2716 991 invicte
2738 916 2983 991 Arnobius
3007 929 3289 991 probaverit
3310 926 3548 991 absurdas
3570 939 3684 991 esse
3700 928 3951 991 gentilium

2422 986 2486 1054 de
2511 988 2605 1054 diis
2627 990 2734 1037 suis
2750 986 3113 1054 opiniortes',_ex
3135 991 3329 1054 saturni
3348 1004 3455 1040 cum
3482 986 3678 1054 Philyra
3691 986 3953 1054 adulterio;

2423 1046 2592 1115 Martis
2615 1064 2725 1101 cum
2749 1046 2979 1115 Venere;
3014 1052 3247 1103 Herculis
3284 1065 3394 1102 cum
3435 1046 3789 1115 quinquaginta
3829 1046 3956 1105 TheL

2420 1113 2500 1180 stii
2518 1111 2732 1180 tiliabus;
2758 1114 2977 1180 Neptuni
2995 1128 3103 1180 cum
3121 1114 3437 1180 Aruphitrite.
3455 1111 3755 1180 'Amy'mo'ne,
3773 1116 3953 1180 Alope;

2420 1173 2662 1242 époll‘iuis
2682 1190 2789 1242 cum
2817 1173 3358 1242 AtjsinoeLArethusaL
3384 1173 3672 1242 Hypsipyle,
3706 1173 3955 1242 Μωδνῇεῂ

2420 1235 2707 1303 ζόιιχίρρθ,
2748 1237 2995 1303 Proth_oe,
3018 1238 3280 1303 Daphne,
3318 1235 3588 1301 Sterope,
3622 1235 3773 1303 atque
3813 1235 3958 1291 etiam

2421 1298 2840 1363 Coronide,'unde
2868 1298 3174 1365 Eseulapius
3192 1298 3410 1355 avaritia
3445 1298 3593 1355 causa
3616 1298 3826 1359 mihine
3846 1317 3961 1368 per-

2419 1375 2607 1414 CUSSUS.

2428 1470 2547 1527 Non
2577 1473 2748 1544 major
2791 1472 2894 1543 fuit
2937 1473 3165 1531 aliorum
3195 1473 3448 1543 deorum,
3480 1490 3642 1546 quam
3683 1474 3839 1533 Jovis
3872 1490 3961 1534 ca-

2357 1565 2510 1619 stitas
2556 1575 2611 1620 et
2649 1566 2927 1636 pudicitia.
2961 1566 3093 1621 Nam
3126 1566 3411 1634 Saturnus,
3462 1568 3541 1625 uti
3581 1567 3659 1624 ait
3689 1567 3959 1627 Arnobius

2359 1657 2602 1731 (Arnob.,
2630 1660 2720 1714 lib.
2753 1676 2828 1725 Iv,
2879 1679 3000 1732 pag.
3034 1662 3181 1734 145),
3226 1663 3470 1733 quamvis
3518 1672 3798 1720 senectute
3826 1679 3963 1722 con-

655 1755 814 1821 sium,
848 1765 903 1809 et
925 1754 1057 1811 alios
1083 1753 1323 1827 (Justin.,
1353 1755 1563 1810 Cohort.
1595 1755 1653 1823 2,
1685 1756 1752 1810 ad
1782 1754 1974 1823 (ἐι-ωεη
2004 1772 2125 1828 pag.
2161 1758 2250 1823 38,
2282 1747 2331 1813 Β
2360 1754 2564 1822 lectus,
2612 1767 2893 1824 poetarum
2942 1768 3121 1817 tamen
3147 1779 3168 1812 ι
3200 1760 3537 1819 carminibus
3585 1761 3858 1818 indicatur
3900 1760 3964 1819 ab

655 1845 813 1900 Clem.
862 1847 1133 1910 Alcman,
1165 1849 1428 1903 Admonit.
1471 1849 1539 1903 ad
1582 1859 1746 1920 gent.,
1792 1866 1911 1920 pag.
1940 1848 2012 1907 25
2039 1859 2086 1903 et
2119 1865 2251 1918 scq.,°

656 1936 831 2011 Epiplt
859 1983 875 2009 ,
906 1943 1174 2008 Ancorat.,
1220 1960 1338 2013 pag.
1369 1944 1503 2009 108,
1538 1941 1779 2007 Firmic.,
1807 1944 1871 1996 de
1909 1960 2009 1997 err.
2039 1945 2247 2015 profan.

653 2033 826 2104 relig.,
869 2051 988 2106 pag.
1020 2035 1117 2102 l5;
1179 2034 1352 2101 Voss"
1384 2036 1473 2091 lib.
1507 2052 1548 2103 ι,
1582 2036 1645 2090 de
1674 2034 1820 2107 Orig.
1841 2047 1886 2091 et
1915 2052 2092 2107 progr.
2120 2035 2249 2093 idol.

651 2140 766 2196 cap.
795 2126 891 2191 M;
922 2128 1139 2194 Arnob,
1173 2127 1261 2181 lib.
1291 2143 1347 2193 ιι,
1377 2145 1497 2199 pag.
1528 2128 1598 2187 95
1623 2138 1669 2182 et
1699 2126 1849 2201 118).

719 2220 896 2277 Minus
933 2221 1159 2278 forsitan
1202 2209 1626 2280 inverecundum
1658 2224 1928 2293 aliquibus
1961 2222 2247 2289 videbitur,

647 2319 791 2390 quod
836 2330 958 2390 post
989 2321 1337 2393 Apollonium
1372 2322 1675 2389 Rhodium,
1722 2323 1972 2381 Nonnum
1993 2365 2010 2392 ,
2058 2324 2252 2381 Lucia-

648 2430 799 2481 num,
830 2415 1171 2478 Pausaniam.
1200 2417 1471 2485 Ovidium,
1496 2418 1740 2488 aliosque
1768 2419 2095 2488 complures,
2119 2433 2248 2473 nar-

646 2518 732 2565 rat
782 2508 1053 2571 Arnobius
1106 2510 1398 2565 Minervam
1452 2527 1518 2568 ex
1575 2511 1729 2569 lovis
1782 2512 2010 2570 cerebro
2065 2522 2247 2567 natam

646 2598 940 2672 (Apollon.,
970 2602 1061 2657 lib.
1087 2617 1167 2667 tv,
1197 2603 1509 2674 Argonaut.,
1537 2621 1669 2660 vers.
1701 2605 1841 2661 i309
1870 2615 1920 2660 et
1944 2622 2078 2675 δαίμ
2098 2603 2249 2660 Non-

639 2709 762 2760 nus,
795 2693 887 2750 lib.
915 2710 955 2763 ι,
976 2694 1301 2766 Dionysiae,
1335 2713 1465 2751 vers.
1494 2696 1527 2751 9
1557 2707 1606 2751 et
1630 2713 1762 2768 seq.;
1782 2696 2025 2764 Lucium,
2050 2697 2244 2770 dialog.

645 2787 814 2850 deor.,
843 2803 965 2857 pag.
999 2788 1068 2843 75
1110 2799 1159 2841 et
1193 2803 1327 2857 seq.;
1354 2804 1416 2842 ac
1445 2789 1510 2843 de
1539 2789 1756 2860 Sacrif.,
1782 2804 1903 2861 pag.
1934 2790 2068 2855 185;
2095 2789 2245 2847 Pau-

643 2897 783 2944 san.,
829 2879 921 2936 lib.
953 2896 993 2948 ι,
1027 2896 1144 2951 pag.
1178 2880 1280 2946 22;
1325 2881 1504 2948 Ouid.,
1536 2882 1627 2937 lib.
1651 2898 1732 2939 ιιι.
1763 2881 1973 2939 Fastor.
2003 2885 2098 2939 sub
2118 2884 2241 2955 Ιίη..

644 2970 861 3038 Aruob.,
910 2971 1000 3026 lib.
1048 2987 1122 3039 tv,
1155 2989 1278 3044 pag.
1313 2973 1410 3028 Mi
1460 2982 1506 3027 et
1544 2972 1731 3046 καφ).
1778 2974 1884 3030 Sed
1918 2975 2022 3031 hoc
2063 2986 2243 3033 tamen

642 3076 895 3131 supremo
920 3062 1143 3117 deorum
1168 3072 1321 3132 patre
1340 3065 1554 3135 penitus
1580 3065 1858 3136 indignum
1887 3066 2056 3123 luisse
2080 3083 2240 3124 nemo

2355 1864 2526 1905 uxore
2570 1849 2622 1904 in
2664 1849 2934 1907 adulterio
2960 1852 3413 1923 comprehensus,
3460 1853 3707 1913 induisse
3732 1852 3964 1913 formam

2302 1962 2307 1969 ο
2356 1940 2481 2007 feri,
2510 1952 2564 1999 et
2607 1945 2708 2000 sub
2754 1944 2971 2014 pecoris
3015 1948 3200 2016 Specie
3250 1947 3547 2005 hinnitibus
3572 1947 3819 2003 evolasse
3850 1947 3967 2018 jac-

2356 2038 2498 2091 tatis.
2531 2057 2549 2089 ι
2584 2038 2653 2092 At
2686 2038 2768 2093 his
2795 2039 2889 2095 ille
2918 2040 3101 2096 verbis
3127 2038 3360 2096 fabulam
3398 2049 3550 2099 notat
3575 2039 3646 2097 ab
3675 2039 3968 2112 Apollonio

2354 2130 2567 2187 Rhodio
2594 2132 2817 2202 (Apoll.,
2867 2134 2961 2188 lib.
3009 2150 3070 2202 ιι,
3122 2136 3341 2204 Argum,
3385 2150 3519 2192 vers.
3552 2134 3694 2195 1535
3719 2144 3769 2190 et
3795 2131 3963 2208 seqq.)

2353 2225 2728 2291 decantatam,
2759 2240 2863 2294 qua
2904 2224 3176 2285 Saturnus
3220 2226 3495 2299 Philyram
3542 2225 3746 2287 Oceani
3796 2227 3964 2287 ﬁliam

2353 2314 2638 2372 adamasse
2682 2317 3014 2387 perhibetur.
3066 2316 3200 2374 Cum
3243 2319 3334 2375 illa
3379 2320 3584 2377 etenim
3611 2319 3962 2389 commixtus,

2352 2423 2425 2465 ne
2445 2408 2514 2465 ab
2545 2408 2873 2465 adveniente
2902 2409 3017 2481 Ope
3045 2411 3163 2466 sive
3190 2411 3341 2467 Rhea
3373 2427 3546 2469 uxore
3569 2427 3667 2471 sua
3691 2427 3964 2485 agnosce-

2350 2515 2526 2569 retur,
2569 2504 2624 2561 in
2664 2520 2864 2576 equum
2903 2520 2965 2561 se
2994 2506 3282 2563 convertit.
3317 2506 3394 2563 Ex
3423 2522 3492 2565 eo
3534 2514 3716 2564 autem
3756 2522 3967 2563 concu-

2350 2596 2468 2653 bitu
2493 2594 2693 2652 Chiron
2719 2606 3012 2653 centaurus
3050 2607 3209 2654 natus
3238 2608 3344 2666 est,
3375 2599 3468 2672 qui
3517 2610 3673 2671 parte
3712 2600 3965 2670 corporis

2349 2690 2621 2746 anteriore
2651 2692 2944 2755 hominem,
2972 2700 3029 2748 et
3072 2692 3379 2762 posteriore
3418 2708 3619 2763 equum
3662 2691 3962 2751 referebat.

2350 2782 2505 2839 Unde
2534 2784 2663 2841 illud
2694 2784 2867 2841 Ovidii
2893 2800 3114 2841 carmen
3149 2804 3164 2840 :

2446 2875 2511 2926 Ut
2529 2877 2777 2942 Saturnus
2793 2890 2922 2942 equo
2942 2879 3196 2941 geminum
3217 2877 3430 2942 Chirona
3448 2881 3657 2931 ereavit.

2628 2937 2817 3002 (Ovid.,
2841 2937 2930 2990 'lib.
2948 2937 3001 2991 iv
3030 2937 3377 3005 Metamorph.,
3395 2940 3423 3006 §
3444 2945 3494 3005 3,
3520 2955 3635 3010 pag.
3661 2940 3799 3005 2M.)

2345 3047 2504 3103 Plura
2550 3048 2689 3119 apud
2730 3048 2972 3103 Natalem
3017 3047 3283 3105 Comitem
3335 3049 3542 3107 videbis
3576 3048 3736 3125 (Nat.
3784 3049 3967 3120 Com,

643 3169 776 3211 sane
795 3154 1138 3211 dil‘litehitur.
1168 3156 1363 3211 Nonne
1391 3159 1537 3212 enim
1564 3159 1693 3212 inde
1719 3160 2027 3215 necessario
2057 3164 2243 3233 sequi-

2348 3143 2443 3198 lib.
2475 3159 2552 3208 Ill,
2584 3142 2903 3216 Mytholog.,
2936 3160 3055 3213 cap.
3091 3144 3206 3216 12).

636 3254 730 3302 t‘ur
754 3247 946 3304 Jovem
970 3247 1140 3303 fuisse
1166 3250 1462 3316 hominem,
1485 3251 1712 3305 cerebro
1740 3251 1967 3322 aliisque
1993 3253 2243 3311 humanis

638 3340 901 3396 mentiaris
916 3342 1312 3411 compositum;
1336 3356 1400 3397 ac
1424 3341 1721 3399 ﬂiuervam
1766 3354 1927 3401 antea
1964 3361 2071 3401 non
2102 3350 2242 3403 exti-

638 3433 791 3497 tisse,
824 3444 880 3490 et
923 3449 1207 3504 perperam
1238 3436 1309 3503 in
1348 3434 1573 3491 dearum
1612 3453 1895 3494 numerum
1926 3443 2243 3513 aggregari?

714 3526 844 3593 Quis
883 3542 1014 3597 ergo
1060 3542 1167 3582 non
1199 3526 1453 3599 intelligit
1500 3545 1659 3599 quam
1706 3541 1855 3587 recte
1875 3531 2150 3589 Arnobius
2174 3550 2241 3591 ex

642 3619 727 3673 his
752 3619 1031 3684 omnibus,
1080 3635 1201 3690 qua:
1227 3634 1259 3673 ιι
1286 3621 1445 3676 nobis
1477 3622 1737 3677 hactenus
1779 3635 2033 3678 enarrata
2083 3634 2240 3692 sunt,

640 3711 928 3766 concludat
942 3709 1133 3767 Jovem
1162 3727 1267 3765 non
1296 3713 1539 3780 potuisse
1560 3713 1753 3783 majori
1770 3730 2027 3785 nunquam
2046 3727 2209 3775 contu
2223 3747 2242 3760 ο

641 3805 800 3863 melis
832 3806 1035 3870 vexari,
1063 3821 1224 3876 quam
1252 3804 1433 3873 abiis,
1468 3808 1559 3877 qui
1606 3808 1808 3878 palam,
1832 3819 1887 3864 et
1915 3811 2116 3881 ubique
2142 3812 2242 3866 im-

642 3901 907 3970 pudenter
950 3899 1179 3955 nelanda
1216 3901 1333 3970 ejus
1373 3901 1638 3957 adulteria
1681 3903 2066 3972 pra-dicabant.
2101 3905 2241 3974 Quid

638 3993 782 4048 enim
813 3992 918 4047 diis
953 3993 1124 4064 magis
1155 3991 1505 4064 injuriosum,
1550 4009 1711 4065 quam
1760 3996 1881 4051 illos
1928 4012 2051 4053 reos
2079 4014 2241 4067 agere

638 4084 920 4149 adulterii,
960 4083 1107 4157 quod
1154 4084 1300 4155 leges
1340 4085 1617 4153 humanae,
1670 4088 2126 4158 quemadmodum
2173 4107 2242 4147 ex

637 4174 993 4232 Justinianaeo
1037 4175 1225 4232 Codice
1272 4192 1337 4231 ac
1381 4176 1726 4235 Theodoreto
1776 4190 1957 4251 patet,
2009 4187 2065 4235 et
2112 4181 2242 4237 alibi

638 4270 1038 4336 annmavimus,
1056 4270 1268 4342 capitali
1285 4287 1443 4342 paena
1467 4272 1642 4342 puniri
1662 4273 1978 4329 voluerunt?
2002 4274 2140 4347 (Lib.
2165 4293 2237 4343 ix,

639 4362 756 4416 cod.
784 4360 1002 4427 Justin.,
1029 4362 1104 4417 tit.
1137 4380 1218 4431 Ix,
1246 4362 1314 4417 ad
1341 4364 1440 4436 leg.
1472 4366 1673 4419 Juliam
1700 4364 1762 4419 de
1790 4365 2042 4433 adulter.;
2066 4368 2239 4426 Theo-

639 4455 827 4521 doret.,
859 4471 1013 4510 serm.
1040 4454 1093 4522 5,
1127 4456 1190 4508 de
1225 4456 1396 4527 angel.
1439 4464 1485 4509 et
1509 4456 1683 4525 diem,
1721 4473 1840 4528 pag.
1877 4458 2003 4527 154,
2038 4471 2163 4518 tam.
2195 4480 2235 4531 ι,

639 4549 917 4619 Apparat.,
947 4566 1069 4621 pag.
1101 4548 1207 4605 805
1230 4559 1276 4602 et
1296 4566 1427 4619 seq.,
1459 4559 1501 4603 et
1537 4549 1667 4606 19ν11
1694 4562 1742 4606 et
1772 4544 1900 4626 seq.)

712 4644 955 4714 Denique
1002 4644 1199 4698 ibidem
1250 4642 1457 4697 addidit
1508 4646 1713 4700 Auctor
1763 4660 1947 4705 noster
1987 4649 2238 4706 eumdem

637 4738 826 4796 Jovem
854 4754 917 4794 ea
945 4741 1145 4793 arsisse
1164 4752 1314 4793 caeca
1344 4738 1708 4811 indomitaque
1735 4741 1979 4813 libidine,
2002 4754 2061 4800 ut
2089 4746 2239 4801 babe-

637 4834 737 4888 cali
762 4831 1107 4893 adolescentes
1128 4832 1312 4886 solent.
1337 4832 1404 4895 Et
1433 4832 1504 4886 ita
1534 4833 1752 4904 quidem
1782 4836 1834 4890 in
1868 4840 2237 4909 manuscripto

635 4926 826 4983 codice
873 4926 1041 4995 regio,
1090 4926 1180 4996 qui
1228 4925 1387 4979 solita
1432 4926 1636 4981 librarii
1668 4928 1877 4985 inscitia
1925 4932 2083 5001 plane
2111 4950 2235 4990 cor-

636 5030 827 5090 ruptus
875 5019 1107 5074 videtur.
1157 5018 1520 5087 Quamobrem
1567 5038 1666 5092 pro
1708 5024 1972 5091 babecali,
2014 5028 2235 5099 quidam

637 5114 891 5185 suspicati
921 5121 1047 5166 sunt
1077 5113 1363 5184 legendum
1387 5116 1587 5186 vagari,
1614 5117 1702 5174 alii
1731 5134 1862 5174 vero
1890 5120 2149 5192 bacchari,
2183 5136 2237 5181 et

636 5206 689 5262 id
719 5217 866 5262 tanto
895 5206 1114 5273 melius,
1149 5216 1349 5277 quanto
1398 5211 1622 5280 propius
1665 5211 1734 5269 ad
1776 5216 2005 5272 Arnobii
2038 5233 2235 5288 propo-

637 5299 797 5356 situm
829 5299 1059 5355 accedit.
1090 5298 1240 5355 lovis
1270 5300 1412 5355 enim
1444 5303 1915 5375 intemperantiam
1949 5308 2021 5363 ibi
2051 5306 2230 5365 Arno~
2270 5380 2280 5389 _

636 5395 759 5450 hius
784 5395 1052 5466 exagitat,
1080 5409 1316 5465 eumque
1354 5398 1572 5452 tametsi
1606 5413 1794 5456 senem
1825 5410 1882 5456 et
1907 5417 2103 5458 canum
2128 5420 2234 5461 non

635 5488 863 5555 minori,
919 5505 1077 5559 quam
1129 5487 1537 5557 adolescentes,
1590 5491 1663 5547 ad
1709 5491 1940 5551 feminas
1996 5497 2237 5555 libidinis

630 5582 831 5640 ardore
880 5585 1150 5655 exarsisse
1200 5584 1436 5640 ostendit
1484 5584 1680 5659 (Idem,
1733 5586 1882 5659 ibid.,
1925 5607 2047 5665 pag.
2096 5593 2231 5662 715;

623 5676 853 5744 Arnob.,
884 5677 972 5732 lib.
1004 5696 1078 5750 tv,
1117 5694 1233 5748 pag.
1268 5674 1419 5748 Ml).

2420 3236 2539 3292 Jam
2572 3251 2704 3292 vero
2752 3239 2803 3291 in
2837 3238 3107 3307 superiori
3146 3248 3333 3295 nostra
3380 3238 3775 3298 dissertatione
3825 3239 3969 3296 illud

2347 3330 2685 3395 notavimus,
2718 3330 2861 3400 quod
2891 3329 3169 3387 Arnobius
3197 3331 3267 3387 de
3293 3331 3464 3388 Marte
3488 3341 3797 3389 memorat:
3824 3330 3973 3388 Dant

2346 3421 2660 3493 genitalibus
2686 3422 2902 3477 insultat
2934 3423 3116 3479 alienis
3141 3466 3156 3491 ,
3200 3423 3408 3479 laesisse
3436 3425 3494 3480 in
3523 3425 3724 3497 laqueis
3752 3425 3974 3479 involu-

2348 3525 2475 3579 tum,
2510 3514 2562 3570 id
2596 3524 2701 3580 est,
2736 3514 3139 3585 deprehensum
3171 3531 3296 3577 cum
3320 3515 3539 3574 Venere
3570 3518 3625 3573 in
3654 3516 3971 3584 adulterio,

2347 3618 2511 3681 atque
2541 3626 2570 3663 a
2598 3609 2861 3675 Vulcano,
2897 3610 2976 3665 uti
3006 3610 3305 3682 Gregorius
3334 3611 3711 3671 Nazianzenus
3740 3627 3977 3686 quoque

2345 3706 2571 3776 scribit,
2608 3718 2663 3763 et
2684 3721 2784 3761 nos
2817 3706 2949 3765 alibi
2992 3710 3336 3775 notavimus,
3374 3726 3439 3768 ac
3466 3711 3703 3767 vinculis
3728 3711 3979 3768 constri-

2345 3811 2492 3857 ctum
2528 3800 2547 3873 (
2584 3798 2859 3856 Dissertat.
2900 3802 2954 3854 in
2989 3800 3217 3870 Minuc.,
3244 3820 3363 3875 cap.
3401 3804 3488 3871 18,
3521 3813 3623 3858 art.
3655 3804 3977 3873 4;Arnob.,

2345 3894 2437 3951 lib.
2470 3911 2557 3961 IV,
2592 3912 2717 3968 pag.
2752 3896 2876 3965 144,
2908 3906 2953 3952 et
2982 3896 3071 3953 lib.
3108 3914 3171 3960 ν.
3208 3915 3328 3971 pag.
3364 3898 3504 3966 186,
3539 3897 3695 3970 Greg.
3730 3910 3877 3955 orat.
3915 3900 3980 3968 5,

2344 4001 2434 4039 seu
2473 3987 2525 4053 1,
2568 3986 2623 4040 in
2662 3985 2868 4042 Julian.
2897 4028 2913 4054 ,
2957 4005 3083 4061 pag.
3125 3988 3279 4057 258;
3326 3988 3552 4048 Dissert.
3603 3991 3658 4046 in
3713 3989 3981 4061 Μίνωα,

2342 4094 2462 4148 cap.
2496 4078 2584 4146 17,
2614 4089 2716 4134 art.
2746 4081 2779 4134 4
2808 4082 2847 4151 ).

2416 4170 2548 4239 Quis
2576 4182 2755 4226 autem
2800 4172 3034 4229 Hercule
3077 4174 3568 4248 intemperantior,
3600 4195 3666 4236 ac
3703 4180 3986 4255 petulan-

2346 4262 2487 4319 tior?
2522 4282 2539 4314 ι
2571 4264 2801 4319 Sanctus
2834 4265 3000 4332 Deus,
3042 4285 3062 4319 ι
3117 4279 3173 4323 ιιι
3203 4269 3380 4342 lepide
3410 4274 3619 4326 Auctor
3649 4282 3849 4328 noster
3878 4273 3985 4346 jo—

2344 4365 2500 4409 catur
2524 4398 2537 4422 ,
2571 4374 2589 4408 ‹
2623 4370 2779 4413 natas
2828 4357 3218 4432 quinquaginta
3262 4360 3331 4416 de
3369 4360 3599 4419 Thestio
3638 4372 3808 4420 nocte
3856 4381 3987 4421 una

2342 4450 2630 4522 perdocuit
2657 4463 2711 4507 et
2745 4469 2940 4509 nomen
2981 4455 3310 4527 virginitatis
3355 4475 3674 4530 exponere,
3716 4471 3773 4517 et
3800 4462 3984 4534 geni-

2256 4545 2311 4608 D
2339 4543 2529 4598 tricum
2556 4544 2796 4611 pondera
2812 4547 3104 4604 sustinere.
3122 4569 3141 4603 ι
3169 4550 3417 4624 (Arnob,
3445 4553 3632 4621 lib.lv,
3651 4571 3778 4628 pag.
3809 4555 3985 4627 “5.)

2343 4634 2474 4690 Tam
2506 4651 2636 4690 vero
2667 4637 3114 4706 immoderatam,
3159 4651 3323 4713 atque
3351 4642 3618 4700 hactenus
3650 4644 3983 4703 inauditam

2341 4727 2592 4785 Herculis
2638 4731 2991 4801 petulantiam
3030 4733 3263 4790 ethnicis
3309 4737 3568 4793 similiter
3605 4736 3986 4809 obiectarum

2340 4820 2621 4891 Tatianus,
2652 4822 2904 4885 Clemens
2934 4824 3364 4893 Alexandrinus,
3391 4827 3694 4902 Gregorius
3715 4829 3986 4889 Nazian-

2337 4929 2524 4977 zenus,
2558 4926 2613 4969 et
2641 4913 3027 4973 Theodoretus
3050 4914 3117 4985 (Τ
3118 4918 3307 4988 asiam,
3337 4918 3489 4974 Orat.
3528 4930 3722 4989 contr.,
3755 4919 3982 4995 Grca,

2337 5026 2459 5080 pag.
2514 5008 2656 5075 159;
2704 5007 2870 5065 Clem.
2926 5011 3255 5081 Alexandr.,
3311 5015 3583 5073 Admonit.
3644 5019 3714 5072 ad
3775 5032 3983 5091 genl.,

2343 5118 2465 5175 pag.
2511 5101 2619 5172 20;
2668 5100 2824 5176 Greg.
2871 5103 3042 5173 Naz.,
3093 5117 3225 5160 orat.
3271 5106 3306 5164 5
3351 5125 3443 5163 seu
3488 5109 3516 5164 1
3544 5150 3561 5174 ,
3607 5110 3665 5173 in
3705 5109 3986 5181 Iuliam,

2343 5211 2466 5267 pag.
2497 5195 2641 5263 265;
2671 5194 3006 5269 Theodoret.,
3036 5216 3191 5255 serm.
3218 5200 3252 5255 8
3274 5247 3291 5275 ,
3320 5202 3385 5257 de
3411 5213 3660 5275 martyr.,
3688 5222 3821 5281 pag.
3858 5207 3988 5266 59L

2341 5300 2387 5344 et
2419 5292 2611 5361 θείη).
2655 5289 2735 5349 Ex
2782 5294 3065 5363 gentilium
3108 5303 3289 5351 autem
3330 5296 3706 5371 Scriptoribus
3753 5299 3993 5358 Pausa-

2342 5385 2456 5439 nias
2486 5387 2691 5456 refert,
2738 5403 2859 5459 qua:
2896 5387 3098 5445 fuerint
3128 5390 3399 5460 majorum
3433 5408 3498 5448 ea
3528 5390 3598 5449 de
3635 5407 3698 5449 re
3727 5404 3997 5453 seinten-

2338 5475 2463 5543 tiae;
2511 5488 2672 5550 atque
2707 5480 2932 5537 Ovidius
2959 5483 3028 5537 ad
3057 5499 3153 5539 cas
3184 5484 3444 5557 respicit,
3486 5486 3785 5561 ipsumque
3809 5487 3989 5549 Her-

2336 5568 2513 5629 culem
2541 5570 2621 5625 sic
2649 5574 2943 5644 alloquitur
2975 5593 2989 5629 :

2428 5659 2537 5711 Non
2559 5662 2650 5711 tibi
2672 5667 2869 5715 crimen
2884 5675 3030 5717 erunt
3051 5668 3379 5721 Teuthrantia
3402 5669 3551 5722 turba
3572 5687 3777 5726 sorores

2524 5725 2743 5785 Quarum
2760 5729 2825 5792 de
2851 5728 3029 5792 populo
3047 5732 3180 5782 nulla
3205 5733 3378 5784 relicta
3398 5735 3510 5785 tibi.

2800 5789 2992 5856 (Ovid,
3016 5793 3178 5861 epist,
3201 5794 3413 5853 Heroid.
3436 5797 3487 5862 9,
3506 5814 3624 5872 pag.
3646 5800 3757 5868 89.)
