4158 6264
625 342 730 402 519
1882 304 2331 371 DISSERTATIO
2367 300 2653 361 ΡΜΝΙΑ
3810 263 3917 322 820

634 459 783 515 Verb.
838 455 973 526 sign.
1002 450 1022 523 )
1054 466 1069 502 :
1099 445 1423 503 Catamitum
1461 451 1563 510 pro
1597 431 1896 493 Gaoimede
1936 430 2210 488 dixerunt.
2240 423 2296 486 Α
2321 420 2533 492 quando
2560 418 2690 472 illuc
2718 427 2841 471 cum
2869 405 3196 479 Argonautis
3217 397 3532 490 navigabat.
3564 391 3761 449 Postea
3784 400 3922 444 vero

2031 524 2035 526 λ
2522 511 2534 526 ·
2685 525 2693 526 κ
2819 521 2876 526 η-
2918 501 3136 526 A---._:..
3165 495 3387 526 n......;.m
3459 504 3553 526 αοιι
3596 479 3922 526 (Ἀιοίειηιιιίς

638 474 783 515 vero.
838 474 973 526 ugn.
1003 474 1022 523 }
1054 474 1069 502 ἶ
1099 474 1423 503 balatu".qu
1466 474 1563 510 νιν
1599 474 1896 493 υιινιιιιυυυν
1937 474 2210 488 ......,.._-__,
2240 474 2296 486 ,,,
2327 474 2373 492 ..ν
2949 474 2975 479 _

629 556 718 627 qui
764 552 863 606 fuit
891 545 1044 604 lovis
1072 540 1426 599 concubinus.
1463 555 1482 589 ι
1521 534 1653 588 Eam
1683 530 1753 583 ub
1777 541 1996 583 causam
2029 524 2079 576 in
2111 535 2221 575 cm-
2320 530 2442 568 eum
2469 511 2535 566 ad
2568 525 2781 579 aquam.
2812 521 2879 561 ex
2906 501 3138 559 Ascanio
3165 495 3387 552 flumine
3411 474 3555 555 [seu
3596 479 3924 539 Calciamnis

1688 626 1694 627 ,
1724 624 1754 627 _-
1858 621 1868 627 .
1894 620 1905 627 .
2104 616 2134 627 ..
2323 607 2467 627 p__..-
2501 600 2851 627 t.--._:.....l.....
2895 597 3033 627 ...ἔρια
3125 604 3283 627 nrlnm
3317 582 3569 627 numnhm
3595 619 3611 627 -
3655 575 3773 627 eius
3798 571 3924 627 nul-

631 572 718 627 qlll
764 571 863 606 ιιιιι
891 571 1044 604 δυνιδ
1072 571 1426 599 υιιιιυιιυιιιιιυ.
1463 571 1482 589 1
1523 571 1653 588 μυ...
1683 571 1752 583 ...ι
1780 571 1877 583 νυ..
1902 571 1996 579 ._.-._
2120 571 2192 575 ,η
2622 571 2633 579 .

631 650 741 705 lnm
785 653 968 715 raptus
995 655 1117 698 esse
1147 640 1318 693 fertur
1341 677 1356 702 ,
1406 631 1570 701 idque
1603 624 1825 683 Ovidius
1857 620 1938 675 bis
1976 616 2224 673 Versibus
2323 607 2471 661 fonte
2501 600 2851 658 hauriendam
2895 597 3079 658 misit,
3125 604 3283 661 quem
3317 582 3569 658 nympha:
3595 619 3613 644 ,
3655 575 3773 648 ejus
3798 571 3924 646 pul-

2358 703 2368 715 '
2426 701 2458 715 “·
2524 699 2555 715 ¹⁰
2614 714 2621 715 κ
2692 705 2850 715 υ-ιμ
2948 694 3242 715 μ......-....ι
3319 678 3577 715 Ποινῇ-νιος
3618 688 3750 715 νεὶΡο
3792 684 3920 715 ctam

2322 699 2633 759 chritudiue
2683 705 2892 767 captaa,
2948 694 3266 756 rapuerunt.
3319 678 3578 736 Hercules
3618 688 3750 728 vero
3792 684 3922 726 eum

623 737 929 818 deganlavit
962 752 976 789 :

2325 794 2478 849 illum
2519 789 2717 846 frustra
2750 784 3125 858 quaesivisset,
3176 779 3228 833 iu
3254 774 3421 847 ipsius
3461 770 3725 825 honorem
3767 777 3928 839 sacra

724 893 832 945 Rex
855 904 1087 955 superum
1111 886 1313 954 Phrygii
1335 884 1577 955 quondam
1618 877 1913 955 Ganymedis
1929 886 2099 925 amore

728 942 878 1014 Arsit,
905 942 954 1006 et
975 942 1230 1005 inventuiri
1244 942 1335 1014 est
1353 942 1553 1014 aliquid,
1580 943 1709 1007 quod
1728 942 1922 1014 Jupiter
1949 950 2083 1010 esse,

729 962 878 1014 Arsit.
905 962 954 1006 el
975 962 1228 1005 inventum
1256 962 1335 999 est
1356 962 1416 995 aII
1456 962 1553 1003 ntu,
1580 962 1709 1007 quuu
1728 962 1787 991 ,ιιι
1814 962 1921 988 uter
1949 962 2030 986 ess

729 1023 885 1081 Quam
907 1018 1036 1082 quod
1057 1022 1184 1082 erat,
1206 1011 1391 1082 mallet:
1414 962 1743 1082 §nllaﬁtanten
1766 962 1881 1082 alite
1904 1001 2033 1050 verti

727 1065 995 1146 ﬁignatdr,
1013 1065 1105 1129 nisi
1132 1065 1241 1141 quae
1265 1074 1416 1137 jOSSil
1430 1084 1530 1146 sua
1544 1068 1741 1120 fulmina
1765 1065 1917 1139 ferre:

730 1128 835 1197 Nezc
859 1128 1010 1197 mora,
1042 1128 1277 1202 perc'usso
1296 1134 1612 1185 mendacibus
1633 1143 1752 1178 aere
1776 1128 1953 1202 pennis

732 1191 931 1272 Abripit
948 1191 1131 1272 Iliaden
1152 1237 1167 1262 ,
1184 1201 1268 1265 qui
1289 1211 1418 1272 nunc
1440 1208 1637 1272 quoque
1658 1191 1825 1272 pocula
1850 1191 2041 1248 miscet,

732 1258 985 1334 invitaque
1002 1267 1109 1317 Jovi
1139 1258 1308 1315 nectar
1325 1258 1520 1311 lunone
1545 1258 1807 1307 ministrat.

890 1394 1080 1463 (Ovid.,
1105 1392 1193 1445 lib.
1213 1406 1248 1442 κ
1271 1394 1489 1450 Metam,
1510 1388 1538 1451 §
1560 1387 1609 1447 4,
1633 1395 1747 1451 pag.
1774 1382 1866 1432 565
1889 1384 1935 1431 et
1951 1376 2107 1444 seqq.)

644 1559 762 1617 Non
812 1554 1011 1611 mirum
1066 1550 1245 1620 itaque
1294 1546 1341 1603 si
1390 1540 1661 1599 Arnobius
1709 1539 1945 1593 immane
1995 1529 2124 1588 illud
2176 1544 2240 1585 ac

647 1665 872 1726 prorsus
894 1643 1217 1703 detestabile
1245 1638 1452 1695 facinus
1478 1632 1710 1691 ethnicis
1756 1630 1924 1685 semel
1957 1638 2012 1681 et
2042 1625 2237 1679 iterum

644 1724 906 1820 obiecerit
946 1740 1185 1816 (Arnob.
1212 1778 1227 1801 ,
1270 1735 1360 1789 lib.
1386 1749 1440 1799 v,
1473 1748 1590 1802 pag.
1629 1727 1732 1783 187
1754 1725 1795 1799 ).
1844 1724 2041 1779 (licere.
2065 1730 2240 1773 tamen

2326 886 2597 949 instituit,
2649 882 2705 937 in
2755 857 2950 951 quibus
3002 872 3317 931 solemniter
3378 863 3516 937 Hyla
3563 857 3920 918 clamabatur.

2327 981 2485 1039 Unde
2516 977 2765 1048 Virgilius
2795 991 2810 1029 :

2428 1132 2751 1198 Hisadjungit
2774 1127 2965 1198 Hylam,
2988 1132 3158 1198 nautte
3174 1136 3273 1198 quo
3294 1113 3677 1198 fontefelictum

2429 1138 2519 1188 His
2531 1138 2751 1198 adiungit
2776 1138 2965 1185 Hvlam,
2988 1138 3151 1177 nauta:
3209 1138 3273 1172 uo
3294 1138 3427 1170 fonte
3450 1138 3677 1166 renuunt

2429 1199 2751 1257 Clamassent;
2773 1182 2837 1243 ut"
2850 1193 2988 1243 littus
3004 1188 3127 1254 Hyla
3146 1138 3302 1251 lilyla
3319 1183 3332 1233 !
3352 1194 3498 1232 omne
3520 1181 3738 1230 sonaret.

2905 1312 3097 1382 (Virgil
3121 1353 3137 1378 ,
3163 1310 3315 1376 eclog.
3333 1323 3402 1370 v1,
3423 1319 3550 1358 vers.
3576 1278 3679 1366 ιδ’.)

2338 1475 2485 1544 Quos
2515 1473 2569 1526 in
2599 1482 2787 1527 versus
2816 1464 3017 1523 videsis
3055 1461 3233 1519 Servii
3257 1456 3669 1516 observationes
3692 1466 3755 1508 ac
3781 1450 3939 1507 Stra-

2343 1541 2561 1629 licuem,
2592 1559 2936 1634 Apollonium
2963 1600 2979 1625 ,
3007 1552 3356 1611 Theocritum
3377 1592 3392 1613 ,
3418 1558 3474 1605 et
3500 1546 3640 1600 alios
3667 1543 3688 1618 (
3718 1541 3896 1599 Strab.
3919 1581 3937 1609 ,

2344 1661 2434 1716 lib.
2462 1676 2536 1715 xu
2562 1701 2576 1719 .
2607 1656 2794 1728 Geogr.
2822 1695 2838 1721 ,
2886 1669 3006 1724 pag.
3041 1648 3177 1713 564;
3226 1643 3484 1718 Apolloni.
3517 1684 3533 1705 ,
3573 1640 3661 1695 lib.
3702 1653 3740 1694 ι.
3777 1653 3893 1709 arg.
3919 1674 3939 1702 ,

2345 1774 2477 1813 vers.
2506 1753 2643 1809 1207
2675 1762 2721 1805 et
2751 1763 2928 1820 seqq.;
2957 1741 3244 1806 Theocritt,
3275 1736 3431 1809 ldyll.
3470 1735 3540 1791 15
3564 1736 3605 1805 ).

644 1842 776 1902 illud
811 1843 1140 1911 praepostere
1162 1831 1229 1886 ab
1258 1828 1517 1923 Homero,
1549 1826 1784 1923 humana
1799 1818 1879 1923 .ad
1904 1816 2037 1923 deos
2067 1822 2242 1918 trans:-
2271 1823 2319 1884 Β
2421 1849 2779 1923 Hyacinthum
2816 1816 2994 1897 intem
3022 1882 3037 1907 ,
3072 1835 3310 1908 Amydm
3353 1831 3497 1900 regis
3536 1827 3702 1883 ﬁlium
3724 1867 3739 1891 ν
3785 1822 3951 1893 cuius

645 1940 855 1997 ferente
878 1976 894 2002 ,
938 1935 1120 1987 lictqu
1152 1933 1358 1983 censet.
1392 1919 1600 1976 Alicubi
1621 1919 1764 1973 enim
1799 1915 1900 1967 hoc
1924 1911 1993 1966 ab
2016 1924 2084 1966 eo
2112 1907 2247 1963 scri-

650 2035 757 2105 ptis
788 1999 1047 2086 traditum
1082 2023 1180 2078 luit
1212 2038 1225 2074 :
1265 2038 1283 2070 ι
1318 2016 1430 2072 Nec
1460 2014 1750 2068 Homerum
1791 2005 1985 2065 audio,
2019 2003 2108 2073 qui
2137 1999 2243 2056 Ga—

652 2093 938 2199 nymedem
972 2135 1002 2173 a
1028 2117 1130 2173 diis
1160 2124 1368 2184 raptum
1393 2108 1467 2162 ait
1498 2115 1719 2178 prOpler
1747 2100 1972 2155 formam
1995 2140 2010 2163 ,
2046 2108 2101 2150 ut
2130 2093 2246 2149 .lovi

2348 1917 2546 2002 dein-de
2592 1939 2865 1998 Arnobius
2906 1932 3188 1998 meminit,
3236 1927 3304 1983 ab
3328 1923 3578 1996 Apolline
3603 1929 3660 1978 et
3695 1917 3952 1989 Zephyro

2352 2041 2561 2114 perdite
2613 2046 2850 2092 amatum
2896 2029 3093 2087 cecinit
3140 2023 3362 2082 Ovidius
3405 2017 3640 2093 (Obiit,
3697 2013 3787 2069 lib.
3844 2011 3950 2077 1‘2,

2355 2107 2592 2201 dictum"
2626 2130 2795 2188 fabul.
2822 2129 2890 2193 5;
2916 2125 3033 2182 Jul.
3060 2121 3249 2183 Firm.,
3278 2121 3341 2173 de
3376 2131 3538 2170 error.
3596 2112 3728 2184 prof.
3772 2107 3951 2177 relig.,

653 2185 842 2296 pocula
873 2214 1204 2271 ministraret
1241 2226 1253 2262 :
1284 2206 1550 2273 nonjusta
1580 2214 1740 2255 causa
1773 2212 1869 2251 cur
1899 2185 2253 2247 Laomedonti
2629 2185 2639 2187 ⁷
2686 2185 2701 2186 ⁷“
2784 2185 2794 2188 “
2880 2185 2921 2248 '_
3164 2215 3175 2228 .
3207 2214 3218 2225 .
3288 2212 3298 2224 -

1579 2294 1586 2296 Α
1738 2290 1774 2296 ,,
2112 2292 2121 2296 _
2155 2280 2168 2296 ,
2358 2247 2477 2296 pag.
2511 2227 2600 2290 {5,
2631 2236 2677 2279 et
2705 2238 2841 2293 seqq.
2872 2221 2923 2288 ),
2957 2232 3058 2273 nec
3086 2215 3176 2269 ιιΙιι
3208 2213 3260 2267 td
3288 2227 3298 2265 l

2358 2247 2477 2302 pag.
2511 2227 2600 2290 {5,
2631 2236 2677 2279 et
2705 2238 2841 2293 seqq.
2872 2221 2923 2288 );
2957 2232 3058 2273 nec
3086 2215 3176 2269 ulli
3207 2213 3260 2267 id
3288 2213 3678 2276 incompertum
3702 2217 3825 2259 esse
3854 2215 3955 2270 po-

658 2280 802 2373 ianla
839 2313 990 2367 fieret
1033 2306 1247 2376 injuria.
1282 2298 1542 2368 Fingebat
1577 2294 1694 2348 haec
1738 2290 2032 2351 Homerus,
2075 2292 2129 2335 et
2155 2280 2254 2335 hu-

658 2424 815 2465 mana
842 2406 908 2461 ad
938 2403 1071 2458 deos
1095 2395 1460 2454 transferebat
1484 2433 1499 2455 ,
1523 2384 1705 2444 divina
1736 2384 1952 2438 mallem
1980 2377 2045 2432 ad
2072 2391 2191 2430 nos.
2230 2391 2249 2425 ι

656 2504 857 2579 (Cicer.
890 2541 905 2566 ,
940 2498 1030 2553 lib.
1057 2513 1071 2551 ι
1096 2537 1112 2563 ,
1142 2490 1360 2548 Tuscul.
1391 2530 1407 2555 ,
1439 2503 1556 2557 pag.
1587 2481 1719 2543 125.
1755 2480 1848 2534 lin.
1874 2476 1966 2531 27.
2004 2475 2021 2542 )
2063 2471 2169 2528 Sed
2205 2466 2255 2522 id

662 2616 768 2656 non
802 2592 1105 2667 impedivit,
1130 2586 1420 2659 quominus
1450 2589 1656 2636 tantum
1685 2573 1863 2631 scelus
1893 2570 1961 2625 ab
1989 2564 2261 2637 plerisque

661 2689 914 2748 omnibus
951 2681 1180 2740 ethnicis
1208 2676 1473 2734 creditum
1503 2687 1567 2727 ac
1593 2668 1945 2731 venditatum,
1981 2659 2061 2714 eis
2088 2659 2263 2712 Arno-

660 2784 781 2842 bius
804 2823 820 2850 ,
850 2790 906 2838 et
936 2777 1107 2834 Julius
1138 2770 1404 2827 Firmicus
1431 2768 1554 2835 jure
1584 2759 1778 2816 merito
1808 2746 2265 2821 exprobraverint

660 2841 1021 2951 (Jul.'Firiu.,
1048 2869 1110 2921 de
1134 2880 1238 2920 err.
1272 2862 1411 2932 prof.
1446 2857 1619 2926 relig.,
1644 2844 1920 2925 pag.15).
1950 2842 2073 2907 Adi,
2104 2841 2148 2896 si
2173 2854 2265 2893 ve-

663 2931 754 3036 lis,
782 2931 1036 3025 Vossium
1068 2960 1088 3033 (
1123 2931 1313 3019 Voss.,
1343 2950 1431 3007 lib.
1467 2966 1517 3014 ι,
1550 2948 1613 3000 de
1641 2944 1790 3014 Orig.
1819 2952 1867 2994 et
1894 2953 2072 3009 progr.
2111 2931 2263 2996 idol.,

817 3064 881 3118 61
920 3059 964 3134 ),
993 3026 1088 3127 qui
1119 3061 1407 3124 propterea
1434 3043 1754 3100 Ciceronem
1785 3049 1979 3090 metum
1999 3032 2046 3085 ia
2078 3027 2148 3082 ibi
2177 3026 2269 3080 dc-

666 3122 881 3229 eeptum
913 3122 1081 3210 fuisse
1110 3122 1320 3218 arguit,
1354 3140 1499 3213 quod
1520 3131 1894 3207 Ganymedem
1922 3122 2266 3181 Laonnednn-

670 3255 739 3309 lis
771 3251 940 3305 ﬁlium
986 3244 1205 3302 dixerit.
1258 3240 1332 3294 De
1359 3231 1612 3292 Catamiti
1655 3243 1818 3299 porro
1859 3220 2080 3279 nomine
2124 3217 2266 3271 idem
2297 3221 2344 3284 ε

672 3345 899 3404 Vossius
925 3340 1053 3396 alibi
1077 3336 1315 3405 disputat
1346 3334 1366 3402 (
1394 3328 1563 3390 fdem,
1592 3326 1647 3379 in
1677 3318 1973 3393 Etgmolog.
2001 3356 2016 3381 ,
2047 3310 2265 3375 Arnob.,

673 3440 763 3496 lib.
795 3453 873 3506 ιν,
904 3453 1023 3508 pag.
1051 3431 1155 3488 iis
1176 3426 1218 3501 ).

744 3501 915 3606 Quod
944 3501 1125 3587 autem
1178 3529 1379 3581 Auctor
1422 3526 1607 3576 noster
1645 3514 1730 3569 bis
1768 3506 1966 3580 adjecit
1997 3525 2011 3560 :
2047 3522 2067 3556 ι
2106 3501 2176 3556 Et
2214 3507 2274 3554 ut

674 3593 825 3689 Jovwis
869 3626 1083 3681 dicatur
1121 3619 1338 3690 pullus,
1384 3616 1437 3670 in
1483 3608 1725 3683 partibus
1778 3602 1973 3658 Fabius
2026 3593 2275 3650 aduritur

677 3723 934 3784 mollibus
960 3761 974 3784 ,
1007 3717 1432 3787 obsignaturque
1465 3705 1718 3777 posticis,
1755 3716 1774 3750 ι
1814 3696 1896 3750 his
1920 3691 2063 3748 Festi
2094 3684 2276 3741 verbis

679 3779 843 3892 paulo
887 3779 1092 3869 clarius
1128 3779 1452 3875 explanatur
1482 3816 1494 3851 :
1532 3815 1552 3848 ι
1590 3792 1778 3849 Pullus
1815 3787 1966 3844 lovis
1997 3779 2278 3838 dicebatur

682 3869 883 3970 Pabius
902 3950 918 3975 ,
947 3904 1038 3962 cui
1065 3900 1285 3958 Eburno
1316 3903 1617 3965 cognomen
1645 3892 1765 3940 erat
1783 3923 1798 3946 ,
1829 3886 2048 3951 propter
2071 3869 2280 3927 cando-

681 4021 820 4072 rem,
857 3996 1003 4073 quod
1032 3996 1152 4067 ejus
1181 3993 1320 4047 natis
1351 3985 1575 4043 fulmine
1608 3980 1712 4036 icta
1739 3983 1879 4032 erat.
1927 3965 2149 4037 Antiqui
2186 3978 2282 4016 au-

686 4056 1095 4170 lein'puerum',
1125 4102 1285 4160 quem
1311 4084 1435 4154 quis
1463 4075 1680 4134 amabat
1703 4113 1719 4137 ,
1753 4067 1956 4142 pullum
1988 4062 2107 4132 ejus
2133 4056 2283 4114 dice-

687 4168 843 4253 bant.
882 4208 902 4242 ι
932 4185 1101 4261 (Fest.
1131 4180 1200 4236 ad
1226 4176 1435 4234 verbum
1463 4168 1697 4238 Pullus.)

758 4245 962 4343 Verum
990 4278 1057 4335 ad
1085 4275 1189 4333 alia
1220 4287 1343 4330 cum
1372 4264 1613 4325 Arnobio
1641 4268 1829 4316 nostro
1857 4265 2171 4326 pergamus.
2194 4245 2287 4300 Sic

691 4390 871 4437 autem
924 4376 1015 4431 ille
1059 4373 1323 4443 ipsosmet
1358 4361 1607 4419 ethnicos
1662 4354 1896 4409 affatur:
1933 4367 1951 4399 ι
1991 4342 2128 4414 Quid
2178 4355 2287 4394 non

692 4470 935 4534 contenti
958 4466 1175 4525 feminei
1203 4459 1421 4534 generis
1451 4449 1762 4509 attribui~se
1790 4446 1895 4500 diis
1920 4454 2101 4500 curas,
2125 4436 2286 4491 etiam

695 4586 860 4628 sexus
909 4530 1229 4634 adjungitisv
1249 4556 1531 4611 adamatus
1577 4547 1644 4602 ab
1700 4544 1785 4599 his
1839 4550 2015 4594 mares
2034 4533 2058 4582 Ἰ
2101 4530 2289 4601 Hylam

696 4661 882 4721 nescio
917 4655 1037 4727 quis
1066 4652 1268 4723 diligit,
1313 4640 1615 4718 Hyacinthu
1660 4646 1743 4691 εει
1787 4649 1814 4685 a

696 4718 788 4815 ille
816 4718 1030 4823 Pelopis
1054 4718 1342 4803 desideriis
1370 4740 1582 4809 flagrat.
1609 4731 1699 4787 hic
1724 4725 2082 4797 Chrysippum
2109 4718 2289 4784 SuSpi-

807 4811 1107 4906 ardentius.
1146 4861 1165 4896 ι
1201 4834 1417 4908 (Arnob.
1443 4875 1459 4899 ,
1487 4829 1580 4885 lib.
1610 4842 1661 4882 ιν
1681 4867 1697 4893 ,
1725 4840 1847 4898 pag.
1882 4820 2036 4885 “5.)
2068 4815 2147 4870 Ex
2177 4811 2301 4867 Cle-

702 4955 884 5003 mente
909 4950 1089 4995 autem
1112 4906 1486 4991 Alexandrino
1509 4940 1569 4977 ea
1600 4916 1899 4976 Arnobitnn
1932 4906 2299 4979 desuntpsisse

683 5192 969 5288 Ἱακὶζέου·
1012 5221 1040 5277 ὁ
1070 5219 1125 5276 δὲ
1155 5192 1401 5274 Πέλοπου.
1431 5208 1458 5265 ὁ
1485 5207 1541 5264 δὲ
1578 5205 1912 5281 Χρυσίππου.
1967 5192 2105 5249 Nunt
2144 5206 2237 5243 nec
2270 5204 2301 5240 a

708 5283 878 5399 pueris
902 5317 1115 5389 quidam
1141 5313 1215 5367 dii
1236 5308 1386 5365 vestri
1408 5304 1715 5358 abstinuere.
1757 5296 1904 5351 Unus
1933 5288 2136 5364 quidem
2171 5283 2299 5352 qu-

709 5379 814 5475 lant
841 5457 855 5479 .
898 5379 1034 5469 alius
1070 5423 1185 5464 vero
1231 5397 1614 5475 Hyacinthum,
1656 5391 1790 5479 alius
1842 5386 2120 5455 Pelopem,
2171 5379 2306 5433 alius

709 5467 1055 5581 diuquam.
1093 5467 1324 5555 amantes
1371 5489 1650 5562 (Clemens
1678 5467 1961 5540 Alexandr.
1991 5521 2006 5546 ,
2040 5472 2302 5532 Admonit.

713 5608 781 5663 ad
804 5613 968 5677 gent.,
993 5616 1113 5673 pag.
1137 5595 1205 5651 21
1237 5594 1281 5665 ).

789 5661 1164 5771 ἧγιειέοιιίειιι
1194 5661 1640 5745 Theodamanlis,
1678 5674 1936 5743 Driopum
1968 5668 2133 5739 regis,
2168 5661 2312 5719 ﬁlius

716 5797 834 5863 fuit,
875 5800 932 5849 et
952 5792 1001 5846 is
1029 5803 1163 5846 sane
1189 5777 1613 5839 formosissimus
1635 5814 1651 5840 ,
1683 5783 1846 5841 quem
1893 5762 2154 5819 Hercules
2178 5800 2194 5825 ,
2221 5769 2315 5812 oc-

721 5851 836 5951 ciso
885 5896 1043 5963 patre
1089 5881 1244 5956 ejus,
1296 5882 1510 5948 raptum
1534 5913 1549 5940 ,
1603 5863 1838 5926 Colchos
1878 5872 2064 5918 secum
2115 5851 2314 5920 duxit,

2358 2293 2481 2377 test.
2515 2323 2583 2374 At
2611 2315 2786 2373 Julius
2815 2312 3081 2368 Firmicus
3106 2307 3175 2363 de
3205 2305 3298 2359 illo
3327 2312 3382 2358 et
3403 2301 3556 2370 Hyla.
3589 2307 3645 2354 et
3671 2295 3792 2351 aliis
3814 2293 3957 2348 duo-

2362 2419 2458 2473 bus
2503 2415 2701 2483 Pelope
2742 2420 2797 2466 et
2845 2405 3149 2479 Chrysippo
3194 2399 3424 2463 eadem,
3476 2405 3635 2464 atque
3683 2387 3960 2445 Arnobius

2363 2519 2551 2567 noster
2570 2549 2586 2575 ,
2630 2505 2722 2562 sed
2757 2503 2914 2573 paulo
2935 2499 3136 2555 clarius
3158 2492 3381 2558 retulit,
3430 2498 3589 2559 atque
3620 2484 3743 2541 inde
3767 2490 3960 2538 contra

2364 2605 2611 2663 ethnicos
2641 2601 2718 2656 sic
2747 2599 2988 2667 disputat
3015 2612 3029 2651 :
3062 2613 3081 2646 ι
3109 2592 3407 2647 Puerorum
3431 2583 3623 2655 aliquis
3653 2580 3961 2637 delectatur

2366 2696 2726 2768 amplexibus,
2757 2686 3124 2762 Ganymedem
3156 2684 3208 2739 in
3235 2683 3356 2737 sinu
3382 2678 3532 2736 lovis
3566 2681 3793 2747 quaerat,
3823 2670 3964 2727 Iler-

2367 2792 2540 2848 culem
2580 2788 2758 2843 videat
2806 2784 2996 2856 Hylam
3039 2774 3339 2849 impatienti
3364 2786 3549 2828 amore
3598 2775 3958 2838 qumrentem,

2370 2881 2654 2957 Hyacinthi
2684 2876 2956 2934 desiderio
2986 2881 3203 2942 captum
3231 2865 3537 2938 Apollinem
3566 2862 3756 2919 discat.
3784 2858 3971 2931 Chry-

2364 2972 2583 3049 sippum
2611 2975 2769 3037 alius,
2798 2971 2935 3026 alius
2967 2968 3220 3036 Pel0pem
3242 2961 3441 3027 videat,
3472 2967 3531 3015 ut
3557 2973 3654 3030 per
3679 2957 3810 3012 deos
3831 2968 3969 3008 suos

2372 3072 2473 3127 sibi
2499 3071 2669 3125 licere
2695 3066 2872 3132 dicat,
2904 3058 3160 3135 quidquid
3193 3056 3353 3114 hodie
3390 3052 3735 3111 severissime
3762 3049 3971 3103 Roma-

2374 3165 2457 3219 nis
2490 3163 2695 3233 legibus
2725 3159 3050 3213 vindicatur.
3083 3173 3104 3207 ι

2448 3260 2489 3313 A
2516 3272 2624 3329 quo
2659 3264 2838 3311 autem
2880 3251 3161 3307 adamatus
3200 3244 3271 3302 sit
3311 3243 3541 3314 Pelops,
3587 3239 3656 3295 de
3694 3249 3803 3310 quo
3842 3232 3975 3290 alibt

2375 3354 2517 3410 idem
2545 3351 2717 3407 Julius
2738 3390 2753 3412 ,
2787 3347 2872 3401 bis
2903 3344 3161 3400 Tatianus
3189 3341 3209 3414 (
3245 3339 3379 3393 Ibid.
3407 3380 3424 3405 ,
3454 3353 3572 3408 pag.
3600 3334 3705 3398 20;
3736 3329 3977 3394 Tutiam,

2376 3456 2510 3503 orat.
2541 3454 2673 3500 cont.
2710 3441 2910 3507 Gneo”
2948 3454 3066 3508 pag.
3130 3433 3275 3505 £62)
3320 3429 3499 3487 verbis
3536 3427 3805 3482 indicasse
3826 3420 3981 3476 vidc-

2377 3550 2465 3595 tur
2496 3536 2659 3614 παρ’
2688 3536 2806 3609 ὑμῖν
2836 3532 2862 3587 ὁ
2900 3529 3059 3602 Πέλοψ
3089 3526 3288 3585 δεῖπνον
3326 3531 3426 3581 τῶν
3452 3523 3573 3577 θεῶν
3616 3521 3809 3594 γίνεται
3831 3556 3846 3577 .
3893 3517 3987 3569 καὶ

2376 3628 2687 3691 Ποσειδῶνος
2737 3626 3005 3704 ἕρὼμενος.
3050 3622 3202 3693 Apud
3231 3635 3317 3675 vos
3350 3616 3547 3686 Pelops
3588 3616 3801 3667 deorum
3846 3626 3981 3679 epu-

2380 3728 2444 3783 lis
2474 3723 2784 3797 appom’tur,
2815 3729 2893 3784 et,
2939 3733 3034 3773 seu
3063 3715 3164 3772 etsi
3184 3757 3200 3780 ,
3244 3722 3447 3767 amatus
3473 3725 3506 3763 ο
3538 3704 3788 3774 Neptuno
3826 3717 3985 3772 puer.

2382 3821 2645 3878 Pindarus
2666 3833 2793 3874 vero
2816 3812 3089 3889 (Pindon,
3120 3808 3193 3866 ol.
3225 3807 3338 3864 Ode
3366 3823 3406 3874 ι,
3437 3820 3571 3861 vers.
3598 3800 3669 3859 58
3691 3810 3738 3855 et
3768 3797 3938 3868 seqq.)
3964 3812 3981 3854 :

3132 4182 3292 4247 Quem
3308 4188 3623 4297 Ιειιῐτροιειις,

3132 4250 3290 4297 tbiens
3355 4252 3588 4297 eotunus.

2576 4257 2769 4309 Amavit
2791 4261 3040 4307 terrarum
3064 4250 3290 4301 ambiens
3308 4250 3588 4310 Neptunus.

2393 4413 2638 4482 Denique
2669 4409 2965 4466 Athenaeus
2995 4403 3111 4459 haec
3135 4400 3207 4457 de
3235 4396 3540 4470 Chrysippo
3565 4435 3579 4458 ,
3608 4402 3666 4449 et
3696 4403 3997 4464 puerorum

2390 4522 2574 4564 amore
2603 4502 2822 4560 tradidit
2848 4500 3087 4575 (Athan,
3117 4496 3206 4551 tib.
3244 4509 3367 4559 χιιι,
3399 4507 3520 4564 pag.
3554 4488 3661 4545 €02
3686 4499 3732 4541 et
3762 4483 3942 4558 seqq.)
3980 4505 3998 4541 :

1821 4631 1923 4685 [ius
1959 4582 2252 4693 numquam
2272 4660 2289 4686 ν
2319 4619 2369 4679 Ι)
2393 4601 2561 4660 ’Ἄλλοι
2586 4599 2640 4656 δὲ
2666 4620 2794 4675 φασι
2810 4604 2911 4652 τῶν
2935 4594 3180 4651 τοιούτων
3210 4591 3413 4666 ἐρώτων
3433 4583 3790 4662 κατάρξασθαι
3815 4582 4001 4646 Action,

2394 4701 2539 4775 παρὰ
2567 4696 2766 4760 Πέλοπι,
2810 4694 2899 4747 καὶ
2914 4690 3199 4767 ἐρασθέντα
3224 4691 3314 4740 τοῦ
3335 4685 3447 4737 υἱοῦ
3475 4682 3635 4735 αὐτου
3657 4677 4001 4753 Χρυσίππου,

2397 4790 2450 4847 ὃν
2471 4795 2554 4847 καὶ
2573 4789 2888 4866 ἁρπάσαντα
2936 4786 3023 4838 καί
3063 4779 3362 4852 ἀναθέμενον
3393 4776 3462 4835 εἰς
3490 4772 3654 4848 ἅρμα,
3701 4771 3771 4828 εἰς
3818 4766 4006 4826 Θήϐας

2399 4894 2592 4961 φυγεῖν.
2609 4860 2885 4958 ’Πραξὶλλα
2902 4875 2957 4933 δὲ
2990 4877 3022 4934 ἡ
3051 4874 3295 4930 Σικυωνία
3322 4869 3424 4924 ὑπὸ
3460 4867 3571 4926 Διὸς
3597 4867 3747 4936 φησιν
3786 4860 4007 4936 ἁρπασ-

2401 4980 2546 5039 Θὴναι
2573 4977 2660 5031 τὸν
2699 4973 3027 5050 Χρύσιππον.
3078 4964 3181 5019 Alii
3237 4963 3413 5017 dicunt
3444 4972 3720 5032 puerorum
3769 4967 4008 5033 amorem

2403 5080 2571 5126 ortum
2621 5042 2780 5136 fuisse
2808 5079 2840 5116 a
2880 5060 3043 5126 Laio,
3087 5058 3157 5111 ad
3198 5053 3463 5124 Pelopea,
3504 5050 3791 5111 diversam,
3819 5043 3905 5114 qui
3931 5042 4010 5096 ad

2405 5172 2633 5215 amulum
2674 5158 2784 5224 eius
2814 5154 2981 5224 ﬁlium
3020 5148 3402 5220 Chrysippum,
3452 5159 3566 5197 cum
3595 5148 3800 5212 raptum
3829 5137 4011 5203 impo-

2405 5258 2589 5311 suisset
2643 5250 2861 5313 currui.
2910 5245 3108 5302 Thebas
3164 5240 3387 5312 aufugit.
3455 5233 3693 5292 Praxilla
3750 5229 4012 5301 Sicyonia

2409 5348 2757 5421 Chrysippum
2784 5361 2815 5397 ιι
2842 5339 2971 5395 Jove
2998 5346 3203 5408 raptum
3241 5333 3399 5404 fuisse
3436 5329 3620 5400 inquit.
3656 5324 3868 5380 Videsis
3904 5319 4015 5376 ad-

2411 5448 2515 5501 huc
2544 5441 2818 5499 .Elinnum
2844 5477 2860 5501 ,
2903 5434 2948 5489 si
2976 5434 3186 5489 animus
3214 5436 3333 5486 est.
3365 5425 3460 5481 sed
3489 5423 3562 5479 ibi
3594 5421 3685 5477 ille
3715 5416 3865 5474 lovis
3898 5428 4013 5469 non

2410 5538 2655 5597 meminit
2683 5537 2701 5608 (
2727 5532 2970 5599 ﬁliam,
3003 5529 3093 5584 lib.
3126 5540 3242 5590 xm,
3276 5539 3385 5578 var.
3417 5521 3575 5584 hist.,
3608 5532 3723 5587 cap.
3754 5512 3855 5578 5).
3901 5508 4021 5565 Ve-

2410 5650 2529 5689 rum
2551 5630 2672 5701 quis
2699 5627 2802 5684 bos
2831 5634 2941 5681 tam
2972 5615 3280 5677 execrando
3299 5655 3316 5683 ,
3355 5627 3456 5669 nec
3479 5610 3609 5666 ullis
3639 5605 3851 5679 ignibus
3874 5600 4020 5658 solis

2413 5696 2668 5797 umquam
2705 5718 2974 5795 expianda
3017 5728 3204 5774 amore
3245 5709 3535 5782 ﬂagrantes
3579 5703 3711 5761 deos
3750 5696 3858 5756 dici
3898 5709 4021 5753 non

2420 5818 2689 5881 horreat?
2721 5888 2725 5892 _
