4166 6256
210 283 302 341 εει

795 402 1090 448 sanemus
1133 384 1210 443 ni.

208 511 453 575 Quomodo
471 510 716 575 Arnobius
735 506 902 575 talsam
924 505 1130 575 deorum
1153 501 1466 575 divinitatem
1491 496 1800 575 ostendis-{ex

263 559 527 640 impudico
546 559 739 640 illarth
766 571 814 640 in
839 569 1272 640 Ιιοιιιὶιιθειιέιιιοιξιῖξ
1318 563 1519 640 Aurorae
1553 562 1605 610 in
1627 559 1802 640 Ἕλιξο-

260 622 580 697 nurrnzliunae
603 637 650 683 in
675 622 1303 697 EndymionemLNeI-eidis
1333 628 1382 697 in
1424 623 1640 697 «Cacum,
1665 622 1803 697 The-

262 683 462 752 t—idis'iri
476 683 998 758 Achillisgetiitqrem,
1031 683 1680 758 Proserpinmjnﬁdonem,
1706 683 1803 735 Ce-

261 748 389 813 reris
421 765 474 810 in
511 748 815 810 rusticanum
853 748 1141 816 Jasiohem,
1173 748 1388 802 Veneris
1421 750 1472 798 iu
1512 748 1800 816 Vulcanum,

263 807 632 878 iiiiéétbﬁtéii,
657 807 884 878 Martem,
929 825 984 868 et
1027 807 1309 876 Anchisem,
1357 820 1411 863 et
1444 807 1803 862 curhascDio-

265 891 396 949 neia,
423 895 476 938 et
490 885 656 936 Troici
681 883 774 935 viri
798 889 958 932 mater
974 879 1181 931 dicatur.

278 1019 485 1086 Quanta
514 1013 678 1071 etiam
709 1011 870 1066 fuerit
890 1009 1115 1064 dearum
1140 1003 1502 1077 impudicitia,
1527 1003 1612 1058 his
1633 1002 1806 1058 Arno-

209 1113 360 1176 bius,
396 1118 520 1182 post
545 1107 879 1164 Clementem
909 1100 1334 1160 Alexandrinum
1358 1141 1375 1167 ,
1403 1097 1666 1169 exemplis
1695 1111 1807 1152 ma-

210 1209 400 1262 nilcste
437 1204 813 1260 demonstrat:
848 1218 868 1253 ι
897 1197 1087 1255 Nonne
1124 1198 1322 1252 vestris
1350 1205 1564 1250 cautum
1604 1202 1689 1250 est
1719 1193 1809 1246 Iit-

213 1304 342 1358 teris
387 1299 699 1355 adamatum
729 1309 852 1350 esse
876 1292 945 1349 ab
990 1296 1199 1348 Aurora
1231 1289 1521 1346 Tithonum
1545 1331 1560 1353 ,
1605 1287 1808 1344 arsisse

218 1397 271 1452 in
313 1394 706 1466 Endymionem
737 1391 945 1446 Lunam
970 1431 986 1458 ,
1017 1386 1308 1444 Nereidem
1349 1387 1402 1441 in
1441 1383 1670 1441 Eacum
1695 1426 1711 1451 ,
1753 1383 1809 1438 in

214 1487 444 1545 Achillis
470 1486 769 1557 genitorem
797 1482 1018 1547 Thetin,
1045 1480 1425 1552 Proserpinam
1452 1478 1506 1533 in
1539 1476 1807 1545 Adonem,

212 1596 443 1642 matrem
469 1582 584 1653 ejus
602 1580 856 1638 Cererem
884 1581 936 1633 in
961 1578 1233 1634 Jasionem
1263 1576 1448 1632 nescio
1466 1591 1626 1644 quem
1650 1571 1811 1628 rusti-

210 1693 406 1734 canum
432 1718 448 1744 ,
500 1686 550 1732 et
585 1685 706 1746 post
731 1672 1026 1728 Vulcanum
1069 1669 1424 1740 Phaetontem
1446 1710 1462 1735 ,
1505 1667 1728 1722 Martem
1757 1666 1810 1720 in

1476 267 1542 325 IN
1572 259 1948 328 ARNOBIUM,
1985 257 2140 316 CAP.
2184 255 2302 312 XII.
2366 267 2378 278 ·

1822 380 1872 439 Α
1901 374 2130 431 Plinium
2148 380 2203 426 et
2219 369 2354 424 alios
2375 365 2639 441 (Theocr.,
2667 363 2796 435 idyl.
2816 364 2873 429 5;
2888 360 3064 426 0vid.,
3081 360 3228 430 epist.
3247 359 3460 414 Heroid.
3473 399 3489 426 ,

3377 247 3482 302 522

1905 469 1991 529 18,
2023 484 2142 538 pug.
2177 465 2300 529 191),
2333 460 2422 515 lib.
2454 475 2511 514 ιιι
2539 459 2601 512 de
2627 457 2739 511 Art.
2768 472 2968 522 aman.,
2997 472 3116 526 pag.
3145 453 3290 519 4T5;
3318 452 3488 518 Plin.,

1905 559 1996 618 lib.
2026 576 2060 615 ιι
2094 557 2290 613 Natur.
2326 555 2472 621 hist.,
2502 570 2618 625 cap.
2649 551 2703 616 9,
2735 567 2852 621 pag.
2888 545 3050 620 152).

1973 653 2221 710 Nereidis
2273 661 2453 706 autem
2501 646 2720 701 nomine
2766 645 3036 699 Arnobius
3082 653 3266 698 noster
3320 642 3499 698 adhuc

1907 763 2024 819 posx
2055 744 2390 802 Clementem
2419 738 2875 802 Alexandrinum,
2907 747 2965 792 ut
2990 737 3099 805 jam
3129 737 3384 801 vidimus,
3418 736 3498 791 di-

1905 841 2082 912 signat
2130 836 2452 894 Psamathen
2501 833 2661 890 Nerei
2704 832 2866 888 filiam
2897 829 3164 902 (Clemens
3192 828 3498 897 Alexandr.,

1908 932 2165 988 Admonit.
2199 932 2267 985 ad
2297 941 2456 1002 gent.,
2493 945 2609 999 pag.
2643 925 2709 981 2i
2737 926 2775 995 ),
2813 939 2878 980 ex
2909 939 3011 995 qua
3043 922 3270 986 Alaeus,
3317 931 3373 976 ut
3411 937 3499 977 re-

1911 1025 2018 1082 fert
2048 1025 2340 1090 Hesiodus,
2370 1021 2610 1077 Phocum
2641 1017 2876 1087 suscepit
2906 1015 3181 1090 (Iiesiod.,
3212 1013 3500 1086 Theogon.,

1909 1135 2041 1179 vers.
2073 1116 2251 1186 10οι1)
2275 1135 2288 1172 :

2069 1231 2160 1282 on‘t
2183 1245 2246 1293 μὶν
2271 1245 2392 1280 Φῶκον
2416 1241 2577 1291 Ψαμάθη
2601 1243 2681 1279 viss
2793 1239 2904 1278 θεάων
2922 1267 2934 1285 ,

2067 1292 2203 1344 Alcaei:
2229 1307 2264 1343 ιν
2288 1305 2471 1356 eiiciam.
2496 1300 2560 1342 διὰ.
2582 1308 2715 1356 χρυσῆν
2739 1292 2963 1353 Appositum

1913 1378 1972 1430 Et
1990 1392 2110 1430 sane
2131 1379 2332 1442 quidem
2356 1378 2575 1428 Phocum
2611 1375 2872 1425 Psamatbe
2895 1374 3090 1438 peperit
3114 1375 3509 1496 pmstrfgtissima

3321 1450 3348 1486 e
3383 1451 3506 1496 rum,

3321 1450 3506 1500 earum,

2036 1502 2169 1556 Aiaci
2194 1506 2245 1553 in
2267 1516 2454 1564 amore,
2481 1515 2570 1565 per
2591 1514 2791 1550 auream
2817 1499 3085 1550 Venerem.

1915 1611 2078 1668 Multa
2106 1611 2175 1668 de
2217 1611 2390 1667 Εεοο
2428 1619 2482 1666 et
2515 1609 2695 1665 Phoco
2723 1607 2948 1663 Ovidius
2968 1649 2982 1673 ,
3015 1622 3172 1678 quem
3203 1623 3324 1663 cum
3353 1608 3510 1664 lube-

1914 1707 2024 1776 bit,
2069 1708 2253 1778 legere
2296 1708 2498 1778 poteris
2529 1705 2709 1780 (Ovid.
2733 1748 2748 1770 ,
2786 1705 2876 1759 lib.
2907 1721 2977 1759 vn
3012 1703 3223 1759 Metam.
3250 1746 3264 1767 ,
3298 1704 3423 1776 §24
3465 1714 3513 1759 et

215 1771 467 1828 Amm”:
513 1767 726 1874 “ﬂauas
775 1767 944 1874 ipsa!“
978 1760 1806 1874 ἱψἾζΪῩῲἾάἾῖη
1839 1783 1888 1843 Β
2167 1760 2355 1871 (idem
2379 1760 2656 1856 Arnobius
2698 1760 2897 1853 dehinc
2927 1797 3150 1852 Achillis
3179 1760 3335 1852 vocavi
3363 1799 3515 1868 geni-

217 1875 478 1928 matrem,
510 1873 563 1916 et
591 1860 846 1916 Rontanze
873 1857 1259 1914 dominationis
1291 1865 1568 1911 auctorem
1606 1872 1625 1906 ι
1659 1853 1676 1922 (
1711 1851 1797 1905 Ar-

216 1956 336 2012 nob.
366 1997 382 2021 ,
438 1953 528 2008 lib.
568 1968 660 2019 tv,
711 1968 830 2023 pag.
866 1948 970 2006 145
1012 1960 1060 2004 et
1102 1945 1291 2020 seqq.).
1334 1946 1588 2003 Clemens
1631 1954 1810 1998 autem

225 2046 626 2105 Alexandrinus
686 2045 835 2116 prius
897 2042 1100 2099 eisdem
1171 2041 1463 2114 gentilibus
1541 2038 1815 2109 objecerat

222 2142 244 2215 (
283 2141 512 2199 Clemens
538 2140 821 2194 Alexandr.
848 2178 864 2200 ,
916 2135 1177 2190 Admonit.
1223 2134 1291 2188 ad
1315 2143 1451 2206 gent.
1501 2149 1619 2204 pag.
1654 2130 1717 2186 2i
1751 2130 1810 2200 ):

215 2237 268 2292 Ἠ
297 2237 365 2298 ὣς
393 2237 475 2291 ἰπὶ
501 2237 720 2297 Τιθωνῶ,
748 2231 922 2292 Σελήνη
944 2227 1254 2302 Ἐνδυμίωνι,
1283 2231 1474 2303 Νηρηὶς
1511 2227 1596 2282 ἐπὶ
1621 2227 1810 2295 Αἰακῷ,

218 2336 307 2386 καὶ
333 2333 417 2386 ἐπὶ
459 2331 606 2389 Πηλεῖ
649 2329 796 2388 Θέτις
827 2342 840 2356 '
873 2328 959 2381 ἐπὶ
981 2324 1034 2380 δέ
1070 2324 1286 2380 Ἰασίωνι
1313 2327 1570 2397 Δημήτηρ,
1606 2325 1692 2375 καί
1730 2321 1818 2375 ἐπὶ

215 2421 440 2480 Ἀδώνιδι
451 2423 758 2498 ιδερεφὸιττσι·
772 2416 1034 2495 ’Δφροδίτη
1056 2415 1108 2472 δὲ
1126 2417 1204 2472 ἐπ’
1219 2413 1360 2491 ’Ἄρει
1375 2414 1812 2489 κατῃσχυμμένη,

216 2518 459 2592 μετῆλθεν
485 2517 568 2572 ἐπὶ
586 2515 820 2592 Κινύραν,
853 2517 940 2566 καὶ
962 2512 1208 2586 Ἀγχίσην
1237 2507 1437 2584 ἔγημεν·
1466 2512 1551 2563 καὶ
1571 2509 1818 2565 Φαέθοντα

215 2613 420 2683 ἐλόχα,
461 2606 967 2685 καὶῆραᾺδὼνιόος.
1007 2605 1210 2658 Aurora
1252 2611 1459 2675 propter
1503 2599 1814 2668 Tithonum,

217 2704 378 2760 Luna
416 2714 622 2774 prepter
664 2698 1044 2772 Endymionem
1065 2740 1079 2763 ,
1117 2696 1300 2752 Nereis
1329 2706 1536 2767 propter
1565 2691 1814 2758 .Eacum,

217 2808 265 2853 et
289 2807 499 2870 propter
551 2794 764 2849 Pcleum
813 2791 986 2848 Thetis
1010 2835 1025 2859 ,
1076 2800 1284 2862 propter
1335 2787 1601 2844 Jasionem
1649 2795 1819 2840 autem

221 2889 407 2956 Ceres,
456 2898 501 2943 et
527 2896 736 2960 propter
778 2884 1064 2939 Adonidem
1106 2881 1422 2954 Proserpina
1449 2898 1468 2936 :
1499 2880 1663 2935 Venus
1703 2894 1818 2933 vero

222 2992 434 3055 propter
478 2979 699 3035 Martem
723 2987 795 3034 est
821 2978 1006 3050 probro
1034 2987 1080 3032 et
1115 2976 1362 3030 dedecore
1390 2973 1578 3042 affecta
1611 3015 1627 3040 ,
1671 2983 1818 3026 tran-

220 3077 308 3130 siit
336 3075 402 3129 ad
426 3072 674 3146 aniram
701 3114 716 3139 ,
761 3082 809 3126 et
836 3070 1008 3140 nupsit
1038 3069 1274 3124 Anchisae
1294 3110 1308 3134 ,
1341 3078 1388 3122 et
1417 3066 1613 3142 paravit
1642 3063 1818 3120 Phae-

225 3172 360 3226 tonti
390 3169 627 3232 insidias,
671 3177 717 3222 et
743 3167 932 3220 amavit
958 3163 1265 3219 Adonidem.

303 3264 571 3321 Tithonus
611 3271 790 3316 autem
832 3258 1250 3323 Laomedontis,
1293 3256 1648 3328 Trojanorum
1688 3253 1833 3325 regis

226 3359 414 3423 frater,
441 3365 498 3411 ut
527 3356 606 3410 ait
631 3352 852 3410 Servius
881 3351 1100 3419 (Servi.,
1137 3349 1189 3404 in
1213 3365 1333 3403 mox
1355 3349 1548 3403 citand.
1581 3345 1766 3417 Virgil.
1786 3351 1829 3416 ),

224 3454 297 3510 ab
321 3454 528 3510 Aurora
559 3450 629 3505 ob
657 3451 843 3504 formae
873 3447 1235 3517 praestantiam
1264 3443 1544 3500 adamatus
1568 3452 1622 3497 et
1647 3448 1832 3511 raptus

225 3547 364 3614 fuit,
396 3561 558 3619 atque
597 3545 648 3600 in
680 3542 1012 3613 Ethiopiam
1052 3539 1294 3611 ejusdem
1337 3554 1496 3593 curru
1537 3535 1825 3599 advectus,

225 3639 308 3697 ibi
335 3654 404 3695 ex
429 3638 514 3695 illa
541 3636 728 3710 genuit
752 3634 1115 3691 Memnonem.
1146 3630 1299 3687 Unde
1321 3629 1576 3702 Virgilius
1601 3627 1828 3684 cecinit:

978 3750 1078 3800 Aut
1101 3749 1187 3798 ubi
1209 3745 1580 3812 pallidasurget

350 3815 542 3868 Tithoni
571 3827 797 3868 croceum
825 3812 1057 3877 linquens
1077 3809 1261 3861 Aurora
1280 3809 1460 3860 cubile.

777 3898 1004 3966 (Virgil,
1036 3897 1117 3950 lib.
1137 3915 1153 3948 I
1177 3899 1372 3961 Georg,
1396 3908 1520 3946 vers.
1542 3892 1676 3953 M6.)

229 4009 300 4066 Et
323 4021 512 4066 rurSus
541 4009 647 4064 alio
678 4008 731 4063 in
763 4007 934 4062 libro:

322 4104 386 4155 F-t
398 4105 501 4166 jam
524 4104 678 4166 prima
703 4115 827 4166 novo
850 4100 1120 4166 spargebat
1138 4095 1322 4148 lumine
1337 4105 1526 4166 terras,

325 4158 538 4218 Tit'boul'
553 4179 784 4216 croceum
808 4158 1036 4228 linquens
1059 4163 1250 4212 Aurora
1274 4158 1458 4212 cubile.

737 4245 923 4310 (Idem,
948 4241 1033 4296 lib.
1052 4259 1097 4295 tv
1126 4240 1341 4303 lEﬂCid...
1361 4254 1487 4292 vers.
1510 4238 1643 4304 584-.)

233 4356 310 4413 De
337 4357 426 4411 his
449 4355 604 4427 plura
631 4352 896 4410 Hesiodus
923 4350 1189 4425 (Hesiod.,
1217 4349 1498 4421 Theogon.,
1523 4363 1652 4402 vers.
1679 4342 1828 4410 904),

232 4458 287 4504 et
308 4447 628 4520 Propertius
653 4445 947 4518 (PrOpert.,
973 4443 1060 4499 lib.
1087 4460 1158 4510 tt,
1205 4441 1332 4513 eleg.
1381 4440 1470 4506 18ς
1512 4439 1676 4506 idem,
1702 4437 1829 4509 eleg.

235 4541 374 4633 15‘),
412 4539 502 4611 qui
531 4539 600 4594 de
626 4537 964 4611 Endymione
991 4537 1091 4592 hos
1119 4535 1249 4591 fecit
1279 4547 1469 4590 versus
1493 4551 1507 4588 :

341 4651 518 4715 Nudus
541 4658 593 4702 et
614 4650 880 4715 Endymion
898 4649 1079 4715 Pbmbi
1094 4649 1286 4715 cepisse
1307 4661 1526 4700 sororem

425 4714 639 4776 Dicitur,
665 4713 884 4765 et'nudze
910 4713 1235 4764 concubuisse
1257 4713 1384 4763 deae.

231 4820 432 4878 Pastor
470 4819 563 4876 ille
594 4817 801 4886 fuerat,
833 4817 995 4874 Athlii
1051 4819 1226 4885 tilius,
1272 4818 1427 4889 cujus
1464 4832 1648 4874 amore
1687 4815 1835 4872 Luna

230 4923 427 4984 capta,
473 4914 527 4967 in
557 4911 730 4968 Latmi
771 4912 946 4967 Cariae
984 4912 1179 4968 montis
1204 4911 1498 4967 occultavit
1537 4925 1736 4982 specu,
1782 4921 1838 4965 et

229 5005 636 5072 dormientem,
677 5007 817 5060 sicut
853 5005 1045 5060 Cicero
1071 5007 1177 5073 ait,
1219 5005 1491 5060 osculatus
1529 5015 1630 5059 est.
1674 5003 1839 5058 Visne

230 5096 387 5152 illius
417 5098 579 5154 verba
611 5097 708 5152 tibi
741 5095 1010 5168 proferri?
1042 5097 1121 5153 En
1155 5102 1268 5167 ipsa
1296 5104 1453 5152 sunt:
1485 5113 1505 5149 ι
1534 5094 1835 5167 Endymion

230 5207 406 5257 vero,
437 5193 481 5246 si
514 5191 724 5247 fabulas
753 5191 941 5248 audire
982 5193 1259 5259 volumus,
1305 5191 1488 5248 nescio
1527 5189 1744 5263 quando
1786 5191 1837 5245 in

233 5284 436 5340 Latmo
478 5284 845 5349 obdormivit,
887 5285 976 5355 qui
1022 5295 1106 5341 est
1151 5301 1308 5341 mons
1347 5283 1554 5352 Carizn,
1602 5282 1837 5338 nondum

232 5378 440 5448 opinor
465 5387 836 5449 experrectus.
861 5377 1017 5459 .Num
1061 5379 1224 5450 igitur
1252 5395 1373 5434 eum
1403 5393 1593 5434 curare
1623 5393 1834 5445 censes,

230 5487 373 5528 cum
401 5471 546 5527 Luna
576 5473 817 5538 laboret,
845 5488 875 5526 a
899 5489 1000 5544 qua
1028 5473 1340 5543 conscipitus
1366 5482 1617 5542 putatur;
1642 5483 1697 5526 ut
1717 5488 1839 5527 eum

230 5567 613 5636 dormientem
645 5568 983 5623 oscularetur
1008 5587 1026 5619 ι
1063 5567 1276 5640 (Cicer.,
1296 5567 1382 5621 lib.
1417 5584 1434 5622 ι
1465 5565 1841 5639 Tuscul.,pag.

234 5661 396 5728 150,
437 5662 535 5716 lin.
575 5659 720 5731 36)?
757 5660 948 5716 Plures
987 5669 1202 5724 autem,
1231 5661 1324 5731 qui
1366 5659 1483 5714 haec
1523 5659 1590 5714 ad
1635 5659 1843 5724 aniles,

233 5771 358 5812 nec
385 5755 683 5812 audiendas
708 5771 960 5828 umquam
991 5756 1226 5823 fabulas,
1259 5771 1365 5811 non
1396 5755 1646 5827 rejiciant
1675 5756 1717 5810 si
1750 5771 1848 5810 au-

232 5850 377 5911 dire
405 5850 716 5917 desideras,
746 5850 896 5906 adire
929 5851 1126 5921 poteris
1149 5850 1497 5908 Theocritum
1518 5893 1532 5918 ,
1563 5850 1810 5907 Ovidium
1833 5895 1846 5918 ,

630 5943 903 6008 ΡΑτιιοι.
949 5943 1026 6005 V.

1917 1903 2089 1950 torem
2113 1935 2129 1961 ,
2159 1895 2204 1948 is
2244 1903 2392 1949 recte
2418 1909 2449 1948 a
2479 1893 2757 1947 Clemente
2797 1889 3172 1946 Alexandrino
3213 1890 3516 1961 appellatur

1915 1989 2140 2055 Peleus,
2174 1989 2264 2062 qui
2303 1989 2554 2045 eumdem
2588 1986 2856 2042 Achillem
2887 2001 2952 2040 ex
2984 1984 3214 2041 Thetide
3257 2001 3514 2055 procrea-

1915 2085 1993 2139 vit
2021 2083 2221 2154 (Clem.
2243 2124 2259 2150 ,
2294 2083 2393 2139 loc.
2424 2083 2512 2137 cit.
2537 2122 2553 2147 ,
2584 2098 2701 2152 pag.
2733 2080 2794 2135 21
2827 2080 2868 2151 ).
2911 2079 3029 2136 lam
3075 2080 3218 2135 enim
3261 2084 3455 2136 citatus
3484 2096 3516 2136 a

1916 2177 2073 2235 nobis
2126 2175 2395 2233 Hesiodus
2442 2177 2640 2232 cecinit
2687 2173 2995 2247 (Hesiod.,
3040 2173 3298 2247 Theogon.
3327 2215 3342 2240 ,
3386 2192 3513 2230 vers.

1919 2269 2142 2342 suos):

2073 2399 2185 2447 Πηλιϊ
2207 2393 2250 2438 θλ
2275 2395 2455 2449 δμηθεῖσα
2480 2398 2545 2438 διὰ
2565 2400 2672 2446 Θιτις
2693 2396 2919 2449 ἑργνρόπιζο.
2939 2427 2948 2444 ,

2075 2463 2214 2502 Γιὶνιτ⁹
2240 2452 2418 2513 illum.

1921 2530 1964 2581 A
1982 2532 2140 2596 Peleo
2158 2540 2322 2583 autem
2342 2533 2544 2596 subacta
2556 2534 2653 2584 dea
2670 2529 2863 2593 Thetis,
2879 2531 3112 2583 candidos
3130 2532 3288 2596 pedes
3303 2533 3512 2590 habens.

2045 2595 2231 2646 Genuit
2254 2595 2515 2645 Achillem.

1919 2699 2025 2757 Sed
2059 2700 2162 2756 hoc
2188 2701 2256 2756 ab
2284 2699 2480 2756 Ovidio
2509 2701 2626 2757 fuse
2655 2701 2999 2756 decantatum
3030 2701 3272 2760 invenies
3303 2704 3517 2775 (Ovid,

1922 2794 2008 2849 lib.
2042 2811 2080 2850 ιι
2121 2794 2490 2867 Metamorplt..
2520 2796 2548 2868 §
2574 2796 2670 2867 7).

1995 2887 2201 2943 Ferunt
2229 2899 2408 2944 autem
2441 2889 2822 2962 Proserpinam
2855 2908 2920 2948 ac
2951 2893 3214 2949 Venerem
3238 2935 3253 2958 ,
3287 2893 3518 2948 Adonim

1924 2983 2126 3054 pariter
2152 2982 2529 3052 deperientes,
2565 2983 2632 3038 ad
2664 2983 2811 3039 Jovis
2841 2986 3058 3042 venisse
3093 2985 3387 3054 judicium,
3413 3001 3524 3056 quo

1925 3079 2020 3134 ille
2062 3079 2438 3148 pronuntiaret
2479 3079 2694 3134 cuinam
2750 3095 2814 3136 ex
2868 3081 3078 3136 duabus
3115 3080 3520 3137 concederetur.

1849 3170 1895 3234 C
1930 3173 2066 3228 Dato
2092 3188 2225 3228 vero
2253 3172 2320 3227 ab
2348 3187 2414 3228 eo
2443 3171 2542 3226 fuit
2581 3173 2688 3226 litis
2727 3173 2926 3228 arbitra
2959 3185 3014 3230 et
3045 3173 3209 3242 judex
3247 3173 3521 3242 Calliope,

1935 3281 2056 3338 quas
2098 3267 2411 3332 constituit,
2451 3275 2509 3321 ut
2551 3266 2698 3321 illum
2741 3282 3076 3338 unaquaeque
3115 3282 3210 3336 per
3245 3266 3525 3322 dimidiam

1933 3359 2059 3415 anni
2109 3369 2314 3430 partem
2359 3359 2678 3429 possideret.
2711 3358 2856 3430 Lege
2878 3401 2894 3424 ,
2925 3360 2971 3414 si
3012 3361 3142 3414 velis
3165 3403 3180 3426 ,
3218 3359 3522 3430 Hyginum,

1937 3452 2325 3523 Apollodorum
2355 3493 2370 3517 ,
2427 3461 2482 3506 et
2532 3450 2811 3508 Giraldum
2857 3450 3129 3524 (Hggin.,
3190 3452 3482 3505 Astronom.
3509 3492 3524 3509 .

1935 3555 2109 3614 poet.;
2137 3546 2336 3615 Apoll.,
2370 3544 2457 3599 lib.
2491 3560 2549 3600 ιιι
2575 3543 2864 3610 Biblioth.;
2914 3545 3143 3612 (iirald.,
3171 3555 3426 3616 sgntagm.
3461 3545 3528 3601 15

1935 3640 2100 3705 deor.,
2135 3657 2254 3711 pag.
2285 3638 2390 3694 396

2004 3733 2188 3790 Jasion
2220 3749 2384 3804 porro
2412 3733 2480 3787 ab
2511 3742 2733 3789 auctore
2766 3743 2952 3788 ltOSll‘O
2979 3733 3284 3789 rusticanus
3310 3733 3527 3804 quidem

1933 3827 2118 3883 nescio
2155 3827 2313 3894 quis,
2362 3824 2454 3880 sed
2501 3841 2529 3878 a
2573 3825 2769 3880 Nonne
2815 3825 2898 3879 vir
2923 3825 3196 3896 agricola,
3233 3834 3288 3881 et
3314 3826 3530 3882 Cereris

1933 3919 2167 3990 conjnx,
2200 3919 2270 3974 ab
2298 3919 2421 3974 aliis
2449 3917 2600 3974 lovis
2630 3929 2684 3974 et
2716 3918 2982 3984 Electrae,
3015 3928 3068 3973 et
3104 3919 3171 3975 ab
3209 3919 3528 3989 quibusdam

1935 4012 2140 4069 Menois
2168 4021 2224 4067 et
2251 4009 2510 4067 Phronize
2545 4011 2686 4066 lilius
2714 4010 2914 4066 dicitur
2941 4009 3172 4082 (Nonn.,
3203 4012 3290 4066 lib.
3325 4027 3493 4066 ιιι-ιιι
3513 4053 3529 4078 ,

1933 4122 2063 4161 vers.
2094 4104 2236 4170 969,
2287 4113 2333 4158 et
2373 4119 2508 4175 seqq.
2531 4103 2568 4174 ).
2619 4103 2702 4158 Ab
2747 4101 2982 4157 Hesiodo
3022 4109 3200 4156 autem
3246 4101 3529 4173 (Hesiod.,

1937 4199 2197 4272 Theogon.
2221 4215 2349 4254 vers.
2376 4197 2517 4268 969)
2546 4197 2859 4268 perhibetur
2883 4212 2950 4252 ex
2973 4196 3170 4252 Cerere
3196 4196 3411 4252 Plutum
3436 4211 3533 4268 ge-

1934 4309 2120 4351 nuisse
2142 4311 2156 4347 Ζ

2090 4411 2256 4471 Antid-mp
2276 4420 2340 4469 μιν
2360 4393 2526 4459 maiixoiv
2551 4419 2722 4468 ῑγιὶνατο,
2747 4413 2814 4456 δῖα.
2836 4417 2948 4456 Odm
2968 4444 2981 4462 ,

2091 4472 2204 4534 ίισὶῳ
2224 4483 2312 4533 ἥρωϊ
2335 4483 2464 4532 μιτιῖσ⁹
2489 4482 2596 4532 ictu-ﬁ
2612 4482 2787 4533 φιλότητι.

1858 4578 1914 4640 D
2033 4555 3254 4640 Ceresliptidem:Plinium‘ge’nuiEAprtcstautissima
3277 4555 3500 4616 dearum,

2033 4621 2168 4671 Jasio
2191 4619 2332 4670 heroi
2355 4620 2510 4670 mixta
2526 4619 2739 4682 jucunde
2755 4631 2940 4668 amore.

1940 4725 2042 4782 Adi
2071 4725 2280 4793 adhuc,
2309 4727 2354 4781 si
2386 4726 2552 4792 velis,
2593 4735 2648 4780 et
2688 4733 2876 4790 vacet,
2910 4724 3260 4780 Theocritum
3303 4735 3356 4780 et
3399 4725 3532 4780 Ovi-

1940 4821 2086 4876 dium
2129 4819 2406 4892 (Theocr.,
2443 4819 2597 4890 idyl.,
2650 4834 2779 4873 vers.
2813 4817 2915 4880 50;
2950 4816 3125 4885 0vid.,
3155 4818 3246 4874 lib.
3278 4834 3331 4873 Ix
3363 4817 3533 4873 Mela-

1941 4917 2169 4984 morph.,
2206 4913 2235 4987 §
2269 4913 2392 4984 11

2014 5011 2083 5065 At
2111 5024 2215 5064 nun
2244 5007 2477 5064 Jasionis
2504 5005 2691 5066 solius.
2725 5003 2818 5059 sed
2846 5003 3070 5060 Vulcani
3101 5006 3260 5060 etiam
3284 5045 3300 5073 ,
3329 5005 3532 5072 Martis,

1943 5103 2252 5158 Phaetontis
2295 5109 2350 5156 et
2389 5096 2638 5155 Anchisa:
2681 5097 3015 5168 nequissimo
3055 5113 3237 5152 amore
3268 5097 3534 5167 impudica

1944 5195 2128 5252 Venus
2156 5194 2415 5266 Hagravil.
2468 5191 2542 5245 De
2583 5190 2748 5245 Marte
2780 5201 2956 5244 autem
2993 5191 3150 5260 paulo
3191 5199 3346 5256 ante,
3380 5205 3443 5243 ac
3471 5189 3537 5244 dc

1944 5288 2264 5353 Phaetonte,
2289 5300 2382 5341 seu
2412 5284 2590 5354 potius
2614 5282 2829 5338 Phaone
2858 5285 2908 5336 in
2938 5283 3215 5352 superiore
3236 5284 3537 5352 Apparatus

1945 5383 2116 5438 nostri
2145 5394 2290 5436 tumo
2314 5377 2670 5433 disseruimus
2695 5378 2838 5446 (tum.
2886 5393 2901 5431 ι
2938 5377 3218 5444 Apparat.,
3243 5393 3360 5446 pag.
3385 5377 3537 5449 7b7).

2017 5474 2122 5531 Sed
2155 5475 2443 5530 observare
2474 5473 2561 5530 hic
2586 5474 2736 5544 juvat
2771 5471 3040 5539 triplicem
3073 5489 3097 5522 a
3130 5471 3395 5525 Cicerone
3426 5471 3540 5526 dis-

1949 5567 2113 5640 tingui
2138 5566 2408 5624 Venerem
2427 5611 2442 5635 ,
2469 5582 2696 5638 quarum
2727 5584 2745 5615 ‹
2772 5563 2925 5619 tertia
2951 5584 2969 5616 ι
3000 5562 3172 5634 inquit
3195 5563 3392 5631 (Cicer.
3427 5565 3542 5632 lib.,

1947 5678 2005 5717 ιιι
2047 5661 2110 5715 de
2159 5659 2288 5716 Nat.
2323 5661 2467 5716 deor.
2503 5678 2623 5734 pag.
2657 5658 2764 5713 218
2787 5699 2801 5723 ,
2835 5659 2927 5712 lin.
2957 5655 3094 5730 9.8),
3125 5676 3144 5709 ι
3177 5657 3311 5712 Jove
3345 5669 3466 5712 nata
3497 5671 3558 5713 ct

1955 5755 2156 5826 Dione,
2202 5755 2384 5824 nupsit
2429 5753 2673 5808 Vulcano
2699 5771 2716 5802 ι
2751 5751 2802 5803 in
2845 5765 3047 5820 quam,
3092 5761 3151 5805 ut
3196 5749 3331 5805 dixit
3371 5758 3566 5806 auctor

1953 5861 2158 5924 noster,
2195 5847 2441 5906 ardebat.
2496 5847 2647 5916 Quod
2681 5844 2896 5916 quidem
2928 5847 3294 5902 conﬁrmatur
3321 5858 3346 5893 a
3372 5827 3581 5902 Servio

2843 5939 2918 6005 17
