4158 6264
263 356 374 425 515

1518 372 1587 436 IN
1623 374 2205 450 ARNOBIUM,’,CAP.
2248 378 2385 439 XIII.

3436 378 3542 441 526

259 504 381 590 pag.
412 472 568 590 10.7,):
595 484 736 544 «Vos
763 484 894 546 deos
921 505 1105 561 parum
1130 502 1212 549 est
1240 492 1531 550 formarum
1561 496 1703 568 quod
1732 511 1844 551 am-
1874 502 1926 563 Α
1954 494 2084 553 Isid.
2108 539 2123 566 ,
2154 496 2243 555 lib.
2276 516 2313 554 ιι
2348 498 2493 570 Orig.
2516 539 2531 568 ,
2580 516 2696 567 cap.
2732 500 2756 555 1
2782 514 2800 564 ;
2841 497 3044 573 Cicerﬁ,
3075 500 3164 557 lib.
3198 517 3215 557 ι
3245 501 3307 555 de
3339 498 3536 590 ΝαιιινΣ

256 580 548 653 plecumini
581 586 881 645 mensione.
917 584 1005 640 ﬁlo
1035 595 1089 641 et
1117 590 1475 645 atterminatis
1504 591 1757 652 humano.
1789 600 1844 646 et

254 674 398 748 quod
426 674 695 747 indignius
724 676 890 732 multo
916 690 1028 750 est,
1054 689 1388 738 terrenarum
1417 699 1703 755 corporum
1732 688 1841 740 cir-

252 783 585 825 cumcaesura
622 767 802 835 ﬁnitis,
831 791 849 823 ι
878 769 981 826 hoc
1010 783 1122 839 est,
1153 772 1284 830 deos
1310 788 1519 832 veStros
1547 775 1839 833 formarum

252 864 541 929 mansione,
570 878 669 918 seu
698 862 1038 921 dimensione
1067 868 1148 923 vel
1180 877 1459 936 mensura,
1489 881 1543 928 et
1574 871 1694 940 ﬁlo,
1727 876 1842 929 sive

252 965 462 1011 textura
492 965 548 1010 et
575 952 916 1012 lineamentis
948 957 1197 1016 humanis
1218 1003 1231 1025 ,
1264 978 1327 1017 ac
1352 980 1637 1034 corporum
1669 976 1839 1022 terre-

249 1062 445 1103 norum
475 1047 918 1116 circumcaesura,
949 1065 1045 1106 seu
1075 1056 1415 1111 extremitate
1446 1055 1749 1112 terminatis
1786 1067 1841 1115 et

247 1140 708 1199 circumscribilis.
746 1126 917 1200 Priori
961 1157 1140 1203 autem
1174 1152 1341 1205 verbo
1372 1168 1500 1206 usus
1537 1162 1620 1208 est
1647 1152 1841 1210 Cicero

249 1231 420 1307 (Cia,
464 1224 696 1300 Oratam
739 1255 858 1309 pag.
890 1236 1018 1304 268,
1051 1239 1146 1297 lin.
1180 1242 1274 1315 2),
1311 1252 1365 1300 et
1394 1243 1501 1302 duo
1541 1249 1840 1315 posteriora

246 1328 530 1402 desumpta
557 1346 625 1387 ex
649 1326 900 1388 Lucretio
929 1334 1196 1392 videntur.
1230 1335 1403 1393 Variis
1430 1339 1628 1411 quippe
1654 1357 1717 1397 ea
1745 1341 1840 1396 ad-

244 1421 397 1478 hibet
429 1423 484 1478 in
512 1422 680 1491 locis,
715 1424 856 1481 unde
895 1425 1010 1481 haec
1041 1424 1410 1499 proferemus:

341 1538 465 1607 §unt
481 1538 630 1607 igitur
649 1538 747 1607 jam
770 1538 1039 1607 formarum
1054 1544 1263 1607 vestigia
1287 1557 1435 1607 cgeca,

340 1601 457 1661 Qum
482 1600 629 1665 vulgo
654 1600 856 1654 rolitant
876 1600 1045 1654 subtili
1070 1600 1268 1667 praedita
1303 1604 1401 1658 ﬁlo.

774 1682 1009 1750 (Lucret.,
1034 1682 1118 1738 lib.
1142 1704 1208 1751 tv,
1234 1700 1360 1742 vers.
1382 1690 1446 1742 85
1460 1688 1507 1743 el
1526 1688 1681 1759 sedq.)

247 1792 386 1852 Alibi
425 1812 589 1854 vero:

806 1888 984 1951 Specie
1017 1876 1215 1943 confusa
1241 1892 1466 1944 videntur

331 1952 491 2013 Quam
513 1946 770 2004 minimum
791 1946 941 2003 illam.

336 2055 350 2069 ο
420 2053 439 2064 ο
506 2054 521 2067 ο
592 2055 604 2065 ο
674 2056 687 2069 ο
758 2055 769 2066 ο
841 2050 874 2068 .ο
944 2053 958 2065 ο
1028 2054 1041 2068 ο
1108 2055 1122 2067 ο
1190 2055 1203 2069 ο
1274 2055 1287 2067 ο
1358 2062 1370 2069 .
1439 2058 1453 2069 ι

332 2076 643 2143 Perparvum
666 2078 906 2143 quoddam
932 2079 1177 2143 interdum
1195 2088 1384 2132 mutare
1412 2080 1639 2132 videntur

332 2141 642 2193 Alterum"!
661 2141 713 2191 in
738 2150 926 2194 partem
950 2141 1099 2194 ﬁlum.

586 2205 668 2269 (Et
688 2202 771 2257 tib.
806 2220 853 2265 v,
869 2216 996 2257 vers;
1020 2205 1133 2268 581,
1158 2212 1204 2258 et
1226 2220 1350 2259 vers.
1381 2206 1473 2258 ω
1493 2213 1541 2261 et
1557 2209 1712 2274 seqq.)

251 2307 363 2367 Alio
380 2317 568 2364 autem
592 2308 646 2364 in
672 2308 811 2363 libro
833 2320 1035 2365 nomen
1052 2308 1466 2364 circumcaesura
1487 2307 1566 2363 sic
1587 2307 1840 2364 adhibet:

332 2422 532 2476 Emme
552 2423 893 2475 membrorum
908 2424 1277 2474 urceum:
1298 2428 1464 2473 tamen
1484 2435 1542 2474 se

332 2486 640 2539 Incolumem
662 2493 881 2549 prastat.

1084 2548 1209 2613 (Lib.
1229 2562 1296 2611 ιιι,
1316 2561 1439 2601 vers.
1460 2548 1594 2611 220.)

249 2634 459 2692 Rursus
486 2646 615 2693 vero
648 2652 663 2691 :

336 2749 533 2803 Extima
554 2748 885 2802 membrorum
903 2752 1276 2803 circumcaesura
1295 2761 1516 2803 coercet.
1542 2798 1545 2801 λ

1062 2813 1191 2879 (Lib.
1217 2831 1283 2877 tv,
1309 2826 1435 2867 vers.
1459 2813 1599 2878 651.)

247 2917 405 2988 Atqui
440 2918 538 2975 nec
568 2920 701 2975 tales
732 2930 852 2975 esse
879 2918 1041 2986 deos,
1074 2934 1173 2975 nec
1202 2934 1458 2990 corporea
1500 2920 1670 2977 forma
1693 2960 1707 2987 ,
1752 2927 1845 2976 aut

249 3010 478 3070 humana
521 3006 687 3086 ﬁgura
715 3008 770 3071 et
800 3012 982 3085 speCie
1011 3008 1262 3069 constare
1290 3028 1449 3086 posse
1479 3014 1722 3086 pluribus
1752 3032 1843 3070 ra-

250 3108 453 3163 tionum
497 3106 852 3162 ﬁrmamentis
883 3107 1157 3164 Arnobius
1185 3102 1540 3162 demonstrat.
1576 3104 1843 3179 Excerpta

248 3211 423 3257 autem
452 3206 580 3259 Sdut
608 3200 669 3257 ea
702 3194 818 3258 fere
848 3202 1027 3257 Oniuia
1046 3245 1062 3267 ,
1091 3216 1209 3272 qttte
1241 3200 1328 3257 ille
1358 3200 1513 3257 Suum
1542 3218 1845 3258 accommo-

1948 587 2112 647 ἄρον..
2145 609 2262 663 pag.
2295 590 2421 659 254,
2448 590 2541 645 lin.
2576 592 2663 653 49,
2691 602 2737 646 et
2763 591 2947 665 seqq.).

2018 681 2182 738 Addit
2204 688 2405 739 Auctor
2433 695 2619 739 noster
2650 703 2662 738 :
2690 703 2709 737 ι
2734 678 3083 741 Omentorum
3113 684 3535 752 membranulas,

1946 769 2000 830 et
2026 772 2402 845 gurguliones.
2441 796 2461 830 ι
2492 776 2731 849 (Arnob.,
2766 770 2863 833 loc.
2897 775 3013 849 cit.)
3066 766 3352 835 (intentum
3407 794 3537 834 vero

1945 867 2151 925 Graecis
2204 872 2475 939 ἐπιπλοὸν,
2529 873 2843 931 membrana
2875 882 2961 929 est
2990 872 3163 928 tenuis
3194 889 3254 926 ac
3285 870 3497 943 pinguis
3518 915 3533 937 ,

1944 980 2064 1034 qua:
2114 962 2493 1022 intestinorum
2543 967 2833 1043 amfractus
2877 965 3101 1043 invulvit
3134 948 3368 1038 legitque
3399 967 3536 1021 inle-

1945 1058 2119 1113 riores
2150 1058 2351 1113 ventris
2384 1073 2586 1131 partes.
2618 1040 2773 1116 Unde
2806 1040 3006 1114 Plinius
3042 1076 3053 1111 :
3090 1052 3480 1125 (Ventriculus,
3512 1078 3529 1109 ι

1944 1138 2140 1223 inquit,
2179 1174 2196 1205 ι
2230 1164 2389 1227 atque
2423 1155 2674 1210 intestina
2716 1155 2899 1229 pingui
2929 1170 2991 1209 ac
3032 1152 3178 1209 tenui
3208 1161 3425 1208 omento
3457 1153 3538 1206 in-

1946 1252 2218 1316 teguntur,
2255 1258 2612 1319 prteterquam
2641 1263 2738 1301 ova
2760 1245 3125 1319 gignentibus.
3161 1264 3180 1297 ι
3214 1243 3389 1299 Plinio
3408 1244 3537 1299 sub-

1941 1340 2135 1395 scribit
2167 1340 2421 1398 lsidorns.
2450 1342 2731 1399 Juvenalis
2757 1353 2937 1400 autem
2958 1340 3154 1397 alicubi
3194 1349 3535 1396 omentorum

1942 1430 1997 1487 in
2018 1436 2187 1491 sacris
2217 1452 2371 1494 usum
2402 1438 2481 1495 sic
2509 1438 2744 1496 cecinit:

2777 1530 3001 1596 Albaque
3025 1531 3160 1597 porci

1980 1614 1987 1625 -
2066 1591 2294 1645 Omenta.

1942 1676 2011 1732 Et
2038 1677 2256 1733 Persius
2281 1695 2297 1732 :

2031 1789 2125 1841 Tot
2146 1790 2235 1842 tibi
2257 1800 2366 1841 cum
2389 1792 2443 1841 iu
2464 1790 2654 1842 ﬂamma
2669 1790 2889 1854 junicum
2906 1794 3106 1842 amenta
3124 1784 3439 1855 liquescant.”

1870 1909 1917 1970 Β
1944 1895 2185 1966 Denique
2218 1894 2338 1950 diia
2365 1895 2652 1966 gentilibus
2707 1894 2961 1965 εοηῆειί,
3010 1895 3213 1952 habere
3264 1895 3537 1953 debebant

1942 1991 2294 2062 gurguliones,
2326 1990 2398 2045 ait
2417 1989 2713 2047 Arnobius.
2743 1990 3002 2063 Gurgulio
3027 1999 3205 2046 autem
3234 1990 3302 2046 ab
3327 1989 3536 2046 Isidoro

1943 2086 2019 2141 sic
2048 2084 2415 2142 describitur:
2454 2105 2471 2138 ι
2513 2084 2553 2141 A
2596 2086 2812 2157 gutture
2863 2101 3060 2141 nomen
3113 2085 3324 2154 trahit,
3381 2085 3535 2155 cujus

1945 2189 2153 2232 meatus
2183 2177 2248 2234 ad
2272 2194 2333 2232 os
2361 2192 2413 2233 et
2444 2193 2603 2233 nares
2651 2177 2953 2249 pertendit,
2991 2178 3194 2233 habens
3224 2178 3362 2232 viam
3382 2221 3396 2243 ,
3431 2192 3537 2248 qua

1944 2287 2046 2326 vox
2070 2271 2134 2325 ad
2168 2269 2402 2343 linguam
2454 2271 2870 2336 transmittitur;
2906 2281 2962 2326 ut
2997 2269 3165 2338 pOssit
3190 2272 3352 2326 verba
3380 2271 3536 2326 colli-

1944 2356 2075 2419 dere
2099 2382 2112 2431 ;
2140 2363 2284 2419 unde
2305 2374 2361 2419 et
2385 2362 2593 2435 garrire
2613 2362 2866 2418 dicimus.
2905 2383 2924 2415 ι
2960 2360 3157 2435 (Plin.,
3185 2358 3273 2417 lib.
3314 2378 3350 2416 ιι
3390 2360 3533 2418 Hist.

1945 2467 2142 2521 natat,
2172 2473 2290 2527 cap.
2320 2456 2409 2519 δῖ,
2436 2474 2555 2528 pag.
2587 2452 2726 2521 574;
2764 2450 2896 2511 Isid.
2925 2497 2938 2521 ,
2977 2454 3075 2511 loc.
3108 2456 3239 2521 cit.;
3268 2453 3534 2521 Juvenal.,

1944 2558 2103 2619 satyr.
2132 2548 2221 2613 15,
2253 2565 2382 2602 vers.
2416 2544 2553 2613 118;
2604 2545 2754 2603 Pers.
2782 2590 2796 2614 ,
2841 2558 3005 2619 satyr.
3038 2546 3092 2614 2,
3125 2561 3254 2601 vers.
3285 2546 3394 2612 45;
3435 2543 3539 2601 Isi-

1946 2639 2085 2708 dor.,
2111 2636 2199 2695 lib.
2233 2656 2270 2695 ιι
2305 2638 2474 2712 0rig.,
2504 2657 2621 2711 cap.
2650 2638 2709 2704 1,
2753 2650 2799 2694 et
2828 2639 2915 2694 lib.
2947 2652 3039 2708 xu,
3065 2656 3183 2711 cap.
3207 2635 3287 2709 8.)

2018 2730 2183 2805 Atqui
2209 2734 2253 2788 si
2281 2733 2377 2799 dii,
2410 2730 2481 2787 ait
2514 2732 2806 2800 Arnobius,
2852 2748 3081 2805 corpora
3129 2732 3398 2798 habeant,
3438 2733 3539 2789 de-

1945 2830 2072 2886 bent
2098 2846 2310 2901 quoque
2340 2828 2538 2885 habere
2568 2828 2666 2884 has
2698 2830 2936 2901 aliasque
2988 2826 3313 2886 foedissimas
3349 2846 3539 2903 corpo-

1948 2938 2063 2976 rum
2099 2931 2301 2993 partes.
2326 2918 2432 2977 Sed
2465 2919 2594 2975 nihil
2623 2918 2773 2975 dictu
2803 2921 2973 2991 magis
3003 2921 3317 2977 absurdum.
3336 2923 3391 2979 Si
3409 2939 3539 2980 vero

1947 3014 2014 3069 iis
2039 3013 2297 3070 membris
2319 3022 2527 3079 carent,
2556 3004 2771 3069 illorum
2798 3028 3047 3083 corpora,
3077 3022 3349 3086 tamquam
3391 3023 3539 3072 utres

1948 3107 2128 3163 inﬂata
2160 3117 2353 3175 erunt,
2395 3107 2490 3163 sed
2520 3109 2702 3162 inania
2741 3106 2963 3162 omnino
2991 3123 3051 3163 ac
3082 3124 3272 3163 vacua.
3305 3109 3539 3165 Brevius

1947 3219 2009 3257 ac
2038 3200 2345 3266 dilucidius,
2374 3202 2618 3270 quamvis
2647 3200 2805 3269 paulo
2827 3198 2984 3255 aliter
3016 3198 3171 3256 Cotta
3220 3203 3359 3272 apud
3384 3196 3539 3258 Cice-

248 3294 383 3351 davit
431 3296 484 3351 in
529 3294 747 3350 modum
778 3311 844 3350 ex
879 3295 1051 3366 primo
1076 3292 1354 3350 Ciceronis
1382 3295 1452 3351 de
1482 3295 1676 3351 Natura
1708 3295 1836 3352 dco.
1871 3300 1915 3364 C
1948 3313 2133 3352 ronem
2163 3296 2423 3350 adversus
2443 3292 2697 3350 Villeium
2729 3292 3055 3362 Epicureum
3081 3295 3160 3350 sic
3190 3307 3539 3366 argumentis-

247 3388 354 3443 r'tun
386 3387 552 3451 libro,
571 3382 661 3443 ubi
687 3387 839 3443 Cotta
862 3382 1217 3443 Academicus
1239 3385 1498 3442 Velleium
1519 3386 1839 3458 Epicureum

249 3480 443 3538 refellit
484 3482 714 3552 (Arnob.
741 3521 757 3546 ,
799 3478 885 3536 lib.
918 3486 1007 3546 ιιι,
1053 3498 1171 3553 pag.
1206 3482 1308 3538 107
1335 3492 1380 3536 et
1422 3500 1596 3554 seqq.;
1639 3483 1837 3553 Cicer.,

250 3570 328 3631 lib.
357 3590 379 3631 ι
407 3574 471 3630 de
503 3572 695 3631 Natur.
730 3574 909 3642 deam,
956 3590 1075 3649 pag.
1107 3574 1215 3631 206
1255 3586 1302 3630 et
1342 3594 1480 3648 seqq.
1505 3580 1541 3647 ).
1578 3576 1685 3632 Sed
1727 3576 1843 3635 haec

250 3680 311 3722 ex
351 3678 481 3724 mox
530 3665 772 3725 dicendis
801 3666 1106 3724 evidentius
1131 3668 1382 3737 cuilibet,
1416 3670 1492 3725 uti
1530 3670 1838 3741 credimus,

253 3758 527 3831 patebunt.

323 3850 479 3908 Bren'
519 3852 704 3921 itaque
740 3864 1129 3935 corporearum
1162 3854 1526 3914 membrorum
1557 3874 1842 3916 enumera-

252 3944 397 4027 tione
434 3948 775 4019 perSpicuurh‘
817 3944 992 4017 primo
1031 3942 1301 4006 Arnobius
1344 3944 1467 4007 facit
1496 3952 1629 4008 deos
1669 3969 1843 4025 neque

249 4036 337 4113 tu,
384 4042 712 4114 aequantia
757 4042 1045 4116 cujuslibet
1086 4047 1328 4116 corporis
1364 4044 1528 4118 ﬁgura
1565 4048 1837 4118 componi.

249 4132 346 4195 Sed
394 4132 541 4193 hanc
584 4136 957 4193 recentiouem
998 4139 1139 4210 stylo‘
1180 4153 1280 4194 suo
1322 4137 1508 4194 inﬂato
1537 4148 1593 4194 et
1634 4138 1844 4211 turgido

251 4228 614 4305 prcseq'uitur,
638 4244 701 4286 ac
722 4226 949 4286 insolitis
970 4228 1288 4302 quibusdam
1312 4232 1477 4287 utitur
1502 4232 1697 4297 verbis,
1722 4248 1844 4304 quae

251 4322 452 4382 idcirco
498 4324 600 4379 nec
642 4324 891 4379 omnibus
935 4324 1090 4378 obvia
1133 4325 1390 4393 claraque
1420 4324 1640 4380 omnino
1678 4336 1841 4392 sunt,

252 4435 342 4476 nec
372 4421 498 4474 sine
526 4416 881 4488 explicatione
911 4416 1084 4489 aliqua
1115 4414 1313 4473 debent
1347 4421 1701 4488 pra-termini.
1738 4418 1843 4475 Do-

253 4524 331 4571 cet
357 4524 545 4569 autem
574 4512 707 4568 deos
729 4521 927 4582 preter
950 4521 1143 4581 captu,
1168 4526 1354 4577 aures,
1386 4512 1569 4582 pedes,
1601 4513 1844 4583 aliasque

254 4607 507 4663 omnibus
548 4605 856 4661 notissimas
884 4605 1126 4674 corporis
1159 4616 1370 4674 partes,
1405 4604 1609 4661 habere
1638 4622 1844 4676 nequa-

1946 3386 2101 3443 batur
2133 3406 2146 3443 :
2183 3405 2201 3438 ‹
2244 3385 2469 3442 Habebit
2498 3386 2663 3456 igitur
2691 3383 2926 3455 linguam
2970 3380 3104 3441 deus
3132 3395 3186 3442 et
3216 3402 3322 3442 non
3352 3390 3541 3458 loque-v

1945 3490 2066 3547 tur;
2120 3482 2340 3548 dentes,
2392 3480 2661 3550 palatum,
2718 3476 2902 3533 fauces
2948 3480 3015 3534 ad
3063 3481 3269 3535 nullum
3328 3496 3535 3537 usum:

1944 3589 2169 3646 quaeque
2216 3571 2607 3644 procreationis
2632 3588 2794 3627 causa
2834 3579 3022 3626 natura
3054 3572 3269 3643 corpori
3297 3572 3528 3640 afﬁnxit,

1943 3678 2004 3725 ea
2030 3666 2473 3745 frustrahabebit
2495 3666 2628 3722 deus
2655 3685 2668 3719 :
2702 3681 2800 3721 nec
2821 3675 3043 3722 externa
3068 3666 3237 3737 magis
3264 3683 3425 3739 quam
3456 3669 3541 3723 in-

1947 3765 2174 3832 teriora,
2218 3779 2347 3831 cor,
2383 3764 2698 3834 pulmones,
2736 3760 2918 3830 jecur,
2952 3766 3262 3830 carteraque
3291 3761 3538 3819 detracta
3612 3774 3618 3783 ‘

1945 3858 2208 3924 Utilitate,
2251 3855 2376 3929 quid
2428 3856 2630 3910 habent
2680 3854 3022 3909 venustatis?
3070 3855 3288 3926 quando
3316 3857 3537 3928 quidem

1944 3948 2060 4003 haec
2081 3964 2201 4004 esse
2225 3948 2277 4002 in
2308 3949 2412 4003 deo
2436 3959 2657 4018 pr0pter
2682 3942 3135 4017 pulchritudinem
3165 3948 3347 4004 vultis.
3380 3968 3400 4002 ι
3428 3950 3539 4021 (Ci-

1945 4059 2073 4110 cer.,
2104 4040 2192 4096 lib.
2224 4058 2239 4097 ι
2270 4038 2332 4096 de
2362 4039 2552 4095 Natur.
2581 4039 2745 4106 deat,
2779 4057 2897 4111 pag.
2926 4037 3055 4105 208,
3086 4036 3178 4094 lin.
3207 4040 3325 4112 46.)

2017 4136 2324 4194 Secundum
2381 4134 2604 4191 Arnobii
2664 4143 2996 4189 momentum
3056 4133 3538 4204 comprehenditur

1945 4230 2049 4288 hoc
2097 4231 2406 4287 dilemmatc
2438 4251 2452 4284 :
2483 4230 2539 4285 Si
2591 4228 2699 4285 sint
2760 4229 2954 4300 aliqua:
2998 4226 3257 4285 horumce
3308 4230 3538 4289 deorum

1946 4326 2185 4398 species,
2220 4324 2438 4390 formae,
2474 4340 2536 4378 ac
2562 4322 2775 4393 ﬁgurae,
2826 4322 2912 4377 vel
2943 4321 3145 4377 eaedem
3173 4334 3334 4388 sunt,
3360 4333 3413 4380 et
3433 4322 3541 4383 sibi

1946 4420 2172 4474 invicem
2206 4418 2431 4484 similes,
2457 4418 2543 4472 vel
2576 4416 2779 4487 plures,
2824 4431 2887 4470 ac
2913 4414 3229 4471 dissimiles.
3271 4416 3340 4471 At
3364 4416 3538 4472 siuna

1949 4508 2244 4582 eademque
2260 4507 2564 4564 sitdeorum
2590 4507 2829 4565 omnium
2858 4507 3026 4579 ﬁgura
3044 4504 3098 4563 ct
3120 4504 3305 4579 facies,
3327 4510 3362 4565 ii
3387 4521 3540 4569 certe

1918 4621 2006 4660 -se
2033 4605 2179 4674 ipsos
2201 4619 2305 4658 non
2329 4612 2688 4675 cognoscunt,
2725 4617 2823 4657 nec
2853 4602 3233 4658 secernunt.Si
3269 4604 3448 4675 plures
3476 4619 3541 4661 ac

255 4718 409 4773 quam
459 4714 621 4771 posse
647 4719 665 4752 ι
689 4704 1007 4768 suspenSum
1066 4696 1345 4753 imbricem
1391 4700 1633 4763 narium,
1688 4716 1844 4754 mun-
1870 4702 1923 4760 D
1950 4697 2178 4753 diversae
2213 4715 2227 4752 :
2263 4716 2282 4749 ‹
2314 4696 2483 4769 Ergo,
2515 4718 2534 4750 ›
2568 4696 2740 4769 arguit
2768 4695 3059 4765 Arnobius,
3095 4716 3114 4750 ι
3144 4696 3429 4753 dicendum
3458 4707 3542 4754 est

256 4793 520 4851 etionibus
553 4793 937 4857 mucculentis,
967 4804 1018 4848 et
1048 4792 1273 4857 Spir-itali
1304 4793 1708 4848 commeabilem
1740 4803 1846 4848 tra-

257 4892 354 4947 ctui
415 4889 648 4960 (Arnob.
672 4932 686 4955 ,
721 4888 811 4943 lib.
848 4903 931 4954 ιιι,
962 4904 1083 4960 pag.
1118 4878 1292 4958 107),
1327 4906 1348 4941 ι
1383 4888 1433 4942 id
1475 4897 1590 4953 est,
1636 4888 1847 4942 narium

257 4984 520 5049 canalem,
554 4992 661 5050 quo
689 4996 877 5037 mucus
906 4981 1265 5053 humoresque
1290 4998 1357 5036 ex
1385 4980 1559 5053 capite
1586 4978 1847 5051 deﬂuunt,

260 5092 317 5134 ac
344 5078 566 5151 spiritus
597 5077 830 5133 ducitur.

325 5166 631 5225 Praeterea:
670 5187 689 5220 ι
731 5167 927 5222 Dentes
974 5166 1095 5222 trini
1134 5168 1379 5241 generis,
1411 5179 1572 5239 atque
1596 5170 1647 5223 in
1671 5166 1848 5223 ofﬁcia

263 5260 395 5319 trina
420 5260 757 5333 cnrnpositos
791 5282 811 5315 ι
845 5258 1059 5337 (Ibid.),
1088 5252 1135 5317 id
1159 5272 1262 5326 est,
1290 5263 1489 5333 primos
1516 5273 1726 5317 acutos.
1757 5262 1849 5333 qui

263 5356 435 5414 cibum
464 5368 691 5426 secant;
723 5357 1052 5424 maxillares,
1086 5355 1247 5421 latos,
1278 5356 1365 5425 qui
1389 5372 1511 5409 eum
1537 5354 1763 5416 molunt,
1798 5361 1854 5410 et

265 5454 481 5509 caninas
504 5496 521 5519 ,
576 5466 805 5523 quorum
861 5450 1029 5506 media
1062 5461 1145 5505 est
1174 5450 1313 5505 inter
1343 5459 1597 5519 utrosque
1640 5460 1851 5504 natura.

266 5530 471 5601 Videsis
527 5545 876 5600 Aristotelem
897 5587 911 5613 ,
968 5542 1237 5611 Plinium,
1267 5553 1321 5598 et
1353 5542 1635 5599 lsidorum.
1667 5542 1738 5598 At
1764 5540 1855 5598 Ci-

265 5654 389 5695 cero
417 5638 521 5693 dno
552 5648 755 5692 tantum
785 5638 1024 5692 dentium
1056 5654 1276 5708 genera,
1308 5636 1570 5692 adversus
1598 5636 1852 5692 nimirum

265 5740 479 5797 acutos,
510 5740 565 5785 et
596 5728 818 5784 intimos
840 5772 853 5791 .
889 5745 983 5783 seu
1024 5729 1289 5800 genuinos
1318 5741 1614 5800 agnoscere
1645 5728 1857 5783 videtur

269 5819 528 5903 (Aristot_.,
558 5814 649 5878 lib.
672 5838 732 5903 ιιι
759 5820 821 5876 de
870 5820 1017 5903 Part.
1043 5822 1283 5890 animal.,
1307 5840 1484 5903 cnp._t,
1512 5832 1634 5876 tom.
1666 5838 1705 5888 ι,
1732 5838 1855 5892 pag.

271 5908 409 5983 999;
438 5896 586 5971 Plin.
610 5957 625 5985 ,
658 5898 750 5971 lib.
780 5932 821 5974 tt
848 5896 988 5972 Hist.
1022 5926 1195 5972 natur.
1221 5956 1237 5984 ,
1279 5932 1396 5988 cap.
1430 5896 1519 5985 37,
1560 5932 1680 5986 pag.
1716 5914 1864 5981 555;

1949 4792 2206 4864 quosdam
2238 4792 2536 4863 capitones,
2561 4792 2880 4856 silnuculos,
2916 4792 3216 4859 frontones,
3241 4790 3537 4848 labeoues:

1950 4885 2002 4938 in
2030 4883 2114 4938 bis
2142 4884 2275 4939 alios
2315 4893 2596 4939 mentones
2618 4926 2631 4948 ,
2676 4883 2877 4938 nmvios
2896 4903 2936 4950 ,ο
2959 4893 3122 4955 atque
3167 4884 3380 4938 nasicos
3405 4904 3418 4939 :
3444 4884 3542 4941 hos

1952 4977 2204 5046 diSplosis
2236 4978 2488 5044 naribus,
2532 4977 2655 5033 illos
2678 4978 2922 5042 resimis;
2955 4977 3247 5031 nonnullos
3278 4978 3541 5048 turgenti-

1952 5070 2053 5125 bus
2106 5069 2283 5132 malis,
2314 5081 2406 5124 aut
2435 5071 2721 5125 buccarum
2771 5071 3133 5125 cumulatioue
3176 5071 3541 5141 saccibucccs,

1957 5178 2144 5225 nanos,
2173 5163 2380 5233 longos,
2407 5164 2637 5231 medios,
2664 5165 3001 5228 macilentos,
3030 5165 3275 5236 pingues,
3298 5179 3543 5233 crassos;

1954 5254 2054 5312 hos
2072 5257 2383 5326 Capillorum
2411 5259 2795 5315 intorsiouibus
2816 5260 3103 5330 crispulos,
3119 5260 3364 5315 calvitios
3385 5261 3543 5330 alios,

1955 5361 2009 5406 et
2057 5350 2408 5421 glabriatibus
2449 5351 2620 5408 rasos.
2660 5372 2678 5405 ι
2710 5351 2926 5425 (Arnob.
2949 5396 2963 5419 ,
2999 5354 3086 5407 lib.
3123 5370 3207 5418 ιιι,
3243 5372 3360 5425 pag.
3394 5353 3547 5428 108.)

1956 5445 2085 5514 Quis
2113 5457 2288 5501 autem
2314 5444 2584 5501 dubitabit
2611 5446 2726 5502 hazc
2751 5446 3006 5517 decerpta
3030 5446 3196 5501 fuisse
3220 5446 3544 5517 aCicerone,

1958 5540 2002 5594 si
2037 5539 2153 5593 haec
2185 5540 2454 5597 Arnobius
2484 5557 2736 5610 umquam
2768 5539 2957 5610 legerit
2983 5540 3127 5595 illius
3157 5540 3315 5596 verba
3350 5559 3362 5595 :
3396 5560 3412 5591 ι
3442 5540 3550 5597 Re-

1959 5633 2060 5688 deo
2086 5633 2153 5687 ad
2177 5632 2327 5689 deos.
2349 5635 2581 5704 Ecquos,
2604 5635 2646 5688 si
2672 5648 2775 5687 non
2801 5642 2905 5687 tam
2930 5633 3232 5700 strabones,
3258 5648 3319 5688 ac
3341 5632 3552 5704 petulos

1960 5743 2081 5785 eSSe
2128 5707 2519 5785 arbitramur?‘
2549 5729 2765 5799 Ecquos
2793 5743 3003 5785 naevum
3055 5726 3296 5782 habere?
3340 5727 3552 5799 Ecquos

1962 5822 2115 5887 silos,
2150 5819 2369 5888 ﬂaccos,
2398 5821 2710 5887 frontones,
2738 5820 3050 5891 capitones,
3076 5836 3196 5892 qua:
3220 5828 3343 5875 sunt
3370 5820 3421 5874 in
3452 5836 3553 5876 no-

1966 5912 2083 5971 bis?
2103 5916 2183 5970 An
2203 5914 2384 5971 omnia
2405 5913 2687 5972 emendata
2712 5915 2763 5972 in
2790 5913 2934 5971 illis?
2960 5914 3126 5970 Detur
3147 5910 3198 5969 id
3232 5911 3399 5969 vobis.
3417 5908 3556 5968 Num
