  <div class='ocr_page' id='page_1' title='image "/cluster/home/n/w/nwhite01/storage/ocr_20150623/5/hvd.32044073505224/269.png"; bbox 0 0 4166 6256; ppageno 0'>
   <div class='ocr_carea' id='block_1_1' title="bbox 603 303 704 362">
    <p class='ocr_par' dir='ltr' id='par_1_1' title="bbox 603 303 704 362">
     <span class='ocr_line' id='line_1_1' title="bbox 603 303 704 362; baseline -0.04 0"><span class='ocrx_word' id='word_1_1' title='bbox 603 303 704 362; x_wconf 73' lang='grc'><strong>527</strong></span> 
     </span>
    </p>
   </div>
   <div class='ocr_carea' id='block_1_2' title="bbox 1825 287 2606 354">
    <p class='ocr_par' dir='ltr' id='par_1_2' title="bbox 1825 287 2606 354">
     <span class='ocr_line' id='line_1_2' title="bbox 1825 287 2606 354; baseline -0.003 -3"><span class='ocrx_word' id='word_1_2' title='bbox 1825 292 2283 354; x_wconf 80' lang='lat' dir='ltr'><strong>DISSERTATIO</strong></span> <span class='ocrx_word' id='word_1_3' title='bbox 2321 287 2606 350; x_wconf 65' lang='lat' dir='ltr'><strong>PRAZVIA</strong></span> 
     </span>
    </p>
   </div>
   <div class='ocr_carea' id='block_1_3' title="bbox 3780 289 3886 347">
    <p class='ocr_par' dir='ltr' id='par_1_3' title="bbox 3780 289 3886 347">
     <span class='ocr_line' id='line_1_3' title="bbox 3780 289 3886 347; baseline 0 -1"><span class='ocrx_word' id='word_1_4' title='bbox 3780 289 3886 347; x_wconf 75' lang='grc'><strong>528</strong></span> 
     </span>
    </p>
   </div>
   <div class='ocr_carea' id='block_1_4' title="bbox 600 405 3885 482">
    <p class='ocr_par' dir='ltr' id='par_1_4' title="bbox 600 405 3885 482">
     <span class='ocr_line' id='line_1_4' title="bbox 600 405 3885 482; baseline -0.004 -8"><span class='ocrx_word' id='word_1_5' title='bbox 600 421 762 475; x_wconf 86' lang='lat' dir='ltr'><strong>etiam</strong></span> <span class='ocrx_word' id='word_1_6' title='bbox 792 424 873 473; x_wconf 90' lang='lat' dir='ltr'><strong>est</strong></span> <span class='ocrx_word' id='word_1_7' title='bbox 895 428 994 469; x_wconf 88' lang='lat' dir='ltr'><strong>una</strong></span> <span class='ocrx_word' id='word_1_8' title='bbox 1022 413 1261 470; x_wconf 88' lang='lat' dir='ltr'><strong>omnium</strong></span> <span class='ocrx_word' id='word_1_9' title='bbox 1290 411 1495 468; x_wconf 78' lang='lat' dir='ltr'><strong>facies?</strong></span> <span class='ocrx_word' id='word_1_10' title='bbox 1537 409 1670 466; x_wconf 87' lang='lat' dir='ltr'><strong>Nam</strong></span> <span class='ocrx_word' id='word_1_11' title='bbox 1703 411 1749 466; x_wconf 89' lang='lat' dir='ltr'><strong>si</strong></span> <span class='ocrx_word' id='word_1_12' title='bbox 1777 411 1997 482; x_wconf 84' lang='lat' dir='ltr'><strong>plures;</strong></span> <span class='ocrx_word' id='word_1_13' title='bbox 2030 412 2188 466; x_wconf 88' lang='lat' dir='ltr'><strong>aliam</strong></span> <span class='ocrx_word' id='word_1_14' title='bbox 2218 412 2271 475; x_wconf 82' lang='grc' dir='ltr'><strong>Α</strong></span> <span class='ocrx_word' id='word_1_15' title='bbox 2296 410 2569 481; x_wconf 86' lang='lat' dir='ltr'><strong>repandis,</strong></span> <span class='ocrx_word' id='word_1_16' title='bbox 2605 430 2623 463; x_wconf 76' lang='grc' dir='ltr'><strong>ι</strong></span> <span class='ocrx_word' id='word_1_17' title='bbox 2653 409 2765 464; x_wconf 84' lang='lat' dir='ltr'><strong>sive</strong></span> <span class='ocrx_word' id='word_1_18' title='bbox 2787 420 3000 463; x_wconf 85' lang='lat' dir='ltr'><strong>sursum</strong></span> <span class='ocrx_word' id='word_1_19' title='bbox 3022 407 3288 464; x_wconf 79' lang='lat' dir='ltr'><strong>recurvis.</strong></span> <span class='ocrx_word' id='word_1_20' title='bbox 3311 407 3441 478; x_wconf 86' lang='lat' dir='ltr'><strong>Quis</strong></span> <span class='ocrx_word' id='word_1_21' title='bbox 3467 419 3597 462; x_wconf 86' lang='lat' dir='ltr'><strong>vero</strong></span> <span class='ocrx_word' id='word_1_22' title='bbox 3618 419 3724 460; x_wconf 87' lang='lat' dir='ltr'><strong>non</strong></span> <span class='ocrx_word' id='word_1_23' title='bbox 3756 405 3885 463; x_wconf 85' lang='lat' dir='ltr'><strong>fate-</strong></span> 
     </span>
    </p>
   </div>
   <div class='ocr_carea' id='block_1_5' title="bbox 604 504 2195 580">
    <p class='ocr_par' dir='ltr' id='par_1_5' title="bbox 604 504 2195 580">
     <span class='ocr_line' id='line_1_5' title="bbox 604 504 2195 580; baseline -0.006 -12"><span class='ocrx_word' id='word_1_24' title='bbox 604 527 728 568; x_wconf 88' lang='lat' dir='ltr'><strong>esse</strong></span> <span class='ocrx_word' id='word_1_25' title='bbox 755 511 858 565; x_wconf 89' lang='lat' dir='ltr'><strong>alia</strong></span> <span class='ocrx_word' id='word_1_26' title='bbox 888 507 1213 580; x_wconf 87' lang='lat' dir='ltr'><strong>pulcriorem</strong></span> <span class='ocrx_word' id='word_1_27' title='bbox 1261 520 1486 560; x_wconf 85' lang='lat' dir='ltr'><strong>necesse</strong></span> <span class='ocrx_word' id='word_1_28' title='bbox 1521 515 1696 560; x_wconf 92' lang='lat' dir='ltr'><strong>est....</strong></span> <span class='ocrx_word' id='word_1_29' title='bbox 1746 504 1803 560; x_wconf 90' lang='lat' dir='ltr'><strong>Si</strong></span> <span class='ocrx_word' id='word_1_30' title='bbox 1860 505 2004 560; x_wconf 90' lang='lat' dir='ltr'><strong>enim</strong></span> <span class='ocrx_word' id='word_1_31' title='bbox 2058 504 2195 558; x_wconf 86' lang='lat' dir='ltr'><strong>nihil</strong></span> 
     </span>
    </p>
   </div>
   <div class='ocr_carea' id='block_1_6' title="bbox 600 597 2197 668">
    <p class='ocr_par' dir='ltr' id='par_1_6' title="bbox 600 597 2197 668">
     <span class='ocr_line' id='line_1_6' title="bbox 600 597 2197 668; baseline -0.004 -9"><span class='ocrx_word' id='word_1_32' title='bbox 600 603 743 659; x_wconf 89' lang='lat' dir='ltr'><strong>inter</strong></span> <span class='ocrx_word' id='word_1_33' title='bbox 771 603 931 658; x_wconf 89' lang='lat' dir='ltr'><strong>deum</strong></span> <span class='ocrx_word' id='word_1_34' title='bbox 972 612 1025 656; x_wconf 91' lang='lat' dir='ltr'><strong>et</strong></span> <span class='ocrx_word' id='word_1_35' title='bbox 1059 601 1218 656; x_wconf 89' lang='lat' dir='ltr'><strong>deum</strong></span> <span class='ocrx_word' id='word_1_36' title='bbox 1243 597 1446 664; x_wconf 79' lang='lat' dir='ltr'><strong>diffi-rt,</strong></span> <span class='ocrx_word' id='word_1_37' title='bbox 1466 599 1609 653; x_wconf 85' lang='lat' dir='ltr'><strong>nulla</strong></span> <span class='ocrx_word' id='word_1_38' title='bbox 1639 607 1723 653; x_wconf 88' lang='lat' dir='ltr'><strong>est</strong></span> <span class='ocrx_word' id='word_1_39' title='bbox 1746 598 1886 668; x_wconf 88' lang='lat' dir='ltr'><strong>apud</strong></span> <span class='ocrx_word' id='word_1_40' title='bbox 1916 598 2046 652; x_wconf 90' lang='lat' dir='ltr'><strong>deos</strong></span> <span class='ocrx_word' id='word_1_41' title='bbox 2073 612 2197 662; x_wconf 71' lang='lat' dir='ltr'><strong>cog-</strong></span> 
     </span>
    </p>
   </div>
   <div class='ocr_carea' id='block_1_7' title="bbox 599 691 2192 766">
    <p class='ocr_par' dir='ltr' id='par_1_7' title="bbox 599 691 2192 766">
     <span class='ocr_line' id='line_1_7' title="bbox 599 691 2192 766; baseline -0.006 -12"><span class='ocrx_word' id='word_1_42' title='bbox 599 698 756 763; x_wconf 89' lang='lat' dir='ltr'><strong>nitio,</strong></span> <span class='ocrx_word' id='word_1_43' title='bbox 787 697 933 752; x_wconf 90' lang='lat' dir='ltr'><strong>nulla</strong></span> <span class='ocrx_word' id='word_1_44' title='bbox 970 694 1260 766; x_wconf 80' lang='lat' dir='ltr'><strong>perceptio.</strong></span> <span class='ocrx_word' id='word_1_45' title='bbox 1286 713 1305 746; x_wconf 83' lang='grc' dir='ltr'><strong>ι</strong></span> <span class='ocrx_word' id='word_1_46' title='bbox 1335 691 1546 766; x_wconf 86' lang='lat' dir='ltr'><strong>(Cicer.,</strong></span> <span class='ocrx_word' id='word_1_47' title='bbox 1567 692 1655 747; x_wconf 89' lang='lat' dir='ltr'><strong>lib.</strong></span> <span class='ocrx_word' id='word_1_48' title='bbox 1683 693 1780 747; x_wconf 88' lang='lat' dir='ltr'><strong>tde</strong></span> <span class='ocrx_word' id='word_1_49' title='bbox 1803 691 1995 746; x_wconf 88' lang='lat' dir='ltr'><strong>Natur.</strong></span> <span class='ocrx_word' id='word_1_50' title='bbox 2027 691 2192 757; x_wconf 84' lang='lat' dir='ltr'><strong>deor.,</strong></span> 
     </span>
    </p>
   </div>
   <div class='ocr_carea' id='block_1_8' title="bbox 602 786 1119 863">
    <p class='ocr_par' dir='ltr' id='par_1_8' title="bbox 602 786 1119 863">
     <span class='ocr_line' id='line_1_8' title="bbox 602 786 1119 863; baseline -0.008 -19"><span class='ocrx_word' id='word_1_51' title='bbox 602 808 725 863; x_wconf 86' lang='lat' dir='ltr'><strong>pag.</strong></span> <span class='ocrx_word' id='word_1_52' title='bbox 753 789 882 856; x_wconf 71' lang='lat'><strong>207,</strong></span> <span class='ocrx_word' id='word_1_53' title='bbox 913 789 1006 843; x_wconf 85' lang='lat' dir='ltr'><strong>lin.</strong></span> <span class='ocrx_word' id='word_1_54' title='bbox 1040 786 1119 858; x_wconf 81' lang='lat'><strong>5.)</strong></span> 
     </span>
    </p>
   </div>
   <div class='ocr_carea' id='block_1_9' title="bbox 673 877 2197 951">
    <p class='ocr_par' dir='ltr' id='par_1_9' title="bbox 673 877 2197 951">
     <span class='ocr_line' id='line_1_9' title="bbox 673 877 2197 951; baseline -0.005 -12"><span class='ocrx_word' id='word_1_55' title='bbox 673 883 956 939; x_wconf 86' lang='lat' dir='ltr'><strong>Labeones</strong></span> <span class='ocrx_word' id='word_1_56' title='bbox 984 892 1196 945; x_wconf 91' lang='lat' dir='ltr'><strong>autem,</strong></span> <span class='ocrx_word' id='word_1_57' title='bbox 1227 880 1298 936; x_wconf 90' lang='lat' dir='ltr'><strong>de</strong></span> <span class='ocrx_word' id='word_1_58' title='bbox 1322 878 1515 951; x_wconf 91' lang='lat' dir='ltr'><strong>quibus</strong></span> <span class='ocrx_word' id='word_1_59' title='bbox 1560 877 1766 934; x_wconf 87' lang='lat' dir='ltr'><strong>Plinius</strong></span> <span class='ocrx_word' id='word_1_60' title='bbox 1796 877 1961 950; x_wconf 83' lang='lat' dir='ltr'><strong>(Plin.</strong></span> <span class='ocrx_word' id='word_1_61' title='bbox 1983 920 1998 945; x_wconf 94' lang='lat'><strong>,</strong></span> <span class='ocrx_word' id='word_1_62' title='bbox 2033 879 2126 932; x_wconf 88' lang='lat' dir='ltr'><strong>lib.</strong></span> <span class='ocrx_word' id='word_1_63' title='bbox 2160 892 2197 932; x_wconf 90' lang='grc' dir='ltr'><strong>ιι</strong></span> 
     </span>
    </p>
   </div>
   <div class='ocr_carea' id='block_1_10' title="bbox 599 967 2197 1046">
    <p class='ocr_par' dir='ltr' id='par_1_10' title="bbox 599 967 2197 1046">
     <span class='ocr_line' id='line_1_10' title="bbox 599 967 2197 1046; baseline -0.005 -14"><span class='ocrx_word' id='word_1_64' title='bbox 599 976 744 1032; x_wconf 79' lang='lat' dir='ltr'><strong>Hist.</strong></span> <span class='ocrx_word' id='word_1_65' title='bbox 775 987 969 1042; x_wconf 88' lang='lat' dir='ltr'><strong>ualur.,</strong></span> <span class='ocrx_word' id='word_1_66' title='bbox 996 991 1110 1046; x_wconf 85' lang='lat' dir='ltr'><strong>cap.</strong></span> <span class='ocrx_word' id='word_1_67' title='bbox 1144 974 1234 1038; x_wconf 81' lang='grc'><strong>57,</strong></span> <span class='ocrx_word' id='word_1_68' title='bbox 1265 991 1390 1044; x_wconf 86' lang='lat' dir='ltr'><strong>pag.</strong></span> <span class='ocrx_word' id='word_1_69' title='bbox 1413 971 1566 1044; x_wconf 58' lang='lat'><strong>55.3),</strong></span> <span class='ocrx_word' id='word_1_70' title='bbox 1593 983 1648 1025; x_wconf 92' lang='lat' dir='ltr'><strong>et</strong></span> <span class='ocrx_word' id='word_1_71' title='bbox 1669 971 1778 1037; x_wconf 94' lang='lat' dir='ltr'><strong>alii,</strong></span> <span class='ocrx_word' id='word_1_72' title='bbox 1803 974 1870 1026; x_wconf 88' lang='lat' dir='ltr'><strong>ab</strong></span> <span class='ocrx_word' id='word_1_73' title='bbox 1895 967 2197 1025; x_wconf 79' lang='lat' dir='ltr'><strong>immodicis</strong></span> 
     </span>
    </p>
   </div>
   <div class='ocr_carea' id='block_1_11' title="bbox 598 1065 2201 1142">
    <p class='ocr_par' dir='ltr' id='par_1_11' title="bbox 598 1065 2201 1142">
     <span class='ocr_line' id='line_1_11' title="bbox 598 1065 2201 1142; baseline -0.005 -16"><span class='ocrx_word' id='word_1_74' title='bbox 598 1072 758 1127; x_wconf 78' lang='lat' dir='ltr'><strong>labiis</strong></span> <span class='ocrx_word' id='word_1_75' title='bbox 816 1069 1069 1142; x_wconf 91' lang='lat' dir='ltr'><strong>appellati</strong></span> <span class='ocrx_word' id='word_1_76' title='bbox 1117 1079 1262 1124; x_wconf 91' lang='lat' dir='ltr'><strong>sunt.</strong></span> <span class='ocrx_word' id='word_1_77' title='bbox 1297 1067 1430 1123; x_wconf 86' lang='lat' dir='ltr'><strong>Vide</strong></span> <span class='ocrx_word' id='word_1_78' title='bbox 1458 1081 1638 1122; x_wconf 80' lang='lat' dir='ltr'><strong>autem</strong></span> <span class='ocrx_word' id='word_1_79' title='bbox 1668 1075 1845 1121; x_wconf 88' lang='lat' dir='ltr'><strong>utrum</strong></span> <span class='ocrx_word' id='word_1_80' title='bbox 1875 1065 2118 1120; x_wconf 75' lang='lat' dir='ltr'><strong>silunculi</strong></span> <span class='ocrx_word' id='word_1_81' title='bbox 2145 1073 2201 1118; x_wconf 90' lang='lat' dir='ltr'><strong>et</strong></span> 
     </span>
    </p>
   </div>
   <div class='ocr_carea' id='block_1_12' title="bbox 599 1160 2201 1233">
    <p class='ocr_par' dir='ltr' id='par_1_12' title="bbox 599 1160 2201 1233">
     <span class='ocr_line' id='line_1_12' title="bbox 599 1160 2201 1233; baseline -0.005 -13"><span class='ocrx_word' id='word_1_82' title='bbox 599 1166 786 1230; x_wconf 73' lang='lat' dir='ltr'><strong>urevii,</strong></span> <span class='ocrx_word' id='word_1_83' title='bbox 829 1165 864 1218; x_wconf 90' lang='lat' dir='ltr'><strong>ii</strong></span> <span class='ocrx_word' id='word_1_84' title='bbox 909 1164 1050 1228; x_wconf 90' lang='lat' dir='ltr'><strong>sint,</strong></span> <span class='ocrx_word' id='word_1_85' title='bbox 1101 1177 1237 1233; x_wconf 90' lang='lat' dir='ltr'><strong>quos</strong></span> <span class='ocrx_word' id='word_1_86' title='bbox 1261 1161 1450 1217; x_wconf 86' lang='lat' dir='ltr'><strong>Cicero</strong></span> <span class='ocrx_word' id='word_1_87' title='bbox 1488 1161 1636 1223; x_wconf 88' lang='lat' dir='ltr'><strong>silos,</strong></span> <span class='ocrx_word' id='word_1_88' title='bbox 1671 1171 1724 1214; x_wconf 92' lang='lat' dir='ltr'><strong>et</strong></span> <span class='ocrx_word' id='word_1_89' title='bbox 1757 1174 1964 1213; x_wconf 66' lang='lat' dir='ltr'><strong>naevum</strong></span> <span class='ocrx_word' id='word_1_90' title='bbox 2001 1160 2201 1213; x_wconf 83' lang='lat' dir='ltr'><strong>habere</strong></span> 
     </span>
    </p>
   </div>
   <div class='ocr_carea' id='block_1_13' title="bbox 599 1248 2200 1321">
    <p class='ocr_par' dir='ltr' id='par_1_13' title="bbox 599 1248 2200 1321">
     <span class='ocr_line' id='line_1_13' title="bbox 599 1248 2200 1321; baseline -0.005 -9"><span class='ocrx_word' id='word_1_91' title='bbox 599 1258 758 1313; x_wconf 83' lang='lat' dir='ltr'><strong>dixit.</strong></span> <span class='ocrx_word' id='word_1_92' title='bbox 803 1256 1067 1311; x_wconf 85' lang='lat' dir='ltr'><strong>Veremur</strong></span> <span class='ocrx_word' id='word_1_93' title='bbox 1114 1264 1290 1309; x_wconf 89' lang='lat' dir='ltr'><strong>tamen</strong></span> <span class='ocrx_word' id='word_1_94' title='bbox 1344 1270 1412 1308; x_wconf 89' lang='lat' dir='ltr'><strong>ne</strong></span> <span class='ocrx_word' id='word_1_95' title='bbox 1465 1262 1721 1321; x_wconf 84' lang='lat' dir='ltr'><strong>corrupta</strong></span> <span class='ocrx_word' id='word_1_96' title='bbox 1753 1251 1860 1305; x_wconf 79' lang='lat' dir='ltr'><strong>sint</strong></span> <span class='ocrx_word' id='word_1_97' title='bbox 1891 1251 1944 1305; x_wconf 88' lang='lat' dir='ltr'><strong>in</strong></span> <span class='ocrx_word' id='word_1_98' title='bbox 1975 1248 2200 1305; x_wconf 84' lang='lat' dir='ltr'><strong>Arnobii</strong></span> 
     </span>
    </p>
   </div>
   <div class='ocr_carea' id='block_1_14' title="bbox 598 1341 2202 1415">
    <p class='ocr_par' dir='ltr' id='par_1_14' title="bbox 598 1341 2202 1415">
     <span class='ocr_line' id='line_1_14' title="bbox 598 1341 2202 1415; baseline -0.006 -9"><span class='ocrx_word' id='word_1_99' title='bbox 598 1360 750 1406; x_wconf 79' lang='lat' dir='ltr'><strong>textu</strong></span> <span class='ocrx_word' id='word_1_100' title='bbox 800 1347 917 1403; x_wconf 66' lang='lat' dir='ltr'><strong>haec</strong></span> <span class='ocrx_word' id='word_1_101' title='bbox 958 1347 1240 1402; x_wconf 88' lang='lat' dir='ltr'><strong>vocabula.</strong></span> <span class='ocrx_word' id='word_1_102' title='bbox 1277 1343 1407 1399; x_wconf 89' lang='lat' dir='ltr'><strong>Nam</strong></span> <span class='ocrx_word' id='word_1_103' title='bbox 1435 1345 1488 1399; x_wconf 90' lang='lat' dir='ltr'><strong>in</strong></span> <span class='ocrx_word' id='word_1_104' title='bbox 1522 1345 1670 1415; x_wconf 80' lang='lat' dir='ltr'><strong>regio</strong></span> <span class='ocrx_word' id='word_1_105' title='bbox 1701 1343 1887 1398; x_wconf 89' lang='lat' dir='ltr'><strong>codice</strong></span> <span class='ocrx_word' id='word_1_106' title='bbox 1915 1341 2202 1396; x_wconf 77' lang='lat' dir='ltr'><strong>ctlunculos</strong></span> 
     </span>
    </p>
   </div>
   <div class='ocr_carea' id='block_1_15' title="bbox 601 1438 2205 1516">
    <p class='ocr_par' dir='ltr' id='par_1_15' title="bbox 601 1438 2205 1516">
     <span class='ocr_line' id='line_1_15' title="bbox 601 1438 2205 1516; baseline -0.008 -13"><span class='ocrx_word' id='word_1_107' title='bbox 601 1457 656 1503; x_wconf 91' lang='lat' dir='ltr'><strong>ct</strong></span> <span class='ocrx_word' id='word_1_108' title='bbox 685 1447 920 1501; x_wconf 70' lang='lat' dir='ltr'><strong>uaavimos</strong></span> <span class='ocrx_word' id='word_1_109' title='bbox 943 1445 1191 1516; x_wconf 85' lang='lat' dir='ltr'><strong>legimus.</strong></span> <span class='ocrx_word' id='word_1_110' title='bbox 1225 1442 1335 1497; x_wconf 84' lang='lat' dir='ltr'><strong>Nec</strong></span> <span class='ocrx_word' id='word_1_111' title='bbox 1381 1443 1560 1497; x_wconf 91' lang='lat' dir='ltr'><strong>minus</strong></span> <span class='ocrx_word' id='word_1_112' title='bbox 1601 1441 1892 1511; x_wconf 69' lang='lat' dir='ltr'><strong>deprawta</strong></span> <span class='ocrx_word' id='word_1_113' title='bbox 1918 1454 2018 1493; x_wconf 77' lang='lat' dir='ltr'><strong>vox</strong></span> <span class='ocrx_word' id='word_1_114' title='bbox 2041 1438 2205 1492; x_wconf 83' lang='lat' dir='ltr'><strong>sacci-</strong></span> 
     </span>
    </p>
   </div>
   <div class='ocr_carea' id='block_1_16' title="bbox 603 1534 2202 1604">
    <p class='ocr_par' dir='ltr' id='par_1_16' title="bbox 603 1534 2202 1604">
     <span class='ocr_line' id='line_1_16' title="bbox 603 1534 2202 1604; baseline -0.004 -10"><span class='ocrx_word' id='word_1_115' title='bbox 603 1542 802 1596; x_wconf 78' lang='lat' dir='ltr'><strong>bucres.</strong></span> <span class='ocrx_word' id='word_1_116' title='bbox 861 1540 918 1595; x_wconf 91' lang='lat' dir='ltr'><strong>lu</strong></span> <span class='ocrx_word' id='word_1_117' title='bbox 965 1539 1156 1595; x_wconf 91' lang='lat' dir='ltr'><strong>eodem</strong></span> <span class='ocrx_word' id='word_1_118' title='bbox 1203 1536 1346 1591; x_wconf 85' lang='lat' dir='ltr'><strong>cnim</strong></span> <span class='ocrx_word' id='word_1_119' title='bbox 1395 1536 1582 1591; x_wconf 87' lang='lat' dir='ltr'><strong>codice</strong></span> <span class='ocrx_word' id='word_1_120' title='bbox 1633 1537 1783 1604; x_wconf 80' lang='lat' dir='ltr'><strong>regio</strong></span> <span class='ocrx_word' id='word_1_121' title='bbox 1834 1534 2202 1601; x_wconf 86' lang='lat' dir='ltr'><strong>manu-cripto</strong></span> 
     </span>
    </p>
   </div>
   <div class='ocr_carea' id='block_1_17' title="bbox 600 1629 2201 1706">
    <p class='ocr_par' dir='ltr' id='par_1_17' title="bbox 600 1629 2201 1706">
     <span class='ocr_line' id='line_1_17' title="bbox 600 1629 2201 1706; baseline -0.007 -14"><span class='ocrx_word' id='word_1_122' title='bbox 600 1637 860 1706; x_wconf 90' lang='lat' dir='ltr'><strong>scriptum</strong></span> <span class='ocrx_word' id='word_1_123' title='bbox 904 1643 988 1690; x_wconf 89' lang='lat' dir='ltr'><strong>est</strong></span> <span class='ocrx_word' id='word_1_124' title='bbox 1041 1633 1323 1687; x_wconf 78' lang='lat' dir='ltr'><strong>sacriooces</strong></span> <span class='ocrx_word' id='word_1_125' title='bbox 1372 1631 1460 1686; x_wconf 91' lang='lat' dir='ltr'><strong>alii</strong></span> <span class='ocrx_word' id='word_1_126' title='bbox 1519 1632 1812 1696; x_wconf 79' lang='lat' dir='ltr'><strong>acrivoces,</strong></span> <span class='ocrx_word' id='word_1_127' title='bbox 1860 1629 2201 1684; x_wconf 88' lang='lat' dir='ltr'><strong>scribendum</strong></span> 
     </span>
    </p>
   </div>
   <div class='ocr_carea' id='block_1_18' title="bbox 601 1721 2204 1797">
    <p class='ocr_par' dir='ltr' id='par_1_18' title="bbox 601 1721 2204 1797">
     <span class='ocr_line' id='line_1_18' title="bbox 601 1721 2204 1797; baseline -0.006 -14"><span class='ocrx_word' id='word_1_128' title='bbox 601 1729 965 1797; x_wconf 80' lang='lat' dir='ltr'><strong>suSpicantur.</strong></span> <span class='ocrx_word' id='word_1_129' title='bbox 1021 1725 1126 1780; x_wconf 86' lang='lat' dir='ltr'><strong>Sed</strong></span> <span class='ocrx_word' id='word_1_130' title='bbox 1160 1724 1276 1778; x_wconf 84' lang='lat' dir='ltr'><strong>sine</strong></span> <span class='ocrx_word' id='word_1_131' title='bbox 1306 1722 1696 1778; x_wconf 89' lang='lat' dir='ltr'><strong>emendatioris</strong></span> <span class='ocrx_word' id='word_1_132' title='bbox 1721 1721 1952 1789; x_wconf 85' lang='lat' dir='ltr'><strong>alicujus</strong></span> <span class='ocrx_word' id='word_1_133' title='bbox 1981 1734 2204 1775; x_wconf 89' lang='lat' dir='ltr'><strong>manus-</strong></span> 
     </span>
    </p>
   </div>
   <div class='ocr_carea' id='block_1_19' title="bbox 2297 500 3887 575">
    <p class='ocr_par' dir='ltr' id='par_1_19' title="bbox 2297 500 3887 575">
     <span class='ocr_line' id='line_1_19' title="bbox 2297 500 3887 575; baseline -0.003 -14"><span class='ocrx_word' id='word_1_134' title='bbox 2297 506 2442 561; x_wconf 87' lang='lat' dir='ltr'><strong>bitur</strong></span> <span class='ocrx_word' id='word_1_135' title='bbox 2458 506 2524 560; x_wconf 88' lang='lat' dir='ltr'><strong>ab</strong></span> <span class='ocrx_word' id='word_1_136' title='bbox 2540 516 2772 575; x_wconf 87' lang='lat' dir='ltr'><strong>utroque</strong></span> <span class='ocrx_word' id='word_1_137' title='bbox 2789 502 3199 560; x_wconf 86' lang='lat' dir='ltr'><strong>evidentissime</strong></span> <span class='ocrx_word' id='word_1_138' title='bbox 3216 500 3577 557; x_wconf 85' lang='lat' dir='ltr'><strong>demonstrari</strong></span> <span class='ocrx_word' id='word_1_139' title='bbox 3600 516 3706 554; x_wconf 90' lang='lat' dir='ltr'><strong>non</strong></span> <span class='ocrx_word' id='word_1_140' title='bbox 3726 502 3887 557; x_wconf 60' lang='lat' dir='ltr'><strong>mind</strong></span> 
     </span>
    </p>
   </div>
   <div class='ocr_carea' id='block_1_20' title="bbox 2297 595 3888 664">
    <p class='ocr_par' dir='ltr' id='par_1_20' title="bbox 2297 595 3888 664">
     <span class='ocr_line' id='line_1_20' title="bbox 2297 595 3888 664; baseline -0.003 -11"><span class='ocrx_word' id='word_1_141' title='bbox 2297 613 2410 654; x_wconf 91' lang='lat' dir='ltr'><strong>rem</strong></span> <span class='ocrx_word' id='word_1_142' title='bbox 2441 613 2563 653; x_wconf 91' lang='lat' dir='ltr'><strong>esse</strong></span> <span class='ocrx_word' id='word_1_143' title='bbox 2595 597 2920 652; x_wconf 87' lang='lat' dir='ltr'><strong>dententiam</strong></span> <span class='ocrx_word' id='word_1_144' title='bbox 2957 596 3320 651; x_wconf 79' lang='lat' dir='ltr'><strong>Romanorum</strong></span> <span class='ocrx_word' id='word_1_145' title='bbox 3347 595 3687 664; x_wconf 90' lang='lat' dir='ltr'><strong>aliorumque</strong></span> <span class='ocrx_word' id='word_1_146' title='bbox 3718 595 3888 661; x_wconf 73' lang='lat' dir='ltr'><strong>genti-</strong></span> 
     </span>
    </p>
   </div>
   <div class='ocr_carea' id='block_1_21' title="bbox 2297 685 3888 761">
    <p class='ocr_par' dir='ltr' id='par_1_21' title="bbox 2297 685 3888 761">
     <span class='ocr_line' id='line_1_21' title="bbox 2297 685 3888 761; baseline -0.001 -17"><span class='ocrx_word' id='word_1_147' title='bbox 2297 691 2463 757; x_wconf 86' lang='lat' dir='ltr'><strong>lium,</strong></span> <span class='ocrx_word' id='word_1_148' title='bbox 2515 689 2607 761; x_wconf 91' lang='lat' dir='ltr'><strong>qui</strong></span> <span class='ocrx_word' id='word_1_149' title='bbox 2663 689 2795 745; x_wconf 84' lang='lat' dir='ltr'><strong>deos</strong></span> <span class='ocrx_word' id='word_1_150' title='bbox 2852 689 3086 743; x_wconf 89' lang='lat' dir='ltr'><strong>humana</strong></span> <span class='ocrx_word' id='word_1_151' title='bbox 3146 687 3320 749; x_wconf 87' lang='lat' dir='ltr'><strong>facie.</strong></span> <span class='ocrx_word' id='word_1_152' title='bbox 3370 694 3427 743; x_wconf 89' lang='lat' dir='ltr'><strong>et</strong></span> <span class='ocrx_word' id='word_1_153' title='bbox 3477 702 3598 741; x_wconf 92' lang='lat' dir='ltr'><strong>cum</strong></span> <span class='ocrx_word' id='word_1_154' title='bbox 3645 685 3888 742; x_wconf 86' lang='lat' dir='ltr'><strong>animalis</strong></span> 
     </span>
    </p>
   </div>
   <div class='ocr_carea' id='block_1_22' title="bbox 2299 768 3888 854">
    <p class='ocr_par' dir='ltr' id='par_1_22' title="bbox 2299 768 3888 854">
     <span class='ocr_line' id='line_1_22' title="bbox 2299 768 3888 854; baseline -0.003 -16"><span class='ocrx_word' id='word_1_155' title='bbox 2299 782 2580 853; x_wconf 78' lang='lat' dir='ltr'><strong>cujusdam</strong></span> <span class='ocrx_word' id='word_1_156' title='bbox 2616 782 2915 854; x_wconf 79' lang='lat' dir='ltr'><strong>insignibus</strong></span> <span class='ocrx_word' id='word_1_157' title='bbox 2945 768 3363 852; x_wconf 70' lang='lat' dir='ltr'><strong>reprcesentaios</strong></span> <span class='ocrx_word' id='word_1_158' title='bbox 3392 779 3680 845; x_wconf 87' lang='lat' dir='ltr'><strong>colebant,</strong></span> <span class='ocrx_word' id='word_1_159' title='bbox 3730 794 3888 848; x_wconf 90' lang='lat' dir='ltr'><strong>quam</strong></span> 
     </span>
    </p>
   </div>
   <div class='ocr_carea' id='block_1_23' title="bbox 2300 873 3889 950">
    <p class='ocr_par' dir='ltr' id='par_1_23' title="bbox 2300 873 3889 950">
     <span class='ocr_line' id='line_1_23' title="bbox 2300 873 3889 950; baseline -0.002 -17"><span class='ocrx_word' id='word_1_160' title='bbox 2300 876 2698 950; x_wconf 65' lang='lat' dir='ltr'><strong>Egyptiorum,</strong></span> <span class='ocrx_word' id='word_1_161' title='bbox 2723 876 2812 948; x_wconf 86' lang='lat' dir='ltr'><strong>qui</strong></span> <span class='ocrx_word' id='word_1_162' title='bbox 2833 876 3082 931; x_wconf 71' lang='lat' dir='ltr'><strong>animalia</strong></span> <span class='ocrx_word' id='word_1_163' title='bbox 3117 877 3254 947; x_wconf 88' lang='lat' dir='ltr'><strong>ipsa,</strong></span> <span class='ocrx_word' id='word_1_164' title='bbox 3278 883 3549 947; x_wconf 89' lang='lat' dir='ltr'><strong>tamquam</strong></span> <span class='ocrx_word' id='word_1_165' title='bbox 3576 873 3708 930; x_wconf 91' lang='lat' dir='ltr'><strong>deos</strong></span> <span class='ocrx_word' id='word_1_166' title='bbox 3729 889 3889 930; x_wconf 85' lang='lat' dir='ltr'><strong>vene-</strong></span> 
     </span>
    </p>
   </div>
   <div class='ocr_carea' id='block_1_24' title="bbox 2304 973 2588 1028">
    <p class='ocr_par' dir='ltr' id='par_1_24' title="bbox 2304 973 2588 1028">
     <span class='ocr_line' id='line_1_24' title="bbox 2304 973 2588 1028; baseline -0.014 0"><span class='ocrx_word' id='word_1_167' title='bbox 2304 973 2588 1028; x_wconf 87' lang='lat' dir='ltr'><strong>rabantur.</strong></span> 
     </span>
    </p>
   </div>
   <div class='ocr_carea' id='block_1_25' title="bbox 2372 1062 3893 1121">
    <p class='ocr_par' dir='ltr' id='par_1_25' title="bbox 2372 1062 3893 1121">
     <span class='ocr_line' id='line_1_25' title="bbox 2372 1062 3893 1121; baseline -0.003 0"><span class='ocrx_word' id='word_1_168' title='bbox 2372 1064 2571 1121; x_wconf 84' lang='lat' dir='ltr'><strong>Verum</strong></span> <span class='ocrx_word' id='word_1_169' title='bbox 2613 1064 2885 1120; x_wconf 84' lang='lat' dir='ltr'><strong>Arnobius</strong></span> <span class='ocrx_word' id='word_1_170' title='bbox 2931 1064 3194 1120; x_wconf 90' lang='lat' dir='ltr'><strong>insaniam</strong></span> <span class='ocrx_word' id='word_1_171' title='bbox 3222 1063 3366 1119; x_wconf 89' lang='lat' dir='ltr'><strong>illam</strong></span> <span class='ocrx_word' id='word_1_172' title='bbox 3389 1063 3495 1118; x_wconf 90' lang='lat' dir='ltr'><strong>alio</strong></span> <span class='ocrx_word' id='word_1_173' title='bbox 3523 1062 3704 1118; x_wconf 90' lang='lat' dir='ltr'><strong>adhuc</strong></span> <span class='ocrx_word' id='word_1_174' title='bbox 3728 1062 3893 1118; x_wconf 85' lang='lat' dir='ltr'><strong>ariete</strong></span> 
     </span>
    </p>
   </div>
   <div class='ocr_carea' id='block_1_26' title="bbox 2303 1155 3890 1230">
    <p class='ocr_par' dir='ltr' id='par_1_26' title="bbox 2303 1155 3890 1230">
     <span class='ocr_line' id='line_1_26' title="bbox 2303 1155 3890 1230; baseline -0.003 -15"><span class='ocrx_word' id='word_1_175' title='bbox 2303 1161 2559 1221; x_wconf 84' lang='lat' dir='ltr'><strong>concutit,</strong></span> <span class='ocrx_word' id='word_1_176' title='bbox 2586 1169 2640 1216; x_wconf 88' lang='lat' dir='ltr'><strong>et</strong></span> <span class='ocrx_word' id='word_1_177' title='bbox 2661 1160 2855 1214; x_wconf 80' lang='lat' dir='ltr'><strong>evertit</strong></span> <span class='ocrx_word' id='word_1_178' title='bbox 2883 1159 3119 1230; x_wconf 80' lang='lat' dir='ltr'><strong>(Arnob.,</strong></span> <span class='ocrx_word' id='word_1_179' title='bbox 3142 1157 3231 1212; x_wconf 85' lang='lat' dir='ltr'><strong>lib.</strong></span> <span class='ocrx_word' id='word_1_180' title='bbox 3255 1173 3330 1212; x_wconf 85' lang='grc' dir='ltr'>ιιι.</span> <span class='ocrx_word' id='word_1_181' title='bbox 3361 1173 3458 1227; x_wconf 82' lang='lat' dir='ltr'><strong>pag</strong></span> <span class='ocrx_word' id='word_1_182' title='bbox 3503 1156 3626 1222; x_wconf 83' lang='lat'><strong>109,</strong></span> <span class='ocrx_word' id='word_1_183' title='bbox 3662 1166 3708 1210; x_wconf 82' lang='lat' dir='ltr'><strong>et</strong></span> <span class='ocrx_word' id='word_1_184' title='bbox 3737 1155 3890 1227; x_wconf 57' lang='lat' dir='ltr'><strong>seq).</strong></span> 
     </span>
    </p>
   </div>
   <div class='ocr_carea' id='block_1_27' title="bbox 2302 1247 3895 1323">
    <p class='ocr_par' dir='ltr' id='par_1_27' title="bbox 2302 1247 3895 1323">
     <span class='ocr_line' id='line_1_27' title="bbox 2302 1247 3895 1323; baseline -0.005 -14"><span class='ocrx_word' id='word_1_185' title='bbox 2302 1254 2357 1309; x_wconf 91' lang='lat' dir='ltr'><strong>Si</strong></span> <span class='ocrx_word' id='word_1_186' title='bbox 2387 1253 2622 1319; x_wconf 86' lang='lat' dir='ltr'><strong>aselluli,</strong></span> <span class='ocrx_word' id='word_1_187' title='bbox 2655 1253 2847 1323; x_wconf 88' lang='lat' dir='ltr'><strong>inquit,</strong></span> <span class='ocrx_word' id='word_1_188' title='bbox 2881 1266 3045 1306; x_wconf 86' lang='lat' dir='ltr'><strong>canes</strong></span> <span class='ocrx_word' id='word_1_189' title='bbox 3081 1261 3135 1305; x_wconf 89' lang='lat' dir='ltr'><strong>et</strong></span> <span class='ocrx_word' id='word_1_190' title='bbox 3173 1249 3320 1321; x_wconf 76' lang='lat' dir='ltr'><strong>porri</strong></span> <span class='ocrx_word' id='word_1_191' title='bbox 3349 1249 3568 1320; x_wconf 90' lang='lat' dir='ltr'><strong>aliquid,</strong></span> <span class='ocrx_word' id='word_1_192' title='bbox 3595 1248 3660 1303; x_wconf 89' lang='lat' dir='ltr'><strong>ad</strong></span> <span class='ocrx_word' id='word_1_193' title='bbox 3689 1247 3895 1302; x_wconf 57' lang='lat' dir='ltr'><strong>discen-</strong></span> 
     </span>
    </p>
   </div>
   <div class='ocr_carea' id='block_1_28' title="bbox 2303 1341 3898 1417">
    <p class='ocr_par' dir='ltr' id='par_1_28' title="bbox 2303 1341 3898 1417">
     <span class='ocr_line' id='line_1_28' title="bbox 2303 1341 3898 1417; baseline -0.005 -13"><span class='ocrx_word' id='word_1_194' title='bbox 2303 1349 2401 1404; x_wconf 91' lang='lat' dir='ltr'><strong>das</strong></span> <span class='ocrx_word' id='word_1_195' title='bbox 2449 1359 2594 1402; x_wconf 90' lang='lat' dir='ltr'><strong>artes</strong></span> <span class='ocrx_word' id='word_1_196' title='bbox 2619 1390 2634 1414; x_wconf 93' lang='lat'><strong>,</strong></span> <span class='ocrx_word' id='word_1_197' title='bbox 2688 1347 2908 1401; x_wconf 91' lang='lat' dir='ltr'><strong>humani</strong></span> <span class='ocrx_word' id='word_1_198' title='bbox 2947 1345 3142 1417; x_wconf 83' lang='lat' dir='ltr'><strong>ingenii</strong></span> <span class='ocrx_word' id='word_1_199' title='bbox 3178 1344 3469 1409; x_wconf 79' lang='lat' dir='ltr'><strong>haberent,</strong></span> <span class='ocrx_word' id='word_1_200' title='bbox 3502 1353 3664 1414; x_wconf 89' lang='lat' dir='ltr'><strong>atque</strong></span> <span class='ocrx_word' id='word_1_201' title='bbox 3693 1341 3759 1396; x_wconf 91' lang='lat' dir='ltr'><strong>ad</strong></span> <span class='ocrx_word' id='word_1_202' title='bbox 3802 1358 3898 1396; x_wconf 89' lang='lat' dir='ltr'><strong>nos</strong></span> 
     </span>
    </p>
   </div>
   <div class='ocr_carea' id='block_1_29' title="bbox 2307 1435 3896 1510">
    <p class='ocr_par' dir='ltr' id='par_1_29' title="bbox 2307 1435 3896 1510">
     <span class='ocr_line' id='line_1_29' title="bbox 2307 1435 3896 1510; baseline -0.004 -14"><span class='ocrx_word' id='word_1_203' title='bbox 2307 1440 2692 1508; x_wconf 87' lang='lat' dir='ltr'><strong>honorandos,</strong></span> <span class='ocrx_word' id='word_1_204' title='bbox 2725 1450 2931 1495; x_wconf 85' lang='lat' dir='ltr'><strong>statuas</strong></span> <span class='ocrx_word' id='word_1_205' title='bbox 2964 1439 3336 1510; x_wconf 77' lang='lat' dir='ltr'><strong>imaginesque</strong></span> <span class='ocrx_word' id='word_1_206' title='bbox 3369 1437 3472 1494; x_wconf 84' lang='lat' dir='ltr'><strong>sibi</strong></span> <span class='ocrx_word' id='word_1_207' title='bbox 3499 1436 3703 1491; x_wconf 80' lang='lat' dir='ltr'><strong>similes</strong></span> <span class='ocrx_word' id='word_1_208' title='bbox 3732 1435 3896 1490; x_wconf 88' lang='lat' dir='ltr'><strong>fabri-</strong></span> 
     </span>
    </p>
   </div>
   <div class='ocr_carea' id='block_1_30' title="bbox 2307 1529 3900 1603">
    <p class='ocr_par' dir='ltr' id='par_1_30' title="bbox 2307 1529 3900 1603">
     <span class='ocr_line' id='line_1_30' title="bbox 2307 1529 3900 1603; baseline -0.004 -13"><span class='ocrx_word' id='word_1_209' title='bbox 2307 1544 2535 1598; x_wconf 91' lang='lat' dir='ltr'><strong>carent,</strong></span> <span class='ocrx_word' id='word_1_210' title='bbox 2599 1549 2778 1588; x_wconf 84' lang='lat' dir='ltr'><strong>nonne</strong></span> <span class='ocrx_word' id='word_1_211' title='bbox 2825 1532 3045 1603; x_wconf 79' lang='lat' dir='ltr'><strong>indigne</strong></span> <span class='ocrx_word' id='word_1_212' title='bbox 3103 1547 3321 1601; x_wconf 80' lang='lat' dir='ltr'><strong>prorsus</strong></span> <span class='ocrx_word' id='word_1_213' title='bbox 3349 1546 3448 1585; x_wconf 89' lang='lat' dir='ltr'><strong>nec</strong></span> <span class='ocrx_word' id='word_1_214' title='bbox 3475 1530 3592 1584; x_wconf 86' lang='lat' dir='ltr'><strong>sine</strong></span> <span class='ocrx_word' id='word_1_215' title='bbox 3621 1529 3900 1585; x_wconf 75' lang='lat' dir='ltr'><strong>stomacho</strong></span> 
     </span>
    </p>
   </div>
   <div class='ocr_carea' id='block_1_31' title="bbox 2308 1623 3902 1698">
    <p class='ocr_par' dir='ltr' id='par_1_31' title="bbox 2308 1623 3902 1698">
     <span class='ocr_line' id='line_1_31' title="bbox 2308 1623 3902 1698; baseline -0.003 -18"><span class='ocrx_word' id='word_1_216' title='bbox 2308 1635 2619 1698; x_wconf 86' lang='lat' dir='ltr'><strong>pateremur</strong></span> <span class='ocrx_word' id='word_1_217' title='bbox 2641 1627 2930 1681; x_wconf 87' lang='lat' dir='ltr'><strong>bestiarum</strong></span> <span class='ocrx_word' id='word_1_218' title='bbox 2963 1627 3135 1680; x_wconf 69' lang='lat' dir='ltr'><strong>forma</strong></span> <span class='ocrx_word' id='word_1_219' title='bbox 3163 1641 3258 1679; x_wconf 89' lang='lat' dir='ltr'><strong>nos</strong></span> <span class='ocrx_word' id='word_1_220' title='bbox 3279 1625 3569 1681; x_wconf 78' lang='lat' dir='ltr'><strong>exhiberi?</strong></span> <span class='ocrx_word' id='word_1_221' title='bbox 3610 1623 3794 1678; x_wconf 84' lang='lat' dir='ltr'><strong>Nonne</strong></span> <span class='ocrx_word' id='word_1_222' title='bbox 3823 1623 3902 1693; x_wconf 83' lang='lat' dir='ltr'><strong>ip-</strong></span> 
     </span>
    </p>
   </div>
   <div class='ocr_carea' id='block_1_32' title="bbox 2309 1719 3904 1790">
    <p class='ocr_par' dir='ltr' id='par_1_32' title="bbox 2309 1719 3904 1790">
     <span class='ocr_line' id='line_1_32' title="bbox 2309 1719 3904 1790; baseline -0.002 -14"><span class='ocrx_word' id='word_1_223' title='bbox 2309 1721 2469 1776; x_wconf 89' lang='lat' dir='ltr'><strong>simet</strong></span> <span class='ocrx_word' id='word_1_224' title='bbox 2500 1720 2700 1776; x_wconf 89' lang='lat' dir='ltr'><strong>ethnici</strong></span> <span class='ocrx_word' id='word_1_225' title='bbox 2737 1720 3147 1790; x_wconf 79' lang='lat' dir='ltr'><strong>indignarentur</strong></span> <span class='ocrx_word' id='word_1_226' title='bbox 3172 1721 3460 1774; x_wconf 82' lang='lat' dir='ltr'><strong>Romulum</strong></span> <span class='ocrx_word' id='word_1_227' title='bbox 3491 1721 3697 1774; x_wconf 89' lang='lat' dir='ltr'><strong>asinina</strong></span> <span class='ocrx_word' id='word_1_228' title='bbox 3729 1719 3904 1789; x_wconf 83' lang='lat' dir='ltr'><strong>figura</strong></span> 
     </span>
    </p>
   </div>
   <div class='ocr_carea' id='block_1_33' title="bbox 600 1814 3900 1890">
    <p class='ocr_par' dir='ltr' id='par_1_33' title="bbox 600 1814 3900 1890">
     <span class='ocr_line' id='line_1_33' title="bbox 600 1814 3900 1890; baseline -0.003 -12"><span class='ocrx_word' id='word_1_229' title='bbox 600 1821 758 1890; x_wconf 87' lang='lat' dir='ltr'><strong>cripti</strong></span> <span class='ocrx_word' id='word_1_230' title='bbox 795 1820 996 1875; x_wconf 86' lang='lat' dir='ltr'><strong>codicis</strong></span> <span class='ocrx_word' id='word_1_231' title='bbox 1034 1834 1138 1888; x_wconf 88' lang='lat' dir='ltr'><strong>ope</strong></span> <span class='ocrx_word' id='word_1_232' title='bbox 1179 1831 1296 1888; x_wconf 81' lang='lat' dir='ltr'><strong>quae</strong></span> <span class='ocrx_word' id='word_1_233' title='bbox 1328 1832 1453 1872; x_wconf 89' lang='lat' dir='ltr'><strong>vera</strong></span> <span class='ocrx_word' id='word_1_234' title='bbox 1482 1818 1553 1870; x_wconf 91' lang='lat' dir='ltr'><strong>sit</strong></span> <span class='ocrx_word' id='word_1_235' title='bbox 1578 1815 1740 1871; x_wconf 88' lang='lat' dir='ltr'><strong>lectio</strong></span> <span class='ocrx_word' id='word_1_236' title='bbox 1766 1816 1885 1886; x_wconf 88' lang='lat' dir='ltr'><strong>quis</strong></span> <span class='ocrx_word' id='word_1_237' title='bbox 1916 1824 2070 1870; x_wconf 91' lang='lat' dir='ltr'><strong>certo</strong></span> <span class='ocrx_word' id='word_1_238' title='bbox 2109 1814 2204 1870; x_wconf 54' lang='lat' dir='ltr'><strong>de.</strong></span> <span class='ocrx_word' id='word_1_239' title='bbox 2234 1821 2282 1880; x_wconf 89' lang='lat' dir='ltr'><strong>B</strong></span> <span class='ocrx_word' id='word_1_240' title='bbox 2310 1818 2721 1885; x_wconf 66' lang='lat' dir='ltr'><strong>repraesentari,</strong></span> <span class='ocrx_word' id='word_1_241' title='bbox 2765 1814 2990 1870; x_wconf 87' lang='lat' dir='ltr'><strong>Numam</strong></span> <span class='ocrx_word' id='word_1_242' title='bbox 3039 1815 3256 1882; x_wconf 88' lang='lat' dir='ltr'><strong>canina,</strong></span> <span class='ocrx_word' id='word_1_243' title='bbox 3289 1823 3346 1870; x_wconf 90' lang='lat' dir='ltr'><strong>et</strong></span> <span class='ocrx_word' id='word_1_244' title='bbox 3369 1815 3588 1884; x_wconf 85' lang='lat' dir='ltr'><strong>porcina</strong></span> <span class='ocrx_word' id='word_1_245' title='bbox 3615 1815 3900 1879; x_wconf 83' lang='lat' dir='ltr'><strong>Catonem,</strong></span> 
     </span>
    </p>
   </div>
   <div class='ocr_carea' id='block_1_34' title="bbox 600 1913 1017 1986">
    <p class='ocr_par' dir='ltr' id='par_1_34' title="bbox 600 1913 1017 1986">
     <span class='ocr_line' id='line_1_34' title="bbox 600 1913 1017 1986; baseline -0.014 -15"><span class='ocrx_word' id='word_1_246' title='bbox 600 1916 756 1971; x_wconf 82' lang='lat' dir='ltr'><strong>finire</strong></span> <span class='ocrx_word' id='word_1_247' title='bbox 784 1913 1017 1986; x_wconf 89' lang='lat' dir='ltr'><strong>poterit?</strong></span> 
     </span>
    </p>
   </div>
   <div class='ocr_carea' id='block_1_35' title="bbox 673 2004 2205 2080">
    <p class='ocr_par' dir='ltr' id='par_1_35' title="bbox 673 2004 2205 2080">
     <span class='ocr_line' id='line_1_35' title="bbox 673 2004 2205 2080; baseline -0.007 -14"><span class='ocrx_word' id='word_1_248' title='bbox 673 2008 842 2080; x_wconf 82' lang='lat' dir='ltr'><strong>Urget</strong></span> <span class='ocrx_word' id='word_1_249' title='bbox 870 2005 1140 2061; x_wconf 83' lang='lat' dir='ltr'><strong>Arnobius</strong></span> <span class='ocrx_word' id='word_1_250' title='bbox 1163 2007 1346 2076; x_wconf 84' lang='lat' dir='ltr'><strong>negari</strong></span> <span class='ocrx_word' id='word_1_251' title='bbox 1376 2005 1444 2058; x_wconf 88' lang='lat' dir='ltr'><strong>ab</strong></span> <span class='ocrx_word' id='word_1_252' title='bbox 1472 2004 1707 2059; x_wconf 88' lang='lat' dir='ltr'><strong>ethnicis</strong></span> <span class='ocrx_word' id='word_1_253' title='bbox 1749 2019 1858 2058; x_wconf 89' lang='lat' dir='ltr'><strong>non</strong></span> <span class='ocrx_word' id='word_1_254' title='bbox 1886 2017 2044 2072; x_wconf 88' lang='lat' dir='ltr'><strong>posse</strong></span> <span class='ocrx_word' id='word_1_255' title='bbox 2070 2016 2205 2072; x_wconf 87' lang='lat' dir='ltr'><strong>qua-</strong></span> 
     </span>
    </p>
   </div>
   <div class='ocr_carea' id='block_1_36' title="bbox 599 2095 2202 2170">
    <p class='ocr_par' dir='ltr' id='par_1_36' title="bbox 599 2095 2202 2170">
     <span class='ocr_line' id='line_1_36' title="bbox 599 2095 2202 2170; baseline -0.006 -11"><span class='ocrx_word' id='word_1_256' title='bbox 599 2103 682 2159; x_wconf 86' lang='lat' dir='ltr'><strong>les</strong></span> <span class='ocrx_word' id='word_1_257' title='bbox 735 2101 1119 2170; x_wconf 89' lang='lat' dir='ltr'><strong>descripsimus</strong></span> <span class='ocrx_word' id='word_1_258' title='bbox 1144 2141 1158 2164; x_wconf 97' lang='lat'><strong>,</strong></span> <span class='ocrx_word' id='word_1_259' title='bbox 1218 2099 1348 2154; x_wconf 87' lang='lat' dir='ltr'><strong>tales</strong></span> <span class='ocrx_word' id='word_1_260' title='bbox 1377 2113 1406 2152; x_wconf 91' lang='lat' dir='ltr'><strong>a</strong></span> <span class='ocrx_word' id='word_1_261' title='bbox 1437 2099 1550 2151; x_wconf 83' lang='lat' dir='ltr'><strong>suis</strong></span> <span class='ocrx_word' id='word_1_262' title='bbox 1592 2096 1772 2168; x_wconf 78' lang='lat' dir='ltr'><strong>effingi</strong></span> <span class='ocrx_word' id='word_1_263' title='bbox 1801 2096 1956 2152; x_wconf 89' lang='lat' dir='ltr'><strong>deos.</strong></span> <span class='ocrx_word' id='word_1_264' title='bbox 1985 2095 2116 2151; x_wconf 87' lang='lat' dir='ltr'><strong>Nam</strong></span> <span class='ocrx_word' id='word_1_265' title='bbox 2147 2095 2202 2150; x_wconf 89' lang='lat' dir='ltr'><strong>id</strong></span> 
     </span>
    </p>
   </div>
   <div class='ocr_carea' id='block_1_37' title="bbox 602 2186 2200 2264">
    <p class='ocr_par' dir='ltr' id='par_1_37' title="bbox 602 2186 2200 2264">
     <span class='ocr_line' id='line_1_37' title="bbox 602 2186 2200 2264; baseline -0.007 -12"><span class='ocrx_word' id='word_1_266' title='bbox 602 2211 791 2252; x_wconf 91' lang='lat' dir='ltr'><strong>eorum</strong></span> <span class='ocrx_word' id='word_1_267' title='bbox 815 2203 865 2249; x_wconf 91' lang='lat' dir='ltr'><strong>et</strong></span> <span class='ocrx_word' id='word_1_268' title='bbox 891 2211 909 2244; x_wconf 85' lang='grc'><strong><em>‹</em></strong></span> <span class='ocrx_word' id='word_1_269' title='bbox 941 2192 1192 2264; x_wconf 86' lang='lat' dir='ltr'><strong>produnt,</strong></span> <span class='ocrx_word' id='word_1_270' title='bbox 1230 2209 1248 2242; x_wconf 76' lang='grc' dir='ltr'><strong>ι</strong></span> <span class='ocrx_word' id='word_1_271' title='bbox 1286 2193 1358 2245; x_wconf 91' lang='lat' dir='ltr'><strong>uti</strong></span> <span class='ocrx_word' id='word_1_272' title='bbox 1385 2190 1475 2245; x_wconf 93' lang='lat' dir='ltr'><strong>ille</strong></span> <span class='ocrx_word' id='word_1_273' title='bbox 1503 2190 1735 2260; x_wconf 88' lang='lat' dir='ltr'><strong>loquitur</strong></span> <span class='ocrx_word' id='word_1_274' title='bbox 1757 2186 2108 2262; x_wconf 83' lang='lat' dir='ltr'><strong>(Arnob.,lib.</strong></span> <span class='ocrx_word' id='word_1_275' title='bbox 2129 2203 2200 2254; x_wconf 86' lang='lat' dir='ltr'><strong>tv,</strong></span> 
     </span>
    </p>
   </div>
   <div class='ocr_carea' id='block_1_38' title="bbox 603 2281 2203 2360">
    <p class='ocr_par' dir='ltr' id='par_1_38' title="bbox 603 2281 2203 2360">
     <span class='ocr_line' id='line_1_38' title="bbox 603 2281 2203 2360; baseline -0.005 -17"><span class='ocrx_word' id='word_1_276' title='bbox 603 2307 726 2360; x_wconf 85' lang='lat' dir='ltr'><strong>pag.</strong></span> <span class='ocrx_word' id='word_1_277' title='bbox 753 2284 903 2358; x_wconf 89' lang='lat'><strong>108),</strong></span> <span class='ocrx_word' id='word_1_278' title='bbox 943 2305 962 2338; x_wconf 88' lang='grc'><strong>‹</strong></span> <span class='ocrx_word' id='word_1_279' title='bbox 1000 2295 1160 2356; x_wconf 87' lang='lat' dir='ltr'><strong>atque</strong></span> <span class='ocrx_word' id='word_1_280' title='bbox 1200 2282 1442 2338; x_wconf 88' lang='lat' dir='ltr'><strong>iudicant</strong></span> <span class='ocrx_word' id='word_1_281' title='bbox 1485 2282 1740 2338; x_wconf 68' lang='lat' dir='ltr'><strong>officinae.</strong></span> <span class='ocrx_word' id='word_1_282' title='bbox 1775 2281 2052 2347; x_wconf 78' lang='lat' dir='ltr'><strong>Siquidem</strong></span> <span class='ocrx_word' id='word_1_283' title='bbox 2080 2297 2203 2336; x_wconf 90' lang='lat' dir='ltr'><strong>cum</strong></span> 
     </span>
    </p>
   </div>
   <div class='ocr_carea' id='block_1_39' title="bbox 603 2373 2202 2450">
    <p class='ocr_par' dir='ltr' id='par_1_39' title="bbox 603 2373 2202 2450">
     <span class='ocr_line' id='line_1_39' title="bbox 603 2373 2202 2450; baseline -0.006 -12"><span class='ocrx_word' id='word_1_284' title='bbox 603 2382 781 2438; x_wconf 73' lang='lat' dir='ltr'><strong>facitis</strong></span> <span class='ocrx_word' id='word_1_285' title='bbox 820 2390 982 2450; x_wconf 87' lang='lat' dir='ltr'><strong>atque</strong></span> <span class='ocrx_word' id='word_1_286' title='bbox 1023 2377 1326 2432; x_wconf 90' lang='lat' dir='ltr'><strong>infortnatis</strong></span> <span class='ocrx_word' id='word_1_287' title='bbox 1357 2376 1510 2443; x_wconf 85' lang='lat' dir='ltr'><strong>deos,</strong></span> <span class='ocrx_word' id='word_1_288' title='bbox 1543 2374 1644 2430; x_wconf 90' lang='lat' dir='ltr'><strong>hos</strong></span> <span class='ocrx_word' id='word_1_289' title='bbox 1669 2375 1898 2430; x_wconf 89' lang='lat' dir='ltr'><strong>crinitos</strong></span> <span class='ocrx_word' id='word_1_290' title='bbox 1925 2373 2202 2444; x_wconf 87' lang='lat' dir='ltr'><strong>effingitis,</strong></span> 
     </span>
    </p>
   </div>
   <div class='ocr_carea' id='block_1_40' title="bbox 603 2467 2204 2541">
    <p class='ocr_par' dir='ltr' id='par_1_40' title="bbox 603 2467 2204 2541">
     <span class='ocr_line' id='line_1_40' title="bbox 603 2467 2204 2541; baseline -0.005 -11"><span class='ocrx_word' id='word_1_291' title='bbox 603 2475 743 2532; x_wconf 90' lang='lat' dir='ltr'><strong>alios</strong></span> <span class='ocrx_word' id='word_1_292' title='bbox 770 2475 955 2541; x_wconf 73' lang='lat' dir='ltr'><strong>lazves,</strong></span> <span class='ocrx_word' id='word_1_293' title='bbox 989 2487 1168 2536; x_wconf 79' lang='lat' dir='ltr'><strong>senes,</strong></span> <span class='ocrx_word' id='word_1_294' title='bbox 1189 2470 1436 2541; x_wconf 84' lang='lat' dir='ltr'><strong>juvenes,</strong></span> <span class='ocrx_word' id='word_1_295' title='bbox 1469 2485 1690 2540; x_wconf 86' lang='lat' dir='ltr'><strong>pueros,</strong></span> <span class='ocrx_word' id='word_1_296' title='bbox 1724 2468 1957 2538; x_wconf 87' lang='lat' dir='ltr'><strong>aquilos,</strong></span> <span class='ocrx_word' id='word_1_297' title='bbox 1991 2467 2204 2535; x_wconf 71' lang='lat' dir='ltr'><strong>cmsios,</strong></span> 
     </span>
    </p>
   </div>
   <div class='ocr_carea' id='block_1_41' title="bbox 604 2565 2206 2638">
    <p class='ocr_par' dir='ltr' id='par_1_41' title="bbox 604 2565 2206 2638">
     <span class='ocr_line' id='line_1_41' title="bbox 604 2565 2206 2638; baseline -0.006 -10"><span class='ocrx_word' id='word_1_298' title='bbox 604 2587 788 2638; x_wconf 86' lang='lat' dir='ltr'><strong>ravos,</strong></span> <span class='ocrx_word' id='word_1_299' title='bbox 817 2569 1152 2634; x_wconf 61' lang='lat' dir='ltr'><strong>seminudos,</strong></span> <span class='ocrx_word' id='word_1_300' title='bbox 1189 2569 1441 2630; x_wconf 78' lang='lat' dir='ltr'><strong>inlectos,</strong></span> <span class='ocrx_word' id='word_1_301' title='bbox 1474 2577 1566 2619; x_wconf 89' lang='lat' dir='ltr'><strong>aut</strong></span> <span class='ocrx_word' id='word_1_302' title='bbox 1593 2582 1660 2620; x_wconf 91' lang='lat' dir='ltr'><strong>ne</strong></span> <span class='ocrx_word' id='word_1_303' title='bbox 1693 2565 1860 2636; x_wconf 84' lang='lat' dir='ltr'><strong>frigus</strong></span> <span class='ocrx_word' id='word_1_304' title='bbox 1911 2567 2206 2620; x_wconf 82' lang='lat' dir='ltr'><strong>incommo-</strong></span> 
     </span>
    </p>
   </div>
   <div class='ocr_carea' id='block_1_42' title="bbox 605 2659 2202 2728">
    <p class='ocr_par' dir='ltr' id='par_1_42' title="bbox 605 2659 2202 2728">
     <span class='ocr_line' id='line_1_42' title="bbox 605 2659 2202 2728; baseline -0.006 -6"><span class='ocrx_word' id='word_1_305' title='bbox 605 2667 715 2728; x_wconf 90' lang='lat' dir='ltr'><strong>det,</strong></span> <span class='ocrx_word' id='word_1_306' title='bbox 748 2663 1030 2718; x_wconf 90' lang='lat' dir='ltr'><strong>fluidarum</strong></span> <span class='ocrx_word' id='word_1_307' title='bbox 1063 2663 1292 2716; x_wconf 91' lang='lat' dir='ltr'><strong>vestium</strong></span> <span class='ocrx_word' id='word_1_308' title='bbox 1346 2660 1746 2728; x_wconf 67' lang='lat' dir='ltr'><strong>superjei-tiorie</strong></span> <span class='ocrx_word' id='word_1_309' title='bbox 1776 2659 2043 2728; x_wconf 84' lang='lat' dir='ltr'><strong>perfusos.</strong></span> <span class='ocrx_word' id='word_1_310' title='bbox 2085 2678 2102 2710; x_wconf 79' lang='grc' dir='ltr'><strong>ι</strong></span> <span class='ocrx_word' id='word_1_311' title='bbox 2132 2659 2202 2713; x_wconf 90' lang='lat' dir='ltr'><strong>Et</strong></span> 
     </span>
    </p>
   </div>
   <div class='ocr_carea' id='block_1_43' title="bbox 604 2750 2201 2826">
    <p class='ocr_par' dir='ltr' id='par_1_43' title="bbox 604 2750 2201 2826">
     <span class='ocr_line' id='line_1_43' title="bbox 604 2750 2201 2826; baseline -0.004 -13"><span class='ocrx_word' id='word_1_312' title='bbox 604 2759 724 2813; x_wconf 61' lang='lat' dir='ltr'><strong>haec</strong></span> <span class='ocrx_word' id='word_1_313' title='bbox 745 2771 956 2826; x_wconf 86' lang='lat' dir='ltr'><strong>quoque</strong></span> <span class='ocrx_word' id='word_1_314' title='bbox 986 2769 1053 2810; x_wconf 77' lang='lat' dir='ltr'><strong>ex</strong></span> <span class='ocrx_word' id='word_1_315' title='bbox 1083 2752 1272 2807; x_wconf 91' lang='lat' dir='ltr'><strong>codem</strong></span> <span class='ocrx_word' id='word_1_316' title='bbox 1325 2751 1604 2807; x_wconf 89' lang='lat' dir='ltr'><strong>Ciceronis</strong></span> <span class='ocrx_word' id='word_1_317' title='bbox 1649 2751 1786 2804; x_wconf 90' lang='lat' dir='ltr'><strong>libro</strong></span> <span class='ocrx_word' id='word_1_318' title='bbox 1835 2750 2024 2806; x_wconf 84' lang='lat' dir='ltr'><strong>hausta</strong></span> <span class='ocrx_word' id='word_1_319' title='bbox 2056 2763 2201 2806; x_wconf 89' lang='lat' dir='ltr'><strong>sunt.</strong></span> 
     </span>
    </p>
   </div>
   <div class='ocr_carea' id='block_1_44' title="bbox 606 2841 2206 2914">
    <p class='ocr_par' dir='ltr' id='par_1_44' title="bbox 606 2841 2206 2914">
     <span class='ocr_line' id='line_1_44' title="bbox 606 2841 2206 2914; baseline -0.007 -8"><span class='ocrx_word' id='word_1_320' title='bbox 606 2850 738 2906; x_wconf 89' lang='lat' dir='ltr'><strong>Post</strong></span> <span class='ocrx_word' id='word_1_321' title='bbox 763 2849 924 2904; x_wconf 88' lang='lat' dir='ltr'><strong>citata</strong></span> <span class='ocrx_word' id='word_1_322' title='bbox 952 2845 1097 2902; x_wconf 91' lang='lat' dir='ltr'><strong>enim</strong></span> <span class='ocrx_word' id='word_1_323' title='bbox 1122 2859 1152 2898; x_wconf 90' lang='lat' dir='ltr'><strong>a</strong></span> <span class='ocrx_word' id='word_1_324' title='bbox 1182 2844 1339 2897; x_wconf 85' lang='lat' dir='ltr'><strong>nobis</strong></span> <span class='ocrx_word' id='word_1_325' title='bbox 1365 2842 1482 2914; x_wconf 65' lang='lat' dir='ltr'><strong>ejus</strong></span> <span class='ocrx_word' id='word_1_326' title='bbox 1510 2842 1674 2897; x_wconf 84' lang='lat' dir='ltr'><strong>verba</strong></span> <span class='ocrx_word' id='word_1_327' title='bbox 1696 2882 1712 2908; x_wconf 95' lang='lat'><strong>,</strong></span> <span class='ocrx_word' id='word_1_328' title='bbox 1748 2841 2055 2897; x_wconf 89' lang='lat' dir='ltr'><strong>institutum</strong></span> <span class='ocrx_word' id='word_1_329' title='bbox 2085 2859 2206 2897; x_wconf 78' lang='lat' dir='ltr'><strong>ser-</strong></span> 
     </span>
    </p>
   </div>
   <div class='ocr_carea' id='block_1_45' title="bbox 607 2935 2204 3011">
    <p class='ocr_par' dir='ltr' id='par_1_45' title="bbox 607 2935 2204 3011">
     <span class='ocr_line' id='line_1_45' title="bbox 607 2935 2204 3011; baseline -0.006 -12"><span class='ocrx_word' id='word_1_330' title='bbox 607 2959 824 2999; x_wconf 88' lang='lat' dir='ltr'><strong>monem</strong></span> <span class='ocrx_word' id='word_1_331' title='bbox 853 2941 932 2996; x_wconf 90' lang='lat' dir='ltr'><strong>sic</strong></span> <span class='ocrx_word' id='word_1_332' title='bbox 953 2937 1331 3011; x_wconf 84' lang='lat' dir='ltr'><strong>prosequitur:</strong></span> <span class='ocrx_word' id='word_1_333' title='bbox 1363 2956 1382 2989; x_wconf 74' lang='lat' dir='ltr'><strong>r</strong></span> <span class='ocrx_word' id='word_1_334' title='bbox 1411 2937 1576 2992; x_wconf 89' lang='lat' dir='ltr'><strong>Nobis</strong></span> <span class='ocrx_word' id='word_1_335' title='bbox 1609 2935 1840 2992; x_wconf 78' lang='lat' dir='ltr'><strong>fortasse</strong></span> <span class='ocrx_word' id='word_1_336' title='bbox 1866 2937 1911 2992; x_wconf 90' lang='lat' dir='ltr'><strong>si</strong></span> <span class='ocrx_word' id='word_1_337' title='bbox 1948 2940 2204 3003; x_wconf 88' lang='lat' dir='ltr'><strong>occurrit,</strong></span> 
     </span>
    </p>
   </div>
   <div class='ocr_carea' id='block_1_46' title="bbox 607 3029 2204 3101">
    <p class='ocr_par' dir='ltr' id='par_1_46' title="bbox 607 3029 2204 3101">
     <span class='ocr_line' id='line_1_46' title="bbox 607 3029 2204 3101; baseline -0.004 -8"><span class='ocrx_word' id='word_1_338' title='bbox 607 3045 664 3093; x_wconf 87' lang='lat' dir='ltr'><strong>ut</strong></span> <span class='ocrx_word' id='word_1_339' title='bbox 687 3036 850 3101; x_wconf 90' lang='lat' dir='ltr'><strong>dicis,</strong></span> <span class='ocrx_word' id='word_1_340' title='bbox 879 3033 1105 3096; x_wconf 77' lang='lat' dir='ltr'><strong>Jovem,</strong></span> <span class='ocrx_word' id='word_1_341' title='bbox 1148 3031 1452 3095; x_wconf 74' lang='lat' dir='ltr'><strong>lunonem,</strong></span> <span class='ocrx_word' id='word_1_342' title='bbox 1491 3029 1784 3085; x_wconf 84' lang='lat' dir='ltr'><strong>Minervam</strong></span> <span class='ocrx_word' id='word_1_343' title='bbox 1811 3075 1824 3098; x_wconf 91' lang='lat'><strong>,</strong></span> <span class='ocrx_word' id='word_1_344' title='bbox 1875 3031 2204 3101; x_wconf 79' lang='lat' dir='ltr'><strong>Neptunum,</strong></span> 
     </span>
    </p>
   </div>
   <div class='ocr_carea' id='block_1_47' title="bbox 609 3123 2211 3194">
    <p class='ocr_par' dir='ltr' id='par_1_47' title="bbox 609 3123 2211 3194">
     <span class='ocr_line' id='line_1_47' title="bbox 609 3123 2211 3194; baseline -0.002 -10"><span class='ocrx_word' id='word_1_345' title='bbox 609 3129 908 3184; x_wconf 77' lang='lat' dir='ltr'><strong>Vulcanum</strong></span> <span class='ocrx_word' id='word_1_346' title='bbox 935 3170 948 3193; x_wconf 96' lang='lat'><strong>,</strong></span> <span class='ocrx_word' id='word_1_347' title='bbox 1000 3125 1305 3194; x_wconf 80' lang='lat' dir='ltr'><strong>Apollinem</strong></span> <span class='ocrx_word' id='word_1_348' title='bbox 1328 3166 1342 3188; x_wconf 94' lang='lat'><strong>,</strong></span> <span class='ocrx_word' id='word_1_349' title='bbox 1388 3123 1625 3194; x_wconf 92' lang='lat' dir='ltr'><strong>reliquos</strong></span> <span class='ocrx_word' id='word_1_350' title='bbox 1649 3123 1779 3178; x_wconf 79' lang='lat' dir='ltr'><strong>deos</strong></span> <span class='ocrx_word' id='word_1_351' title='bbox 1801 3139 1862 3178; x_wconf 91' lang='lat' dir='ltr'><strong>ea</strong></span> <span class='ocrx_word' id='word_1_352' title='bbox 1893 3124 2032 3180; x_wconf 90' lang='lat' dir='ltr'><strong>facie</strong></span> <span class='ocrx_word' id='word_1_353' title='bbox 2057 3129 2211 3180; x_wconf 91' lang='lat' dir='ltr'><strong>novi-</strong></span> 
     </span>
    </p>
   </div>
   <div class='ocr_carea' id='block_1_48' title="bbox 2308 1909 3907 1977">
    <p class='ocr_par' dir='ltr' id='par_1_48' title="bbox 2308 1909 3907 1977">
     <span class='ocr_line' id='line_1_48' title="bbox 2308 1909 3907 1977; baseline -0.001 -11"><span class='ocrx_word' id='word_1_354' title='bbox 2308 1909 2426 1966; x_wconf 90' lang='lat' dir='ltr'><strong>sive</strong></span> <span class='ocrx_word' id='word_1_355' title='bbox 2470 1909 2790 1966; x_wconf 83' lang='lat' dir='ltr'><strong>Ciceronem</strong></span> <span class='ocrx_word' id='word_1_356' title='bbox 2821 1951 2837 1977; x_wconf 93' lang='lat'><strong>,</strong></span> <span class='ocrx_word' id='word_1_357' title='bbox 2885 1919 2977 1966; x_wconf 85' lang='lat' dir='ltr'><strong>aut</strong></span> <span class='ocrx_word' id='word_1_358' title='bbox 3019 1911 3180 1965; x_wconf 89' lang='lat' dir='ltr'><strong>alium</strong></span> <span class='ocrx_word' id='word_1_359' title='bbox 3213 1909 3548 1977; x_wconf 78' lang='lat' dir='ltr'><strong>quemlibet?</strong></span> <span class='ocrx_word' id='word_1_360' title='bbox 3574 1910 3690 1965; x_wconf 85' lang='lat' dir='ltr'><strong>Jam</strong></span> <span class='ocrx_word' id='word_1_361' title='bbox 3721 1919 3907 1964; x_wconf 89' lang='lat' dir='ltr'><strong>autem</strong></span> 
     </span>
    </p>
   </div>
   <div class='ocr_carea' id='block_1_49' title="bbox 2307 2005 3905 2061">
    <p class='ocr_par' dir='ltr' id='par_1_49' title="bbox 2307 2005 3905 2061">
     <span class='ocr_line' id='line_1_49' title="bbox 2307 2005 3905 2061; baseline 0.001 -2"><span class='ocrx_word' id='word_1_362' title='bbox 2307 2005 2541 2059; x_wconf 88' lang='lat' dir='ltr'><strong>vidimus</strong></span> <span class='ocrx_word' id='word_1_363' title='bbox 2587 2005 2923 2060; x_wconf 83' lang='lat' dir='ltr'><strong>Clementem</strong></span> <span class='ocrx_word' id='word_1_364' title='bbox 2971 2005 3398 2060; x_wconf 79' lang='lat' dir='ltr'><strong>Alexandrinum</strong></span> <span class='ocrx_word' id='word_1_365' title='bbox 3459 2005 3512 2059; x_wconf 93' lang='lat' dir='ltr'><strong>in</strong></span> <span class='ocrx_word' id='word_1_366' title='bbox 3571 2007 3905 2061; x_wconf 84' lang='lat' dir='ltr'><strong>Stromatum</strong></span> 
     </span>
    </p>
   </div>
   <div class='ocr_carea' id='block_1_50' title="bbox 2308 2099 3905 2170">
    <p class='ocr_par' dir='ltr' id='par_1_50' title="bbox 2308 2099 3905 2170">
     <span class='ocr_line' id='line_1_50' title="bbox 2308 2099 3905 2170; baseline 0.001 -17"><span class='ocrx_word' id='word_1_367' title='bbox 2308 2099 2462 2154; x_wconf 89' lang='lat' dir='ltr'><strong>libris</strong></span> <span class='ocrx_word' id='word_1_368' title='bbox 2507 2100 2698 2155; x_wconf 87' lang='lat' dir='ltr'><strong>eodem</strong></span> <span class='ocrx_word' id='word_1_369' title='bbox 2736 2108 2923 2154; x_wconf 89' lang='lat' dir='ltr'><strong>contra</strong></span> <span class='ocrx_word' id='word_1_370' title='bbox 2970 2099 3197 2169; x_wconf 87' lang='lat' dir='ltr'><strong>gentiles</strong></span> <span class='ocrx_word' id='word_1_371' title='bbox 3237 2114 3388 2154; x_wconf 89' lang='lat' dir='ltr'><strong>usum</strong></span> <span class='ocrx_word' id='word_1_372' title='bbox 3412 2113 3535 2155; x_wconf 91' lang='lat' dir='ltr'><strong>esse</strong></span> <span class='ocrx_word' id='word_1_373' title='bbox 3557 2112 3905 2170; x_wconf 81' lang='lat' dir='ltr'><strong>argumento,</strong></span> 
     </span>
    </p>
   </div>
   <div class='ocr_carea' id='block_1_51' title="bbox 2318 2190 3911 2263">
    <p class='ocr_par' dir='ltr' id='par_1_51' title="bbox 2318 2190 3911 2263">
     <span class='ocr_line' id='line_1_51' title="bbox 2318 2190 3911 2263; baseline 0.002 -17"><span class='ocrx_word' id='word_1_374' title='bbox 2318 2205 2479 2262; x_wconf 90' lang='lat' dir='ltr'><strong>atque</strong></span> <span class='ocrx_word' id='word_1_375' title='bbox 2520 2192 2764 2248; x_wconf 86' lang='lat' dir='ltr'><strong>eamdem</strong></span> <span class='ocrx_word' id='word_1_376' title='bbox 2813 2192 2864 2246; x_wconf 92' lang='lat' dir='ltr'><strong>in</strong></span> <span class='ocrx_word' id='word_1_377' title='bbox 2910 2207 3024 2247; x_wconf 90' lang='lat' dir='ltr'><strong>rem</strong></span> <span class='ocrx_word' id='word_1_378' title='bbox 3069 2192 3138 2247; x_wconf 90' lang='lat' dir='ltr'><strong>ab</strong></span> <span class='ocrx_word' id='word_1_379' title='bbox 3168 2190 3300 2259; x_wconf 90' lang='lat' dir='ltr'><strong>illo,</strong></span> <span class='ocrx_word' id='word_1_380' title='bbox 3354 2193 3809 2263; x_wconf 89' lang='lat' dir='ltr'><strong>quemadmodum</strong></span> <span class='ocrx_word' id='word_1_381' title='bbox 3839 2195 3911 2249; x_wconf 87' lang='lat' dir='ltr'><strong>ab</strong></span> 
     </span>
    </p>
   </div>
   <div class='ocr_carea' id='block_1_52' title="bbox 2309 2284 3910 2358">
    <p class='ocr_par' dir='ltr' id='par_1_52' title="bbox 2309 2284 3910 2358">
     <span class='ocr_line' id='line_1_52' title="bbox 2309 2284 3910 2358; baseline 0.003 -19"><span class='ocrx_word' id='word_1_382' title='bbox 2309 2284 2566 2351; x_wconf 81' lang='lat' dir='ltr'><strong>Eusebio,</strong></span> <span class='ocrx_word' id='word_1_383' title='bbox 2595 2294 2648 2341; x_wconf 89' lang='lat' dir='ltr'><strong>et</strong></span> <span class='ocrx_word' id='word_1_384' title='bbox 2675 2284 3024 2340; x_wconf 78' lang='lat' dir='ltr'><strong>Theodore-to</strong></span> <span class='ocrx_word' id='word_1_385' title='bbox 3043 2327 3058 2352; x_wconf 98' lang='lat'><strong>,</strong></span> <span class='ocrx_word' id='word_1_386' title='bbox 3091 2285 3243 2340; x_wconf 88' lang='lat' dir='ltr'><strong>citari</strong></span> <span class='ocrx_word' id='word_1_387' title='bbox 3274 2285 3628 2358; x_wconf 79' lang='lat' dir='ltr'><strong>Xenophanis</strong></span> <span class='ocrx_word' id='word_1_388' title='bbox 3668 2289 3910 2344; x_wconf 83' lang='lat' dir='ltr'><strong>carmina</strong></span> 
     </span>
    </p>
   </div>
   <div class='ocr_carea' id='block_1_53' title="bbox 2317 2379 3908 2453">
    <p class='ocr_par' dir='ltr' id='par_1_53' title="bbox 2317 2379 3908 2453">
     <span class='ocr_line' id='line_1_53' title="bbox 2317 2379 3908 2453; baseline 0.003 -19"><span class='ocrx_word' id='word_1_389' title='bbox 2317 2379 2491 2452; x_wconf 86' lang='lat' dir='ltr'><strong>(Tom.</strong></span> <span class='ocrx_word' id='word_1_390' title='bbox 2521 2397 2538 2434; x_wconf 93' lang='grc' dir='ltr'><strong>ι</strong></span> <span class='ocrx_word' id='word_1_391' title='bbox 2581 2381 2836 2450; x_wconf 84' lang='lat' dir='ltr'><strong>Apparat.</strong></span> <span class='ocrx_word' id='word_1_392' title='bbox 2892 2379 2983 2435; x_wconf 87' lang='lat' dir='ltr'><strong>lib.</strong></span> <span class='ocrx_word' id='word_1_393' title='bbox 3013 2395 3093 2448; x_wconf 88' lang='grc' dir='ltr'>ιιι,</span> <span class='ocrx_word' id='word_1_394' title='bbox 3125 2380 3330 2437; x_wconf 72' lang='lat' dir='ltr'><strong>dissert.</strong></span> <span class='ocrx_word' id='word_1_395' title='bbox 3355 2381 3412 2449; x_wconf 73' lang='lat'><strong>2,</strong></span> <span class='ocrx_word' id='word_1_396' title='bbox 3443 2399 3562 2453; x_wconf 85' lang='lat' dir='ltr'><strong>cap.</strong></span> <span class='ocrx_word' id='word_1_397' title='bbox 3597 2383 3684 2449; x_wconf 66' lang='lat'><strong>14,</strong></span> <span class='ocrx_word' id='word_1_398' title='bbox 3715 2394 3816 2438; x_wconf 86' lang='lat' dir='ltr'><strong>art.</strong></span> <span class='ocrx_word' id='word_1_399' title='bbox 3857 2384 3908 2450; x_wconf 93' lang='lat'><strong>1,</strong></span> 
     </span>
    </p>
   </div>
   <div class='ocr_carea' id='block_1_54' title="bbox 2310 2476 2652 2549">
    <p class='ocr_par' dir='ltr' id='par_1_54' title="bbox 2310 2476 2652 2549">
     <span class='ocr_line' id='line_1_54' title="bbox 2310 2476 2652 2549; baseline 0.015 -20"><span class='ocrx_word' id='word_1_400' title='bbox 2310 2494 2431 2548; x_wconf 85' lang='lat' dir='ltr'><strong>pag.</strong></span> <span class='ocrx_word' id='word_1_401' title='bbox 2464 2476 2652 2549; x_wconf 86' lang='lat'><strong>1089).</strong></span> 
     </span>
    </p>
   </div>
   <div class='ocr_carea' id='block_1_55' title="bbox 2381 2569 3916 2644">
    <p class='ocr_par' dir='ltr' id='par_1_55' title="bbox 2381 2569 3916 2644">
     <span class='ocr_line' id='line_1_55' title="bbox 2381 2569 3916 2644; baseline 0.005 -22"><span class='ocrx_word' id='word_1_402' title='bbox 2381 2571 2450 2622; x_wconf 87' lang='lat' dir='ltr'><strong>At</strong></span> <span class='ocrx_word' id='word_1_403' title='bbox 2480 2569 2573 2633; x_wconf 88' lang='lat' dir='ltr'><strong>dii,</strong></span> <span class='ocrx_word' id='word_1_404' title='bbox 2602 2570 2674 2624; x_wconf 92' lang='lat' dir='ltr'><strong>uti</strong></span> <span class='ocrx_word' id='word_1_405' title='bbox 2701 2574 2927 2627; x_wconf 85' lang='lat' dir='ltr'><strong>assumit</strong></span> <span class='ocrx_word' id='word_1_406' title='bbox 2951 2572 3250 2638; x_wconf 86' lang='lat' dir='ltr'><strong>Arnobius,</strong></span> <span class='ocrx_word' id='word_1_407' title='bbox 3276 2571 3546 2644; x_wconf 82' lang='lat' dir='ltr'><strong>indignius</strong></span> <span class='ocrx_word' id='word_1_408' title='bbox 3578 2572 3716 2629; x_wconf 90' lang='lat' dir='ltr'><strong>ferre</strong></span> <span class='ocrx_word' id='word_1_409' title='bbox 3743 2571 3916 2631; x_wconf 79' lang='lat' dir='ltr'><strong>debe-</strong></span> 
     </span>
    </p>
   </div>
   <div class='ocr_carea' id='block_1_56' title="bbox 2309 2664 3915 2734">
    <p class='ocr_par' dir='ltr' id='par_1_56' title="bbox 2309 2664 3915 2734">
     <span class='ocr_line' id='line_1_56' title="bbox 2309 2664 3915 2734; baseline 0.005 -18"><span class='ocrx_word' id='word_1_410' title='bbox 2309 2669 2429 2717; x_wconf 91' lang='lat' dir='ltr'><strong>rent</strong></span> <span class='ocrx_word' id='word_1_411' title='bbox 2458 2678 2517 2717; x_wconf 88' lang='lat' dir='ltr'><strong>se</strong></span> <span class='ocrx_word' id='word_1_412' title='bbox 2544 2664 2612 2718; x_wconf 91' lang='lat' dir='ltr'><strong>ab</strong></span> <span class='ocrx_word' id='word_1_413' title='bbox 2641 2664 2947 2721; x_wconf 90' lang='lat' dir='ltr'><strong>hominibus</strong></span> <span class='ocrx_word' id='word_1_414' title='bbox 2995 2665 3228 2720; x_wconf 87' lang='lat' dir='ltr'><strong>humana</strong></span> <span class='ocrx_word' id='word_1_415' title='bbox 3251 2708 3265 2729; x_wconf 93' lang='lat'><strong>,</strong></span> <span class='ocrx_word' id='word_1_416' title='bbox 3317 2682 3475 2734; x_wconf 89' lang='lat' dir='ltr'><strong>quam</strong></span> <span class='ocrx_word' id='word_1_417' title='bbox 3519 2665 3766 2722; x_wconf 89' lang='lat' dir='ltr'><strong>homines</strong></span> <span class='ocrx_word' id='word_1_418' title='bbox 3789 2683 3852 2723; x_wconf 86' lang='lat' dir='ltr'><strong>se</strong></span> <span class='ocrx_word' id='word_1_419' title='bbox 3883 2683 3915 2724; x_wconf 87' lang='lat' dir='ltr'><strong>a</strong></span> 
     </span>
    </p>
   </div>
   <div class='ocr_carea' id='block_1_57' title="bbox 2309 2753 3917 2830">
    <p class='ocr_par' dir='ltr' id='par_1_57' title="bbox 2309 2753 3917 2830">
     <span class='ocr_line' id='line_1_57' title="bbox 2309 2753 3917 2830; baseline 0.006 -23"><span class='ocrx_word' id='word_1_420' title='bbox 2309 2753 2495 2809; x_wconf 89' lang='lat' dir='ltr'><strong>bestiis</strong></span> <span class='ocrx_word' id='word_1_421' title='bbox 2527 2755 2754 2810; x_wconf 89' lang='lat' dir='ltr'><strong>belluina</strong></span> <span class='ocrx_word' id='word_1_422' title='bbox 2791 2756 2926 2813; x_wconf 89' lang='lat' dir='ltr'><strong>facie</strong></span> <span class='ocrx_word' id='word_1_423' title='bbox 2965 2757 3200 2829; x_wconf 85' lang='lat' dir='ltr'><strong>depingi.</strong></span> <span class='ocrx_word' id='word_1_424' title='bbox 3247 2757 3429 2829; x_wconf 87' lang='lat' dir='ltr'><strong>Longe</strong></span> <span class='ocrx_word' id='word_1_425' title='bbox 3461 2761 3632 2830; x_wconf 86' lang='lat' dir='ltr'><strong>major</strong></span> <span class='ocrx_word' id='word_1_426' title='bbox 3655 2761 3794 2816; x_wconf 89' lang='lat' dir='ltr'><strong>enim</strong></span> <span class='ocrx_word' id='word_1_427' title='bbox 3824 2770 3917 2817; x_wconf 88' lang='lat' dir='ltr'><strong>est</strong></span> 
     </span>
    </p>
   </div>
   <div class='ocr_carea' id='block_1_58' title="bbox 2309 2847 3916 2922">
    <p class='ocr_par' dir='ltr' id='par_1_58' title="bbox 2309 2847 3916 2922">
     <span class='ocr_line' id='line_1_58' title="bbox 2309 2847 3916 2922; baseline 0.007 -21"><span class='ocrx_word' id='word_1_428' title='bbox 2309 2847 2532 2902; x_wconf 87' lang='lat' dir='ltr'><strong>deorum</strong></span> <span class='ocrx_word' id='word_1_429' title='bbox 2565 2848 2631 2902; x_wconf 90' lang='lat' dir='ltr'><strong>ab</strong></span> <span class='ocrx_word' id='word_1_430' title='bbox 2653 2848 2996 2917; x_wconf 91' lang='lat' dir='ltr'><strong>hominibus,</strong></span> <span class='ocrx_word' id='word_1_431' title='bbox 3020 2867 3178 2922; x_wconf 90' lang='lat' dir='ltr'><strong>quam</strong></span> <span class='ocrx_word' id='word_1_432' title='bbox 3210 2851 3485 2909; x_wconf 81' lang='lat' dir='ltr'><strong>hominum</strong></span> <span class='ocrx_word' id='word_1_433' title='bbox 3518 2872 3546 2907; x_wconf 88' lang='lat' dir='ltr'><strong>a</strong></span> <span class='ocrx_word' id='word_1_434' title='bbox 3574 2855 3767 2910; x_wconf 90' lang='lat' dir='ltr'><strong>belluis</strong></span> <span class='ocrx_word' id='word_1_435' title='bbox 3791 2856 3916 2913; x_wconf 87' lang='lat' dir='ltr'><strong>dis-</strong></span> 
     </span>
    </p>
   </div>
   <div class='ocr_carea' id='block_1_59' title="bbox 2309 2941 3919 3016">
    <p class='ocr_par' dir='ltr' id='par_1_59' title="bbox 2309 2941 3919 3016">
     <span class='ocr_line' id='line_1_59' title="bbox 2309 2941 3919 3016; baseline 0.009 -24"><span class='ocrx_word' id='word_1_436' title='bbox 2309 2942 2605 3009; x_wconf 87' lang='lat' dir='ltr'><strong>crepantia.</strong></span> <span class='ocrx_word' id='word_1_437' title='bbox 2627 2941 2833 3013; x_wconf 87' lang='lat' dir='ltr'><strong>Ecquid</strong></span> <span class='ocrx_word' id='word_1_438' title='bbox 2866 2959 3014 3010; x_wconf 88' lang='lat' dir='ltr'><strong>vero,</strong></span> <span class='ocrx_word' id='word_1_439' title='bbox 3043 2944 3217 3016; x_wconf 90' lang='lat' dir='ltr'><strong>inquit</strong></span> <span class='ocrx_word' id='word_1_440' title='bbox 3246 2947 3540 3013; x_wconf 86' lang='lat' dir='ltr'><strong>Arnobius,</strong></span> <span class='ocrx_word' id='word_1_441' title='bbox 3567 2967 3586 3000; x_wconf 74' lang='grc' dir='ltr'><strong>ι</strong></span> <span class='ocrx_word' id='word_1_442' title='bbox 3611 2950 3665 3004; x_wconf 90' lang='lat' dir='ltr'><strong>in</strong></span> <span class='ocrx_word' id='word_1_443' title='bbox 3691 2949 3919 3007; x_wconf 80' lang='lat' dir='ltr'><strong>homine</strong></span> 
     </span>
    </p>
   </div>
   <div class='ocr_carea' id='block_1_60' title="bbox 2311 3032 3921 3108">
    <p class='ocr_par' dir='ltr' id='par_1_60' title="bbox 2311 3032 3921 3108">
     <span class='ocr_line' id='line_1_60' title="bbox 2311 3032 3921 3108; baseline 0.009 -21"><span class='ocrx_word' id='word_1_444' title='bbox 2311 3032 2592 3102; x_wconf 89' lang='lat' dir='ltr'><strong>pulchrum</strong></span> <span class='ocrx_word' id='word_1_445' title='bbox 2611 3035 2634 3088; x_wconf 86' lang='lat'><strong>?</strong></span> <span class='ocrx_word' id='word_1_446' title='bbox 2651 3036 2798 3105; x_wconf 89' lang='lat' dir='ltr'><strong>quid,</strong></span> <span class='ocrx_word' id='word_1_447' title='bbox 2816 3053 3021 3108; x_wconf 76' lang='lat' dir='ltr'><strong>quaeso,</strong></span> <span class='ocrx_word' id='word_1_448' title='bbox 3037 3039 3377 3103; x_wconf 89' lang='lat' dir='ltr'><strong>admirabile,</strong></span> <span class='ocrx_word' id='word_1_449' title='bbox 3395 3043 3480 3097; x_wconf 88' lang='lat' dir='ltr'><strong>vel</strong></span> <span class='ocrx_word' id='word_1_450' title='bbox 3502 3041 3784 3107; x_wconf 78' lang='lat' dir='ltr'><strong>decorum,</strong></span> <span class='ocrx_word' id='word_1_451' title='bbox 3807 3047 3921 3102; x_wconf 87' lang='lat' dir='ltr'><strong>nisi</strong></span> 
     </span>
    </p>
   </div>
   <div class='ocr_carea' id='block_1_61' title="bbox 2309 3127 3920 3201">
    <p class='ocr_par' dir='ltr' id='par_1_61' title="bbox 2309 3127 3920 3201">
     <span class='ocr_line' id='line_1_61' title="bbox 2309 3127 3920 3201; baseline 0.011 -22"><span class='ocrx_word' id='word_1_452' title='bbox 2309 3127 2451 3196; x_wconf 90' lang='lat' dir='ltr'><strong>quod</strong></span> <span class='ocrx_word' id='word_1_453' title='bbox 2482 3137 2533 3183; x_wconf 89' lang='lat' dir='ltr'><strong>et</strong></span> <span class='ocrx_word' id='word_1_454' title='bbox 2561 3129 2772 3185; x_wconf 85' lang='lat' dir='ltr'><strong>elurino</strong></span> <span class='ocrx_word' id='word_1_455' title='bbox 2798 3148 2918 3186; x_wconf 81' lang='lat' dir='ltr'><strong>cum</strong></span> <span class='ocrx_word' id='word_1_456' title='bbox 2952 3148 3178 3201; x_wconf 91' lang='lat' dir='ltr'><strong>pecore,</strong></span> <span class='ocrx_word' id='word_1_457' title='bbox 3222 3155 3240 3186; x_wconf 77' lang='grc' dir='ltr'><strong>ι</strong></span> <span class='ocrx_word' id='word_1_458' title='bbox 3291 3136 3363 3190; x_wconf 86' lang='lat' dir='ltr'><strong>ita</strong></span> <span class='ocrx_word' id='word_1_459' title='bbox 3404 3153 3508 3193; x_wconf 90' lang='lat' dir='ltr'><strong>ms.</strong></span> <span class='ocrx_word' id='word_1_460' title='bbox 3538 3139 3707 3194; x_wconf 83' lang='lat' dir='ltr'><strong>codex</strong></span> <span class='ocrx_word' id='word_1_461' title='bbox 3738 3152 3795 3196; x_wconf 91' lang='lat' dir='ltr'><strong>et</strong></span> <span class='ocrx_word' id='word_1_462' title='bbox 3828 3143 3920 3197; x_wconf 81' lang='lat' dir='ltr'><strong>ul-</strong></span> 
     </span>
    </p>
   </div>
   <div class='ocr_carea' id='block_1_62' title="bbox 612 3215 3922 3298">
    <p class='ocr_par' dir='ltr' id='par_1_62' title="bbox 612 3215 3922 3298">
     <span class='ocr_line' id='line_1_62' title="bbox 612 3215 3922 3298; baseline 0.004 -21"><span class='ocrx_word' id='word_1_463' title='bbox 612 3238 766 3281; x_wconf 87' lang='lat' dir='ltr'><strong>mus.</strong></span> <span class='ocrx_word' id='word_1_464' title='bbox 799 3236 904 3291; x_wconf 89' lang='lat' dir='ltr'><strong>qua</strong></span> <span class='ocrx_word' id='word_1_465' title='bbox 934 3220 1172 3290; x_wconf 88' lang='lat' dir='ltr'><strong>pictores</strong></span> <span class='ocrx_word' id='word_1_466' title='bbox 1214 3218 1539 3286; x_wconf 88' lang='lat' dir='ltr'><strong>fictoresque</strong></span> <span class='ocrx_word' id='word_1_467' title='bbox 1566 3216 1894 3283; x_wconf 84' lang='lat' dir='ltr'><strong>voluerunt;</strong></span> <span class='ocrx_word' id='word_1_468' title='bbox 1922 3234 2096 3286; x_wconf 83' lang='lat' dir='ltr'><strong>neque</strong></span> <span class='ocrx_word' id='word_1_469' title='bbox 2122 3236 2214 3274; x_wconf 88' lang='lat' dir='ltr'><strong>so-</strong></span> <span class='ocrx_word' id='word_1_470' title='bbox 2239 3215 2282 3276; x_wconf 87' lang='lat' dir='ltr'><strong>C</strong></span> <span class='ocrx_word' id='word_1_471' title='bbox 2318 3221 2443 3277; x_wconf 90' lang='lat' dir='ltr'><strong>tima</strong></span> <span class='ocrx_word' id='word_1_472' title='bbox 2472 3223 2654 3292; x_wconf 92' lang='lat' dir='ltr'><strong>editio,</strong></span> <span class='ocrx_word' id='word_1_473' title='bbox 2687 3243 2707 3276; x_wconf 85' lang='grc'><em>‹</em></span> <span class='ocrx_word' id='word_1_474' title='bbox 2747 3224 2940 3282; x_wconf 85' lang='lat' dir='ltr'><strong>Nescio</strong></span> <span class='ocrx_word' id='word_1_475' title='bbox 2985 3229 3104 3298; x_wconf 89' lang='lat' dir='ltr'><strong>quis</strong></span> <span class='ocrx_word' id='word_1_476' title='bbox 3155 3240 3344 3285; x_wconf 85' lang='lat' dir='ltr'><strong>auctor</strong></span> <span class='ocrx_word' id='word_1_477' title='bbox 3394 3233 3562 3286; x_wconf 75' lang='lat' dir='ltr'><strong>Voluit</strong></span> <span class='ocrx_word' id='word_1_478' title='bbox 3600 3248 3724 3288; x_wconf 89' lang='lat' dir='ltr'><strong>esse</strong></span> <span class='ocrx_word' id='word_1_479' title='bbox 3765 3249 3922 3290; x_wconf 86' lang='lat' dir='ltr'><strong>com-</strong></span> 
     </span>
    </p>
   </div>
   <div class='ocr_carea' id='block_1_63' title="bbox 611 3312 2211 3381">
    <p class='ocr_par' dir='ltr' id='par_1_63' title="bbox 611 3312 2211 3381">
     <span class='ocr_line' id='line_1_63' title="bbox 611 3312 2211 3381; baseline -0.002 -9"><span class='ocrx_word' id='word_1_480' title='bbox 611 3317 722 3372; x_wconf 91' lang='lat' dir='ltr'><strong>lum</strong></span> <span class='ocrx_word' id='word_1_481' title='bbox 753 3315 909 3379; x_wconf 78' lang='lat' dir='ltr'><strong>fat-ie,</strong></span> <span class='ocrx_word' id='word_1_482' title='bbox 943 3312 1034 3368; x_wconf 89' lang='lat' dir='ltr'><strong>sed</strong></span> <span class='ocrx_word' id='word_1_483' title='bbox 1063 3313 1223 3368; x_wconf 90' lang='lat' dir='ltr'><strong>etiam</strong></span> <span class='ocrx_word' id='word_1_484' title='bbox 1258 3320 1449 3365; x_wconf 91' lang='lat' dir='ltr'><strong>ornatu</strong></span> <span class='ocrx_word' id='word_1_485' title='bbox 1481 3353 1496 3375; x_wconf 94' lang='lat'><strong>,</strong></span> <span class='ocrx_word' id='word_1_486' title='bbox 1547 3322 1708 3381; x_wconf 87' lang='lat' dir='ltr'><strong>atque</strong></span> <span class='ocrx_word' id='word_1_487' title='bbox 1760 3313 2053 3367; x_wconf 91' lang='lat' dir='ltr'><strong>vestitu....</strong></span> <span class='ocrx_word' id='word_1_488' title='bbox 2098 3313 2211 3369; x_wconf 53' lang='lat' dir='ltr'><strong>leto</strong></span> 
     </span>
    </p>
   </div>
   <div class='ocr_carea' id='block_1_64' title="bbox 503 3399 2208 3476">
    <p class='ocr_par' dir='ltr' id='par_1_64' title="bbox 503 3399 2208 3476">
     <span class='ocr_line' id='line_1_64' title="bbox 503 3399 2208 3476; baseline -0.003 -10"><span class='ocrx_word' id='word_1_489' title='bbox 503 3399 516 3420; x_wconf 76' lang='grc'><strong>⁸</strong></span> <span class='ocrx_word' id='word_1_490' title='bbox 613 3408 758 3466; x_wconf 81' lang='lat' dir='ltr'><strong>enim</strong></span> <span class='ocrx_word' id='word_1_491' title='bbox 786 3405 948 3462; x_wconf 91' lang='lat' dir='ltr'><strong>modo</strong></span> <span class='ocrx_word' id='word_1_492' title='bbox 967 3405 1148 3459; x_wconf 86' lang='lat' dir='ltr'><strong>dicere</strong></span> <span class='ocrx_word' id='word_1_493' title='bbox 1175 3404 1360 3459; x_wconf 83' lang='lat' dir='ltr'><strong>licebit</strong></span> <span class='ocrx_word' id='word_1_494' title='bbox 1407 3402 1594 3458; x_wconf 85' lang='lat' dir='ltr'><strong>Jovem</strong></span> <span class='ocrx_word' id='word_1_495' title='bbox 1644 3419 1858 3471; x_wconf 87' lang='lat' dir='ltr'><strong>semper</strong></span> <span class='ocrx_word' id='word_1_496' title='bbox 1906 3405 2208 3476; x_wconf 87' lang='lat' dir='ltr'><strong>barbatum,</strong></span> 
     </span>
    </p>
   </div>
   <div class='ocr_carea' id='block_1_65' title="bbox 615 3495 2208 3569">
    <p class='ocr_par' dir='ltr' id='par_1_65' title="bbox 615 3495 2208 3569">
     <span class='ocr_line' id='line_1_65' title="bbox 615 3495 2208 3569; baseline -0.001 -15"><span class='ocrx_word' id='word_1_497' title='bbox 615 3499 922 3569; x_wconf 75' lang='lat' dir='ltr'><strong>Apollinum</strong></span> <span class='ocrx_word' id='word_1_498' title='bbox 947 3511 1164 3566; x_wconf 69' lang='lat' dir='ltr'><strong>semper</strong></span> <span class='ocrx_word' id='word_1_499' title='bbox 1182 3495 1501 3558; x_wconf 86' lang='lat' dir='ltr'><strong>imberbetn,</strong></span> <span class='ocrx_word' id='word_1_500' title='bbox 1526 3495 1714 3550; x_wconf 68' lang='lat' dir='ltr'><strong>cmsios</strong></span> <span class='ocrx_word' id='word_1_501' title='bbox 1735 3497 1920 3551; x_wconf 86' lang='lat' dir='ltr'><strong>oculos</strong></span> <span class='ocrx_word' id='word_1_502' title='bbox 1939 3499 2208 3566; x_wconf 63' lang='lat' dir='ltr'><strong>Minervae,</strong></span> 
     </span>
    </p>
   </div>
   <div class='ocr_carea' id='block_1_66' title="bbox 614 3587 2209 3660">
    <p class='ocr_par' dir='ltr' id='par_1_66' title="bbox 614 3587 2209 3660">
     <span class='ocr_line' id='line_1_66' title="bbox 614 3587 2209 3660; baseline -0.001 -12"><span class='ocrx_word' id='word_1_503' title='bbox 614 3593 879 3649; x_wconf 65' lang='lat' dir='ltr'><strong>caeruleos</strong></span> <span class='ocrx_word' id='word_1_504' title='bbox 925 3604 1044 3645; x_wconf 70' lang='lat' dir='ltr'><strong>e~se</strong></span> <span class='ocrx_word' id='word_1_505' title='bbox 1089 3587 1342 3657; x_wconf 84' lang='lat' dir='ltr'><strong>Neptuni.</strong></span> <span class='ocrx_word' id='word_1_506' title='bbox 1377 3607 1396 3639; x_wconf 81' lang='grc' dir='ltr'><strong>ι</strong></span> <span class='ocrx_word' id='word_1_507' title='bbox 1450 3587 1657 3660; x_wconf 84' lang='lat' dir='ltr'><strong>(Cicer.,</strong></span> <span class='ocrx_word' id='word_1_508' title='bbox 1707 3588 1795 3642; x_wconf 87' lang='lat' dir='ltr'><strong>lib.</strong></span> <span class='ocrx_word' id='word_1_509' title='bbox 1838 3605 1854 3643; x_wconf 89' lang='grc' dir='ltr'><strong>ι</strong></span> <span class='ocrx_word' id='word_1_510' title='bbox 1897 3591 1960 3644; x_wconf 88' lang='lat' dir='ltr'><strong>de</strong></span> <span class='ocrx_word' id='word_1_511' title='bbox 1993 3589 2209 3660; x_wconf 85' lang='lat' dir='ltr'><strong>Natur.,</strong></span> 
     </span>
    </p>
   </div>
   <div class='ocr_carea' id='block_1_67' title="bbox 617 3678 2212 3757">
    <p class='ocr_par' dir='ltr' id='par_1_67' title="bbox 617 3678 2212 3757">
     <span class='ocr_line' id='line_1_67' title="bbox 617 3678 2212 3757; baseline -0.001 -17"><span class='ocrx_word' id='word_1_512' title='bbox 617 3702 740 3757; x_wconf 85' lang='lat' dir='ltr'><strong>pag.</strong></span> <span class='ocrx_word' id='word_1_513' title='bbox 768 3683 897 3747; x_wconf 72' lang='lat'><strong>207,</strong></span> <span class='ocrx_word' id='word_1_514' title='bbox 931 3683 1023 3735; x_wconf 87' lang='lat' dir='ltr'><strong>lin.</strong></span> <span class='ocrx_word' id='word_1_515' title='bbox 1060 3680 1173 3748; x_wconf 75' lang='grc'><strong>12.)</strong></span> <span class='ocrx_word' id='word_1_516' title='bbox 1233 3678 1423 3734; x_wconf 83' lang='lat' dir='ltr'><strong>Nonne</strong></span> <span class='ocrx_word' id='word_1_517' title='bbox 1474 3692 1653 3734; x_wconf 90' lang='lat' dir='ltr'><strong>autem</strong></span> <span class='ocrx_word' id='word_1_518' title='bbox 1711 3680 1835 3735; x_wconf 89' lang='lat' dir='ltr'><strong>inde</strong></span> <span class='ocrx_word' id='word_1_519' title='bbox 1866 3683 1999 3736; x_wconf 83' lang='lat' dir='ltr'><strong>satis</strong></span> <span class='ocrx_word' id='word_1_520' title='bbox 2028 3693 2212 3752; x_wconf 82' lang='lat' dir='ltr'><strong>aperte</strong></span> 
     </span>
    </p>
   </div>
   <div class='ocr_carea' id='block_1_68' title="bbox 617 3774 2210 3847">
    <p class='ocr_par' dir='ltr' id='par_1_68' title="bbox 617 3774 2210 3847">
     <span class='ocr_line' id='line_1_68' title="bbox 617 3774 2210 3847; baseline -0.003 -10"><span class='ocrx_word' id='word_1_521' title='bbox 617 3779 903 3836; x_wconf 85' lang='lat' dir='ltr'><strong>conficitur</strong></span> <span class='ocrx_word' id='word_1_522' title='bbox 948 3791 1084 3847; x_wconf 90' lang='lat' dir='ltr'><strong>quas</strong></span> <span class='ocrx_word' id='word_1_523' title='bbox 1132 3774 1412 3846; x_wconf 85' lang='lat' dir='ltr'><strong>gentilium</strong></span> <span class='ocrx_word' id='word_1_524' title='bbox 1464 3774 1708 3829; x_wconf 83' lang='lat' dir='ltr'><strong>ofﬁcinas</strong></span> <span class='ocrx_word' id='word_1_525' title='bbox 1741 3778 2009 3832; x_wconf 87' lang='lat' dir='ltr'><strong>Arnobius</strong></span> <span class='ocrx_word' id='word_1_526' title='bbox 2036 3789 2210 3845; x_wconf 75' lang='lat' dir='ltr'><strong>Vocat,</strong></span> 
     </span>
    </p>
   </div>
   <div class='ocr_carea' id='block_1_69' title="bbox 618 3865 2214 3941">
    <p class='ocr_par' dir='ltr' id='par_1_69' title="bbox 618 3865 2214 3941">
     <span class='ocr_line' id='line_1_69' title="bbox 618 3865 2214 3941; baseline 0.001 -16"><span class='ocrx_word' id='word_1_527' title='bbox 618 3869 719 3927; x_wconf 90' lang='lat' dir='ltr'><strong>has</strong></span> <span class='ocrx_word' id='word_1_528' title='bbox 750 3871 892 3941; x_wconf 89' lang='lat' dir='ltr'><strong>ipsas</strong></span> <span class='ocrx_word' id='word_1_529' title='bbox 918 3883 1039 3924; x_wconf 77' lang='lat' dir='ltr'><strong>esse</strong></span> <span class='ocrx_word' id='word_1_530' title='bbox 1068 3867 1316 3933; x_wconf 81' lang='lat' dir='ltr'><strong>istorum,</strong></span> <span class='ocrx_word' id='word_1_531' title='bbox 1343 3877 1399 3919; x_wconf 90' lang='lat' dir='ltr'><strong>ut</strong></span> <span class='ocrx_word' id='word_1_532' title='bbox 1423 3865 1496 3919; x_wconf 88' lang='lat' dir='ltr'><strong>ait</strong></span> <span class='ocrx_word' id='word_1_533' title='bbox 1515 3865 1726 3933; x_wconf 88' lang='lat' dir='ltr'><strong>Cicero,</strong></span> <span class='ocrx_word' id='word_1_534' title='bbox 1752 3866 2016 3936; x_wconf 88' lang='lat' dir='ltr'><strong>pictorum</strong></span> <span class='ocrx_word' id='word_1_535' title='bbox 2041 3885 2103 3926; x_wconf 92' lang='lat' dir='ltr'><strong>ac</strong></span> <span class='ocrx_word' id='word_1_536' title='bbox 2121 3871 2214 3926; x_wconf 89' lang='lat' dir='ltr'><strong>fic-</strong></span> 
     </span>
    </p>
   </div>
   <div class='ocr_carea' id='block_1_70' title="bbox 617 3959 2212 4032">
    <p class='ocr_par' dir='ltr' id='par_1_70' title="bbox 617 3959 2212 4032">
     <span class='ocr_line' id='line_1_70' title="bbox 617 3959 2212 4032; baseline -0.001 -12"><span class='ocrx_word' id='word_1_537' title='bbox 617 3974 830 4030; x_wconf 86' lang='lat' dir='ltr'><strong>torum,</strong></span> <span class='ocrx_word' id='word_1_538' title='bbox 878 3961 969 4032; x_wconf 90' lang='lat' dir='ltr'><strong>qui</strong></span> <span class='ocrx_word' id='word_1_539' title='bbox 1019 3959 1242 4016; x_wconf 90' lang='lat' dir='ltr'><strong>deorum</strong></span> <span class='ocrx_word' id='word_1_540' title='bbox 1282 3959 1563 4029; x_wconf 87' lang='lat' dir='ltr'><strong>imagines,</strong></span> <span class='ocrx_word' id='word_1_541' title='bbox 1593 3969 1796 4015; x_wconf 88' lang='lat' dir='ltr'><strong>statuas</strong></span> <span class='ocrx_word' id='word_1_542' title='bbox 1824 3969 1879 4016; x_wconf 90' lang='lat' dir='ltr'><strong>et</strong></span> <span class='ocrx_word' id='word_1_543' title='bbox 1907 3963 2212 4031; x_wconf 89' lang='lat' dir='ltr'><strong>simulacra,</strong></span> 
     </span>
    </p>
   </div>
   <div class='ocr_carea' id='block_1_71' title="bbox 619 4051 2214 4130">
    <p class='ocr_par' dir='ltr' id='par_1_71' title="bbox 619 4051 2214 4130">
     <span class='ocr_line' id='line_1_71' title="bbox 619 4051 2214 4130; baseline -0.002 -15"><span class='ocrx_word' id='word_1_544' title='bbox 619 4056 896 4130; x_wconf 89' lang='lat' dir='ltr'><strong>quotnodo</strong></span> <span class='ocrx_word' id='word_1_545' title='bbox 964 4065 1191 4124; x_wconf 89' lang='lat' dir='ltr'><strong>uterque</strong></span> <span class='ocrx_word' id='word_1_546' title='bbox 1257 4051 1592 4122; x_wconf 88' lang='lat' dir='ltr'><strong>descripsit,</strong></span> <span class='ocrx_word' id='word_1_547' title='bbox 1665 4053 1867 4124; x_wconf 82' lang='lat' dir='ltr'><strong>fingere</strong></span> <span class='ocrx_word' id='word_1_548' title='bbox 1924 4057 2214 4113; x_wconf 67' lang='lat' dir='ltr'><strong>solebant?</strong></span> 
     </span>
    </p>
   </div>
   <div class='ocr_carea' id='block_1_72' title="bbox 618 4145 2215 4219">
    <p class='ocr_par' dir='ltr' id='par_1_72' title="bbox 618 4145 2215 4219">
     <span class='ocr_line' id='line_1_72' title="bbox 618 4145 2215 4219; baseline -0.003 -12"><span class='ocrx_word' id='word_1_549' title='bbox 618 4150 789 4208; x_wconf 81' lang='lat' dir='ltr'><strong>Recte</strong></span> <span class='ocrx_word' id='word_1_550' title='bbox 832 4164 961 4219; x_wconf 85' lang='lat' dir='ltr'><strong>ergo</strong></span> <span class='ocrx_word' id='word_1_551' title='bbox 1007 4146 1134 4203; x_wconf 87' lang='lat' dir='ltr'><strong>inde</strong></span> <span class='ocrx_word' id='word_1_552' title='bbox 1174 4146 1336 4200; x_wconf 89' lang='lat' dir='ltr'><strong>ambo</strong></span> <span class='ocrx_word' id='word_1_553' title='bbox 1380 4145 1713 4201; x_wconf 90' lang='lat' dir='ltr'><strong>concludunt</strong></span> <span class='ocrx_word' id='word_1_554' title='bbox 1740 4146 1873 4201; x_wconf 90' lang='lat' dir='ltr'><strong>nihil</strong></span> <span class='ocrx_word' id='word_1_555' title='bbox 1907 4147 2020 4203; x_wconf 91' lang='lat' dir='ltr'><strong>Deo</strong></span> <span class='ocrx_word' id='word_1_556' title='bbox 2046 4151 2215 4219; x_wconf 78' lang='lat' dir='ltr'><strong>magis</strong></span> 
     </span>
    </p>
   </div>
   <div class='ocr_carea' id='block_1_73' title="bbox 619 4239 2213 4316">
    <p class='ocr_par' dir='ltr' id='par_1_73' title="bbox 619 4239 2213 4316">
     <span class='ocr_line' id='line_1_73' title="bbox 619 4239 2213 4316; baseline -0.003 -13"><span class='ocrx_word' id='word_1_557' title='bbox 619 4243 898 4316; x_wconf 85' lang='lat' dir='ltr'><strong>indignum</strong></span> <span class='ocrx_word' id='word_1_558' title='bbox 925 4258 988 4298; x_wconf 90' lang='lat' dir='ltr'><strong>ac</strong></span> <span class='ocrx_word' id='word_1_559' title='bbox 1011 4239 1458 4297; x_wconf 90' lang='lat' dir='ltr'><strong>contumeliosum</strong></span> <span class='ocrx_word' id='word_1_560' title='bbox 1507 4253 1667 4309; x_wconf 90' lang='lat' dir='ltr'><strong>posse</strong></span> <span class='ocrx_word' id='word_1_561' title='bbox 1707 4256 1960 4310; x_wconf 87' lang='lat' dir='ltr'><strong>umquam</strong></span> <span class='ocrx_word' id='word_1_562' title='bbox 1993 4244 2213 4315; x_wconf 77' lang='lat' dir='ltr'><strong>excogi-</strong></span> 
     </span>
    </p>
   </div>
   <div class='ocr_carea' id='block_1_74' title="bbox 618 4336 1888 4401">
    <p class='ocr_par' dir='ltr' id='par_1_74' title="bbox 618 4336 1888 4401">
     <span class='ocr_line' id='line_1_74' title="bbox 618 4336 1888 4401; baseline -0.002 -9"><span class='ocrx_word' id='word_1_563' title='bbox 618 4336 749 4392; x_wconf 85' lang='lat' dir='ltr'><strong>tari.</strong></span> <span class='ocrx_word' id='word_1_564' title='bbox 1877 4388 1888 4401; x_wconf 81' lang='grc'><em>,</em></span> 
     </span>
    </p>
   </div>
   <div class='ocr_carea' id='block_1_75' title="bbox 693 4422 2214 4497">
    <p class='ocr_par' dir='ltr' id='par_1_75' title="bbox 693 4422 2214 4497">
     <span class='ocr_line' id='line_1_75' title="bbox 693 4422 2214 4497; baseline 0 -13"><span class='ocrx_word' id='word_1_565' title='bbox 693 4425 801 4484; x_wconf 90' lang='lat' dir='ltr'><strong>Sed</strong></span> <span class='ocrx_word' id='word_1_566' title='bbox 838 4424 1077 4497; x_wconf 77' lang='lat' dir='ltr'><strong>pressius</strong></span> <span class='ocrx_word' id='word_1_567' title='bbox 1122 4423 1300 4478; x_wconf 87' lang='lat' dir='ltr'><strong>adhuc</strong></span> <span class='ocrx_word' id='word_1_568' title='bbox 1347 4437 1469 4479; x_wconf 90' lang='lat' dir='ltr'><strong>cum</strong></span> <span class='ocrx_word' id='word_1_569' title='bbox 1511 4422 1744 4480; x_wconf 86' lang='lat' dir='ltr'><strong>ethnicis</strong></span> <span class='ocrx_word' id='word_1_570' title='bbox 1785 4426 1895 4494; x_wconf 82' lang='lat' dir='ltr'><strong>agit</strong></span> <span class='ocrx_word' id='word_1_571' title='bbox 1946 4428 2214 4484; x_wconf 76' lang='lat' dir='ltr'><strong>Arnobius</strong></span> 
     </span>
    </p>
   </div>
   <div class='ocr_carea' id='block_1_76' title="bbox 623 4514 2213 4597">
    <p class='ocr_par' dir='ltr' id='par_1_76' title="bbox 623 4514 2213 4597">
     <span class='ocr_line' id='line_1_76' title="bbox 623 4514 2213 4597; baseline -0.001 -19"><span class='ocrx_word' id='word_1_572' title='bbox 623 4521 863 4597; x_wconf 59' lang='lat' dir='ltr'><strong>(Arnob,</strong></span> <span class='ocrx_word' id='word_1_573' title='bbox 890 4520 980 4574; x_wconf 90' lang='lat' dir='ltr'><strong>lib.</strong></span> <span class='ocrx_word' id='word_1_574' title='bbox 1013 4535 1091 4581; x_wconf 88' lang='lat' dir='ltr'><strong>ttt,</strong></span> <span class='ocrx_word' id='word_1_575' title='bbox 1123 4535 1240 4588; x_wconf 88' lang='lat' dir='ltr'><strong>pag.</strong></span> <span class='ocrx_word' id='word_1_576' title='bbox 1270 4514 1395 4588; x_wconf 79' lang='lat'><strong>109)</strong></span> <span class='ocrx_word' id='word_1_577' title='bbox 1419 4558 1431 4579; x_wconf 92' lang='lat'><strong>,</strong></span> <span class='ocrx_word' id='word_1_578' title='bbox 1457 4526 1510 4572; x_wconf 89' lang='lat' dir='ltr'><strong>et</strong></span> <span class='ocrx_word' id='word_1_579' title='bbox 1539 4533 1762 4572; x_wconf 62' lang='lat' dir='ltr'><strong>summa:</strong></span> <span class='ocrx_word' id='word_1_580' title='bbox 1790 4520 1864 4573; x_wconf 90' lang='lat' dir='ltr'><strong>ait</strong></span> <span class='ocrx_word' id='word_1_581' title='bbox 1891 4535 2012 4575; x_wconf 88' lang='lat' dir='ltr'><strong>esse</strong></span> <span class='ocrx_word' id='word_1_582' title='bbox 2034 4523 2213 4577; x_wconf 83' lang='lat' dir='ltr'><strong>stulti-</strong></span> 
     </span>
    </p>
   </div>
   <div class='ocr_carea' id='block_1_77' title="bbox 2313 3319 3919 3398">
    <p class='ocr_par' dir='ltr' id='par_1_77' title="bbox 2313 3319 3919 3398">
     <span class='ocr_line' id='line_1_77' title="bbox 2313 3319 3919 3398; baseline 0.011 -28"><span class='ocrx_word' id='word_1_583' title='bbox 2313 3333 2493 3372; x_wconf 89' lang='lat' dir='ltr'><strong>mtmc.</strong></span> <span class='ocrx_word' id='word_1_584' title='bbox 2529 3338 2546 3370; x_wconf 77' lang='grc' dir='ltr'><strong>ι</strong></span> <span class='ocrx_word' id='word_1_585' title='bbox 2586 3319 2825 3388; x_wconf 81' lang='lat' dir='ltr'><strong>(Arnob.,</strong></span> <span class='ocrx_word' id='word_1_586' title='bbox 2874 3321 2958 3376; x_wconf 87' lang='lat' dir='ltr'><strong>lib.</strong></span> <span class='ocrx_word' id='word_1_587' title='bbox 2996 3339 3217 3396; x_wconf 85' lang='lat' dir='ltr'><strong>ttt,pag.</strong></span> <span class='ocrx_word' id='word_1_588' title='bbox 3253 3326 3403 3398; x_wconf 87' lang='lat'><strong>1|0.)</strong></span> <span class='ocrx_word' id='word_1_589' title='bbox 3458 3329 3609 3398; x_wconf 80' lang='lat' dir='ltr'><strong>Apud</strong></span> <span class='ocrx_word' id='word_1_590' title='bbox 3666 3330 3919 3388; x_wconf 85' lang='lat' dir='ltr'><strong>Plautum</strong></span> 
     </span>
    </p>
   </div>
   <div class='ocr_carea' id='block_1_78' title="bbox 2313 3412 3923 3491">
    <p class='ocr_par' dir='ltr' id='par_1_78' title="bbox 2313 3412 3923 3491">
     <span class='ocr_line' id='line_1_78' title="bbox 2313 3412 3923 3491; baseline 0.012 -27"><span class='ocrx_word' id='word_1_591' title='bbox 2313 3412 2531 3482; x_wconf 88' lang='lat' dir='ltr'><strong>quidem</strong></span> <span class='ocrx_word' id='word_1_592' title='bbox 2566 3413 2789 3476; x_wconf 73' lang='lat' dir='ltr'><strong>legimus</strong></span> <span class='ocrx_word' id='word_1_593' title='bbox 2814 3415 3057 3470; x_wconf 80' lang='lat' dir='ltr'><strong>clusirum</strong></span> <span class='ocrx_word' id='word_1_594' title='bbox 3089 3435 3244 3486; x_wconf 78' lang='lat' dir='ltr'><strong>pecus</strong></span> <span class='ocrx_word' id='word_1_595' title='bbox 3276 3435 3296 3474; x_wconf 91' lang='lat'><strong><em>:</em></strong></span> <span class='ocrx_word' id='word_1_596' title='bbox 3343 3421 3436 3476; x_wconf 86' lang='lat' dir='ltr'><strong>sed</strong></span> <span class='ocrx_word' id='word_1_597' title='bbox 3491 3433 3638 3491; x_wconf 86' lang='lat' dir='ltr'><strong>putat</strong></span> <span class='ocrx_word' id='word_1_598' title='bbox 3684 3423 3923 3482; x_wconf 77' lang='lat' dir='ltr'><strong>Vossius</strong></span> 
     </span>
    </p>
   </div>
   <div class='ocr_carea' id='block_1_79' title="bbox 2314 3507 3924 3585">
    <p class='ocr_par' dir='ltr' id='par_1_79' title="bbox 2314 3507 3924 3585">
     <span class='ocr_line' id='line_1_79' title="bbox 2314 3507 3924 3585; baseline 0.012 -27"><span class='ocrx_word' id='word_1_599' title='bbox 2314 3507 2382 3559; x_wconf 89' lang='lat' dir='ltr'><strong>ab</strong></span> <span class='ocrx_word' id='word_1_600' title='bbox 2407 3507 2497 3561; x_wconf 89' lang='lat' dir='ltr'><strong>illo</strong></span> <span class='ocrx_word' id='word_1_601' title='bbox 2521 3508 2778 3578; x_wconf 84' lang='lat' dir='ltr'><strong>scriptum</strong></span> <span class='ocrx_word' id='word_1_602' title='bbox 2816 3509 2982 3564; x_wconf 86' lang='lat' dir='ltr'><strong>fuisse</strong></span> <span class='ocrx_word' id='word_1_603' title='bbox 3009 3513 3264 3566; x_wconf 82' lang='lat' dir='ltr'><strong>clurinum</strong></span> <span class='ocrx_word' id='word_1_604' title='bbox 3296 3532 3466 3584; x_wconf 80' lang='lat' dir='ltr'><strong>pecus.</strong></span> <span class='ocrx_word' id='word_1_605' title='bbox 3496 3534 3668 3585; x_wconf 88' lang='lat' dir='ltr'><strong>eoque</strong></span> <span class='ocrx_word' id='word_1_606' title='bbox 3695 3521 3924 3577; x_wconf 86' lang='lat' dir='ltr'><strong>nomine</strong></span> 
     </span>
    </p>
   </div>
   <div class='ocr_carea' id='block_1_80' title="bbox 2312 3597 3921 3682">
    <p class='ocr_par' dir='ltr' id='par_1_80' title="bbox 2312 3597 3921 3682">
     <span class='ocr_line' id='line_1_80' title="bbox 2312 3597 3921 3682; baseline 0.011 -32"><span class='ocrx_word' id='word_1_607' title='bbox 2312 3597 2495 3652; x_wconf 84' lang='lat' dir='ltr'><strong>simias</strong></span> <span class='ocrx_word' id='word_1_608' title='bbox 2535 3599 2822 3668; x_wconf 84' lang='lat' dir='ltr'><strong>significari</strong></span> <span class='ocrx_word' id='word_1_609' title='bbox 2854 3601 3057 3670; x_wconf 83' lang='lat' dir='ltr'><strong>(Plaut.</strong></span> <span class='ocrx_word' id='word_1_610' title='bbox 3109 3604 3370 3672; x_wconf 55' lang='lat' dir='ltr'><strong>Commi,</strong></span> <span class='ocrx_word' id='word_1_611' title='bbox 3417 3607 3673 3673; x_wconf 81' lang='lat' dir='ltr'><strong>Trured.,</strong></span> <span class='ocrx_word' id='word_1_612' title='bbox 3703 3623 3807 3665; x_wconf 69' lang='lat' dir='ltr'><strong>act.</strong></span> <span class='ocrx_word' id='word_1_613' title='bbox 3845 3613 3921 3682; x_wconf 76' lang='lat'><strong>2,</strong></span> 
     </span>
    </p>
   </div>
   <div class='ocr_carea' id='block_1_81' title="bbox 2315 3692 3927 3776">
    <p class='ocr_par' dir='ltr' id='par_1_81' title="bbox 2315 3692 3927 3776">
     <span class='ocr_line' id='line_1_81' title="bbox 2315 3692 3927 3776; baseline 0.009 -29"><span class='ocrx_word' id='word_1_614' title='bbox 2315 3709 2454 3747; x_wconf 78' lang='lat' dir='ltr'><strong>scen.</strong></span> <span class='ocrx_word' id='word_1_615' title='bbox 2477 3693 2512 3747; x_wconf 72' lang='grc'><strong>2</strong></span> <span class='ocrx_word' id='word_1_616' title='bbox 2527 3711 2546 3759; x_wconf 90' lang='grc'><em>;</em></span> <span class='ocrx_word' id='word_1_617' title='bbox 2591 3692 2760 3762; x_wconf 48' lang='lat' dir='ltr'><strong>Vasa,</strong></span> <span class='ocrx_word' id='word_1_618' title='bbox 2793 3694 3085 3769; x_wconf 57' lang='lat' dir='ltr'><strong>Etgmolog,</strong></span> <span class='ocrx_word' id='word_1_619' title='bbox 3113 3701 3179 3752; x_wconf 82' lang='lat' dir='ltr'><strong>ad</strong></span> <span class='ocrx_word' id='word_1_620' title='bbox 3204 3701 3405 3754; x_wconf 82' lang='lat' dir='ltr'><strong>verbum</strong></span> <span class='ocrx_word' id='word_1_621' title='bbox 3431 3703 3649 3776; x_wconf 66' lang='lat' dir='ltr'><strong>ficum).</strong></span> <span class='ocrx_word' id='word_1_622' title='bbox 3674 3703 3742 3760; x_wconf 84' lang='lat' dir='ltr'><strong>At</strong></span> <span class='ocrx_word' id='word_1_623' title='bbox 3768 3719 3927 3762; x_wconf 83' lang='lat' dir='ltr'><strong>certe</strong></span> 
     </span>
    </p>
   </div>
   <div class='ocr_carea' id='block_1_82' title="bbox 2317 3785 3924 3872">
    <p class='ocr_par' dir='ltr' id='par_1_82' title="bbox 2317 3785 3924 3872">
     <span class='ocr_line' id='line_1_82' title="bbox 2317 3785 3924 3872; baseline 0.011 -33"><span class='ocrx_word' id='word_1_624' title='bbox 2317 3785 2420 3841; x_wconf 91' lang='lat' dir='ltr'><strong>hoc</strong></span> <span class='ocrx_word' id='word_1_625' title='bbox 2447 3801 2610 3842; x_wconf 89' lang='lat' dir='ltr'><strong>sensu</strong></span> <span class='ocrx_word' id='word_1_626' title='bbox 2638 3787 2706 3840; x_wconf 90' lang='lat' dir='ltr'><strong>ab</strong></span> <span class='ocrx_word' id='word_1_627' title='bbox 2731 3788 2974 3846; x_wconf 86' lang='lat' dir='ltr'><strong>Arnobio</strong></span> <span class='ocrx_word' id='word_1_628' title='bbox 3023 3804 3209 3848; x_wconf 91' lang='lat' dir='ltr'><strong>nostro</strong></span> <span class='ocrx_word' id='word_1_629' title='bbox 3259 3795 3426 3865; x_wconf 85' lang='lat' dir='ltr'><strong>accipi</strong></span> <span class='ocrx_word' id='word_1_630' title='bbox 3480 3797 3708 3866; x_wconf 90' lang='lat' dir='ltr'><strong>videtur,</strong></span> <span class='ocrx_word' id='word_1_631' title='bbox 3753 3811 3924 3872; x_wconf 90' lang='lat' dir='ltr'><strong>atque</strong></span> 
     </span>
    </p>
   </div>
   <div class='ocr_carea' id='block_1_83' title="bbox 2315 3877 3921 3955">
    <p class='ocr_par' dir='ltr' id='par_1_83' title="bbox 2315 3877 3921 3955">
     <span class='ocr_line' id='line_1_83' title="bbox 2315 3877 3921 3955; baseline 0.011 -23"><span class='ocrx_word' id='word_1_632' title='bbox 2315 3877 2401 3934; x_wconf 91' lang='lat' dir='ltr'><strong>his</strong></span> <span class='ocrx_word' id='word_1_633' title='bbox 2432 3881 2611 3935; x_wconf 88' lang='lat' dir='ltr'><strong>verbis</strong></span> <span class='ocrx_word' id='word_1_634' title='bbox 2637 3898 2650 3935; x_wconf 93' lang='lat'>:</span> <span class='ocrx_word' id='word_1_635' title='bbox 2683 3881 2872 3938; x_wconf 80' lang='lat' dir='ltr'><strong>Nescio</strong></span> <span class='ocrx_word' id='word_1_636' title='bbox 2897 3883 3011 3955; x_wconf 81' lang='lat' dir='ltr'><strong>quis</strong></span> <span class='ocrx_word' id='word_1_637' title='bbox 3033 3895 3235 3952; x_wconf 87' lang='lat' dir='ltr'><strong>auctor,</strong></span> <span class='ocrx_word' id='word_1_638' title='bbox 3256 3886 3488 3944; x_wconf 87' lang='lat' dir='ltr'><strong>Ennium</strong></span> <span class='ocrx_word' id='word_1_639' title='bbox 3523 3890 3750 3947; x_wconf 89' lang='lat' dir='ltr'><strong>lattdari.</strong></span> <span class='ocrx_word' id='word_1_640' title='bbox 3776 3893 3921 3950; x_wconf 86' lang='lat' dir='ltr'><strong>Dum</strong></span> 
     </span>
    </p>
   </div>
   <div class='ocr_carea' id='block_1_84' title="bbox 2314 3975 3924 4054">
    <p class='ocr_par' dir='ltr' id='par_1_84' title="bbox 2314 3975 3924 4054">
     <span class='ocr_line' id='line_1_84' title="bbox 2314 3975 3924 4054; baseline 0.009 -24"><span class='ocrx_word' id='word_1_641' title='bbox 2314 3976 2460 4031; x_wconf 91' lang='lat' dir='ltr'><strong>enim</strong></span> <span class='ocrx_word' id='word_1_642' title='bbox 2503 3975 2620 4032; x_wconf 66' lang='lat' dir='ltr'><strong>ltaac</strong></span> <span class='ocrx_word' id='word_1_643' title='bbox 2667 3979 2972 4047; x_wconf 86' lang='lat' dir='ltr'><strong>scribebat,</strong></span> <span class='ocrx_word' id='word_1_644' title='bbox 3004 3980 3054 4035; x_wconf 93' lang='lat' dir='ltr'><strong>in</strong></span> <span class='ocrx_word' id='word_1_645' title='bbox 3103 3993 3282 4038; x_wconf 89' lang='lat' dir='ltr'><strong>mente</strong></span> <span class='ocrx_word' id='word_1_646' title='bbox 3331 3985 3699 4054; x_wconf 77' lang='lat' dir='ltr'><strong>proculdubio</strong></span> <span class='ocrx_word' id='word_1_647' title='bbox 3728 3987 3924 4045; x_wconf 80' lang='lat' dir='ltr'><strong>habuit</strong></span> 
     </span>
    </p>
   </div>
   <div class='ocr_carea' id='block_1_85' title="bbox 2315 4068 3921 4154">
    <p class='ocr_par' dir='ltr' id='par_1_85' title="bbox 2315 4068 3921 4154">
     <span class='ocr_line' id='line_1_85' title="bbox 2315 4068 3921 4154; baseline 0.01 -30"><span class='ocrx_word' id='word_1_648' title='bbox 2315 4068 2461 4126; x_wconf 88' lang='lat' dir='ltr'><strong>hunc</strong></span> <span class='ocrx_word' id='word_1_649' title='bbox 2490 4071 2767 4127; x_wconf 83' lang='lat' dir='ltr'><strong>Ciceronis</strong></span> <span class='ocrx_word' id='word_1_650' title='bbox 2812 4074 2987 4130; x_wconf 91' lang='lat' dir='ltr'><strong>locum</strong></span> <span class='ocrx_word' id='word_1_651' title='bbox 3022 4075 3233 4148; x_wconf 83' lang='lat' dir='ltr'><strong>(Cicer.,</strong></span> <span class='ocrx_word' id='word_1_652' title='bbox 3267 4078 3355 4134; x_wconf 88' lang='lat' dir='ltr'><strong>lib.</strong></span> <span class='ocrx_word' id='word_1_653' title='bbox 3388 4079 3491 4135; x_wconf 76' lang='lat' dir='ltr'><strong>ide</strong></span> <span class='ocrx_word' id='word_1_654' title='bbox 3518 4078 3707 4135; x_wconf 85' lang='lat' dir='ltr'><strong>Natur.</strong></span> <span class='ocrx_word' id='word_1_655' title='bbox 3739 4082 3921 4154; x_wconf 82' lang='lat' dir='ltr'><strong>deor.,</strong></span> 
     </span>
    </p>
   </div>
   <div class='ocr_carea' id='block_1_86' title="bbox 2317 4163 3923 4240">
    <p class='ocr_par' dir='ltr' id='par_1_86' title="bbox 2317 4163 3923 4240">
     <span class='ocr_line' id='line_1_86' title="bbox 2317 4163 3923 4240; baseline 0.011 -26"><span class='ocrx_word' id='word_1_656' title='bbox 2317 4179 2438 4234; x_wconf 86' lang='lat' dir='ltr'><strong>pag.</strong></span> <span class='ocrx_word' id='word_1_657' title='bbox 2472 4163 2600 4230; x_wconf 74' lang='lat'><strong>9.09,</strong></span> <span class='ocrx_word' id='word_1_658' title='bbox 2633 4165 2728 4219; x_wconf 85' lang='lat' dir='ltr'><strong>lin.</strong></span> <span class='ocrx_word' id='word_1_659' title='bbox 2761 4166 2854 4238; x_wconf 81' lang='grc'><strong>57)</strong></span> <span class='ocrx_word' id='word_1_660' title='bbox 2883 4186 2896 4221; x_wconf 90' lang='lat'><strong>:</strong></span> <span class='ocrx_word' id='word_1_661' title='bbox 2929 4188 2946 4218; x_wconf 86' lang='grc'><strong>‹</strong></span> <span class='ocrx_word' id='word_1_662' title='bbox 2981 4166 3097 4237; x_wconf 74' lang='lat' dir='ltr'><strong>Ipsa</strong></span> <span class='ocrx_word' id='word_1_663' title='bbox 3147 4186 3311 4237; x_wconf 88' lang='lat' dir='ltr'><strong>vero,</strong></span> <span class='ocrx_word' id='word_1_664' title='bbox 3353 4188 3516 4240; x_wconf 90' lang='lat' dir='ltr'><strong>quum</strong></span> <span class='ocrx_word' id='word_1_665' title='bbox 3549 4173 3682 4228; x_wconf 89' lang='lat' dir='ltr'><strong>nihil</strong></span> <span class='ocrx_word' id='word_1_666' title='bbox 3707 4174 3773 4229; x_wconf 88' lang='lat' dir='ltr'><strong>ad</strong></span> <span class='ocrx_word' id='word_1_667' title='bbox 3797 4191 3923 4232; x_wconf 86' lang='lat' dir='ltr'><strong>rem</strong></span> 
     </span>
    </p>
   </div>
   <div class='ocr_carea' id='block_1_87' title="bbox 2317 4256 3927 4337">
    <p class='ocr_par' dir='ltr' id='par_1_87' title="bbox 2317 4256 3927 4337">
     <span class='ocr_line' id='line_1_87' title="bbox 2317 4256 3927 4337; baseline 0.009 -29"><span class='ocrx_word' id='word_1_668' title='bbox 2317 4256 2578 4326; x_wconf 74' lang='lat' dir='ltr'><strong>pertinet,</strong></span> <span class='ocrx_word' id='word_1_669' title='bbox 2601 4274 2721 4328; x_wconf 83' lang='lat' dir='ltr'><strong>quae</strong></span> <span class='ocrx_word' id='word_1_670' title='bbox 2743 4275 2839 4314; x_wconf 86' lang='lat' dir='ltr'><strong>vos</strong></span> <span class='ocrx_word' id='word_1_671' title='bbox 2862 4263 3096 4318; x_wconf 79' lang='lat' dir='ltr'><strong>maxime</strong></span> <span class='ocrx_word' id='word_1_672' title='bbox 3118 4262 3352 4319; x_wconf 83' lang='lat' dir='ltr'><strong>delectat</strong></span> <span class='ocrx_word' id='word_1_673' title='bbox 3381 4265 3714 4322; x_wconf 86' lang='lat' dir='ltr'><strong>similitudo?</strong></span> <span class='ocrx_word' id='word_1_674' title='bbox 3741 4267 3927 4337; x_wconf 78' lang='lat' dir='ltr'><strong>Quid?</strong></span> 
     </span>
    </p>
   </div>
   <div class='ocr_carea' id='block_1_88' title="bbox 2317 4351 3691 4429">
    <p class='ocr_par' dir='ltr' id='par_1_88' title="bbox 2317 4351 3691 4429">
     <span class='ocr_line' id='line_1_88' title="bbox 2317 4351 3691 4429; baseline 0.009 -26"><span class='ocrx_word' id='word_1_675' title='bbox 2317 4351 2466 4405; x_wconf 86' lang='lat' dir='ltr'><strong>canis</strong></span> <span class='ocrx_word' id='word_1_676' title='bbox 2497 4365 2676 4407; x_wconf 90' lang='lat' dir='ltr'><strong>nonne</strong></span> <span class='ocrx_word' id='word_1_677' title='bbox 2699 4352 2891 4408; x_wconf 90' lang='lat' dir='ltr'><strong>similis</strong></span> <span class='ocrx_word' id='word_1_678' title='bbox 2921 4355 3079 4425; x_wconf 81' lang='lat' dir='ltr'><strong>lupo?</strong></span> <span class='ocrx_word' id='word_1_679' title='bbox 3103 4375 3123 4408; x_wconf 84' lang='grc'>›</span> <span class='ocrx_word' id='word_1_680' title='bbox 3161 4358 3338 4429; x_wconf 85' lang='lat' dir='ltr'><strong>Atque</strong></span> <span class='ocrx_word' id='word_1_681' title='bbox 3361 4369 3418 4412; x_wconf 92' lang='lat' dir='ltr'><strong>ut</strong></span> <span class='ocrx_word' id='word_1_682' title='bbox 3444 4359 3651 4418; x_wconf 88' lang='lat' dir='ltr'><strong>Ennius</strong></span> <span class='ocrx_word' id='word_1_683' title='bbox 3677 4378 3691 4416; x_wconf 88' lang='lat'><strong>:</strong></span> 
     </span>
    </p>
   </div>
   <div class='ocr_carea' id='block_1_89' title="bbox 2413 4487 3587 4556">
    <p class='ocr_par' dir='ltr' id='par_1_89' title="bbox 2413 4487 3587 4556">
     <span class='ocr_line' id='line_1_89' title="bbox 2413 4487 3587 4556; baseline 0.007 -20"><span class='ocrx_word' id='word_1_684' title='bbox 2413 4487 2562 4537; x_wconf 85' lang='lat' dir='ltr'><strong>Simia</strong></span> <span class='ocrx_word' id='word_1_685' title='bbox 2582 4501 2726 4552; x_wconf 87' lang='lat' dir='ltr'><strong>quam</strong></span> <span class='ocrx_word' id='word_1_686' title='bbox 2747 4491 2923 4541; x_wconf 89' lang='lat' dir='ltr'><strong>similis</strong></span> <span class='ocrx_word' id='word_1_687' title='bbox 2947 4494 3225 4556; x_wconf 88' lang='lat' dir='ltr'><strong>turpissima</strong></span> <span class='ocrx_word' id='word_1_688' title='bbox 3247 4494 3403 4546; x_wconf 86' lang='lat' dir='ltr'><strong>bestia</strong></span> <span class='ocrx_word' id='word_1_689' title='bbox 3429 4497 3587 4548; x_wconf 90' lang='lat' dir='ltr'><strong>nobis.</strong></span> 
     </span>
    </p>
   </div>
   <div class='ocr_carea' id='block_1_90' title="bbox 621 4605 3930 4686">
    <p class='ocr_par' dir='ltr' id='par_1_90' title="bbox 621 4605 3930 4686">
     <span class='ocr_line' id='line_1_90' title="bbox 621 4605 3930 4686; baseline 0.003 -16"><span class='ocrx_word' id='word_1_690' title='bbox 621 4617 710 4673; x_wconf 70' lang='lat' dir='ltr'><strong>tite</strong></span> <span class='ocrx_word' id='word_1_691' title='bbox 741 4616 808 4671; x_wconf 87' lang='lat' dir='ltr'><strong>ab</strong></span> <span class='ocrx_word' id='word_1_692' title='bbox 839 4611 1070 4668; x_wconf 89' lang='lat' dir='ltr'><strong>ethnicis</strong></span> <span class='ocrx_word' id='word_1_693' title='bbox 1115 4609 1328 4664; x_wconf 90' lang='lat' dir='ltr'><strong>irrideri</strong></span> <span class='ocrx_word' id='word_1_694' title='bbox 1379 4609 1660 4677; x_wconf 62' lang='lat' dir='ltr'><strong>aanigmata</strong></span> <span class='ocrx_word' id='word_1_695' title='bbox 1690 4609 2090 4683; x_wconf 68' lang='lat' dir='ltr'><strong>ngyptiorum,</strong></span> <span class='ocrx_word' id='word_1_696' title='bbox 2122 4615 2213 4684; x_wconf 91' lang='lat' dir='ltr'><strong>qui</strong></span> <span class='ocrx_word' id='word_1_697' title='bbox 2239 4605 2290 4665; x_wconf 90' lang='lat' dir='ltr'><strong>D</strong></span> <span class='ocrx_word' id='word_1_698' title='bbox 2318 4609 2488 4682; x_wconf 85' lang='lat' dir='ltr'><strong>Major</strong></span> <span class='ocrx_word' id='word_1_699' title='bbox 2516 4630 2644 4684; x_wconf 87' lang='lat' dir='ltr'><strong>ergo</strong></span> <span class='ocrx_word' id='word_1_700' title='bbox 2675 4615 2778 4670; x_wconf 89' lang='lat' dir='ltr'><strong>diis</strong></span> <span class='ocrx_word' id='word_1_701' title='bbox 2805 4615 2864 4670; x_wconf 88' lang='lat' dir='ltr'><strong>fit</strong></span> <span class='ocrx_word' id='word_1_702' title='bbox 2893 4620 3214 4675; x_wconf 88' lang='lat' dir='ltr'><strong>contumelia</strong></span> <span class='ocrx_word' id='word_1_703' title='bbox 3240 4663 3254 4686; x_wconf 96' lang='lat'><strong>,</strong></span> <span class='ocrx_word' id='word_1_704' title='bbox 3299 4621 3419 4676; x_wconf 76' lang='lat' dir='ltr'><strong>ciim</strong></span> <span class='ocrx_word' id='word_1_705' title='bbox 3446 4622 3652 4679; x_wconf 90' lang='lat' dir='ltr'><strong>similes</strong></span> <span class='ocrx_word' id='word_1_706' title='bbox 3683 4622 3930 4681; x_wconf 89' lang='lat' dir='ltr'><strong>homini-</strong></span> 
     </span>
    </p>
   </div>
   <div class='ocr_carea' id='block_1_91' title="bbox 620 4703 2217 4774">
    <p class='ocr_par' dir='ltr' id='par_1_91' title="bbox 620 4703 2217 4774">
     <span class='ocr_line' id='line_1_91' title="bbox 620 4703 2217 4774; baseline -0.004 -7"><span class='ocrx_word' id='word_1_707' title='bbox 620 4708 872 4767; x_wconf 77' lang='lat' dir='ltr'><strong>animalia</strong></span> <span class='ocrx_word' id='word_1_708' title='bbox 901 4703 1179 4767; x_wconf 78' lang='lat' dir='ltr'><strong>vilissima,</strong></span> <span class='ocrx_word' id='word_1_709' title='bbox 1205 4717 1430 4757; x_wconf 86' lang='lat' dir='ltr'><strong>numero</strong></span> <span class='ocrx_word' id='word_1_710' title='bbox 1452 4703 1678 4758; x_wconf 87' lang='lat' dir='ltr'><strong>deorum</strong></span> <span class='ocrx_word' id='word_1_711' title='bbox 1705 4706 1997 4774; x_wconf 80' lang='lat' dir='ltr'><strong>adscripta,</strong></span> <span class='ocrx_word' id='word_1_712' title='bbox 2026 4709 2217 4764; x_wconf 88' lang='lat' dir='ltr'><strong>solem-</strong></span> 
     </span>
    </p>
   </div>
   <div class='ocr_carea' id='block_1_92' title="bbox 621 4795 2213 4866">
    <p class='ocr_par' dir='ltr' id='par_1_92' title="bbox 621 4795 2213 4866">
     <span class='ocr_line' id='line_1_92' title="bbox 621 4795 2213 4866; baseline -0.003 -6"><span class='ocrx_word' id='word_1_713' title='bbox 621 4803 778 4860; x_wconf 85' lang='lat' dir='ltr'><strong>nibus</strong></span> <span class='ocrx_word' id='word_1_714' title='bbox 801 4797 1114 4858; x_wconf 84' lang='lat' dir='ltr'><strong>cerimoniis</strong></span> <span class='ocrx_word' id='word_1_715' title='bbox 1149 4806 1202 4852; x_wconf 88' lang='lat' dir='ltr'><strong>et</strong></span> <span class='ocrx_word' id='word_1_716' title='bbox 1230 4795 1421 4850; x_wconf 86' lang='lat' dir='ltr'><strong>ritibus</strong></span> <span class='ocrx_word' id='word_1_717' title='bbox 1449 4795 1806 4853; x_wconf 84' lang='lat' dir='ltr'><strong>honorabant.</strong></span> <span class='ocrx_word' id='word_1_718' title='bbox 1839 4798 2105 4866; x_wconf 84' lang='lat' dir='ltr'><strong>Ipsosntct</strong></span> <span class='ocrx_word' id='word_1_719' title='bbox 2141 4801 2213 4855; x_wconf 92' lang='lat' dir='ltr'><strong>si-</strong></span> 
     </span>
    </p>
   </div>
   <div class='ocr_carea' id='block_1_93' title="bbox 619 4888 2212 4970">
    <p class='ocr_par' dir='ltr' id='par_1_93' title="bbox 619 4888 2212 4970">
     <span class='ocr_line' id='line_1_93' title="bbox 619 4888 2212 4970; baseline 0.009 -35"><span class='ocrx_word' id='word_1_720' title='bbox 619 4896 836 4970; x_wconf 70' lang='lat' dir='ltr'><strong>quidem</strong></span> <span class='ocrx_word' id='word_1_721' title='bbox 891 4891 1135 4947; x_wconf 76' lang='lat' dir='ltr'><strong>othuiCtts</strong></span> <span class='ocrx_word' id='word_1_722' title='bbox 1177 4905 1282 4942; x_wconf 90' lang='lat' dir='ltr'><strong>non</strong></span> <span class='ocrx_word' id='word_1_723' title='bbox 1341 4888 1575 4958; x_wconf 85' lang='lat' dir='ltr'><strong>pudebat</strong></span> <span class='ocrx_word' id='word_1_724' title='bbox 1625 4889 1939 4956; x_wconf 84' lang='lat' dir='ltr'><strong>hominum,</strong></span> <span class='ocrx_word' id='word_1_725' title='bbox 1985 4893 2212 4962; x_wconf 81' lang='lat' dir='ltr'><strong>adjeCIis</strong></span> 
     </span>
    </p>
   </div>
   <div class='ocr_carea' id='block_1_94' title="bbox 617 4981 2209 5062">
    <p class='ocr_par' dir='ltr' id='par_1_94' title="bbox 617 4981 2209 5062">
     <span class='ocr_line' id='line_1_94' title="bbox 617 4981 2209 5062; baseline -0.002 -18"><span class='ocrx_word' id='word_1_726' title='bbox 617 4986 938 5062; x_wconf 87' lang='lat' dir='ltr'><strong>quibusdam</strong></span> <span class='ocrx_word' id='word_1_727' title='bbox 968 4981 1276 5037; x_wconf 88' lang='lat' dir='ltr'><strong>animalium</strong></span> <span class='ocrx_word' id='word_1_728' title='bbox 1308 4981 1632 5050; x_wconf 88' lang='lat' dir='ltr'><strong>insignibus,</strong></span> <span class='ocrx_word' id='word_1_729' title='bbox 1668 4989 1936 5054; x_wconf 88' lang='lat' dir='ltr'><strong>tamquam</strong></span> <span class='ocrx_word' id='word_1_730' title='bbox 1981 4985 2209 5040; x_wconf 87' lang='lat' dir='ltr'><strong>deorum</strong></span> 
     </span>
    </p>
   </div>
   <div class='ocr_carea' id='block_1_95' title="bbox 617 5075 2214 5145">
    <p class='ocr_par' dir='ltr' id='par_1_95' title="bbox 617 5075 2214 5145">
     <span class='ocr_line' id='line_1_95' title="bbox 617 5075 2214 5145; baseline 0 -11"><span class='ocrx_word' id='word_1_731' title='bbox 617 5097 838 5139; x_wconf 83' lang='lat' dir='ltr'><strong>suorum</strong></span> <span class='ocrx_word' id='word_1_732' title='bbox 883 5092 1038 5133; x_wconf 87' lang='lat' dir='ltr'><strong>vcras</strong></span> <span class='ocrx_word' id='word_1_733' title='bbox 1091 5076 1297 5145; x_wconf 72' lang='lat' dir='ltr'><strong>effigies</strong></span> <span class='ocrx_word' id='word_1_734' title='bbox 1342 5075 1524 5129; x_wconf 86' lang='lat' dir='ltr'><strong>colere</strong></span> <span class='ocrx_word' id='word_1_735' title='bbox 1578 5091 1640 5127; x_wconf 84' lang='lat' dir='ltr'><strong>ac</strong></span> <span class='ocrx_word' id='word_1_736' title='bbox 1697 5077 1964 5132; x_wconf 85' lang='lat' dir='ltr'><strong>venerari.</strong></span> <span class='ocrx_word' id='word_1_737' title='bbox 2003 5080 2069 5132; x_wconf 86' lang='lat' dir='ltr'><strong>At</strong></span> <span class='ocrx_word' id='word_1_738' title='bbox 2100 5081 2214 5135; x_wconf 74' lang='lat' dir='ltr'><strong>lucc</strong></span> 
     </span>
    </p>
   </div>
   <div class='ocr_carea' id='block_1_96' title="bbox 616 5167 2209 5240">
    <p class='ocr_par' dir='ltr' id='par_1_96' title="bbox 616 5167 2209 5240">
     <span class='ocr_line' id='line_1_96' title="bbox 616 5167 2209 5240; baseline -0.001 -13"><span class='ocrx_word' id='word_1_739' title='bbox 616 5190 807 5233; x_wconf 65' lang='lat' dir='ltr'><strong>rursus</strong></span> <span class='ocrx_word' id='word_1_740' title='bbox 854 5171 1087 5228; x_wconf 82' lang='lat' dir='ltr'><strong>delibata</strong></span> <span class='ocrx_word' id='word_1_741' title='bbox 1136 5177 1263 5222; x_wconf 90' lang='lat' dir='ltr'><strong>sunt</strong></span> <span class='ocrx_word' id='word_1_742' title='bbox 1315 5183 1380 5220; x_wconf 79' lang='lat' dir='ltr'><strong>ex</strong></span> <span class='ocrx_word' id='word_1_743' title='bbox 1435 5167 1624 5221; x_wconf 89' lang='lat' dir='ltr'><strong>eodem</strong></span> <span class='ocrx_word' id='word_1_744' title='bbox 1678 5169 1941 5224; x_wconf 87' lang='lat' dir='ltr'><strong>Cicerone</strong></span> <span class='ocrx_word' id='word_1_745' title='bbox 1975 5169 2209 5240; x_wconf 84' lang='lat' dir='ltr'><strong>(Cicer.,</strong></span> 
     </span>
    </p>
   </div>
   <div class='ocr_carea' id='block_1_97' title="bbox 616 5261 2212 5334">
    <p class='ocr_par' dir='ltr' id='par_1_97' title="bbox 616 5261 2212 5334">
     <span class='ocr_line' id='line_1_97' title="bbox 616 5261 2212 5334; baseline -0.004 -8"><span class='ocrx_word' id='word_1_746' title='bbox 616 5270 707 5326; x_wconf 79' lang='lat' dir='ltr'><strong>lib.</strong></span> <span class='ocrx_word' id='word_1_747' title='bbox 757 5285 774 5324; x_wconf 94' lang='grc' dir='ltr'><strong>ι</strong></span> <span class='ocrx_word' id='word_1_748' title='bbox 819 5268 882 5323; x_wconf 86' lang='lat' dir='ltr'><strong>de</strong></span> <span class='ocrx_word' id='word_1_749' title='bbox 931 5265 1124 5320; x_wconf 73' lang='lat' dir='ltr'><strong>Natur.</strong></span> <span class='ocrx_word' id='word_1_750' title='bbox 1177 5262 1356 5328; x_wconf 58' lang='lat' dir='ltr'><strong>deam,</strong></span> <span class='ocrx_word' id='word_1_751' title='bbox 1417 5278 1538 5333; x_wconf 85' lang='lat' dir='ltr'><strong>pag.</strong></span> <span class='ocrx_word' id='word_1_752' title='bbox 1567 5261 1691 5324; x_wconf 70' lang='lat'><strong>207,</strong></span> <span class='ocrx_word' id='word_1_753' title='bbox 1727 5264 1819 5317; x_wconf 87' lang='lat' dir='ltr'><strong>lin.</strong></span> <span class='ocrx_word' id='word_1_754' title='bbox 1861 5265 1983 5334; x_wconf 72' lang='lat'><strong>19),</strong></span> <span class='ocrx_word' id='word_1_755' title='bbox 2027 5266 2115 5334; x_wconf 85' lang='lat' dir='ltr'><strong>qui</strong></span> <span class='ocrx_word' id='word_1_756' title='bbox 2149 5282 2212 5322; x_wconf 88' lang='lat' dir='ltr'><strong>ea</strong></span> 
     </span>
    </p>
   </div>
   <div class='ocr_carea' id='block_1_98' title="bbox 613 5352 2216 5427">
    <p class='ocr_par' dir='ltr' id='par_1_98' title="bbox 613 5352 2216 5427">
     <span class='ocr_line' id='line_1_98' title="bbox 613 5352 2216 5427; baseline -0.003 -10"><span class='ocrx_word' id='word_1_757' title='bbox 613 5362 812 5418; x_wconf 85' lang='lat' dir='ltr'><strong>clarius</strong></span> <span class='ocrx_word' id='word_1_758' title='bbox 853 5360 1101 5426; x_wconf 77' lang='lat' dir='ltr'><strong>hancque</strong></span> <span class='ocrx_word' id='word_1_759' title='bbox 1140 5354 1192 5407; x_wconf 90' lang='lat' dir='ltr'><strong>in</strong></span> <span class='ocrx_word' id='word_1_760' title='bbox 1235 5352 1450 5407; x_wconf 88' lang='lat' dir='ltr'><strong>modum</strong></span> <span class='ocrx_word' id='word_1_761' title='bbox 1493 5353 1725 5423; x_wconf 76' lang='lat' dir='ltr'><strong>expliCaI</strong></span> <span class='ocrx_word' id='word_1_762' title='bbox 1765 5373 1778 5409; x_wconf 91' lang='lat'><strong>:</strong></span> <span class='ocrx_word' id='word_1_763' title='bbox 1817 5376 1833 5407; x_wconf 76' lang='grc' dir='ltr'><strong>ι</strong></span> <span class='ocrx_word' id='word_1_764' title='bbox 1876 5355 2009 5424; x_wconf 85' lang='lat' dir='ltr'><strong>Quid</strong></span> <span class='ocrx_word' id='word_1_765' title='bbox 2055 5357 2216 5427; x_wconf 84' lang='lat' dir='ltr'><strong>igitur</strong></span> 
     </span>
    </p>
   </div>
   <div class='ocr_carea' id='block_1_99' title="bbox 612 5446 2209 5521">
    <p class='ocr_par' dir='ltr' id='par_1_99' title="bbox 612 5446 2209 5521">
     <span class='ocr_line' id='line_1_99' title="bbox 612 5446 2209 5521; baseline -0.005 -7"><span class='ocrx_word' id='word_1_766' title='bbox 612 5455 845 5513; x_wconf 76' lang='lat' dir='ltr'><strong>censes?</strong></span> <span class='ocrx_word' id='word_1_767' title='bbox 889 5452 1043 5521; x_wconf 82' lang='lat' dir='ltr'><strong>Apim</strong></span> <span class='ocrx_word' id='word_1_768' title='bbox 1079 5446 1227 5501; x_wconf 91' lang='lat' dir='ltr'><strong>illum</strong></span> <span class='ocrx_word' id='word_1_769' title='bbox 1251 5489 1264 5508; x_wconf 88' lang='lat'><strong>,</strong></span> <span class='ocrx_word' id='word_1_770' title='bbox 1297 5458 1540 5501; x_wconf 86' lang='lat' dir='ltr'><strong>sanctum</strong></span> <span class='ocrx_word' id='word_1_771' title='bbox 1573 5447 1948 5518; x_wconf 65' lang='lat' dir='ltr'><strong>{Egyptiorum</strong></span> <span class='ocrx_word' id='word_1_772' title='bbox 1983 5450 2171 5506; x_wconf 89' lang='lat' dir='ltr'><strong>bovem</strong></span> <span class='ocrx_word' id='word_1_773' title='bbox 2193 5494 2209 5517; x_wconf 92' lang='lat'><strong>,</strong></span> 
     </span>
    </p>
   </div>
   <div class='ocr_carea' id='block_1_100' title="bbox 612 5539 2208 5614">
    <p class='ocr_par' dir='ltr' id='par_1_100' title="bbox 612 5539 2208 5614">
     <span class='ocr_line' id='line_1_100' title="bbox 612 5539 2208 5614; baseline -0.004 -8"><span class='ocrx_word' id='word_1_774' title='bbox 612 5564 796 5606; x_wconf 77' lang='lat' dir='ltr'><strong>noiine</strong></span> <span class='ocrx_word' id='word_1_775' title='bbox 826 5546 987 5602; x_wconf 87' lang='lat' dir='ltr'><strong>deum</strong></span> <span class='ocrx_word' id='word_1_776' title='bbox 1033 5541 1202 5596; x_wconf 79' lang='lat' dir='ltr'><strong>videri</strong></span> <span class='ocrx_word' id='word_1_777' title='bbox 1237 5539 1546 5612; x_wconf 63' lang='lat' dir='ltr'><strong>Egyptiis?</strong></span> <span class='ocrx_word' id='word_1_778' title='bbox 1595 5539 1724 5594; x_wconf 88' lang='lat' dir='ltr'><strong>Tam</strong></span> <span class='ocrx_word' id='word_1_779' title='bbox 1761 5541 1989 5597; x_wconf 89' lang='lat' dir='ltr'><strong>Hercle!</strong></span> <span class='ocrx_word' id='word_1_780' title='bbox 2049 5561 2208 5614; x_wconf 86' lang='lat' dir='ltr'><strong>quant</strong></span> 
     </span>
    </p>
   </div>
   <div class='ocr_carea' id='block_1_101' title="bbox 612 5632 2207 5706">
    <p class='ocr_par' dir='ltr' id='par_1_101' title="bbox 612 5632 2207 5706">
     <span class='ocr_line' id='line_1_101' title="bbox 612 5632 2207 5706; baseline -0.005 -11"><span class='ocrx_word' id='word_1_781' title='bbox 612 5643 706 5701; x_wconf 84' lang='lat' dir='ltr'><strong>tibi</strong></span> <span class='ocrx_word' id='word_1_782' title='bbox 734 5642 877 5695; x_wconf 90' lang='lat' dir='ltr'><strong>illam</strong></span> <span class='ocrx_word' id='word_1_783' title='bbox 912 5647 1151 5692; x_wconf 90' lang='lat' dir='ltr'><strong>nostram</strong></span> <span class='ocrx_word' id='word_1_784' title='bbox 1182 5638 1466 5701; x_wconf 83' lang='lat' dir='ltr'><strong>sospitant,</strong></span> <span class='ocrx_word' id='word_1_785' title='bbox 1497 5633 1707 5688; x_wconf 84' lang='lat' dir='ltr'><strong>scilicet</strong></span> <span class='ocrx_word' id='word_1_786' title='bbox 1737 5632 2028 5698; x_wconf 67' lang='lat' dir='ltr'><strong>lunonem,</strong></span> <span class='ocrx_word' id='word_1_787' title='bbox 2049 5655 2207 5706; x_wconf 85' lang='lat' dir='ltr'><strong>quam</strong></span> 
     </span>
    </p>
   </div>
   <div class='ocr_carea' id='block_1_102' title="bbox 603 5725 2206 5801">
    <p class='ocr_par' dir='ltr' id='par_1_102' title="bbox 603 5725 2206 5801">
     <span class='ocr_line' id='line_1_102' title="bbox 603 5725 2206 5801; baseline 0.001 -15"><span class='ocrx_word' id='word_1_788' title='bbox 603 5743 658 5788; x_wconf 88' lang='lat' dir='ltr'><strong>tu</strong></span> <span class='ocrx_word' id='word_1_789' title='bbox 693 5745 992 5801; x_wconf 81' lang='lat' dir='ltr'><strong>numquam</strong></span> <span class='ocrx_word' id='word_1_790' title='bbox 1020 5746 1087 5786; x_wconf 89' lang='lat' dir='ltr'><strong>ne</strong></span> <span class='ocrx_word' id='word_1_791' title='bbox 1113 5729 1169 5786; x_wconf 91' lang='lat' dir='ltr'><strong>in</strong></span> <span class='ocrx_word' id='word_1_792' title='bbox 1201 5726 1427 5784; x_wconf 87' lang='lat' dir='ltr'><strong>sommis</strong></span> <span class='ocrx_word' id='word_1_793' title='bbox 1449 5725 1667 5797; x_wconf 87' lang='lat' dir='ltr'><strong>quidem</strong></span> <span class='ocrx_word' id='word_1_794' title='bbox 1701 5725 1885 5795; x_wconf 90' lang='lat' dir='ltr'><strong>vides,</strong></span> <span class='ocrx_word' id='word_1_795' title='bbox 1933 5729 2032 5784; x_wconf 90' lang='lat' dir='ltr'><strong>nisi</strong></span> <span class='ocrx_word' id='word_1_796' title='bbox 2085 5746 2206 5788; x_wconf 91' lang='lat' dir='ltr'><strong>cum</strong></span> 
     </span>
    </p>
   </div>
   <div class='ocr_carea' id='block_1_103' title="bbox 589 5820 2210 5909">
    <p class='ocr_par' dir='ltr' id='par_1_103' title="bbox 589 5820 2210 5909">
     <span class='ocr_line' id='line_1_103' title="bbox 589 5820 2210 5909; baseline -0.004 -17"><span class='ocrx_word' id='word_1_797' title='bbox 589 5836 751 5909; x_wconf 65' lang='lat' dir='ltr'><strong>Pelle</strong></span> <span class='ocrx_word' id='word_1_798' title='bbox 782 5821 1015 5895; x_wconf 82' lang='lat' dir='ltr'><strong>caprina,</strong></span> <span class='ocrx_word' id='word_1_799' title='bbox 1041 5837 1168 5885; x_wconf 90' lang='lat' dir='ltr'><strong>cum</strong></span> <span class='ocrx_word' id='word_1_800' title='bbox 1188 5820 1357 5893; x_wconf 76' lang='lat' dir='ltr'><strong>hasta,</strong></span> <span class='ocrx_word' id='word_1_801' title='bbox 1391 5835 1516 5879; x_wconf 85' lang='lat' dir='ltr'><strong>cum</strong></span> <span class='ocrx_word' id='word_1_802' title='bbox 1547 5820 1778 5890; x_wconf 88' lang='lat' dir='ltr'><strong>scutulo,</strong></span> <span class='ocrx_word' id='word_1_803' title='bbox 1804 5837 1926 5886; x_wconf 88' lang='lat' dir='ltr'><strong>cum</strong></span> <span class='ocrx_word' id='word_1_804' title='bbox 1957 5824 2210 5886; x_wconf 89' lang='lat' dir='ltr'><strong>calceolis</strong></span> 
     </span>
    </p>
   </div>
   <div class='ocr_carea' id='block_1_104' title="bbox 2316 4705 3925 4781">
    <p class='ocr_par' dir='ltr' id='par_1_104' title="bbox 2316 4705 3925 4781">
     <span class='ocr_line' id='line_1_104' title="bbox 2316 4705 3925 4781; baseline 0.009 -20"><span class='ocrx_word' id='word_1_805' title='bbox 2316 4705 2417 4762; x_wconf 90' lang='lat' dir='ltr'><strong>bus</strong></span> <span class='ocrx_word' id='word_1_806' title='bbox 2445 4708 2792 4778; x_wconf 81' lang='lat' dir='ltr'><strong>effinguntur,</strong></span> <span class='ocrx_word' id='word_1_807' title='bbox 2824 4726 2980 4780; x_wconf 91' lang='lat' dir='ltr'><strong>quam</strong></span> <span class='ocrx_word' id='word_1_808' title='bbox 3013 4711 3343 4781; x_wconf 88' lang='lat' dir='ltr'><strong>hominibus,</strong></span> <span class='ocrx_word' id='word_1_809' title='bbox 3375 4714 3496 4770; x_wconf 74' lang='lat' dir='ltr'><strong>cum</strong></span> <span class='ocrx_word' id='word_1_810' title='bbox 3526 4713 3925 4775; x_wconf 84' lang='lat' dir='ltr'><strong>exhiberentur</strong></span> 
     </span>
    </p>
   </div>
   <div class='ocr_carea' id='block_1_105' title="bbox 2315 4799 3216 4874">
    <p class='ocr_par' dir='ltr' id='par_1_105' title="bbox 2315 4799 3216 4874">
     <span class='ocr_line' id='line_1_105' title="bbox 2315 4799 3216 4874; baseline 0.009 -20"><span class='ocrx_word' id='word_1_811' title='bbox 2315 4799 2511 4866; x_wconf 63' lang='lat' dir='ltr'><strong>simiae,</strong></span> <span class='ocrx_word' id='word_1_812' title='bbox 2534 4802 2759 4874; x_wconf 78' lang='lat' dir='ltr'><strong>aliisque</strong></span> <span class='ocrx_word' id='word_1_813' title='bbox 2779 4803 2966 4858; x_wconf 90' lang='lat' dir='ltr'><strong>bestiis</strong></span> <span class='ocrx_word' id='word_1_814' title='bbox 2988 4804 3216 4862; x_wconf 84' lang='lat' dir='ltr'><strong>similes.</strong></span> 
     </span>
    </p>
   </div>
   <div class='ocr_carea' id='block_1_106' title="bbox 2387 4893 3930 4974">
    <p class='ocr_par' dir='ltr' id='par_1_106' title="bbox 2387 4893 3930 4974">
     <span class='ocr_line' id='line_1_106' title="bbox 2387 4893 3930 4974; baseline 0.008 -25"><span class='ocrx_word' id='word_1_815' title='bbox 2387 4893 2496 4949; x_wconf 92' lang='lat' dir='ltr'><strong>Nec</strong></span> <span class='ocrx_word' id='word_1_816' title='bbox 2513 4895 2640 4948; x_wconf 90' lang='lat' dir='ltr'><strong>sinit</strong></span> <span class='ocrx_word' id='word_1_817' title='bbox 2657 4897 2927 4951; x_wconf 82' lang='lat' dir='ltr'><strong>Arnobius</strong></span> <span class='ocrx_word' id='word_1_818' title='bbox 2948 4896 3048 4952; x_wconf 89' lang='lat' dir='ltr'><strong>sibi</strong></span> <span class='ocrx_word' id='word_1_819' title='bbox 3073 4899 3140 4952; x_wconf 88' lang='lat' dir='ltr'><strong>ab</strong></span> <span class='ocrx_word' id='word_1_820' title='bbox 3179 4900 3409 4956; x_wconf 73' lang='lat' dir='ltr'><strong>ethnicis</strong></span> <span class='ocrx_word' id='word_1_821' title='bbox 3435 4902 3759 4974; x_wconf 89' lang='lat' dir='ltr'><strong>responderi</strong></span> <span class='ocrx_word' id='word_1_822' title='bbox 3781 4905 3930 4962; x_wconf 86' lang='lat' dir='ltr'><strong>alias</strong></span> 
     </span>
    </p>
   </div>
   <div class='ocr_carea' id='block_1_107' title="bbox 2315 4988 3925 5071">
    <p class='ocr_par' dir='ltr' id='par_1_107' title="bbox 2315 4988 3925 5071">
     <span class='ocr_line' id='line_1_107' title="bbox 2315 4988 3925 5071; baseline 0.008 -29"><span class='ocrx_word' id='word_1_823' title='bbox 2315 4988 2531 5060; x_wconf 90' lang='lat' dir='ltr'><strong>quidem</strong></span> <span class='ocrx_word' id='word_1_824' title='bbox 2587 5004 2708 5044; x_wconf 86' lang='lat' dir='ltr'><strong>esse</strong></span> <span class='ocrx_word' id='word_1_825' title='bbox 2765 4991 2988 5049; x_wconf 91' lang='lat' dir='ltr'><strong>deorum</strong></span> <span class='ocrx_word' id='word_1_826' title='bbox 3046 4993 3265 5067; x_wconf 87' lang='lat' dir='ltr'><strong>(Arnob.</strong></span> <span class='ocrx_word' id='word_1_827' title='bbox 3295 5038 3310 5058; x_wconf 88' lang='lat'><strong>.</strong></span> <span class='ocrx_word' id='word_1_828' title='bbox 3351 4997 3420 5050; x_wconf 90' lang='lat' dir='ltr'><strong>lib</strong></span> <span class='ocrx_word' id='word_1_829' title='bbox 3473 5013 3563 5059; x_wconf 86' lang='lat' dir='ltr'><strong>ut,</strong></span> <span class='ocrx_word' id='word_1_830' title='bbox 3603 5015 3722 5070; x_wconf 87' lang='lat' dir='ltr'><strong>pag.</strong></span> <span class='ocrx_word' id='word_1_831' title='bbox 3759 4998 3925 5071; x_wconf 83' lang='lat'><strong>109),</strong></span> 
     </span>
    </p>
   </div>
   <div class='ocr_carea' id='block_1_108' title="bbox 2315 5084 3928 5157">
    <p class='ocr_par' dir='ltr' id='par_1_108' title="bbox 2315 5084 3928 5157">
     <span class='ocr_line' id='line_1_108' title="bbox 2315 5084 3928 5157; baseline 0.007 -23"><span class='ocrx_word' id='word_1_832' title='bbox 2315 5098 2474 5152; x_wconf 88' lang='lat' dir='ltr'><strong>quam</strong></span> <span class='ocrx_word' id='word_1_833' title='bbox 2522 5084 2798 5138; x_wconf 89' lang='lat' dir='ltr'><strong>hominum</strong></span> <span class='ocrx_word' id='word_1_834' title='bbox 2847 5087 3046 5142; x_wconf 83' lang='lat' dir='ltr'><strong>formas</strong></span> <span class='ocrx_word' id='word_1_835' title='bbox 3074 5096 3132 5142; x_wconf 89' lang='lat' dir='ltr'><strong>et</strong></span> <span class='ocrx_word' id='word_1_836' title='bbox 3159 5088 3366 5157; x_wconf 58' lang='lat' dir='ltr'><strong>species</strong></span> <span class='ocrx_word' id='word_1_837' title='bbox 3387 5131 3402 5153; x_wconf 95' lang='lat'><strong>,</strong></span> <span class='ocrx_word' id='word_1_838' title='bbox 3439 5089 3532 5143; x_wconf 91' lang='lat' dir='ltr'><strong>sed</strong></span> <span class='ocrx_word' id='word_1_839' title='bbox 3565 5088 3663 5144; x_wconf 87' lang='lat' dir='ltr'><strong>has</strong></span> <span class='ocrx_word' id='word_1_840' title='bbox 3694 5092 3928 5146; x_wconf 87' lang='lat' dir='ltr'><strong>honoris</strong></span> 
     </span>
    </p>
   </div>
   <div class='ocr_carea' id='block_1_109' title="bbox 2315 5177 3930 5256">
    <p class='ocr_par' dir='ltr' id='par_1_109' title="bbox 2315 5177 3930 5256">
     <span class='ocr_line' id='line_1_109' title="bbox 2315 5177 3930 5256; baseline 0.006 -25"><span class='ocrx_word' id='word_1_841' title='bbox 2315 5190 2474 5231; x_wconf 86' lang='lat' dir='ltr'><strong>causa</strong></span> <span class='ocrx_word' id='word_1_842' title='bbox 2507 5177 2607 5230; x_wconf 66' lang='lat' dir='ltr'><strong>illis</strong></span> <span class='ocrx_word' id='word_1_843' title='bbox 2637 5179 3055 5234; x_wconf 88' lang='lat' dir='ltr'><strong>accommodari.</strong></span> <span class='ocrx_word' id='word_1_844' title='bbox 3090 5181 3221 5235; x_wconf 88' lang='lat' dir='ltr'><strong>Nam</strong></span> <span class='ocrx_word' id='word_1_845' title='bbox 3247 5180 3333 5236; x_wconf 89' lang='lat' dir='ltr'><strong>hic</strong></span> <span class='ocrx_word' id='word_1_846' title='bbox 3361 5197 3515 5236; x_wconf 78' lang='lat' dir='ltr'><strong>error</strong></span> <span class='ocrx_word' id='word_1_847' title='bbox 3545 5183 3728 5251; x_wconf 91' lang='lat' dir='ltr'><strong>priore</strong></span> <span class='ocrx_word' id='word_1_848' title='bbox 3757 5185 3930 5256; x_wconf 82' lang='lat' dir='ltr'><strong>longe</strong></span> 
     </span>
    </p>
   </div>
   <div class='ocr_carea' id='block_1_110' title="bbox 2315 5269 3930 5344">
    <p class='ocr_par' dir='ltr' id='par_1_110' title="bbox 2315 5269 3930 5344">
     <span class='ocr_line' id='line_1_110' title="bbox 2315 5269 3930 5344; baseline 0.009 -25"><span class='ocrx_word' id='word_1_849' title='bbox 2315 5269 2469 5340; x_wconf 68' lang='lat' dir='ltr'><strong>pejor</strong></span> <span class='ocrx_word' id='word_1_850' title='bbox 2498 5279 2598 5325; x_wconf 87' lang='lat' dir='ltr'><strong>est.</strong></span> <span class='ocrx_word' id='word_1_851' title='bbox 2630 5271 2706 5325; x_wconf 86' lang='lat' dir='ltr'><strong>Eo</strong></span> <span class='ocrx_word' id='word_1_852' title='bbox 2728 5272 2990 5343; x_wconf 86' lang='lat' dir='ltr'><strong>siquidem</strong></span> <span class='ocrx_word' id='word_1_853' title='bbox 3045 5273 3250 5344; x_wconf 84' lang='lat' dir='ltr'><strong>majore</strong></span> <span class='ocrx_word' id='word_1_854' title='bbox 3295 5274 3491 5344; x_wconf 88' lang='lat' dir='ltr'><strong>probro</strong></span> <span class='ocrx_word' id='word_1_855' title='bbox 3517 5275 3753 5344; x_wconf 78' lang='lat' dir='ltr'><strong>gentiles</strong></span> <span class='ocrx_word' id='word_1_856' title='bbox 3783 5275 3930 5332; x_wconf 90' lang='lat' dir='ltr'><strong>deos</strong></span> 
     </span>
    </p>
   </div>
   <div class='ocr_carea' id='block_1_111' title="bbox 2318 5363 3931 5436">
    <p class='ocr_par' dir='ltr' id='par_1_111' title="bbox 2318 5363 3931 5436">
     <span class='ocr_line' id='line_1_111' title="bbox 2318 5363 3931 5436; baseline 0.005 -22"><span class='ocrx_word' id='word_1_857' title='bbox 2318 5375 2445 5415; x_wconf 92' lang='lat' dir='ltr'><strong>suos</strong></span> <span class='ocrx_word' id='word_1_858' title='bbox 2480 5363 2788 5418; x_wconf 87' lang='lat' dir='ltr'><strong>afliciebant</strong></span> <span class='ocrx_word' id='word_1_859' title='bbox 2821 5365 2902 5419; x_wconf 88' lang='lat' dir='ltr'><strong>his</strong></span> <span class='ocrx_word' id='word_1_860' title='bbox 2933 5367 3281 5436; x_wconf 76' lang='lat' dir='ltr'><strong>[armamentis</strong></span> <span class='ocrx_word' id='word_1_861' title='bbox 3310 5367 3516 5428; x_wconf 75' lang='lat' dir='ltr'><strong>divinis,</strong></span> <span class='ocrx_word' id='word_1_862' title='bbox 3549 5369 3692 5423; x_wconf 85' lang='lat' dir='ltr'><strong>sicut</strong></span> <span class='ocrx_word' id='word_1_863' title='bbox 3715 5367 3809 5424; x_wconf 91' lang='lat' dir='ltr'><strong>ille</strong></span> <span class='ocrx_word' id='word_1_864' title='bbox 3843 5369 3931 5423; x_wconf 88' lang='lat' dir='ltr'><strong>lo-</strong></span> 
     </span>
    </p>
   </div>
   <div class='ocr_carea' id='block_1_112' title="bbox 2314 5455 3926 5530">
    <p class='ocr_par' dir='ltr' id='par_1_112' title="bbox 2314 5455 3926 5530">
     <span class='ocr_line' id='line_1_112' title="bbox 2314 5455 3926 5530; baseline 0.005 -22"><span class='ocrx_word' id='word_1_865' title='bbox 2314 5455 2518 5524; x_wconf 89' lang='lat' dir='ltr'><strong>quitur,</strong></span> <span class='ocrx_word' id='word_1_866' title='bbox 2550 5471 2658 5524; x_wconf 91' lang='lat' dir='ltr'><strong>quo</strong></span> <span class='ocrx_word' id='word_1_867' title='bbox 2679 5456 2876 5511; x_wconf 81' lang='lat' dir='ltr'><strong>certius</strong></span> <span class='ocrx_word' id='word_1_868' title='bbox 2897 5473 2959 5512; x_wconf 89' lang='lat' dir='ltr'><strong>ea</strong></span> <span class='ocrx_word' id='word_1_869' title='bbox 2992 5459 3146 5522; x_wconf 86' lang='lat' dir='ltr'><strong>falsa,</strong></span> <span class='ocrx_word' id='word_1_870' title='bbox 3169 5458 3378 5530; x_wconf 89' lang='lat' dir='ltr'><strong>diisque</strong></span> <span class='ocrx_word' id='word_1_871' title='bbox 3406 5461 3522 5513; x_wconf 88' lang='lat' dir='ltr'><strong>suis</strong></span> <span class='ocrx_word' id='word_1_872' title='bbox 3549 5460 3722 5530; x_wconf 83' lang='lat' dir='ltr'><strong>magis</strong></span> <span class='ocrx_word' id='word_1_873' title='bbox 3750 5459 3926 5516; x_wconf 77' lang='lat' dir='ltr'><strong>dissi-</strong></span> 
     </span>
    </p>
   </div>
   <div class='ocr_carea' id='block_1_113' title="bbox 2315 5547 3928 5624">
    <p class='ocr_par' dir='ltr' id='par_1_113' title="bbox 2315 5547 3928 5624">
     <span class='ocr_line' id='line_1_113' title="bbox 2315 5547 3928 5624; baseline 0.005 -24"><span class='ocrx_word' id='word_1_874' title='bbox 2315 5547 2457 5600; x_wconf 89' lang='lat' dir='ltr'><strong>milia</strong></span> <span class='ocrx_word' id='word_1_875' title='bbox 2490 5564 2610 5602; x_wconf 90' lang='lat' dir='ltr'><strong>csse</strong></span> <span class='ocrx_word' id='word_1_876' title='bbox 2638 5559 2915 5605; x_wconf 89' lang='lat' dir='ltr'><strong>noverant.</strong></span> <span class='ocrx_word' id='word_1_877' title='bbox 2947 5550 3121 5606; x_wconf 79' lang='lat' dir='ltr'><strong>Minus</strong></span> <span class='ocrx_word' id='word_1_878' title='bbox 3149 5554 3291 5608; x_wconf 90' lang='lat' dir='ltr'><strong>enim</strong></span> <span class='ocrx_word' id='word_1_879' title='bbox 3324 5565 3510 5624; x_wconf 80' lang='lat' dir='ltr'><strong>pereat</strong></span> <span class='ocrx_word' id='word_1_880' title='bbox 3532 5554 3660 5618; x_wconf 87' lang='lat' dir='ltr'><strong>ille,</strong></span> <span class='ocrx_word' id='word_1_881' title='bbox 3693 5555 3784 5624; x_wconf 90' lang='lat' dir='ltr'><strong>qui</strong></span> <span class='ocrx_word' id='word_1_882' title='bbox 3812 5553 3928 5608; x_wconf 90' lang='lat' dir='ltr'><strong>diis</strong></span> 
     </span>
    </p>
   </div>
   <div class='ocr_carea' id='block_1_114' title="bbox 2315 5638 3924 5716">
    <p class='ocr_par' dir='ltr' id='par_1_114' title="bbox 2315 5638 3924 5716">
     <span class='ocr_line' id='line_1_114' title="bbox 2315 5638 3924 5716; baseline 0.005 -21"><span class='ocrx_word' id='word_1_883' title='bbox 2315 5638 2432 5695; x_wconf 81' lang='lat' dir='ltr'><strong>falsi</strong></span> <span class='ocrx_word' id='word_1_884' title='bbox 2477 5641 2712 5711; x_wconf 90' lang='lat' dir='ltr'><strong>aliquid,</strong></span> <span class='ocrx_word' id='word_1_885' title='bbox 2767 5645 2908 5714; x_wconf 88' lang='lat' dir='ltr'><strong>quod</strong></span> <span class='ocrx_word' id='word_1_886' title='bbox 2971 5655 3150 5702; x_wconf 80' lang='lat' dir='ltr'><strong>tamen</strong></span> <span class='ocrx_word' id='word_1_887' title='bbox 3206 5664 3392 5704; x_wconf 82' lang='lat' dir='ltr'><strong>verum</strong></span> <span class='ocrx_word' id='word_1_888' title='bbox 3433 5664 3557 5704; x_wconf 71' lang='lat' dir='ltr'><strong>esse</strong></span> <span class='ocrx_word' id='word_1_889' title='bbox 3591 5648 3924 5716; x_wconf 84' lang='lat' dir='ltr'><strong>arbitratur,</strong></span> 
     </span>
    </p>
   </div>
   <div class='ocr_carea' id='block_1_115' title="bbox 2315 5727 3926 5814">
    <p class='ocr_par' dir='ltr' id='par_1_115' title="bbox 2315 5727 3926 5814">
     <span class='ocr_line' id='line_1_115' title="bbox 2315 5727 3926 5814; baseline 0.006 -26"><span class='ocrx_word' id='word_1_890' title='bbox 2315 5727 2629 5806; x_wconf 83' lang='lat' dir='ltr'><strong>imprudens</strong></span> <span class='ocrx_word' id='word_1_891' title='bbox 2661 5738 2868 5806; x_wconf 90' lang='lat' dir='ltr'><strong>tribuit,</strong></span> <span class='ocrx_word' id='word_1_892' title='bbox 2894 5757 3054 5810; x_wconf 86' lang='lat' dir='ltr'><strong>quam</strong></span> <span class='ocrx_word' id='word_1_893' title='bbox 3085 5741 3257 5810; x_wconf 86' lang='lat' dir='ltr'><strong>alios,</strong></span> <span class='ocrx_word' id='word_1_894' title='bbox 3289 5744 3382 5814; x_wconf 89' lang='lat' dir='ltr'><strong>qui</strong></span> <span class='ocrx_word' id='word_1_895' title='bbox 3403 5744 3580 5799; x_wconf 89' lang='lat' dir='ltr'><strong>sciens</strong></span> <span class='ocrx_word' id='word_1_896' title='bbox 3610 5742 3926 5814; x_wconf 85' lang='lat' dir='ltr'><strong>volensque</strong></span> 
     </span>
    </p>
   </div>
   <div class='ocr_carea' id='block_1_116' title="bbox 2313 5821 3923 5900">
    <p class='ocr_par' dir='ltr' id='par_1_116' title="bbox 2313 5821 3923 5900">
     <span class='ocr_line' id='line_1_116' title="bbox 2313 5821 3923 5900; baseline 0.007 -21"><span class='ocrx_word' id='word_1_897' title='bbox 2313 5823 2443 5886; x_wconf 87' lang='lat' dir='ltr'><strong>falsa</strong></span> <span class='ocrx_word' id='word_1_898' title='bbox 2472 5826 2602 5900; x_wconf 89' lang='lat' dir='ltr'><strong>ipsis</strong></span> <span class='ocrx_word' id='word_1_899' title='bbox 2628 5828 2904 5887; x_wconf 85' lang='lat' dir='ltr'><strong>adscribit.</strong></span> <span class='ocrx_word' id='word_1_900' title='bbox 2934 5831 3302 5892; x_wconf 85' lang='lat' dir='ltr'><strong>Formamenta</strong></span> <span class='ocrx_word' id='word_1_901' title='bbox 3326 5847 3506 5893; x_wconf 90' lang='lat' dir='ltr'><strong>autem</strong></span> <span class='ocrx_word' id='word_1_902' title='bbox 3538 5821 3682 5892; x_wconf 83' lang='lat' dir='ltr'><strong>idem</strong></span> <span class='ocrx_word' id='word_1_903' title='bbox 3710 5846 3923 5891; x_wconf 81' lang='lat' dir='ltr'><strong>sonant.</strong></span> 
     </span>
    </p>
   </div>
  </div>
