4166 6256
261 240 365 299 529

1473 257 1538 313 ΙΝ
1577 258 1950 329 ARNOBIUM,
1989 261 2144 342 CAP.
2191 261 2323 317 XIII.

3442 269 3546 324 530

254 367 320 408 ac
343 353 528 425 figurae
548 364 602 410 et
621 354 834 426 formae,
860 362 1015 419 siculi
1043 364 1127 420 his
1153 367 1318 439 liquet
1353 369 1623 441 Lucretii,
1678 389 1838 445 quem
1869 377 1920 436 Α
1944 385 2059 431 cata
2080 373 2268 432 IEneze
2288 391 2436 431 arma
2459 377 2568 448 jam
2595 394 2752 450 supra
2781 379 2982 450 Virgilii
3011 379 3187 436 citatis
3212 381 3546 439 carminibus

253 447 503 519 Scriptor
533 458 718 506 uoster
740 466 888 524 saepe
911 459 1173 528 sequitur,
1203 462 1448 518 versibus
1476 484 1489 520 :

938 595 1108 649 On'tnia
1126 601 1471 664 principiorum

343 652 692 709 Formamenta
711 670 900 726 queunt
916 661 1108 726 inquot
1122 652 1164 711 is
1183 652 1296 726 esse
1321 668 1500 714 nitore.

929 722 1166 787 (Lucret,
1195 722 1276 776 lib.
1299 741 1349 787 ιι,
1378 740 1504 780 vers.
1521 729 1658 793 818.)

851 870 1143 912 Αιιτιουιυε
1169 872 1229 912 ΙΙ.

249 979 406 1054 Quam
430 990 751 1054 commentitii
775 989 872 1039 sint
890 990 957 1041 dii
975 1029 988 1046 ,
1014 1005 1137 1054 quos
1159 993 1346 1042 ethnici
1370 995 1519 1044 variis
1538 995 1726 1043 artibus
1750 997 1842 1044 im-

311 1045 457 1118 butos
481 1059 564 1099 aut
590 1050 848 1118 prefer-tos
885 1045 1230 1118 ρεπιιυδιηη,
1255 1057 1336 1104 ubi
1369 1058 1432 1105 de
1458 1056 1682 1118 Apolline
1710 1068 1840 1115 vale,

315 1107 475 1178 littora
491 1107 1177 1178 przenuntiante,'IEseulapio
1199 1107 1406 1176 medico,
1447 1107 1661 1168 volcano
1685 1107 1839 1178 fabro;

311 1171 530 1224 Tritonia
547 1189 635 1222 seu
659 1171 948 1238 'l'titngenia
973 1188 1025 1228 et
1062 1171 1285 1229 Arat-bne
1310 1171 1544 1237 textrina,
1570 1190 1620 1230 et
1639 1171 1840 1232 Atalan;

313 1240 395 1306 tea
410 1238 670 1306 progenie,
689 1240 793 1288 sive
808 1241 943 1306 tlalvg
957 1255 1012 1290 so
1037 1244 1230 1293 czeteris
1248 1243 1609 1306 eloquentiore,
1627 1245 1691 1293 de
1715 1245 1838 1304 aliis,

313 1298 612 1368 qui'artibus
634 1310 717 1350 aut
751 1298 975 1368 scieniiis
1015 1318 1230 1366 praeesse
1268 1298 1692 1368 ﬁngebanturmti
1722 1298 1840 1356 l’or-'

314 1366 461 1430 titulis
500 1364 812 1430 navigationi.
855 1364 1091 1430 armentis
1137 1376 1190 1417 et
1230 1364 1469 1430 gregibus
1516 1370 1679 1427 Pales,
1708 1370 1838 1419 unde

309 1419 502 1496 i’alilia,
539 1419 849 1496 lntiuussive
893 1429 992 1496 Pan
1019 1419 1566 1496 anilitaldiits,"Pythius
1587 1419 1838 1483 arit'danti-

313 1484 420 1556 bus.
444 1491 773 1557 regumgazis
795 1490 1138 1557 locupletatus,
1167 1501 1220 1543 et
1255 1484 1518 1545 'futelares
1542 1497 1712 1546 tutela:
1747 1497 1838 1546 ho-

315 1553 496 1619 minum
519 1553 756 1612 praefecti.

317 1678 473 1734 Aliud
491 1692 678 1735 contra
702 1681 888 1737 falsam
911 1684 1145 1752 illorum,
1163 1702 1300 1757 quos
1320 1689 1552 1758 gentiles
1566 1690 1830 1755 colebant,

1951 469 2306 524 ostendimus.
2335 469 2428 526 Ille
2457 486 2588 526 vero
2617 472 2730 541 ipse
2764 471 3029 528 Vulcanus
3058 483 3161 540 est,
3190 472 3343 542 cujus
3374 474 3426 528 in
3462 486 3547 531 tu-

1952 563 2053 618 tela
2096 564 2267 634 ignem
2309 565 2472 619 fuisse
2503 564 2629 618 alibi
2663 567 2864 620 Auctor
2915 576 3100 621 noster
3141 580 3434 623 asseverat.
3477 572 3548 627 At

1948 655 2016 710 de
2038 670 2104 710 eo
2131 671 2229 710 nos
2258 657 2307 710 in
2342 658 2606 727 superiori
2639 660 2942 729 Apparatus
2971 662 3136 715 n0stri
3163 671 3308 716 tomo
3330 661 3542 731 (Cicer.,

1947 748 2036 803 lib.
2083 765 2140 805 ιιι
2188 749 2250 804 de
2302 749 2493 805 Natur.
2548 752 2728 817 deam,
2777 770 2897 825 pag.
2946 753 3072 818 248,
3105 755 3196 809 lin.
3230 755 3296 819 2;
3335 755 3540 829 Virgil.,

1947 843 2036 896 lib.
2077 859 2172 898 VIII
2231 843 2447 900 rEneid.
2470 889 2484 913 ,
2538 849 2795 904 vers.570
2822 859 2867 902 et
2888 866 3062 921 seqq.;
3095 851 3308 917 Arnob.,
3341 853 3430 907 lib.
3462 869 3542 920 ιιι,

1955 955 2076 1007 pag.
2112 940 2231 1004 Hl;
2263 950 2384 994 tam.
2420 958 2432 994 I
2466 942 2687 1012 Appar.,
2719 961 2839 1016 pag.
2868 944 2971 1000 776
2996 955 3042 999 et
3062 947 3268 1017 infra).

2014 1029 2144 1095 Quae
2194 1041 2371 1086 autem
2420 1032 2522 1088 diis
2577 1035 2767 1100 nebat,
2803 1052 2864 1090 ac
2895 1049 3069 1092 vestes
3098 1041 3328 1107 trilices,
3360 1041 3411 1096 id
3439 1051 3541 1110 est,

1944 1121 2113 1176 tribus
2162 1123 2297 1178 liciis
2350 1127 2764 1183 versicoloribus
2818 1129 3090 1185 confectas
3134 1131 3220 1196 iis,
3251 1134 3360 1187 sine
3397 1151 3547 1190 onere

1944 1215 2270 1287 imponebat,
2302 1219 2416 1275 Ita-.0
2447 1222 2514 1276 ab
2537 1224 2772 1278 Arnobin
2800 1237 2984 1280 nostro
3025 1227 3264 1282 Tritonia
3319 1241 3545 1286 vocatur

1941 1308 2181 1377 (Aruob.,
2207 1310 2292 1364 lib.
2322 1328 2376 1373 ιι.
2411 1331 2530 1383 pag.
2563 1315 2701 1383 “:2,
2733 1331 2776 1370 et
2807 1317 2892 1371 lib.
2929 1334 3020 1383 vu,
3052 1336 3169 1391 pag.
3201 1320 3334 1386 228;
3389 1323 3542 1394 infr.,

1941 1417 2055 1469 cap.
2086 1405 2172 1470 M,
2197 1415 2295 1457 art.
2327 1406 2403 1475 5).
2439 1406 2612 1462 Pallas
2640 1420 2816 1463 autem
2853 1411 2964 1465 haac
2993 1421 3104 1476 est,
3135 1429 3230 1466 seu
3263 1413 3500 1470 Minerva
3524 1459 3540 1483 ,

1940 1507 2061 1562 qua:
2084 1497 2210 1552 ideo
2232 1495 2493 1565 Tritonia,
2526 1500 2636 1553 sive
2669 1500 2925 1569 Tritonis,
2956 1504 3038 1558 vel
3069 1504 3379 1576 Tritogenia
3411 1524 3544 1562 nun-

1938 1595 2128 1657 cupata
2151 1587 2282 1655 fuit,
2310 1600 2402 1644 aut
2422 1592 2546 1662 quia
2569 1609 2635 1647 ex
2661 1592 2808 1649 Jovis
2829 1597 3054 1650 cerebro
3085 1610 3223 1663 orta,
3243 1610 3358 1666 aut,
3385 1610 3441 1654 ut
3471 1602 3544 1654 ait

1940 1677 2208 1747 Lucanus,
2239 1693 2294 1737 et
2324 1694 2445 1754 pOsl
2469 1702 2592 1740 eum
2625 1686 2878 1754 Servius,
2919 1705 2946 1741 a
2977 1690 3196 1746 Tritone
3226 1691 3420 1747 Africa:
3453 1709 3546 1764 pa-
3607 1721 3612 1726 -

245 1772 582 1830 divinitatem
613 1788 987 1847 argumentum
1018 1781 1140 1836 inde
1165 1781 1297 1852 petit
1338 1785 1640 1850 Arnobius,
1693 1784 1831 1854 quod

1941 1774 2065 1830 lude
2094 1817 2109 1842 ,
2166 1777 2314 1846 juxta
2374 1795 2532 1848 quam
2581 1793 2702 1834 nata
2748 1781 2945 1836 dicitur
2989 1783 3254 1850 (Lucam,
3307 1785 3395 1840 lib.
3451 1802 3540 1852 Ix,

246 1869 448 1926 ethnici
499 1887 595 1927 eos
643 1873 918 1939 artilices,
970 1888 1132 1945 atque
1179 1877 1372 1931 artimn
1405 1888 1460 1932 et
1489 1879 1833 1933 scientiarum

246 1963 509 2032 praesides
564 1966 962 2033 proclamarent
997 1987 1008 2022 :
1048 1989 1065 2021 ι
1103 1969 1238 2024 Deos
1270 1989 1290 2022 ι
1324 1971 1466 2025 enim
1505 1991 1523 2023 ι
1563 1971 1718 2026 nobis
1751 1973 1836 2026 in-

245 2059 475 2124 ducitis,
513 2082 532 2115 ι
569 2064 730 2119 verba
775 2065 919 2120 illius
957 2075 1083 2120 sunt
1135 2067 1382 2123 ethnicos
1431 2069 1830 2138 compellantis,

255 2171 276 2204 ι
313 2154 448 2208 alios
475 2153 674 2221 fabros,
715 2157 849 2212 alios
893 2159 1151 2226 medicos,
1181 2161 1316 2215 alios
1344 2163 1596 2226 lanarios,
1622 2173 1832 2228 nautas,

248 2242 572 2311 citharistas,
605 2249 866 2316 aulaedos,
898 2261 1214 2318 venatores,
1265 2265 1543 2322 paStores,
1593 2265 1647 2310 et
1692 2257 1837 2326 quod

243 2351 564 2408 supererat,
618 2345 871 2400 rusticos.
910 2365 930 2398 ι
994 2344 1212 2419 (Arnob.
1236 2392 1250 2414 ,
1294 2349 1384 2404 lib.
1413 2365 1502 2408 ιιι.
1533 2367 1649 2420 pag.
1685 2351 1834 2421 111.)

240 2431 429 2503 Neque
459 2434 573 2491 htec
596 2436 798 2493 ethnici
819 2482 832 2501 ,
859 2455 889 2494 a
920 2441 1276 2511 scriptorilms
1305 2443 1420 2498 suis
1448 2459 1593 2513 saepe
1640 2445 1838 2514 sa'pius

243 2526 532 2583 decantata
563 2572 576 2593 ,
633 2548 832 2604 negare
885 2544 1152 2604 poterant.
1209 2536 1342 2591 Nam
1372 2547 1429 2591 ut
1457 2539 1649 2593 missos
1678 2555 1838 2610 quam

242 2619 434 2690 plures
456 2620 728 2690 faciamus,
759 2626 872 2680 haec
896 2627 1161 2683 Hesiodus
1191 2629 1242 2682 in
1275 2629 1584 2700 Theogonia
1615 2633 1834 2687 cecinit.

241 2714 391 2769 Deos
421 2731 547 2771 vero
572 2720 806 2775 rusticos
834 2736 897 2774 ac
933 2729 1179 2791 pastores
1221 2725 1464 2793 agnoscit
1493 2725 1607 2793 ipse
1635 2727 1840 2797 quieos

237 2809 457 2865 invocat
487 2811 738 2882 Virgilius
765 2813 1008 2887 (Virgil.,
1033 2817 1146 2870 init.
1179 2817 1310 2872 lib.t
1343 2817 1627 2891 Georgia).

312 2904 452 2969 Quid
495 2915 676 2960 autem
733 2907 814 2962 liis
866 2909 1119 2964 absurdis
1171 2912 1484 2980 Opinionem
1515 2913 1840 2969 commentis

238 2997 440 3053 divina:
469 3011 677 3055 naturae
705 3004 873 3073 magis
901 3005 1250 3073 oppositum?
1277 3005 1542 3066 Numquid
1575 3008 1739 3064 enim.
1765 3007 1838 3062 ait

239 3093 446 3147 Auctor
494 3108 698 3158 nosrer,
743 3096 792 3149 in
821 3097 974 3151 cwlis
997 3106 1120 3152 sunt
1153 3114 1297 3164 rura,
1321 3113 1442 3169 quae
1468 3115 1495 3150 a
1525 3100 1626 3153 diis
1651 3099 1838 3154 colan-

1940 1885 2065 1922 vers.
2093 1871 2192 1925 5H
2230 1881 2275 1924 et
2311 1887 2457 1940 seq.;
2486 1872 2657 1935 Serm,
2691 1873 2743 1926 in
2771 1874 2860 1926 lib.
2894 1889 2928 1928 ιι
2973 1873 3213 1941 Αζιιεὶάη
3243 1895 3360 1948 pag.
3387 1877 3541 1949 252).

1940 1962 2136 2017 Ovidio
2179 1972 2360 2018 autem
2387 1965 2430 2018 si
2463 1963 2620 2020 fidem
2667 1966 2901 2031 habeas,
2955 1969 3112 2024 telam
3158 1970 3246 2024 illa
3289 1973 3540 2041 texebat,

1941 2055 2252 2126 puellasque
2281 2075 2400 2114 eam
2431 2059 2644 2116 texendi
2688 2070 2858 2120 artem
2888 2062 3090 2119 docuit.
3141 2065 3302 2132 Audi,
3334 2081 3538 2138 quaeso,

1941 2149 2084 2205 illius
2113 2151 2352 2206 carmina
2385 2171 2398 2205 :

2095 2284 2710 2355 Pallitde_placata,‘lanam
2740 2290 2950 2352 mollite,
2973 2294 3152 2355 puellae
3178 2309 3190 2344 :

2184 2347 2373 2399 Disciie
2383 2350 2481 2412 jam
2503 2347 2671 2413 plenas
2689 2347 3135 2404 exorierare'colos.

2096 2408 2182 2458 Illa
2192 2413 2346 2478 etiam
2370 2408 2562 2462 stantes
2579 2416 2714 2464 radio
2734 2429 3030 2478 percurrere
3058 2417 3184 2468 telas

2190 2472 2380 2538 Erudit,
2412 2484 2463 2524 et
2481 2491 2642 2524 rarum
2669 2472 2867 2538 pectine
2886 2481 3062 2528 densat
3085 2493 3223 2538 Opus.

2097 2534 2234 2601 Hanc
2259 2537 2386 2596 cole,
2411 2540 2494 2601 qui
2516 2534 2730 2589 maculas
2755 2542 2884 2590 Ia:sis
2900 2544 2963 2589 de
2982 2534 3206 2593 vestibus
3228 2545 3419 2601 aufers.

2187 2598 2324 2649 Hanc
2347 2598 2455 2650 cole
2479 2601 2750 2652 velleribus
2769 2605 2992 2668 quisquis
3008 2605 3167 2655 ahena
3191 2621 3346 2669 paras.

2441 2679 2626 2748 (Ovid.,
2649 2681 2732 2734 lib.
2758 2699 2808 2734 ιιι
2832 2686 3045 2750 Fastor.,
3071 2690 3158 2738 sub
3180 2686 3290 2752 ﬁn.)

1938 2808 2207 2865 Praeterea
2239 2809 2330 2865 ille
2360 2811 2555 2864 cecinit
2583 2811 2824 2880 ejusdem
2855 2812 3088 2868 Palladis
3126 2829 3248 2869 cum
3277 2816 3530 2873 Arachne
3626 2828 3630 2833 '

1941 2900 2010 2956 de
2041 2903 2274 2956 lanificio
2321 2903 2537 2971 telaque
2577 2905 2804 2959 texenda
2859 2917 3172 2972 certamen,
3217 2918 3271 2962 et
3301 2911 3428 2981 quid
3473 2913 3541 2967 ab

1941 3007 2168 3062 utraque.
2215 2996 2411 3048 factum
2445 2993 2603 3050 fuerit
2665 2995 2859 3066 (Idem,
2891 2998 2981 3052 lib.
3024 3013 3076 3053 vr
3123 2998 3360 3068 Metam,
3394 3005 3537 3074 init,

1942 3107 2061 3160 pag.
2089 3090 2192 3145 187
2214 3101 2256 3144 et
2283 3090 2433 3160 seq.).
2465 3091 2705 3160 Denique
2724 3091 2898 3149 Julius
2925 3093 3216 3160 FirtniCUs,
3245 3097 3331 3152 ubi
3361 3099 3429 3154 de
3449 3116 3543 3155 va-

241 3192 362 3249 tur;
395 3196 606 3240 montes
628 3200 681 3240 et
703 3188 892 3257 sylvze,
923 3188 1011 3242 ubi
1040 3189 1112 3242 illi
1142 3200 1430 3253 venentur;
1477 3189 1672 3244 infirmi
1699 3231 1713 3254 ,
1744 3191 1831 3260 qui

1941 3185 2033 3238 riis
2056 3185 2344 3238 Minervis:
2377 3205 2396 3236 ι
2427 3185 2551 3240 Fuit
2577 3189 2700 3251 alia,
2739 3207 2757 3239 ι
2787 3189 2980 3259 inquit,
3017 3209 3037 3242 ι
3074 3193 3124 3245 in
3151 3191 3408 3265 Egypto,
3433 3195 3540 3251 Nili

239 3278 310 3332 ab
337 3279 417 3333 eis
442 3291 734 3345 curentur;
765 3282 935 3336 aliave
964 3284 1097 3341 loca.
1134 3284 1221 3338 ubi
1249 3296 1461 3339 caetera).
1485 3297 1630 3340 artes
1657 3287 1724 3340 ab
1755 3287 1837 3356 ip—

241 3372 320 3426 sis
341 3373 737 3428 exerceantur?
767 3379 896 3440 Quae
927 3377 1099 3445 major
1125 3377 1418 3446 insulsitas,
1451 3388 1505 3434 et
1529 3381 1835 3448 insolentia,

236 3479 402 3534 quam
430 3466 574 3520 serio
612 3467 796 3522 dicere
838 3467 979 3522 hunc
1021 3467 1181 3523 deum
1229 3471 1403 3540 aliqua
1452 3472 1618 3526 imbui
1677 3485 1832 3542 arte,

238 3570 402 3625 quam
457 3558 593 3612 alius
636 3559 884 3628 ignorare
930 3561 1158 3615 debeat?
1203 3562 1340 3628 Quid
1372 3564 1638 3632 putidius,
1673 3581 1834 3634 quum

240 3663 491 3703 asserere
542 3649 630 3704 uni
676 3652 790 3706 deae
837 3652 1138 3720 laboranti,
1182 3656 1265 3710 vel
1311 3659 1588 3727 mgrotanti
1639 3673 1832 3727 opem,

244 3754 412 3809 quam
442 3743 524 3796 illa
555 3744 655 3798 sibi
691 3745 830 3800 ferre
861 3765 964 3802 non
995 3759 1226 3816 poterat.
1255 3751 1322 3804 ah
1343 3751 1440 3804 alia
1478 3768 1633 3820 posse
1665 3752 1836 3807 ferri?

322 3833 535 3889 Frustra
571 3853 733 3907 ergo,
777 3840 850 3893 uti
898 3842 1244 3910 prosequitur
1295 3844 1562 3897 Arnobius
1595 3845 1832 3914 (Arnob,

237 3929 332 3984 lib.
362 3945 447 3990 ιιι,
479 3947 592 4000 pag.
623 3932 752 4001 “2)
774 3973 788 3996 ,
822 3932 1021 3986 ethnici
1056 3935 1416 4003 opinabantur
1444 3934 1720 3989 Lalanium
1751 3953 1838 3990 va-

235 4032 356 4088 tem,
389 4025 638 4078 nimirmn
685 4024 990 4096 Apollinem
1036 4027 1204 4092 Jove,
1235 4039 1290 4082 ut
1335 4029 1600 4094 diximus,
1636 4041 1685 4087 et
1736 4031 1836 4086 La-

236 4127 368 4170 tona
395 4127 602 4182 natum,
625 4119 729 4171 alio
757 4118 880 4182 deo,
911 4120 958 4172 id
991 4131 1094 4182 est,
1128 4119 1262 4176 Jove
1308 4121 1422 4189 ipso
1461 4122 1738 4192 impletum
1771 4139 1833 4178 ea

235 4209 454 4264 cmteris
505 4210 627 4274 diis,
669 4226 788 4281 qua:
842 4212 1189 4277 nesciebant,
1249 4215 1634 4284 praenuntiam.
1673 4215 1835 4272 Vetus

235 4300 385 4356 enim
413 4311 570 4369 poeta
596 4302 720 4356 olim
749 4305 978 4358 canebat
1003 4322 1016 4356 :

429 4456 589 4495 Στὲλλιιν
608 4455 702 4502 ὅπως
725 4458 892 4509 τάχιστ(
918 4460 1037 4496 ταῦτα
1057 4457 1125 4509 γὰρ
1139 4461 1258 4509 πατὴρ

433 4520 517 4564 Ζιὺς
543 4520 683 4569 lpum
704 4520 820 4559 λοὲἰα.

399 4593 641 4655 Cilissime
664 4591 758 4640 huc
782 4592 986 4655 venire;
1013 4605 1223 4655 namque
1247 4591 1359 4642 talia

399 4653 611 4718 Apollini
635 4663 774 4718 pater
798 4652 1016 4717 loquenti
1041 4652 1284 4718 suggerit.

240 4780 457 4836 Videsis
482 4797 542 4835 ea
567 4781 633 4836 de
657 4798 714 4836 re
731 4781 970 4836 Natalem
994 4781 1255 4835 Comitem
1286 4781 1440 4854 (Nat.
1457 4781 1626 4848 Com.,
1663 4782 1750 4838 lib.
1784 4799 1837 4838 tv

237 4875 494 4946 Mylltol.,
522 4893 635 4947 cap.
673 4878 758 4938 10.
790 4895 908 4948 pag.
940 4874 1092 4947 559).
1183 4927 1186 4931 .

313 4971 610 5040 Perperam
636 4987 847 5042 quoque
871 4971 1214 5026 venditabant
1245 4971 1607 5041 Epidaurinm,
1640 4972 1689 5026 id
1713 4981 1828 5038 est,

236 5063 614 5129 Esenlapium
637 5106 652 5130 ,
681 5064 749 5118 de
778 5081 884 5134 quo
918 5079 1014 5118 nos
1038 5065 1147 5132 jam
1183 5064 1322 5119 hand
1370 5065 1536 5119 semel
1580 5065 1836 5119 disserui-

238 5171 389 5220 mus,
417 5153 644 5209 aliorum
695 5154 900 5208 Inm'bis
923 5163 978 5208 et
1010 5153 1324 5209 vulnerilms
1368 5155 1570 5209 mederi
1613 5153 1786 5227 (Tom.
1819 5171 1836 5209 ι

238 5247 498 5316 Apparet.
524 5289 538 5310 ,
569 5264 686 5317 pag.
722 5247 824 5302 754
853 5256 900 5299 et
934 5245 1099 5309 1195,
1135 5256 1182 5299 et
1203 5264 1300 5316 sap
1345 5290 1358 5306 .
1389 5264 1505 5315 cap.
1537 5246 1587 5311 9,
1623 5259 1721 5300 art.
1753 5247 1834 5317 2).

237 5340 401 5409 Quod
428 5357 552 5394 vero
575 5341 788 5408 subjirit
809 5341 1073 5394 Arnobius
1093 5341 1331 5412 (Arneb.,
1351 5340 1440 5395 lib.
1466 5357 1542 5403 tu,
1565 5357 1683 5411 pag.
1709 5341 1832 5409 115,

238 5447 290 5490 et
319 5436 410 5488 lib.
437 5450 506 5499 iv,
544 5453 663 5505 pag.
700 5432 850 5504 145),
886 5433 1181 5488 Volcanum
1213 5449 1360 5488 arma
1393 5433 1704 5500 fabricasse,
1755 5436 1839 5489 vel

237 5542 297 5584 ut
327 5529 490 5590 alibi,
519 5531 659 5599 apud
685 5528 906 5583 insulam
957 5526 1203 5582 Lenmum
1251 5528 1457 5600 fabrilia
1497 5545 1652 5597 opera
1697 5545 1841 5583 exer-

232 5623 547 5686 cuisse,hoc
570 5634 840 5691 sumptum
873 5621 1056 5690 procnl
1081 5621 1247 5674 dubio
1277 5621 1372 5674 fuit
1403 5636 1467 5675 ex
1501 5623 1647 5676 hisce
1677 5620 1840 5676 Tullii

237 5713 433 5771 verbis
461 5732 473 5766 :
508 5713 772 5768 Volcanus
798 5715 975 5766 tertius
1005 5729 1068 5768 ex
1097 5712 1245 5766 tertia
1272 5711 1401 5767 Jove
1429 5723 1476 5766 et
1504 5713 1733 5782 lunone,
1757 5714 1843 5784 qui

231 5809 456 5864 Lemma
489 5807 696 5877 [abiit-re
724 5806 912 5861 dicitur
938 5807 1221 5876 prrrfuisse.
1241 5806 1323 5864 Ab
1352 5807 1444 5864 illo
1463 5819 1640 5867 autem
1673 5809 1840 5867 labri-

1941 3279 2081 3349 regis
2109 3277 2240 3344 lilia,
2276 3281 2522 3334 textrina:
2547 3281 2681 3335 artis
2713 3283 2991 3353 magistra.
3027 3303 3046 3336 ι
3079 3283 3342 3355 (Firmic.,
3377 3289 3441 3343 de
3460 3306 3541 3343 er-

1940 3389 2048 3427 ror.
2086 3373 2269 3445 praplt.
2307 3374 2484 3444 relig.,
2518 3391 2641 3443 pag.
2675 3374 2788 3443 20).
2819 3375 2926 3431 Sed
2959 3377 3010 3431 id
3032 3378 3267 3448 gentiles
3312 3382 3542 3450 probare

1941 3483 2230 3538 numquam
2264 3477 2576 3538 potuerunt.

2014 3560 2255 3630 Denique
2293 3562 2534 3616 Atlantea
2562 3562 2688 3631 (ms.
2721 3561 2890 3618 codex
2925 3578 3038 3634 reg.
3079 3563 3321 3638 Alantea)
3352 3584 3539 3640 proge-

1938 3657 2067 3719 nies,
2086 3669 2229 3723 quae,
2244 3653 2484 3708 sicutiait
2504 3655 2775 3709 Arnobius
2799 3654 3040 3728 (Arnob.,
3057 3657 3148 3712 lib.
3165 3673 3223 3724 ιι,
3242 3675 3362 3731 pag.
3384 3662 3442 3716 ll
3459 3661 3535 3735 :3),

1939 3743 2145 3814 eloquii
2186 3746 2388 3814 primas
2432 3745 2624 3801 tulisse
2669 3747 3024 3816 perhibetur,
3072 3766 3249 3806 nonne
3295 3752 3409 3822 ipsa
3457 3769 3541 3810 esr

1938 3834 2174 3908 Calypso
2201 3837 2454 3904 Atlantis,
2483 3839 2557 3892 uti
2583 3838 2819 3892 Homero
2847 3839 3167 3911 Tibullnque
3189 3842 3537 3900 observatum

1938 3927 2201 3999 (flamen,
2244 3930 2404 4000 (Mys.
2439 3946 2503 3995 v;
2539 3930 2756 3998 Tibull.,
2788 3931 2877 3986 lib.
2909 3949 2983 4000 tv,
3017 3934 3146 4005 eleg.
3182 3935 3231 3999 1,
3264 3953 3393 3990 vers.
3421 3937 3535 4010 77),

1940 4023 2080 4086 lilia,
2119 4023 2260 4092 apud
2308 4041 2466 4095 quam
2510 4025 2800 4096 naufragus
2831 4025 3056 4099 Ulysses
3083 4043 3177 4083 sex
3206 4039 3298 4084 aut
3325 4041 3535 4100 septem

1937 4117 2093 4169 annis
2125 4115 2462 4182 diversatus,
2496 4128 2680 4186 postea
2711 4117 2858 4173 lovis
2891 4122 3152 4191 imperio,
3183 4125 3538 4193 quemadmo-

1936 4209 2064 4266 dum
2096 4210 2242 4265 canit
2290 4212 2429 4266 idem
2477 4211 2779 4278 Homerus,
2813 4214 2880 4270 ab
2919 4232 2979 4270 ea
3023 4215 3290 4273 discessit.
3322 4219 3398 4274 De
3441 4221 3536 4276 illa

1939 4304 2080 4360 haud
2118 4307 2286 4360 semel
2329 4306 2580 4374 Ovidius,
2634 4317 2689 4363 et
2732 4309 2821 4362 alii
2863 4308 3064 4381 (Ovid.,
3102 4311 3193 4366 lib.
3234 4328 3268 4366 ιι
3327 4313 3529 4381 Aman,

1934 4399 2065 4470 eleg.
2097 4400 2188 4465 17,
2227 4416 2346 4470 pag.
2372 4399 2499 4466 556,
2543 4400 2634 4456 lib.
2671 4417 2709 4456 tt
2769 4402 2832 4456 de
2872 4403 2986 4458 Art.
3025 4420 3223 4472 aman.,
3257 4423 3377 4478 pag.
3405 4407 3533 4477 442,

1936 4501 1982 4546 et
2008 4493 2158 4563 epist.
2190 4493 2276 4560 ll),
2306 4510 2424 4564 pag.
2455 4494 2605 4562 553).
2645 4495 2916 4566 Numquid
2949 4513 3078 4568 ergo
3103 4497 3338 4572 Calypso
3365 4509 3532 4558 caete-

1862 4589 1913 4647 D
1939 4587 2016 4642 ris
2041 4588 2144 4642 diis
2173 4598 2261 4642 aut
2291 4589 2494 4644 deabus
2523 4590 2866 4660 eloquentior
2895 4594 3046 4647 erat?

2009 4681 2146 4749 Quid
2175 4682 2241 4736 ad
2274 4682 2390 4737 haec
2419 4682 2660 4736 ethnici?
2695 4684 2835 4738 Deos
2857 4726 2869 4746 ,
2902 4687 3215 4755 inquiebant
3235 4731 3248 4753 ,
3281 4703 3388 4743 non
3417 4691 3536 4762 opi-

1937 4777 2089 4842 lices,
2121 4788 2212 4829 aut
2254 4776 2520 4837 artifices,
2565 4775 2660 4830 sed
2699 4777 2894 4831 artium
2937 4780 3394 4850 scientiarumque
3423 4796 3536 4836 ma-

1934 4869 2134 4939 gi~tros
2178 4867 2425 4922 dicimus.
2470 4866 2577 4920 Sed
2623 4882 2782 4936 quam
2831 4882 2964 4921 vana
3019 4869 3291 4940 futiltsque
3318 4873 3389 4926 sit
3419 4871 3534 4928 haac

1939 4962 2224 5033 responsio
2273 4978 2335 5015 ex
2381 4961 2491 5030 jam
2532 4959 2691 5014 dictis
2727 4969 2905 5029 patet,
2955 4961 3151 5030 quibus
3196 4965 3536 5021 ostendimus

1937 5072 2096 5128 quam
2145 5061 2518 5110 asseveranter
2577 5052 2780 5108 ethnici
2831 5063 3086 5108 tractatas
3139 5054 3206 5109 ab
3259 5057 3337 5112 eis
3388 5069 3536 5113 artes

1944 5152 2320 5222 prmdicarent.
2357 5146 2460 5202 Fac
2488 5158 2665 5201 tamen
2694 5145 2828 5201 deos
2857 5161 2918 5200 ac
2944 5145 3074 5202 deas
3103 5149 3383 5218 praluisse
3412 5159 3533 5204 tan-

1945 5258 2055 5302 tum
2085 5245 2311 5299 artibus.
2344 5243 2436 5296 Dic
2459 5257 2588 5312 ergo
2617 5257 2848 5307 quonam
2879 5241 3042 5295 modo
3074 5243 3194 5295 illas
3218 5241 3415 5298 docere
3442 5257 3536 5313 po-

1947 5341 2168 5404 tucrint,
2206 5337 2308 5392 nisi
2338 5338 2402 5390 iis
2431 5338 2578 5406 prius
2607 5335 2820 5400 imbuti,
2852 5350 2915 5389 ac
2947 5334 3102 5405 primi
3134 5335 3334 5389 fuerint
3361 5336 3535 5391 artifi-

1945 5434 2069 5490 ces?
2098 5431 2368 5486 Przcterea
2397 5447 2518 5486 cum
2554 5429 2734 5483 nullus
2773 5429 2844 5483 sit
2887 5429 3094 5483 artibus
3135 5429 3275 5497 apud
3306 5444 3536 5500 superos

1947 5529 2096 5583 locus
2119 5567 2132 5590 ,
2163 5540 2257 5580 cur
2285 5524 2485 5579 ethnici
2517 5523 2709 5578 frustra
2740 5521 2870 5575 deos
2898 5520 3161 5589 quosdam
3191 5519 3292 5575 hac
3319 5522 3405 5575 vel
3448 5521 3538 5576 illa

1947 5630 2152 5676 tantum
2194 5629 2311 5673 arte
2342 5629 2392 5673 et
2426 5615 2649 5672 scientia
2681 5611 2951 5668 excellere
2989 5612 3338 5683 garriebant?
3369 5611 3543 5669 Verus

1947 5716 2092 5772 enim
2147 5715 2285 5770 Deus
2325 5712 2504 5770 omnia
2548 5711 2716 5774 sciat,
2758 5706 3006 5778 nihilque
3047 5707 3266 5778 penitus
3294 5709 3552 5780 ignoret.

1947 5815 2173 5872 omnino
2205 5823 2427 5869 necesse
2451 5815 2550 5865 est.
