4158 6264
613 292 715 371 ssi

1866 309 2318 381 DlSSEBTA'l‘iO
2354 310 2630 383 naiasin

3791 309 3901 375 δῆμε

685 431 796 489 Nec
820 430 988 493 hilum
1012 442 1142 505 vero
1173 427 1227 487 hi
1265 428 1687 499 promovebant,
1719 427 1812 505 qui
1842 427 2205 498 opinabantur
2232 443 2288 503 Α
2312 428 2505 489 Lilium
2533 428 2832 499 Giraldum,
2862 429 3193 499 Tuntebntn,
3217 440 3274 491 et
3292 431 3431 503 alios
3452 428 3634 503 (ὅση,
3662 428 3751 489 lib.
3778 443 3897 495 χιιι,

613 525 821 583 artibus
843 536 1029 589 revera
1054 534 1289 592 praeesse
1315 519 1484 591 deos;
1511 531 1566 579 ιιι
1591 535 1776 591 eorum
1800 535 1927 587 cura
1958 531 2012 577 et
2037 519 2209 587 admi-

616 616 938 683 nistratione
960 614 1138 669 omnia
1164 614 1320 669 nobis
1344 611 1573 669 feliciter
1595 612 1809 669 cedant.
1833 611 2108 675 Arnobius
2134 612 2207 669 sic

614 712 830 784 quidem
861 710 911 763 id
937 708 1283 771 falsissimum
1307 722 1428 765 esse
1448 707 1720 765 convincit
1744 706 1982 777 (Arnob.,
2011 706 2102 765 lib.
2128 722 2206 773 nt,

618 822 738 877 pag.
779 801 927 874 115).
959 804 1100 868 Quot
1129 802 1331 857 etenim
1360 810 1668 871 quantaque
1688 842 1703 867 ,
1733 800 1926 871 inquit,
1963 801 2210 875 lipmines

617 898 893 968 naulragia
935 896 1169 962 iaciunt,
1202 896 1412 950 tametsi
1467 895 1735 953 Portunus
1781 894 2211 966 navigationibus

616 993 939 1065 prmt'ectus,
973 1002 1110 1051 teste
1136 990 1391 1064 Virgilio,
1435 991 1681 1047 dicatur?
1712 992 1786 1069 De
1814 991 1906 1049 illo
1943 992 2211 1067 siquidem

614 1088 736 1146 haec
764 1088 853 1147 ille
881 1088 1107 1144 canebat
1131 1105 1144 1142 :

714 1204 933 1331 ﬁgam:
958 1205 1063 1267 ipse
1088 1215 1233 1255 manu
1257 1215 1433 1266 magna
1458 1203 1706 1255 Portunus
1725 1208 1929 1254 euntem

798 1324 809 1341 ⁷
1121 1326 1348 1393 (Virgil.,
1376 1325 1460 1379 lib.
1485 1343 1514 1377 v
1541 1325 1754 1389 Eadm,
1780 1339 1904 1378 rers.
1924 1324 2060 1386 240.)

620 1438 842 1497 Ovidius
866 1451 994 1493 vero
1022 1454 1035 1491 :

716 1532 873 1595 Quem
898 1544 986 1580 nos
1007 1530 1275 1580 Portunum
1300 1543 1385 1595 sua
1410 1528 1577 1592 lingua
1598 1527 2050 1595 Paltemqnaidicet,

807 1594 942 1653 Esto,
969 1606 1160 1657 precor,
1189 1591 1553 1657 nostﬁsgequus
1571 1591 1947 1657 nterquelocts:
1971 1656 1975 1657 ί
2036 1591 2049 1630 ῖ

1119 1653 1307 1719 (Obiit,
1332 1652 1416 1709 lib.
1440 1652 1486 1711 vt
1512 1652 1726 1716 Faslqri,
1748 1666 1873 1711 vers.
1895 1654 2032 1718 490.)

619 1761 893 1819 Portunus
929 1758 1127 1829 quippe
1155 1772 1331 1828 graece
1355 1757 1626 1813 Palaemon
1642 1799 1659 1823 ,
1688 1769 1852 1827 atque
1876 1759 2042 1814 etiam
2064 1758 2213 1813 Meli-

2311 523 2467 578 Noct.
2493 524 2673 589 Attia,
2697 541 2814 596 cap.
2848 523 2952 589 2‘2;
2982 522 3185 587 ϐίαιά.
3213 537 3473 597 syntagm.
3496 524 3550 588 1,
3581 538 3702 594 pag.
3731 520 3822 587 48,
3851 530 3903 577 et

2310 628 2513 688 sgntag.
2546 618 2636 680 17,
2664 633 2785 689 pag.
2819 616 2960 691 5'25;
2991 615 3239 685 Turneb.,
3265 617 3352 671 lib.
3382 632 3475 671 xu
3502 613 3633 669 Adv.
3664 630 3783 684 cap.
3810 613 3901 681 11,

2312 729 2432 784 pag.
2464 710 2611 782 140).

2383 803 2546 861 lnuus
2574 818 2731 869 vero,
2774 803 2928 874 cujus
2964 802 3141 858 adhuc
3185 812 3374 858 auctor
3415 810 3598 856 noster
3628 798 3901 867 meminit,

2313 897 2455 953 idem
2479 907 2615 962 erat,
2634 908 2769 952 teste
2791 896 3080 960 Maerobio,
3109 906 3269 966 atque
3294 894 3426 956 Pan,
3451 893 3586 950 sive.
3611 902 3669 946 ut
3686 892 3904 947 Servius

2313 991 2567 1045 observat
2591 1008 2604 1042 :
2638 1008 2655 1040 ι
2687 982 2849 1043 Inuus
2871 989 3034 1043 latine
3054 987 3372 1057 appellatur,
3396 999 3571 1056 grazce
3597 986 3698 1039 Πὰν
3723 1001 3736 1036 :
3764 982 3902 1037 idem

2315 1083 2548 1155 ἐφιάλτης
2575 1095 2780 1152 grates,
2828 1080 2995 1135 latine
3038 1079 3259 1134 Incubo.
3309 1077 3452 1133 idem
3496 1076 3733 1142 Faunus,
3765 1076 3903 1131 idem

2315 1176 2539 1241 Fatuus,
2572 1174 2870 1245 Fatuellus.
2906 1173 3111 1239 Dicitur
3150 1182 3329 1237 autem
3369 1172 3533 1231 lnuus
3558 1167 3631 1229 ab
3668 1168 3908 1227 ineundo

2315 1271 2515 1351 passim
2551 1285 2672 1325 cum
2712 1268 2963 1323 omnibus
2990 1266 3332 1322 animalibus.
3368 1281 3388 1317 ι
3424 1264 3652 1329 Amat,
3682 1261 3775 1317 lib.
3816 1278 3906 1327 ιιι,

2318 1352 2438 1436 pag.
2463 1365 2595 1431 H5;
2626 1360 2878 1427 Macrob.,
2906 1363 2995 1419 lib.
3018 1379 3035 1417 ι
3061 1358 3357 1425 δαιμτηαιο,
3381 1376 3498 1429 cap.
3516 1358 3607 1417 22,
3633 1364 3755 1431 pag.
3778 1355 3909 1425 278;

2321 1458 2493 1525 Serm,
2534 1458 2586 1512 in
2621 1458 2809 1523 lib.,vr
2851 1454 3092 1520 zEneid.,
3122 1470 3242 1529 pag.
3284 1452 3439 1525 4M).
3469 1452 3708 1508 Andlsne
3744 1467 3910 1522 quam

2317 1551 2489 1613 bellus
2529 1550 2619 1609 ille
2647 1551 2720 1606 sit
2758 1550 2890 1606 deus
2912 1588 2928 1617 ,
2959 1557 3013 1603 et
3050 1563 3208 1618 quam
3238 1547 3459 1619 dignum
3504 1544 3605 1611 deo
3643 1542 3764 1615 ejus
3787 1543 3909 1600 ulli-

2318 1645 2504 1701 cium?

2392 1736 2528 1811 Quid
2572 1735 2759 1809 plura?
2793 1733 3125 1805 Divinitatis,
3160 1732 3334 1803 inquit
3358 1730 3649 1807 Arnobius,
3684 1750 3702 1783 ι
3732 1730 3916 1791 scien-

620 1864 769 1912 certa
800 1854 1121 1914 vocabatur.
1151 1867 1215 1909 ac
1254 1852 1707 1922 quemadmodum
1737 1852 1961 1907 Servius
1988 1852 2041 1909 in
2073 1853 2207 1906 cita-

2322 1832 2447 1893 tialn
2479 1831 2701 1909 largitur
2722 1828 3072 1897 ariolantibus
3096 1827 3335 1898 Pythius,
3368 1844 3388 1899 ρ
3416 1824 3666 1895 nimirum
3688 1823 3917 1905 Apollo,

620 1959 734 2005 tum
761 1948 968 2018 Virgilii
993 1961 1236 2012 carmen,
1270 1955 1324 2001 et
1349 1946 1475 2002 alibi
1513 1946 1912 2009 animadvertit,
1943 1944 2082 2000 Deus
2105 1961 2216 1999 ma-

621 2044 796 2106 rinus,
824 2041 909 2111 qui
938 2039 1180 2107 portubus
1207 2048 1409 2107 protest.
1444 2039 1518 2094 De
1546 2039 1638 2094 illo
1662 2049 1844 2094 autem
1865 2076 1881 2104 ,
1913 2038 2033 2106 ejus
2061 2037 2210 2101 inde,

621 2143 677 2189 et
702 2133 874 2199 feriis,
900 2131 953 2189 in
978 2130 1145 2200 ipsius
1177 2131 1440 2191 honorem
1462 2130 1745 2196 institutis,
1773 2128 2102 2185 mentionem
2131 2127 2209 2184 l‘e-

622 2225 696 2280 cit
736 2223 906 2288 Varro
935 2221 1149 2295 (Serm,
1194 2223 1248 2276 in
1301 2221 1390 2275 lib.
1424 2237 1441 2276 ι
1488 2220 1698 2293 Georg,
1732 2237 1852 2291 pag.
1886 2219 1987 2283 9i;
2030 2218 2211 2284 Varro,

622 2319 711 2373 lib.
742 2335 760 2372 1
789 2318 852 2372 de
874 2315 1029 2387 Ling.
1059 2318 1232 2384 latin.,
1267 2333 1385 2387 pag.
1418 2314 1531 2389 50).
1562 2315 1669 2372 Sed
1699 2314 1766 2370 de
1798 2315 1881 2370 Itis
1913 2328 2009 2381 nos
2041 2315 2092 2368 in
2123 2329 2209 2370 se-

622 2413 809 2485 quenti
837 2413 903 2467 de
930 2410 1192 2473 Lactantii
1221 2409 1371 2466 libris
1397 2409 1802 2481 dissertatione.

691 2505 877 2576 Neque
897 2505 1058 2559 etiam
1094 2511 1271 2579 pestes
1299 2512 1350 2561 et
1376 2502 1726 2573 contagiones
1752 2516 1781 2553 a
1809 2498 2210 2571 pecoribus,ait

622 2599 897 2661 Arnobius
940 2596 1210 2669 (Arnob.,
1262 2596 1351 2655 lib.
1401 2612 1494 2663 ιιι,
1527 2612 1649 2667 pag.
1682 2593 1852 2666 115),
1898 2594 2219 2653 avertebant

623 2693 816 2755 Pales,
848 2690 1143 2760 Inousque,
1181 2704 1319 2761 quos
1353 2689 1566 2744 Ethnici
1598 2690 1858 2744 armentis
1882 2698 1936 2744 et
1962 2688 2214 2759 gregibus

622 2790 919 2862 przesidere
940 2787 1361 2842 arbitrabantur.
1388 2786 1544 2841 Pales
1565 2797 1742 2840 autem
1771 2784 2072 2853 ﬁngebatur
2093 2799 2213 2853 pas-

623 2897 800 2945 torum
818 2926 834 2951 ,
877 2884 1020 2950 sive,
1059 2892 1117 2938 ut
1156 2881 1229 2936 ait
1257 2879 1506 2947 Solinus,
1536 2878 1824 2935 Pastoralis
1851 2877 1947 2931 dea
1975 2876 2173 2949 (Salia.
2196 2918 2211 2943 ,

624 2980 910 3051 Polyhist,
938 2994 1057 3044 cap.
1087 2976 1139 3041 1,
1163 2990 1284 3045 pag.
1315 2973 1392 3043 2).
1424 2971 1579 3031 Unde
1609 2970 1850 3031 Ovidius,
1880 2969 1968 3025 ubi
1993 2969 2063 3027 de
2081 2969 2215 3039 pali-

623 3074 782 3138 lihus,
813 3087 906 3129 seu
928 3068 1067 3127 festo
1092 3073 1145 3123 in
1172 3062 1347 3127 uetant
1380 3067 1605 3134 hujusce
1646 3064 1762 3119 dea:
1800 3063 2116 3121 memoriam
2139 3060 2213 3121 XI

622 3164 882 3223 kalendas
907 3164 1097 3227 maias,
1121 3170 1182 3217 ut
1208 3170 1357 3217 notat
1377 3160 1617 3224 Servius,
1650 3157 1764 3217 ﬁeri
1786 3157 1948 3214 solito
1978 3156 2094 3217 haec
2115 3154 2211 3212 de-

526 3321 549 3343 .
621 3260 901 3319 cantavit:
1299 3323 1456 3343 “BM.

1184 3325 1247 3375 Et
1264 3338 1350 3373 nos
1371 3323 1599 3373 faciamus
1615 3321 1674 3370 ad
1690 3333 1866 3371 annum

746 3392 1005 3443 Pastorum
1027 3387 1234 3438 domina:
1259 3386 1459 3449 grandia
1487 3384 1578 3433 lilia
1601 3383 1721 3432 Pali.
1754 3384 1757 3389 ’

1169 3441 1354 3514 (Ovid,
1375 3446 1458 3502 lib.
1484 3463 1529 3499 tv
1553 3449 1765 3506 Fusium
1788 3456 1901 3509 pag.
1920 3441 2056 3506 602.)

627 3559 875 3635 Virgilius
902 3557 1062 3611 etiam
1094 3553 1161 3609 de
1194 3554 1282 3607 illa
1312 3567 1524 3623 quoque
1557 3551 1700 3605 canit
1734 3566 1748 3603 :

716 3676 824 3740 Ipsa
847 3672 996 3740 Pales
1020 3674 1350 3740 agros,_atq_t_te
1373 3667 1480 3740 ips:
1505 3663 1709 3726 reliquit
1732 3661 1919 3740 Applio.

782 3723 945 3801 (Serv.
964 3733 1014 3785 in
1037 3723 1234 3797 ﬁngit,
1256 3723 1343 3783 lib.
1366 3723 1417 3781 ιιι
1437 3723 1632 3791 Georg,
1652 3723 1787 3779 uersi
1806 3727 1851 3786 1,
1873 3737 1986 3790 pag.
2012 3723 2145 3786 19.0.)

623 3848 829 3902 Rursus
875 3851 1053 3895 autem
1088 3837 1157 3893 de
1208 3834 1527 3890 animalibus
1571 3833 1845 3897 dicturus,
1890 3830 1967 3885 sic
2009 3830 2077 3884 ab
2119 3827 2207 3883 illa

623 3939 869 3996 orditur:

714 4032 789 4083 Te
812 4040 1009 4094 quoque
1034 4024 1209 4089 Magna
1230 4022 1522 4094 Pales_......'..:
1553 4031 1805 4094 eaapmus.

1332 4082 1560 4151 (Firgil.,
1586 4082 1735 4149 eclog.
1763 4097 1808 4137 v.
1826 4093 1949 4133 vers.
1975 4081 2050 4141 ι.)

620 4206 767 4274 Quos
794 4206 849 4257 in
879 4213 1102 4264 versus,
1131 4211 1195 4255 ac
1223 4193 1489 4264 praecipue
1522 4191 1575 4244 in
1608 4188 1960 4258 posteriorem
1991 4186 2210 4243 Servius

619 4299 872 4353 observat
899 4293 1042 4348 illam
1071 4301 1283 4359 quoque
1326 4284 1645 4356 pabulorum
1683 4296 1805 4339 esse
1830 4280 1986 4337 deam
2007 4322 2019 4343 ,
2049 4292 2208 4348 quam

620 4389 709 4445 alii
739 4387 979 4449 Vestam,
1010 4382 1102 4437 alii
1128 4380 1353 4435 Matrem
1381 4376 1540 4435 deum
1582 4375 1868 4431 sonabant.
1909 4372 2079 4431 Varro
2107 4387 2208 4429 au-

618 4489 726 4536 tam
758 4492 914 4547 suum
956 4474 1169 4543 utrique
1208 4469 1400 4527 Ovidio
1442 4477 1498 4525 et
1528 4466 1751 4538 Virgilio
1776 4465 2092 4535 suﬂ‘ragium
2124 4465 2208 4526 his

617 4571 798 4627 verbis
825 4566 1022 4629 alicubi
1054 4565 1243 4623 tulisse
1274 4561 1471 4632 legitur
1498 4577 1511 4613 :
1548 4578 1568 4611 ι
1599 4559 1783 4621 Palilia
1812 4576 1843 4613 a
1884 4560 2031 4624 Pale,
2060 4559 2205 4636 quod

2325 1942 2345 1974 ι
2374 1930 2424 1980 et
2458 1940 2553 1979 cur
2584 1923 2801 1994 obliqua
2835 1936 2895 1977 ac
2934 1920 3117 1984 dubia,
3146 1935 3240 1973 cur
3264 1917 3605 1991 obscuritatis
3631 1917 3920 1972 submersa

2318 2016 2571 2087 caligine,
2596 2014 2689 2069 dat
2714 2014 2911 2085 saepius
2932 2011 3408 2082 subministratque
3434 2024 3713 2091 responsa.
3746 2028 3765 2061 ι
3792 2009 3922 2080 (Ar-

2318 2108 2462 2175 nob.,
2487 2108 2573 2163 lib.
2605 2124 2684 2177 tu,
2720 2126 2840 2181 pag.
2874 2105 3019 2179 114).
3049 2106 3113 2161 Et
3144 2116 3289 2161 recte
3318 2103 3557 2179 quidem,
3581 2101 3922 2177 Chrysippus

2318 2204 2516 2281 quippe
2560 2212 2761 2275 totum,
2796 2202 2953 2257 sicuti
2989 2210 3172 2257 narrat
3197 2198 3387 2265 Cicero
3417 2194 3626 2271 (Cicer.,
3651 2195 3743 2255 lib.
3788 2213 3827 2251 ιι
3855 2196 3924 2251 de

2316 2300 2462 2366 Div.,
2495 2317 2615 2375 pag.
2646 2295 2798 2371 9.90),
2844 2298 3091 2351 volumen
3135 2296 3449 2371 impleverat
3492 2292 3755 2365 Apollinis
3785 2306 3923 2346 ora-

2316 2395 2454 2451 culis
2476 2435 2489 2457 ,
2522 2394 2717 2469 partim
2750 2391 2930 2457 falsis,
2958 2390 3153 2481 partim
3194 2404 3320 2444 casu
3348 2388 3510 2454 veris,
3536 2387 3725 2456 parlim
3755 2384 3925 2441 ﬂexi-

2319 2485 2496 2555 loquis
2537 2494 2591 2539 et
2643 2483 2922 2549 obscuris,
2956 2479 3249 2552 interprete
3294 2479 3683 2553 indigentibus;
3716 2480 3923 2550 partim

2315 2579 2611 2657 ambiguis,
2655 2586 2709 2632 ct
2749 2592 2868 2651 quae
2922 2576 2989 2630 ad
3032 2575 3366 2647 dialecticam
3415 2582 3569 2628 erant
3607 2571 3920 2627 telerenda.

2317 2671 2436 2753 ipsa
2484 2686 2611 2725 vero
2655 2670 2852 2729 latinus
2896 2669 3089 2735 Orator
3134 2666 3236 2723 ltoc
3280 2666 3599 2742 quihusdam
3642 2665 3813 2737 Crmsi
3861 2675 3927 2721 et

2318 2762 2512 2841 Pyrrhi
2557 2764 2819 2832 exemplis
2868 2761 3303 2835 manifestissime
3353 2762 3709 2837 demonstrat.
3743 2760 3813 2815 At
3858 2760 3927 2817 lii

2317 2862 2504 2932 procul
2525 2860 2690 2915 dubio
2715 2869 2839 2913 sunt
2867 2858 2973 2931 duo
3003 2873 3179 2927 reges,
3198 2857 3266 2911 de
3296 2855 3509 2927 quibus,
3537 2855 3698 2931 tacito
3727 2854 3915 2907 nomi-

2319 2972 2425 3025 ne,
2491 2954 2605 3007 hare
2655 2957 2857 3010 Auctor
2908 2962 3094 3006 noster
3151 2960 3334 3033 postea
3387 2948 3602 3023 scriptis
3656 2946 3924 3017 tradidit:

2323 3070 2343 3103 ι
2374 3048 2680 3119 Apollinem
2715 3047 2881 3107 ditent
2924 3046 3142 3115 factum,
3172 3061 3264 3100 eos
3296 3045 3444 3119 ipsos
3475 3058 3650 3123 reges,
3681 3057 3923 3118 qttul‘llttt

2316 3146 2461 3222 gazis
2490 3144 2665 3199 fuerat
2703 3142 3057 3213 locupletatus
3087 3151 3139 3196 et
3184 3138 3361 3206 d0nis,
3387 3137 3732 3213 ambiguitate
3762 3134 3927 3191 l'el'el-

2236 3220 2283 3285 (ἶ
2315 3220 2444 3317 lisse
2489 3237 2753 3319 responsi.
2789 3256 2808 3290 ι
2853 3236 3090 3307 (.1νηοὸ.,
3122 3233 3211 3311 iib.
3247 3249 3318 3297 tv,
3362 3249 3483 3303 pag.
3530 3231 3677 3305 155.)
3705 3229 3923 3286 Similia

2318 3334 2475 3405 plane
2500 3332 2769 3403 Lucianus
2794 3331 2877 3393 his
2910 3330 3089 3385 verbis
3128 3329 3335 3399 dixerat
3366 3326 3630 3399 (Lucium,
3658 3322 3865 3395 Dialog.
3902 3342 3920 3378 :

2313 3428 2453 3493 Juno
2486 3438 2530 3497 et
2559 3426 2767 3489 Laton.,
2802 3443 2921 3505 pag.
2955 3424 3045 3498 81)
3075 3442 3087 3476 :
3120 3424 3175 3481 Ὀ
3202 3423 3246 3478 δ’
3264 3422 3504 3499 Ἀπόλλων
3547 3427 3925 3499 ﬂammai-rae
3962 3466 3973 3475 .

2313 3527 2404 3594 μὲν
2424 3524 2593 3595 πάντα
2620 3521 2824 3584 εἰδέναι,
2851 3526 2937 3575 καὶ
2961 3522 3202 3589 τοξεύειν,
3223 3522 3308 3574 καὶ
3324 3522 3610 3594 κιθαρίζειν,
3631 3519 3717 3585 καὶ
3736 3516 3925 3591 ἰατρὸς

2312 3611 2457 3691 εἷνᾳςι,
2493 3620 2579 3675 καὶ
2600 3617 2960 3688 μαντεύεσθαι’
2992 3619 3078 3669 καὶ
3106 3614 3565 3685 καταστησᾴμεγος
3590 3613 3923 3688 ἐργαᾳῖήρια

2312 3717 2403 3770 τῆς
2433 3716 2695 3780 μαντικῆς,
2727 3708 2783 3761 τὸ
2807 3710 2896 3781 μὲν
2917 3708 2967 3762 ἐν
2996 3706 3216 3783 Δελφοῖς,
3244 3707 3301 3761 τὸ
3329 3707 3420 3778 μέν
3446 3706 3494 3765 ἐν
3520 3702 3717 3777 Κλάρῳ,
3750 3705 3839 3756 καὶ
3865 3702 3924 3757 ἓν

2298 3802 2567 3875 ιΔιδυμοῐς.
2590 3805 2823 3872 ἐξαπατᾷ
2839 3804 2959 3861 τοὺς
2989 3802 3291 3876 χρωμένους
3318 3800 3479 3873 αὐτῷ,
3502 3796 3621 3863 λοξά
3644 3800 3731 3851 καὶ
3758 3797 3924 3870 ἐταμ-

2313 3900 2654 3973 φοτιρίζοντα.
2715 3895 2841 3970 πρὸς
2872 3894 3106 3971 ἑκάτερον
3154 3902 3243 3957 τῆς
3288 3892 3587 3969 ἐρωτήσεως
3639 3891 3921 3966 ἀποκρινό-

2311 4010 2483 4062 μενος,
2514 3992 2582 4049 ὡς
2608 3985 2866 4043 ἀκίνδυνον
2900 3982 3029 4041 εἶναι.
3066 3986 3123 4041 τὸ
3172 3985 3399 4060 σφάλλω-αι’
3441 3986 3526 4039 καὶ
3562 3981 3772 4039 πλουτεῖ
3812 3982 3915 4053 μὲν

2314 4082 2415 4137 ἀπὸ
2444 4086 2537 4151 τᾳῦ
2557 4082 2811 4137 τοιούτου.
2835 4078 3011 4134 πολλοὶ
3027 4082 3126 4153 γάρ
3152 4077 3198 4132 οἱ
3227 4076 3446 4138 ἀνόητοι,
3476 4078 3563 4130 καὶ
3583 4075 3913 4151 παρέχοντες

2312 4176 2499 4234 αὐτοὺς
2531 4173 3014 4247 καταγοητεύεσθαι.
3051 4170 3235 4232 Apollo
3263 4178 3430 4222 autent
3469 4166 3669 4223 simulat
3699 4168 3910 4237 quidem

2314 4268 2485 4333 omnia
2510 4267 2638 4321 scire
2666 4282 2804 4332 sese,
2837 4275 2883 4319 et
2913 4262 3160 4330 iaculari,
3184 4271 3228 4315 et
3258 4260 3453 4321 cit/mra
3480 4277 3691 4329 canere,
3724 4272 3771 4314 et
3800 4274 3913 4313 me-

2314 4363 2483 4414 dicum
2511 4378 2636 4425 esse,
2663 4369 2710 4413 et
2741 4358 3030 4418 vaticinari,
3054 4367 3101 4411 et
3123 4357 3299 4413 erectis
3321 4358 3633 4425 pqticinandi
3656 4357 3902 4425 tabernis,

2314 4455 2395 4507 hic
2425 4454 2476 4506 in
2509 4452 2747 4523 Delphis,
2779 4452 2886 4505 illic
2913 4452 2966 4505 in
2996 4447 3168 4516 Claro,
3200 4464 3244 4506 et
3271 4449 3533 4522 Didymis,
3564 4452 3750 4519 decipit
3779 4468 3909 4505 con—

2314 4548 2534 4601 sulentes
2564 4563 2637 4612 se,
2672 4545 2876 4612 obliqua
2912 4554 2959 4598 et
2989 4546 3042 4598 in
3082 4554 3349 4615 utramque
3377 4553 3571 4613 partem
3609 4547 3907 4617 qnmtionis

618 4676 671 4721 et
710 4662 857 4717 terim
900 4661 947 4716 ei
976 4658 1094 4715 dere
1123 4656 1278 4715 ﬁunt.
1312 4675 1331 4709 ι
1364 4655 1559 4713 Festus
1586 4669 1717 4711 vero
1746 4654 1854 4713 illis
1886 4654 2028 4711 hunc
2071 4614 2203 4711 suh-
2234 4614 2285 4674 Β
2311 4640 2585 4710 Proposita?
2610 4638 2915 4697 ίηείίηαηιία
2956 4639 3329 4710 τεδμρηάεηάον
3361 4655 3424 4695 ηε
3458 4640 3686 4705 videlicet
3713 4640 3907 4694 ειτοτῑε

616 4758 830 4828 scripsit
858 4759 912 4813 in
950 4753 1165 4811 modum
1195 4770 1205 4804 :
1236 4770 1253 4801 ι
1286 4749 1443 4807 Pales
1470 4748 1748 4809 dicebatur
1770 4748 1869 4805 dea
1907 4758 2201 4816 pastorum,

616 4853 771 4922 cujus
801 4849 931 4905 festa
960 4844 1147 4903 Palilia
1175 4842 1514 4908 dicebantur,
1543 4840 1624 4896 vel
1648 4851 1706 4896 ut
1730 4840 1816 4895 alii
1844 4840 2046 4907 volunt,
2064 4840 2203 4897 dicta

616 4944 837 5017 parilia,
865 4939 1117 5011 quoniam
1150 4952 1249 5008 pro
1276 4943 1432 5008 partu
1467 4934 1677 5008 pecoris
1704 4933 1878 4995 eidem
1910 4948 2061 4988 sacra
2107 4933 2205 4989 tie-

612 5040 743 5095 bant
769 5057 788 5092 ι
820 5035 1051 5110 (Festus,
1081 5033 1148 5088 ad
1174 5032 1378 5087 verbum
1409 5027 1627 5100 Panas).

684 5131 801 5187 lam
829 5142 964 5183 vero
984 5127 1230 5182 laudatus
1251 5144 1279 5180 a
1306 5124 1460 5180 nobis
1487 5122 1711 5181 Servius
1732 5123 1991 5178 monitum
2015 5136 2205 5191 quem-

614 5222 746 5278 libet
768 5234 893 5277 esse
917 5220 1088 5287 volpit
1115 5219 1269 5274 deam
1300 5216 1562 5273 feminino
1589 5228 1790 5283 genere
1816 5212 1996 5267 Palem
2018 5228 2045 5267 a
2076 5212 2204 5269 Var-

612 5331 778 5379 rone,
821 5314 970 5369 etab
998 5313 1119 5368 aliis
1159 5309 1455 5366 masculino
1480 5307 1762 5376 appellari,
1806 5318 1860 5359 ιιι
1890 5307 1973 5361 hic
2011 5304 2197 5374 Pales,

611 5409 784 5477 inquit
809 5406 990 5469 (Sero.
1014 5408 1068 5459 in
1090 5405 1180 5460 lib.
1209 5420 1287 5460 ιιι.
1314 5400 1523 5471 θεοῖσι.
1544 5417 1671 5455 νενε-
1704 5401 1779 5471 1).
1800 5400 1881 5463 Ab
1909 5399 2010 5469 hac
2037 5400 2201 5457 nihil-

607 5502 823 5557 ominus
864 5499 964 5555 dea
1006 5496 1214 5554 Casina
1233 5538 1248 5561 ,
1280 5495 1348 5549 ab
1373 5501 1590 5548 auctore
1621 5502 1809 5546 nostro
1839 5500 2021 5561 postea
2063 5492 2197 5547 cita-

608 5603 714 5660 tus,
743 5594 1001 5647 discernit
1029 5608 1041 5645 :
1082 5608 1101 5642 ι
1130 5576 1338 5651 Palem,
1367 5584 1464 5641 sed
1494 5601 1597 5639 non
1629 5583 1799 5648 illam,
1831 5603 1850 5637 ι
1888 5584 2059 5654 inquit
2078 5584 2198 5655 (Ar-

607 5684 750 5752 nob.,
781 5684 870 5739 lib.
898 5698 976 5748 ιιι,
1009 5700 1128 5754 pag.
1168 5678 1319 5752 ηδ),
1357 5697 1377 5733 ι
1414 5679 1687 5741 l'eminam,
1715 5691 1875 5746 quam
1910 5677 2199 5746 vulgaritas

608 5776 835 5844 accipit,
875 5772 970 5829 sed
1018 5774 1296 5829 masculini
1338 5771 1522 5828 nescio
1558 5783 1720 5827 auem
1750 5768 1966 5838 generis
2010 5769 2200 5825 minis-

624 5876 765 5921 trum
807 5866 956 5923 Jovis
995 5882 1060 5923 ac
1092 5866 1349 5926 villicum.
1384 5887 1407 5920 ι
1441 5864 1653 5923 Videsis
1695 5860 1889 5919 Aulum
1935 5859 2199 5930 Gellium,

2310 4743 2477 4806 posset
2516 4733 2750 4787 damnari
2780 4749 2799 4782 :
2829 4742 2979 4801 atque
3003 4733 3078 4785 ita
3105 4747 3167 4786 ea:
3191 4732 3285 4785 hoc
3313 4741 3558 4802 quwstunt
3588 4731 3710 4802 facit
3740 4740 3786 4784 et
3813 4730 3903 4784 di-

2306 4830 2469 4901 tescit.
2503 4829 2660 4899 Multi
2689 4830 2822 4889 enim
2857 4838 3080 4883 amentes
3110 4837 3259 4894 sunt,
3303 4844 3454 4899 seque
3490 4828 3626 4899 ipsos
3665 4828 3905 4893 exhibent

2309 4925 2580 4995 praestigiis
2611 4923 2948 4978 deludendos.
2980 4924 3113 4988 Quae
3143 4921 3359 4991 quidem
3396 4923 3485 4991 ille
3510 4921 3668 4989 alibi,
3701 4922 3903 4990 aliique

2307 5018 2631 5075 confirmant
2658 5016 2848 5087 (Idem,
2878 5017 2932 5069 in
2960 5016 3087 5081 Jove
3109 5013 3381 5086 Tragcedo,
3412 5032 3529 5086 pag.
3560 5016 3665 5071 682
3679 5026 3725 5075 et
3743 5014 3899 5086 695).

2387 5112 2581 5168 Verum
2628 5110 2718 5181 llic
2769 5109 3341 5189 insurgentes'etltuici
3384 5110 3797 5183 reSpondebant.
3838 5109 3901 5167 Si

2305 5206 2378 5261 dii
2401 5206 2498 5268 illi,
2526 5204 2723 5272 aliique
2751 5200 3011 5265 Tutelorcs
3032 5201 3207 5265 ofﬁcio
3230 5201 3547 5271 mouerique
3570 5219 3667 5261 suo
3692 5202 3895 5267 desint,

2306 5300 2359 5355 id
2387 5315 2491 5355 non
2519 5298 2571 5357 in
2604 5298 2769 5381 ipsos,
2798 5294 2893 5353 sed
2926 5295 2978 5359 in
3008 5294 3272 5357 homines,
3300 5294 3391 5365 qui
3420 5295 3527 5355 illis
3556 5310 3659 5349 non
3688 5294 3899 5364 suppli-

2303 5391 2518 5453 cabunt.
2546 5386 2959 5457 reiqndeudttm.
2990 5384 3314 5441 Tutelariutu
3356 5395 3555 5453 autem,
3585 5397 3637 5439 ul
3670 5384 3720 5441 id
3747 5386 3899 5441 dica-

2304 5498 2452 5543 mus.
2498 5482 2722 5537 deorum
2767 5484 3017 5549 potuine,
3051 5479 3168 5533 illos
3202 5477 3470 5545 Arnobius
3495 5478 3739 5548 designat
3770 5478 3896 5550 (Ar-

2303 5576 2444 5631 itob..
2481 5574 2567 5629 lib.
2602 5590 2653 5636 v,
2685 5589 2802 5644 pag.
2840 5572 2987 5642 111),
3018 5586 3154 5641 quos
3180 5568 3382 5637 Varro,
3414 5580 3549 5625 teste
3589 5571 3894 5643 Augustino

2302 5667 2570 5745 (August.,
2599 5664 2691 5721 lib.
2721 5681 2773 5731 vi
2801 5666 2864 5719 de
2913 5664 3083 5731 Livia,
3114 5679 3227 5735 cap.
3261 5662 3313 5724 9.
3344 5681 3398 5741 p.
3435 5661 3582 5737 150),
3621 5665 3684 5719 iis
3710 5664 3893 5718 omni-

2302 5762 2403 5816 bus
2432 5760 2715 5832 prmiectos
2742 5775 2864 5817 esse
2891 5760 3044 5824 dixit,
3078 5774 3194 5830 qua:
3222 5759 3287 5825 ad
3321 5761 3570 5831 tuendam
3600 5758 3892 5815 vitamho-

2304 5854 2468 5913 minis
2497 5854 2565 5913 ab
2590 5852 2709 5925 ejus
2737 5855 3089 5926 conceptione
3113 5852 3180 5910 ad
3211 5852 3450 5925 ultimam
3495 5868 3664 5924 usque
3698 5868 3885 5909 senec-
