4166 6256
634 269 737 326 555

1877 252 2332 316 BISSERTATIO
2370 252 2650 310 PREVIA

3812 243 3914 301 536

627 389 767 445 lacte
789 399 842 444 et
865 404 892 442 a
915 389 1068 443 cunis
1089 389 1432 442 transierunt.
1459 381 1613 452 Quod
1639 381 1931 454 Virgilius:
1957 379 2067 436 Nec
2085 378 2221 434 deus
2245 376 2299 438 Α
2322 389 2484 445 quem
2512 373 2557 430 si
2588 383 2764 441 vacat,
2792 372 3015 429 consule
3045 374 3156 447 (lib.
3201 387 3234 426 ι
3253 414 3268 438 ,
3304 387 3446 444 cap.,
3489 368 3592 434 l9;
3636 366 3723 419 tib.
3755 378 3879 420 xxvr
3899 406 3914 429 ,

631 482 774 538 hunc
799 497 1004 548 mensa,
1033 482 1133 538 dea
1161 495 1262 537 nec
1288 479 1501 551 dignata
1531 478 1692 534 cubili
1721 487 1824 533 est.
1856 475 1968 531 lloc
1995 474 2216 530 adnota-

629 577 706 631 vit
747 576 970 631 Probus.
1004 595 1022 628 ι
1061 576 1273 649 (Donat.
1319 575 1372 628 in
1410 572 1610 629 Terent.
1656 569 1995 634 Pltormion.,
2035 577 2135 621 act.
2161 568 2215 633 1,

629 685 766 723 scen.
800 668 877 740 l.)
907 670 1234 740 Augustinus
1271 682 1400 722 vero
1445 680 1537 722 eas
1579 672 1734 719 vocat
1772 662 2051 728 l’otinam,
2098 674 2218 730 qua:

627 763 939 833 potionem;
965 774 1016 817 et
1045 761 1306 826 Educam,
1331 777 1450 831 quae
1477 774 1656 814 escam
1686 757 1922 827 prmbeat
1951 754 2215 826 (August.,

627 855 716 910 lib.
747 871 798 910 iv
833 857 896 909 de
915 855 1088 919 Civit.,
1119 872 1236 926 cap.
1269 856 1357 921 ll,
1389 871 1508 926 pag.
1542 849 1657 923 97).
1687 855 1756 906 At
1783 859 2064 920 utramque
2091 848 2221 903 ridi-

627 948 802 1003 culam
837 947 971 1004 hanc
999 949 1329 1004 divinitatem
1358 947 1481 1003 ideo
1511 946 1782 1016 explodit;
1810 945 1934 1015 quia
1964 941 2221 997 Israelita:

629 1040 683 1096 in
707 1040 968 1114 Egypto,
1008 1043 1116 1097 sine
1147 1041 1345 1108 Educa,
1388 1053 1434 1095 et
1480 1040 1671 1095 Patina
1709 1055 1908 1100 escam.
1947 1047 2220 1107 potumque

629 1147 970 1207 smnpserunt.
997 1136 1185 1190 Postea
1214 1152 1394 1190 νει-(Μ
1419 1135 1474 1190 Si
1493 1135 1626 1190 duas
1649 1135 1930 1204 quisquam
1961 1131 2218 1195 nutrices,

627 1229 816 1298 inquit,
841 1228 1116 1284 adhibe-ret
1140 1229 1347 1294 infanti,
1371 1245 1591 1299 quarum
1617 1243 1720 1282 una
1743 1225 1873 1282 nihil
1896 1225 1996 1281 nisi
2020 1239 2220 1289 escam,

627 1322 793 1376 altera
824 1323 953 1376 nihil
988 1323 1085 1378 uisi
1135 1335 1314 1394 potum
1345 1323 1526 1385 daret,
1567 1323 1704 1378 sicut
1735 1323 1816 1377 isti
1863 1321 1928 1375 ad
1960 1319 2064 1374 hoc
2091 1320 2224 1373 duas

626 1415 988 1470 adhibuerunt
1024 1417 1152 1471 dcas
1171 1459 1184 1479 ,
1216 1416 1451 1472 Edut-am
1477 1428 1528 1472 et
1558 1417 1826 1478 Potinam,
1862 1430 2052 1485 nempe
2081 1413 2224 1469 desi-

628 1523 786 1578 pere,
832 1517 885 1563 (ιι
927 1510 1124 1580 aliquid
1158 1511 1320 1566 ntimo
1349 1511 1525 1566 simile
1556 1511 1606 1564 in
1637 1526 1730 1565 sua
1761 1510 1923 1566 domo
1951 1524 2111 1581 agere
2140 1509 2223 1562 vi-

623 1601 864 1657 deretur.
906 1623 926 1654 ι
959 1601 1048 1658 (Ε.
1082 1602 1167 1658 lib.
1209 1619 1292 1666 vt,
1330 1620 1444 1672 cap.
1491 1603 1546 1670 9,
1580 1621 1698 1675 pag.
1740 1602 1892 1674 156.)
1922 1602 2017 1657 Hie
2045 1610 2223 1656 autem

629 1693 760 1763 ipsa:
803 1697 982 1765 procul
1015 1696 1176 1750 dubio
1205 1706 1348 1762 sunt,
1383 1712 1502 1766 quae
1545 1696 1613 1750 ab
1644 1695 1883 1751 Arnobio
1925 1704 2148 1759 nostro,
2178 1693 2224 1748 si

631 1795 808 1842 tamen
839 1787 1018 1842 nullus
1059 1789 1110 1842 iu
1155 1789 1272 1859 ejus
1302 1797 1449 1845 textu
1489 1789 1658 1845 subsit
1684 1789 1825 1844 haud
1867 1787 2113 1844 insolitus
2151 1787 2219 1842 li-

627 1880 792 1936 brarii
820 1898 992 1949 error,
1031 1881 1172 1938 Victa
1201 1893 1247 1938 et
1278 1882 1446 1939 Potua
1473 1894 1867 1954 nuncupantur.
1894 1883 1964 1937 At
1993 1883 2086 1936 ille
2115 1897 2222 1936 non

631 1975 851 2041 minori,
885 1993 1044 2048 qttam
1082 1979 1432 2048 Augusuuus,
1466 1979 1721 2049 despectu
1758 1987 1811 2034 et
1851 1975 2081 2032 ludibrio
2107 1988 2220 2039 eas,

629 2079 685 2124 et
709 2069 831 2139 jure
860 2070 1076 2139 quidem
1109 2074 1300 2126 merito
1332 2073 1617 2143 proscribit
1644 2086 1709 2128 ac
1738 2071 1934 2142 rejicit.

1226 2206 1522 2246 Αιιτιουιυε
1545 2207 1618 2247 ιν.

631 2303 708 2354 De
731 2309 1078 2357 commentitlis
1099 2306 1208 2356 aliis
1225 2307 1438 2369 diis.rqui
1460 2319 1556 2355 non
1593 2306 1752 2369 minus
1775 2305 1987 2369 absurde
2013 2302 2119 2352 aliis
2132 2314 2228 2369 3e-

694 2370 790 2420 bus
806 2369 1213 2431 prtellciebantur,
1230 2371 1300 2418 uti
1341 2363 1547 2418 Bellona
1582 2367 1748 2428 bellis,
1775 2367 2032 2417 Discordia
2056 2363 2227 2431 etfu-

693 2433 781 2481 τίω
799 2427 1030 2490 dissidiis,
1060 2427 1414 2495 Marsprasliis.
1445 2427 2225 2495 Mercurius'_ceromis_,_pugilla-

695 2497 946 2558 tibustet
993 2490 1363 2558 luctation'ilnis;
1405 2496 1627 2558 hostibus
1681 2492 1925 2558 pellendis
1954 2490 2223 2558 ΔΙξλιιὸιιιει,

695 2551 842 2669 gnam
860 2557 1090 2606 Romanis
1132 2570 1228 2606 non
1259 2555 1437 2633 favisse
1476 2551 1695 2621 probant'
1714 2555 1883 2618 praelia
1909 2555 1965 2604 ad
1992 2551 2228 2603 Furculas

719 2619 949 2669 .audmas.
975 2627 1026 2669 et
1050 2619 1108 2668 ad
1134 2619 1311 2669 Lacnm
1335 2620 1365 2669 'l
1378 2633 1703 2669 rasvmenum.
1744 2633 1799 2668 ac
1822 2619 2107 2669 Cannenses
2128 2612 2228 2664 cla-

719 2612 949 2682 :audinas,
975 2627 1026 2669 et
1050 2619 1108 2668 ad
1134 2619 1311 2669 Lacnm
1335 2612 1728 2682 'l‘rasjttietium,'
1744 2633 1799 2668 ac
1822 2619 2107 2670 Cannenses
2128 2612 2230 2664 cla-

694 2681 816 2743 des;
843 2697 936 2731 nec
959 2684 1054 2731 dici
1085 2695 1225 2742 posse
1259 2684 1381 2732 deos
1420 2681 1634 2732 sinistris
1679 2683 1900 2743 partibus
1919 2692 2156 2742 praeesse,
2177 2685 2229 2743 et

695 2739 886 2794 dextris
923 2739 1212 2795 adverSari:
1255 2747 1374 2795 item
1417 2747 1482 2795 de
1527 2739 1690 2793 l’auso
1718 2743 1863 2792 bellis
1900 2739 2137 2805 opposito,
2161 2739 2227 2805 de

699 2810 945 2858 Przestana
971 2817 1021 2857 et
1047 2809 1226 2868 Panda,
1246 2822 1337 2858 seu
1362 2809 1574 2867 i’autica,
1601 2813 1654 2857 el.
1675 2806 1788 2858 Tito
1827 2802 1985 2866 Tatio,
2011 2806 2061 2854 iu
2087 2802 2230 2866 Capi-

698 2869 866 2928 tolium
883 2872 1170 2922 introducto.

708 3004 946 3060 Gradum
992 3003 1058 3057 ad
1107 3002 1208 3056 alia
1255 3002 1300 3057 si
1344 3000 1625 3066 faciamus,
1659 3015 1767 3071 quo
1811 3008 1958 3054 certe
2003 2997 2229 3053 ulterius

637 3097 1064 3170 progrediamur,
1095 3113 1161 3151 eo
1183 3111 1312 3152 sane
1339 3096 1523 3168 peiora
1551 3111 1614 3151 ac
1637 3095 1794 3166 longe
1823 3093 2096 3150 deteriora
2130 3093 2226 3148 de-

639 3159 1054 3261 prehendemus.
1087 3189 1330 3245 Gentiles
1354 3189 1497 3244 enim
1531 3205 1634 3243 non
1680 3189 1865 3258 puduit
1910 3188 1961 3242 in
2007 3187 2230 3244 deormn
2259 3159 2308 3223 ϐ

637 3301 857 3341 sizorum
883 3301 1163 3340 numerum
1193 3284 1316 3340 illos
1344 3284 1568 3350 referre,
1590 3301 1748 3355 quos,
1777 3283 1936 3338 siculi
1965 3283 2234 3339 Arnobius

640 3389 827 3434 noster
861 3378 1104 3449 perhibet
1137 3377 1378 3450 (Arnob,
1408 3378 1498 3432 lib.
1523 3394 1599 3440 Ill,
1627 3396 1748 3449 pag.
1785 3376 1946 3448 115),
1980 3377 2113 3432 truci
2170 3393 2234 3433 ac

639 3474 844 3528 crtuleli
879 3483 1064 3528 natura
1095 3474 1246 3528 malis
1274 3473 1551 3528 hominum
1579 3484 1632 3527 ct
1659 3472 1896 3542 gaudere
1915 3482 1972 3528 et
1996 3474 2233 3542 praeponi

642 3567 924 3621 tinxerant.
951 3567 1079 3633 Quae
1101 3566 1315 3636 quidem
1341 3577 1447 3621 tam
1475 3564 1705 3621 absurda
1730 3581 1851 3622 esse
1873 3567 2231 3636 existimavit,

641 3670 700 3715 ιιι
727 3659 962 3729 Bellona,
987 3661 1279 3728 Discordia,
1309 3661 1506 3728 Furiis,
1536 3679 1596 3716 ac
1626 3663 1766 3717 (tuuis
1790 3661 2084 3718 numinibus
2107 3679 2238 3734 pra»

643 3754 927 3817 tertnissis,
952 3757 1132 3808 statim
1160 3754 1365 3810 venerit
1389 3755 1456 3809 ad
1480 3754 1720 3820 Martem,
1749 3755 1904 3810 bellis
1929 3755 2237 3827 pratliisque

640 3845 978 3916 prtcfectum.
1007 3859 1060 3900 et
1088 3847 1140 3900 in
1169 3847 1255 3910 iis,
1291 3847 1364 3901 uti
1408 3847 1573 3903 stulte
1619 3848 2042 3912 arbitrabantur,
2064 3848 2237 3905 domi-

641 3949 884 3994 nantem.
915 3938 1188 3995 Bellonam
1219 3951 1397 3996 autem
1437 3941 1656 4006 omittit,
1691 3943 1810 4013 quia
1857 3943 1903 3998 si
1947 3943 2087 4000 Mars
2117 3944 2236 4000 bel-

643 4031 818 4087 lorum
848 4033 982 4089 deus
1010 4049 1131 4090 esse
1161 4049 1266 4089 ιιοιι
1295 4037 1486 4107 possit,
1507 4045 1563 4092 ut
1583 4054 1702 4092 mox
1726 4037 2049 4100 videbimus.
2069 4039 2238 4094 multo

643 4125 822 4200 minus
852 4124 1047 4181 femina
1079 4137 1240 4182 tanta:
1270 4129 1599 4194 crudelitati,
1627 4129 1898 4200 tantisque
1916 4131 2234 4198 sceleribus,

643 4233 764 4288 quae
797 4219 976 4286 praelia
1020 4235 1202 4276 sccmn
1242 4221 1473 4288 vehunt,
1505 4239 1739 4292 praeesse
1789 4234 1996 4294 poterat
2038 4223 2234 4296 (lbid.,

642 4309 733 4364 lib.
768 4327 804 4377 ι,
838 4329 956 4382 pag.
995 4313 1093 4374 15.
1127 4324 1178 4369 et
1227 4314 1314 4368 lib.
1346 4330 1426 4377 Ill,
1470 4334 1586 4387 pag.
1640 4316 1790 4389 115).
1837 4319 2020 4374 Roma:
2059 4329 2237 4374 tamen

645 4419 834 4459 verSus
865 4415 1075 4475 portam
1105 4406 1502 4463 Carmentalem
1552 4412 1809 4480 templum
1863 4413 1986 4468 huic
2033 4411 2238 4467 bellica:

2321 483 2438 537 cap.
2469 465 2572 534 είς
2603 467 2693 521 lib.
2728 481 2901 522 xxvnt
2922 509 2937 532 ,
2970 482 3088 536 cap.
3111 463 3167 532 9;
3198 463 3424 530 Lucam,
3453 460 3542 516 lib.
3573 473 3668 526 vti,
3696 475 3752 529 p.
3781 458 3916 526 ειη

2326 557 2537 625 Horat,
2570 575 2721 614 cerni.
2753 558 2808 625 2,
2839 560 2985 614 satir.
3016 560 3080 623 3;
3110 557 3330 626 Tibull.,
3357 556 3446 612 lib.
3478 571 3533 622 ι,
3565 553 3693 626 eleg.
3717 568 3800 619 vr;
3827 551 3920 608 6i.

2322 653 2483 718 rald.,
2520 653 2792 724 Syntagm.
2826 653 2914 719 10,
2942 672 2993 725 p.
3025 652 3132 710 509
3158 662 3206 708 et
3234 652 3420 723 θείη),

2395 749 2464 802 At
2486 746 2736 819 Virgilius
2756 748 2999 818 ejusdem
3022 749 3280 811 Bellonze.
3308 745 3622 812 Discordia,
3638 744 3918 801 Furiarum

2324 847 2380 895 et
2423 839 2637 907 Martis,
2691 841 2760 897 de
2807 841 3002 913 quibus
3047 855 3238 898 auctor
3284 848 3467 897 noster
3509 838 3768 908 loquitur,
3817 851 3921 894 uno

2325 936 2624 1008 eodemque
2651 937 2703 993 in
2736 939 2854 994 loco
2879 938 2958 993 sic
2983 937 3226 993 meminit
3257 955 3270 991 :

2667 1051 2814 1103 Szevit
2833 1052 2995 1102 medio
3015 1053 3062 1101 in
3087 1052 3356 1101 certamine
3381 1048 3590 1108 Mavors,

2417 1114 2623 1178 Caelatus
2639 1113 2788 1175 ferro,
2811 1117 3085 1178 tristesque,
3103 1127 3166 1163 ex
3188 1114 3376 1178 aethere
3393 1111 3544 1178 Dirae,

2415 1177 2479 1228 Et
2499 1191 2645 1229 scissa
2663 1175 3041 1242 gaudensvadit
3064 1176 3311 1242 Discordia
3331 1175 3453 1242 palla
3479 1187 3492 1223 :

2425 1244 2577 1301 Quam
2595 1235 2706 1290 cum
2730 1241 3003 1301 sanguineo
3025 1241 3246 1301 sequitur
3271 1235 3469 1288 Bellona
3493 1235 3708 1297 ﬂagello.

2603 1321 2835 1390 (νίψει,
2859 1323 2944 1376 lib.
2963 1339 3044 1376 vui
3064 1323 3279 1383 Λιίιείά..
3303 1336 3430 1373 vers.
3451 1321 3546 1374 700
3561 1329 3606 1373 et
3629 1321 3788 1388 seqq.)

2331 1432 2406 1489 De
2432 1433 2704 1490 Discordia
2741 1450 2928 1491 rursus
2962 1433 3104 1491 idem
3136 1433 3416 1507 Virgilius,
3445 1432 3720 1497 Lucanus,
3753 1431 3926 1504 Augu-

2328 1528 2520 1593 stinus,
2552 1538 2606 1583 et
2634 1529 2724 1584 alii
2755 1528 2985 1603 (Idem,
3015 1529 3104 1585 lib.
3155 1545 3205 1584 vi
3256 1527 3501 1595 Αἳηεὶἀη
3538 1543 3684 1584 vers.
3716 1527 3856 1591 280.
3883 1537 3931 1581 et

2328 1638 2431 1694 seq.
2452 1639 2471 1686 ;
2499 1620 2718 1689 Lucam,
2755 1623 2844 1678 lib.
2881 1639 2983 1689 vn,
3018 1641 3136 1696 pag.
3177 1622 3316 1688 287;
3347 1622 3590 1693 August.,
3621 1618 3710 1677 lib.
3763 1635 3821 1676 ιιι
3871 1620 3931 1674 de

2330 1716 2508 1781 Ciuit.,
2537 1732 2652 1787 cap.
2683 1715 2776 1784 25,
2807 1734 2926 1788 pag.
2955 1714 3070 1789 82).

2397 1805 2590 1865 Cicero
2621 1817 2802 1864 autem
2832 1812 2992 1866 docet
3019 1825 3086 1864 ex
3118 1807 3342 1865 dearum
3371 1807 3498 1863 albo
3523 1805 3780 1863 delendas
3810 1820 3939 1862 esse

2327 1899 2548 1967 Furias,
2578 1916 2710 1970 quas
2751 1899 2924 1958 Graeci
2971 1899 3296 1958 Eumenides
3341 1916 3436 1956 seu
3487 1899 3736 1972 Erynnes
3770 1913 3934 1954 voca-

2327 1991 2500 2062 bant:
2535 2011 2555 2044 ι
2593 1993 2686 2048 Sin
2727 1993 2960 2060 Hecate,
3001 2011 3020 2046 ι
3075 1995 3278 2066 inquit.
3315 2014 3333 2048 ι
3388 1993 3491 2050 dea
3536 2003 3649 2060 est,
3680 2009 3780 2048 cur
3826 2009 3936 2049 non

2329 2085 2696 2141 Eumenides?
2725 2086 2858 2154 Quae
2886 2088 2933 2141 si
2963 2086 3078 2142 deae
3103 2100 3249 2154 sunt,
3269 2101 3496 2159 quarum
3525 2095 3580 2142 et
3605 2085 3839 2142 Athenis
3867 2086 3941 2140 fa-

2330 2194 2459 2234 num
2497 2189 2601 2245 est,
2629 2189 2683 2234 et
2711 2181 2852 2250 apud
2884 2196 3011 2246 nos,
3044 2192 3101 2236 ut
3128 2197 3231 2254 ego
3258 2183 3608 2253 interpretor,
3641 2181 3798 2252 cujus
3830 2180 3937 2237 Fu-

2329 2272 2496 2336 rinae,
2522 2269 2698 2325 Furia:
2723 2271 2840 2326 dcte
2868 2283 3026 2339 sunt,
3055 2273 3477 2342 speculatrices,
3506 2272 3704 2339 credo,
3731 2281 3789 2328 et
3822 2273 3940 2326 vin-

2329 2365 2478 2420 dices
2519 2363 2818 2419 facinorum
2863 2376 2919 2420 et
2962 2365 3253 2421 scelerum.
3313 2363 3583 2438 r(Cicer.,
3625 2367 3715 2420 lib.
3772 2382 3835 2421 ιιι
3883 2366 3944 2420 de

2331 2454 2526 2510 Natur.
2547 2455 2690 2521 deor,
2711 2473 2832 2526 pag.
2853 2456 2981 2520 256,
2999 2458 3094 2512 lin.
3115 2459 3231 2528 55.)
3245 2456 3416 2525 Quem
3440 2459 3493 2512 in
3522 2455 3697 2512 locum
3721 2455 3945 2528 Legesis

2331 2548 2711 2619 Lescalopierii
2761 2549 3188 2604 observationes.
3239 2549 3374 2605 Vide
3413 2549 3614 2615 etiam,
3665 2550 3712 2602 si
3763 2549 3937 2614 velis,

2331 2643 2525 2698 Lilium
2555 2641 2856 2710 Giralduni,
2885 2643 3127 2698 Natalem
3157 2641 3446 2706 Comitem,
3471 2659 3500 2698 a
3529 2643 3726 2714 quibus
3754 2643 3945 2714 plures

2331 2737 2626 2806 scriptores
2660 2736 2853 2794 citatos
2895 2737 3101 2792 videbis
3129 2735 3394 2807 (Girald.,
3425 2737 3698 2808 Syntagm.
3732 2738 3784 2801 6,
3815 2755 3946 2808 pag.

2333 2828 2442 2884 £15
2467 2839 2514 2884 et
2541 2846 2716 2901 seqq.;
2748 2828 2825 2886 N.
2855 2829 3002 2886 Com.
3060 2831 3151 2886 lib.
3199 2847 3254 2886 ιιι
3282 2828 3528 2902 Mytltol.,
3559 2847 3676 2901 cap.
3701 2829 3789 2898 10,
3817 2847 3946 2904 pag.

2335 2923 2441 2981 2l5
2459 2935 2508 2979 et
2529 2926 2713 2996 καφ).

2408 3021 2617 3076 Ρι-ωιιὶε
2681 3035 2847 3092 porro
2894 3020 3117 3076 Martem
3173 3023 3240 3076 ab
3294 3020 3524 3077 ethnicis
3584 3020 3947 3092 pra-positum

2338 3112 2530 3181 fuisse,
2565 3114 2634 3168 ita
2668 3122 2853 3168 notum
2904 3124 3004 3178 est,
3057 3123 3110 3170 ut
3162 3115 3480 3184 probatione
3525 3130 3631 3170 non
3677 3115 3943 3188 indigeat.

2337 3205 2679 3276 Quapropter
2707 3204 2810 3261 hoc
2842 3215 3046 3262 tantum
3094 3207 3162 3262 ab
3199 3205 3390 3263 Ovidio
3436 3208 3785 3264 decantatum
3822 3224 3950 3281 pro—

2336 3298 2570 3355 feremus
2597 3317 2610 3352 :

2431 3389 3054 3458 MarsALatioyenerandus
3073 3399 3199 3453 erat,
3225 3395 3341 3458 quia
3367 3394 3596 3458 praesidet
3623 3394 3796 3456 armis,

2552 3453 2699 3503 Arma
2719 3453 2835 3504 ferte
2858 3457 2996 3518 genti
3021 3468 3229 3518 remque
3243 3453 3475 3520 deusque
3493 3456 3694 3507 dabunt.

2338 3563 2506 3619 Recte
2555 3563 2715 3632 igitur
2762 3563 3092 3634 Augustinus
3137 3565 3266 3620 illud
3309 3565 3498 3621 iisdem
3541 3567 3840 3638 gentilibus
3872 3569 3951 3624 sic

2338 3658 2540 3726 prohro
2566 3656 2802 3726 vitioque
2832 3647 2989 3712 vertit
3020 3675 3032 3710 :
3075 3676 3093 3710 ι
3127 3658 3262 3724 Quia
3293 3674 3392 3713 nec
3414 3659 3565 3714 Marti
3594 3660 3819 3731 aliquod
3840 3661 3954 3718 cle-

2339 3763 2604 3813 mentum,
2633 3751 2720 3806 vel
2749 3763 2956 3820 partem
2998 3752 3181 3807 mundi
3224 3752 3467 3808 invenire
3495 3765 3824 3823 patuerunt,
3861 3756 3953 3811 ubi

2339 3854 2526 3915 ageret
2561 3860 2724 3916 opera
2753 3846 3162 3917 qualiacumque
3191 3858 3418 3911 natura»,
3461 3846 3621 3902 deum
3662 3849 3791 3904 belli
3827 3865 3957 3906 esse

2340 3935 2615 4003 dixerunt,
2649 3936 2791 4005 quod
2832 3952 2968 4006 opus
3013 3948 3094 3991 est
3137 3936 3454 4004 hominum,
3484 3949 3538 3994 et
3583 3940 3820 4009 Optabile
3869 3941 3956 3997 eis

2342 4044 2448 4084 non
2479 4039 2583 4085 est.
2619 4029 2672 4084 Si
2711 4045 2840 4100 ergo
2885 4045 3070 4100 pacem
3117 4039 3425 4101 perpetuam
3475 4030 3723 4086 Felicitas
3762 4032 3955 4095 daret,

2343 4121 2486 4177 Mars
2533 4121 2659 4192 quid
2712 4131 2918 4191 ageret,
2974 4137 3081 4176 non
3127 4120 3372 4178 haberet.
3427 4142 3445 4176 ι
3498 4123 3699 4195 (0vid.,
3746 4125 3841 4180 lib.
3900 4145 3958 4182 tu

2345 4212 2582 4279 Faucia,
2604 4230 2735 4268 vers.
2759 4213 2830 4268 85
2851 4223 2898 4268 et
2923 4230 3085 4284 “qm;
3111 4215 3349 4286 Angust.,
3365 4214 3454 4270 lib.
3470 4231 3544 4271 vlt
3568 4218 3632 4270 de
3655 4218 3792 4285 Cir.,
3827 4235 3956 4289 cap.

2343 4307 2433 4374 Μ,
2470 4324 2586 4379 pag.
2625 4306 2784 4379 l75.)
2817 4306 2949 4375 Quis
2993 4323 3121 4378 ergo
3166 4307 3392 4364 moleste
3436 4324 3541 4365 non
3587 4311 3728 4366 ferat
3773 4313 3948 4369 talem

2342 4402 2502 4457 deum
2533 4414 2636 4456 tam
2669 4401 3043 4468 inhumanum,
3075 4413 3179 4457 tam
3206 4403 3504 4469 crudelem,
3537 4419 3600 4459 ac
3630 4408 3806 4462 multo
3831 4425 3957 4464 ma-

641 4495 782 4554 (ἰείη.
817 4498 974 4551 sicuti
1008 4501 1334 4570 Augustinus
1362 4501 1558 4573 aliique
1583 4514 1935 4569 annotarunt,
1967 4505 2036 4558 ab
2063 4506 2229 4576 Appio

2340 4496 2424 4568 gis
2458 4495 2790 4551 Discordiam
2821 4506 2870 4550 et
2902 4496 3092 4552 Furias
3120 4497 3188 4552 ab
3215 4495 3461 4554 Ethnicis
3497 4498 3631 4556 deas
3669 4500 3842 4574 ﬁngi,
3872 4503 3959 4560 in-

641 4590 970 4646 aidilicatum
1001 4591 1195 4658 fuerat,
1225 4610 1287 4648 ac
1315 4595 1484 4662 pridie
1511 4613 1680 4652 nonas
1703 4597 1826 4653 Julii
1857 4607 2233 4654 consecratum

647 4683 1082 4755 (.‘lngustin.,-lib.
1112 4703 1169 4742 ιιι
1220 4688 1284 4741 de
1312 4686 1484 4752 Civit.,
1509 4705 1625 4760 cap.
1661 4691 1754 4756 25,
1783 4709 1905 4763 pag.
1938 4692 2029 4758 82,
2063 4702 2111 4747 et
2140 4694 2230 4750 lib.

642 4793 730 4845 iv,
772 4796 886 4848 cap.
936 4781 1026 4846 ll,
1059 4798 1176 4853 pag.
1229 4781 1342 4854 96).
1395 4783 1612 4840 0vid.us
1654 4797 1832 4842 autem
1883 4787 1998 4843 haec
2047 4788 2232 4844 stricta

641 4873 886 4927 oratione
915 4873 985 4928 ita
1013 4874 1319 4931 decantavit
1343 4895 1357 4931 :

736 4987 838 5038 Ilac
861 4996 1046 5039 sacrata
1063 4991 1146 5040 die
1171 4991 1330 5042 Tusco
1351 4992 1553 5043 Bellona
1577 4995 1744 5046 duello

829 5052 1038 5124 Dicitur,
1065 5062 1117 5102 et
1143 5053 1280 5124 Latio
1304 5070 1536 5124 prospera
1556 5072 1758 5124 semper
1775 5062 1934 5113 adest.

736 5115 923 5184 Appius
945 5124 1022 5164 est
1039 5125 1223 5184 auctor,
1250 5115 1434 5184 Pyrrho
1457 5121 1540 5182 qui
1565 5115 1682 5183 pacé
1709 5134 1907 5184 negata,

829 5177 1030 5246 Multum
1053 5182 1214 5246 animo
1232 5177 1382 5238 vidit;
1404 5177 1587 5232 lumine
1607 5177 1783 5246 captus
1798 5177 1923 5238 erat.

736 5239 976 5304 Prospicit
1003 5255 1028 5288 ιι
1054 5243 1238 5304 templo
1261 5257 1502 5293 sumntum
1521 5239 1684 5296 brevis
1702 5263 1816 5298 area
1840 5250 2032 5302 Circum

897 5312 914 5351 t
938 5304 1005 5367 ibi
1033 5315 1125 5367 n0n
1153 5319 1314 5367 parvae
1335 5319 1479 5367 parva
1503 5309 1725 5359 columna
1753 5321 1896 5362 uotae.

744 5364 872 5436 llin_c
892 5365 1020 5414 solet
1044 5364 1179 5414 basta
1200 5364 1364 5423 manu,
1391 5367 1512 5420 belli
1533 5377 1809 5436 przeuuncia
1833 5379 1978 5436 mitti,

829 5428 884 5478 lu
897 5442 1072 5490 regem
1094 5436 1145 5477 et
1161 5438 1340 5491 gentes
1362 5446 1471 5480 cum
1497 5428 1655 5497 placet
1673 5449 1804 5486 arma
1821 5442 1948 5503 capi.

1303 5513 1478 5578 (oua,
1502 5515 1584 5567 lib.
1613 5533 1657 5570 vi
1676 5519 1885 5580 Fastor.,
1902 5521 1928 5585 ξ
1947 5523 2019 5588 ι.)

637 5616 811 5688 llujns
842 5626 1019 5672 autem
1049 5617 1254 5687 templi,
1283 5628 1338 5673 et
1364 5629 1584 5676 senatus
1612 5622 1664 5677 in
1691 5637 1756 5676 eo
1783 5622 1950 5680 habiti
1981 5624 2236 5698 frequens

627 5712 775 5787 apud
801 5711 1006 5764 Livium
1037 5713 1297 5781 aliosque,
1317 5729 1380 5769 ac
1405 5717 1702 5784 praesertim
1727 5725 1916 5783 poetas
1939 5717 2233 5789 Lucanum,

617 5800 933 5869 Horatium,
957 5802 1340 5874 Tibullumque
1367 5807 1595 5865 mentio.
1618 5808 1777 5868 Plura
1802 5823 1933 5876 vero
1961 5810 2229 5882 Giraldus,

2344 4591 2545 4658 vocari,
2578 4591 2872 4645 honorari?

2416 4683 2522 4740 Sed
2570 4684 2830 4754 agedum,
2860 4697 2923 4738 ac
2963 4682 3009 4737 si
3038 4683 3129 4738 tibi
3157 4698 3321 4754 grave
3349 4685 3526 4742 adlmc
3553 4703 3657 4743 non
3685 4689 3782 4756 sit,
3819 4693 3955 4747 ani-

2341 4792 2512 4842 mmn,
2543 4791 2760 4848 quaeso,
2793 4776 3070 4830 nobiscum
3101 4777 3354 4846 adverte,
3383 4795 3544 4851 quam
3591 4781 3726 4839 dira:
3767 4783 3958 4841 adhuc

2339 4868 2686 4938 crudelisque
2708 4877 2911 4924 naturae
2941 4869 3034 4924 ille
3063 4867 3222 4926 fuerit
3249 4872 3530 4942 gentilium
3554 4873 3712 4942 deus,
3740 4876 3815 4933 de
3844 4895 3958 4949 quo

2344 4962 2652 5018 Arnobius:
2689 4979 2708 5014 ι
2747 4963 2941 5028 Curat,
2976 4983 2995 5015 ι
3047 4964 3218 5035 inquit
3263 4966 3512 5037 (Arnob.,
3563 4967 3652 5023 lib.
3696 4985 3779 5037 ιιι,
3825 4991 3955 5045 pag.

2345 5055 2515 5129 114),
2551 5075 2569 5108 t
2607 5055 2902 5112 Mercurius
2945 5073 3226 5122 ceromas,
3286 5059 3630 5130 pugillatibus
3671 5073 3730 5118 et
3767 5063 3955 5121 lucta-

2343 5148 2579 5204 tionibus
2611 5159 2824 5219 pretest,
2863 5168 2882 5202 ι
2916 5150 3111 5220 quibus
3149 5150 3366 5208 athleta:
3393 5168 3517 5208 sese
3557 5166 3745 5210 mutuo
3773 5159 3958 5214 confi-

2343 5245 2576 5301 ciebant.
2603 5245 2676 5300 Ea
2701 5254 2884 5301 tamen
2904 5256 3022 5300 crat
3045 5247 3202 5317 hujus
3227 5246 3316 5303 dei
3340 5247 3710 5316 imbecillitas;
3756 5259 3820 5306 ut
3848 5253 3955 5307 im-

2343 5341 2530 5411 pedire
2547 5340 2868 5411 nequiverit,
2883 5341 3010 5410 quin
3028 5341 3196 5395 altera
3219 5342 3568 5412 pugnantium
3583 5343 3954 5400 luctantium-

2341 5448 2447 5504 qne
2477 5449 2602 5504 pars
2633 5434 2942 5491 vinceretur
2967 5433 3035 5490 ab
3063 5433 3266 5501 altera,
3298 5445 3390 5489 aut
3419 5435 3621 5506 aliquid
3664 5446 3955 5507 pateretur

2339 5529 2672 5584 detrimenti.
2690 5530 2900 5586 Siccine
2916 5545 3047 5600 ergo
3066 5530 3373 5598 lmjusmodi
3388 5529 3520 5587 deos
3532 5529 3735 5602 fingere
3753 5533 3954 5588 licuit?

2414 5625 2504 5688 At,
2523 5624 2726 5694 inquiet
2746 5625 2960 5696 aliquis,
2977 5625 3100 5694 quid
3126 5641 3189 5680 ea
3212 5641 3338 5695 vox,
3360 5642 3610 5691 ceromas,
3636 5626 3956 5698 signiﬁcat?

2341 5719 2548 5790 Duplex
2593 5729 2678 5775 est
2724 5719 2870 5776 illius
2912 5720 3254 5793 significatio.
3298 5724 3525 5779 Ceroma
3553 5722 3696 5778 enim
3729 5733 3817 5779 est
3845 5742 3957 5780 un-

2338 5826 2616 5886 guentum,
2644 5813 2796 5881 oleo,
2825 5815 3155 5886 subactaque
3185 5829 3330 5882 cera,
3363 5825 3418 5872 et
3454 5815 3566 5872 luto
3595 5815 3913 5873 confectum
3933 5862 3953 5888 ,
