4166 6256
350 281 449 340 357

1549 300 1613 358 lN
1652 274 2028 380 inueniunt,
2073 311 2222 370 CAP.
2268 312 2402 372 xm.
2460 315 2468 325 ·

3525 327 3631 385 558

342 408 454 510 quo
494 396 809 510 athletae‘et
847 405 940 462 alii
982 409 1345 510 uagabantur.
1366 411 1506 472 Olim
1553 427 1733 493 autem
1773 438 1932 493 quam
1962 431 2288 493 Aconsulcs
2331 431 2506 489 fmdus
2549 448 2668 489 cum
2716 434 2795 491 eis
2836 436 3016 495 facere
3054 441 3226 497 coacti
3264 450 3429 510 sunt;
3462 443 3536 500 ita
3575 453 3635 502 ut

342 502 634 549 commune
661 494 1040 572 vulgatumque
1065 501 1225 560 fuerit
1248 548 1265 574 ,
1295 507 1470 565 disces
1501 510 1604 568 hoc
1631 514 1749 570 solo
1777 514 1934 575 Juve-

342 583 485 638 nalis
510 588 752 646 carmine
769 631 787 657 ,
810 591 914 648 nisi
940 594 1084 651 aliud
1112 599 1378 669 quoddam
1405 602 1610 675 simile,
1642 608 1933 678 pretiosum

343 687 535 735 notare
561 680 791 740 voluerit
817 702 832 740 :

1000 782 1290 839 Femineum
1330 802 1526 842 ceroma
1544 829 1560 854 ,

468 836 593 897 Quis
613 842 812 893 nescit?

344 946 493 1005 Illius
516 948 696 1006 adhuc
722 952 1051 1011 mentionem
1094 956 1299 1016 faciunt
1326 960 1611 1032 Martialis,
1640 974 1695 1021 et
1738 969 1934 1039 saepius

344 1041 573 1100 Plinius.
602 1045 898 1117 (Juvenal.,
928 1052 1078 1109 aatir.
1111 1054 1166 1120 6,
1196 1067 1315 1112 ante
1345 1062 1517 1124 med.;
1544 1060 1802 1129 Μανιὶαἰ..
1839 1066 1929 1120 lib.

344 1148 456 1200 xiv,
484 1135 668 1207 Epigr.
699 1140 797 1207 i9;
844 1140 1008 1199 Plin..
1027 1143 1120 1203 lib.
1145 1162 1308 1204 xxvut
1340 1149 1535 1206 Natur.
1566 1154 1709 1219 Ιιίει..
1733 1173 1850 1228 cap.
1874 1157 1929 1224 4,

343 1244 464 1300 pag.
516 1230 644 1297 575,
666 1242 718 1286 et
742 1232 832 1291 lib.
855 1250 1000 1304 nix,
1032 1253 1153 1311 cap.
1182 1242 1235 1307 1,
1258 1259 1378 1316 pag.
1409 1244 1545 1313 672;
1573 1259 1617 1302 et
1644 1248 1733 1305 lib.
1765 1266 1930 1320 xxxv,

342 1336 459 1393 cap.
488 1323 578 1389 13,
610 1341 732 1398 pag.
764 1325 917 1401 247.)

418 1414 539 1470 Alio
579 1433 793 1490 quoque
833 1435 996 1478 sensu
1040 1438 1253 1483 ceroma
1296 1429 1474 1487 locum
1512 1433 1799 1506 signiﬁcat,
1842 1436 1931 1493 ubi

345 1507 511 1565 iidem
552 1512 770 1569 athletae
800 1517 1155 1588 ungebantur.
1187 1523 1272 1578 Ab
1298 1524 1489 1581 eodem
1517 1530 1713 1584 etenim
1760 1531 1933 1587 Plinio

349 1603 605 1675 scriptum
636 1607 878 1667 invenies
910 1629 926 1668 :
961 1630 981 1664 ι
1017 1613 1302 1674 ΡειΙωειιθε
1335 1619 1659 1679 athletarum
1692 1626 1929 1698 imagini.

343 1695 477 1761 bus,
506 1709 560 1755 et
600 1713 870 1760 ceromata
909 1721 1006 1764 sua
1048 1722 1332 1771 exornant.
1366 1734 1386 1767 ι
1438 1718 1481 1772 A
1513 1717 1716 1775 Seneca
1761 1695 1931 1780 vero:

346 1809 368 1844 ι
406 1792 461 1847 In
489 1807 879 1856 ceromate.....
905 1813 1177 1872 spectator
1204 1823 1489 1877 puerorum
1528 1812 1813 1870 rixantium
1844 1831 1932 1871 se-
1959 1830 2007 1891 B

339 1886 454 1943 det.
491 1909 510 1943 ι
548 1887 749 1963 (Idem,
783 1894 872 1950 lib.
922 1912 1084 1966 xxxv,
1133 1916 1248 1966 cap.
1289 1901 1343 1963 2.
1384 1921 1506 1975 pag.
1552 1906 1686 1971 171;
1719 1907 1927 1977 Scaea,

341 1980 431 2036 lib.
459 1982 525 2037 de
550 1981 741 2039 Brevit.
768 1988 904 2056 uiue,
936 2006 1053 2062 cap.
1080 1990 1136 2057 2,
1165 2012 1283 2066 pag.
1318 1996 1477 2069 567.)
1504 1997 1728 2054 Cercina
1751 2010 1930 2058 autem

342 2073 448 2130 hoc
472 2078 710 2134 secundo
735 2095 894 2138 sensu
923 2084 991 2139 ab
1018 2084 1256 2143 Arnnhio
1282 2091 1450 2161 accipi
1480 2094 1708 2150 videtur.
1736 2095 1932 2153 Scribit

344 2170 488 2226 enim
511 2186 843 2241 persuasum,
864 2179 960 2233 sed
981 2178 1199 2247 frustra,
1222 2182 1452 2240 ethnicis
1474 2185 1636 2243 fuisse
1661 2203 1926 2258 ceromas,

344 2276 437 2318 seu
465 2265 640 2334 potius
669 2280 944 2326 ceromata
972 2287 1000 2326 a
1029 2272 1293 2332 Mercurio
1331 2281 1526 2338 curari.
1567 2280 1718 2349 Quod
1749 2293 1928 2340 autem

2038 523 2310 594 equitibus
2360 525 2613 581 Romanis
2643 530 2911 585 sexcentis
2940 531 3217 590 obsidibus
3247 534 3414 601 datis,
3445 538 3629 595 caueri

2036 618 2249 671 amissis
2278 618 2445 673 armis
2465 661 2479 685 ,
2510 621 2735 689 aliisque
2776 623 3021 695 spoliati,
3050 628 3349 698 privatique
3380 630 3631 702 tegmini-

2038 709 2177 776 bus,
2208 712 2311 768 sub
2351 714 2536 785 jngum
2585 714 2817 771 hostium
2861 733 2982 774 cum
3030 722 3363 777 vestimentis
3408 721 3631 795 singulis

2037 806 2410 862 mitterentur?
2448 826 2469 860 ο
2520 805 2797 880 (August.,
2826 812 2912 866 lib.
2970 829 3027 868 ιιι
3067 817 3130 870 de
3157 811 3343 883 Civit.,
3387 833 3503 889 cap.
3537 817 3627 888 17,

2034 919 2155 974 pag.
2183 902 2298 977 75.)

2106 997 2218 1054 Nec
2244 1014 2305 1053 ea
2337 999 2450 1055 sola
2480 1002 2572 1056 fuit
2596 1042 2612 1067 ,
2644 1017 2750 1057 non
2775 1002 3105 1072 impediente
3132 1002 3393 1071 Pcllouia,
3428 1003 3628 1060 Roma-

2035 1105 2226 1146 norum
2269 1101 2494 1163 strages.
2548 1094 2743 1149 Verum
2789 1113 2803 1147 :
2851 1096 3000 1165 Apud
3058 1095 3380 1151 Thrasimeni
3418 1113 3630 1167 quoque

2035 1184 2223 1252 lacum,
2244 1189 2416 1258 pergit
2445 1198 2632 1241 auctor
2662 1201 2846 1245 noster
2878 1189 3118 1263 (Arnob.,
3148 1190 3237 1245 lib.
3267 1206 3344 1258 iv,
3376 1209 3428 1263 p.
3474 1190 3623 1265 129),

2034 1282 2299 1349 sanguinei
2327 1298 2595 1337 cucurrere
2616 1292 2876 1339 torrentes.
2913 1285 2968 1339 In
3002 1300 3130 1356 agro
3159 1295 3336 1341 autem
3365 1285 3629 1345 Perusino

2035 1372 2169 1427 situs
2205 1383 2285 1428 est
2338 1373 2423 1428 hic
2468 1375 2612 1429 lacus
2636 1418 2649 1440 ,
2682 1376 2766 1431 ubi
2800 1374 3065 1432 Flaminio
3094 1379 3315 1433 consnle
3361 1388 3417 1434 et
3465 1379 3625 1449 duce,

2037 1464 2310 1519 Romanus
2336 1468 2605 1521 exercitus
2627 1467 2693 1521 ab
2718 1469 2979 1523 Annibale
3004 1469 3151 1524 fusus
3176 1470 3488 1542 deletusque
3509 1471 3625 1528 fuit.

2035 1557 2326 1614 Historiam
2352 1571 2535 1615 narrat
2561 1560 2764 1622 Livius,
2789 1577 2852 1616 ac
2877 1571 3084 1631 postea,
3110 1562 3252 1618 hunc
3277 1563 3367 1617 ille
3395 1563 3630 1635 loquitur

2034 1652 2088 1708 in
2112 1653 2328 1708 modum
2356 1672 2369 1707 :
2404 1674 2422 1705 ι
2463 1653 2588 1710 Huic
2627 1665 2709 1711 est
2754 1655 2951 1710 nobilis
2980 1657 3045 1710 ad
3074 1656 3499 1729 Thrasymenum
3533 1674 3631 1729 pu-

2032 1761 2155 1816 gna,
2190 1755 2351 1814 atque
2378 1748 2520 1802 inter
2553 1763 2747 1817 paucas
2791 1757 3087 1803 memorata
3129 1747 3493 1804 Romanorum
3521 1750 3631 1805 cla-

2173 1838 2491 1908 Quindecim
2523 1840 2689 1894 millia
2722 1840 3087 1895 Romanorum
3111 1840 3173 1897 in.
3186 1842 3299 1897 acie
3320 1857 3458 1897 caesa
3481 1851 3628 1911 sunt,

2032 1931 2220 1986 decem
2254 1933 2421 1987 millia
2448 1947 2657 2002 sparsa,
2685 1933 2805 2003 fuga
2850 1949 2945 2002 per
2981 1949 3199 1988 omnem
3236 1935 3523 2002 Etruriam,
3550 1934 3627 1992 di-

2034 2024 2205 2079 versis
2234 2024 2520 2082 itineribus
2549 2025 2776 2081 Romam
2810 2024 3035 2096 petiere.
3068 2046 3087 2078 ι
3121 2024 3224 2082 Sed
3256 2025 3324 2080 de
3357 2027 3456 2082 hac
3476 2028 3632 2084 clade

2033 2115 2215 2188 legere
2246 2120 2449 2188 poteris
2476 2118 2756 2191 Polybium
2781 2161 2795 2185 ,
2842 2117 3114 2174 Valerium
3146 2118 3434 2175 Maximum
3456 2162 3472 2188 ,
3500 2118 3631 2177 Ovi-

2031 2209 2202 2272 dium,
2234 2218 2290 2265 et
2319 2211 2454 2266 alios
2479 2226 2508 2265 a
2539 2211 2692 2266 nobis
2724 2211 2776 2265 in
2806 2210 3189 2266 dissertatione
3238 2212 3502 2283 superiori
3548 2214 3630 2269 ci-

2030 2308 2192 2356 tatos.
2225 2301 2385 2371 (Liv.,
2417 2303 2506 2357 lib.
2536 2318 2666 2368 xxii,
2702 2302 2730 2376 ᾗ
2773 2305 2835 2370 7;
2868 2301 3079 2373 Polyb.,
3110 2302 3197 2358 lib.
3228 2319 3285 2358 ιιι
3319 2304 3480 2369 Hist,
3509 2323 3629 2379 pag.

340 2358 537 2428 adjecit
576 2361 721 2420 hunc
762 2366 1100 2437 pugillatihus
1137 2387 1351 2444 quoque
1392 2389 1645 2444 praeesse,
1673 2386 1730 2431 et
1763 2377 1930 2433 lucta-

335 2453 595 2521 tionibus,
623 2458 676 2515 id
707 2461 924 2532 prohari
950 2473 1126 2533 potest
1151 2465 1234 2521 his
1259 2465 1532 2524 Prudentii
1560 2471 1885 2528 carminibus
1911 2491 1925 2528 :

431 2570 559 2645 [om
570 2576 1208 2645 _inastig_ophoris,_oleoque
1235 2588 1289 2632 et
1310 2584 1565 2645 gymnadis
1584 2594 1691 2637 arte

441 2633 611 2707 linctis
629 2633 889 2707 pugilibus.
911 2633 1058 2707 miles
1072 2633 1587 2707 pu'guabatulitruscus,

438 2697 544 2775 {fec
749 2704 955 2766 insignis
978 2697 1201 2775 poterat,
1213 2707 1565 2775 Lacedaemone
1577 2697 1745 2775 'capla,

432 2760 924 2837 Mercuriusservare
945 2760 1059 2837 suas
1074 2768 1139 2819 de
1158 2760 1297 2820 clade
1319 2760 1584 2837 palaestras.

701 2828 982 2893 (Prudenl.,
1003 2827 1089 2883 lib.
1111 2846 1164 2893 ιι,
1187 2827 1630 2901 σοηι.’89ηιηιαεὴ.,
1647 2841 1675 2906 §
1691 2841 1765 2905 4.)

336 2930 707 2990 Pellendorum
753 2951 911 3008 porro
957 2938 1179 2994 hostium
1218 2942 1313 2996 dea
1361 2955 1573 3014 potens,
1623 2949 1696 3002 uti
1743 2957 1926 3019 postea

2029 2393 2157 2462 255,
2201 2406 2250 2448 et
2290 2412 2466 2467 seqq.;
2509 2396 2621 2450 Val.
2671 2395 2840 2459 Mnx..
2874 2396 2960 2451 lib.
2991 2414 3028 2460 ι.
3062 2416 3178 2469 cap.
3208 2398 3261 2462 6.
3292 2398 3319 2470 §
3347 2399 3415 2463 6;
3450 2398 3627 2469 Ovid,

2032 2487 2119 2543 lib.
2146 2504 2199 2543 v1
2240 2486 2473 2557 Fastar.,
2497 2506 2620 2562 pag.
2653 2490 2788 2557 685;
2812 2489 3029 2547 Disserl.
3061 2494 3115 2548 in
3148 2493 3369 2562 Minue,
3396 2509 3513 2565 cap.
3537 2494 3627 2562 17,

2028 2592 2128 2638 art.
2198 2623 2210 2637 .

2102 2581 2264 2732 Agdit
2304 2664 2538 2748 denique
2570 2678 2839 2735 Arnobius
2870 2679 3166 2736 Pelloniam
3211 2695 3317 2736 non
3349 2680 3585 2738 adfuisse
3611 2697 3627 2740 :

2038 2788 2055 2822 ι
2093 2770 2228 2825 Cum
2264 2770 2536 2827 Diomedis
2578 2773 2755 2843 campi
2796 2775 3038 2829 romanis
3078 2773 3430 2830 cadaveribus
3465 2789 3631 2847 agge-

2029 2866 2133 2921 rati
2169 2873 2313 2921 sunt.
2356 2887 2375 2919 ι
2411 2866 2650 2939 (Arnab.,
2683 2868 2771 2922 lib.
2814 2884 2891 2933 iv,
2920 2886 3038 2941 pag.
3074 2865 3224 2941 129.)
3259 2868 3334 2924 De
3362 2866 3629 2925 Cannensi

2032 2974 2205 3029 pugna
2254 2969 2308 3015 et
2355 2960 2512 3016 clade
2561 2959 2703 3016 haud
2748 2962 2908 3018 dubie
2956 2964 3228 3031 loquitur,
3260 2977 3419 3032 quam
3452 2960 3635 3019 Livius

337 3039 521 3085 narrat
554 3031 824 3087 Arnobius
849 3032 1090 3102 (Arnob.,
1112 3034 1203 3090 lib.
1234 3053 1320 3103 tv,
1349 3055 1468 3110 pag.
1502 3040 1657 3111 128),
1688 3041 1927 3100 Pellouia

2033 3052 2216 3107 scribit
2243 3052 2312 3108 ab
2337 3050 2533 3108 Marcio
2564 3053 2757 3108 illustri
2788 3065 2908 3108 vate
2955 3053 3040 3108 his
3085 3054 3253 3110 ferme
3283 3054 3462 3110 verbis
3495 3070 3630 3125 prte—

334 3123 643 3193 putabatur.
689 3124 1048 3194 Quamobrem
1083 3129 1449 3200 Augustinus:
1480 3131 1535 3189 Si
1563 3132 1685 3201 dea,
1723 3135 1927 3205 inquie-
2029 3144 2273 3200 dictam:
2310 3164 2329 3198 ι
2364 3153 2593 3202 Amnem
2639 3146 2973 3217 Troiugenas
3014 3144 3255 3202 Cannam
3282 3187 3297 3212 ,
3350 3123 3626 3216 Romane,

337 3215 461 3284 bat,
510 3232 700 3273 revera
746 3219 816 3275 sit
868 3219 1163 3277 Felicitas:
1205 3241 1226 3276 ο
1276 3221 1386 3280 Cur
1434 3238 1580 3282 esset
1630 3229 1926 3286 invocanda
1955 3222 2001 3287 C
2035 3237 2186 3310 lnge;
2220 3256 2288 3296 ne
2329 3251 2380 3295 te
2418 3215 2973 3310 alienigenaecogant
3015 3240 3067 3295 in
3119 3254 3311 3311 campo
3360 3215 3630 3297 Diomedis

336 3321 557 3381 preptrr
584 3311 759 3367 fessos
786 3313 909 3368 diva
947 3313 1205 3371 Fessnnia
1226 3359 1241 3384 ,
1277 3331 1496 3391 propter
1524 3319 1706 3377 hoStes
1737 3322 1925 3392 depel-
2033 3347 2323 3388 conserere
2353 3348 2561 3387 manus.
2599 3332 2705 3388 Sed
2740 3348 2912 3404 neque
2937 3343 2993 3388 tu
3022 3333 3212 3388 credas
3258 3332 3387 3387 mihi
3411 3373 3427 3399 ,
3457 3334 3630 3390 donec

334 3404 524 3461 lendos
569 3404 691 3461 diva
729 3406 966 3463 Pellonia
989 3408 1012 3462 ?
1048 3428 1067 3462 ι
1101 3409 1368 3495 (Agyrten,
1413 3412 1501 3467 lib.
1542 3430 1593 3468 iv
1643 3416 1707 3470 de
1746 3414 1925 3485 Cicit.,

2033 3425 2394 3496 compleveris
2412 3427 2669 3497 sanguine
2683 3441 2957 3496 campum,
2978 3427 3250 3496 multaque
3264 3426 3428 3480 millia
3449 3425 3628 3481 occisa

332 3516 448 3571 cap.
489 3498 581 3568 21,
615 3516 734 3570 pag.
766 3500 921 3569 105.)
951 3501 1149 3558 Verum
1180 3504 1450 3561 Arnobius
1478 3506 1585 3562 alio
1613 3520 1928 3578 argumento
2032 3527 2119 3574 tua
2147 3517 2349 3575 delerat
2379 3521 2553 3574 amnis
2582 3519 2633 3572 in
2661 3518 2887 3573 Pontum
2915 3533 3164 3588 maguum
3192 3533 3259 3573 ex
3291 3527 3435 3574 terra
3461 3518 3628 3589 frugi-

334 3592 523 3649 falsam
563 3593 707 3650 illius
742 3594 1076 3652 divinitatem
1119 3597 1375 3656 detrudit.
1407 3599 1540 3657 Nam
1569 3611 1826 3674 utraque,
1852 3607 1929 3662 ait
2031 3611 2165 3679 fera,
2200 3614 2462 3684 piscibus,
2490 3624 2648 3683 atque
2676 3612 2885 3677 axibus,
2917 3611 3153 3683 ferisque
3175 3652 3189 3675 ,
3225 3627 3344 3681 qum
3388 3610 3630 3666 incolunt

334 3689 455 3755 ille,
472 3689 704 3746 hostium
724 3691 867 3747 inter
881 3707 940 3747 se
967 3696 1312 3765 pugnantium
1338 3712 1462 3768 pars
1491 3696 1652 3769 hujus
1678 3700 1792 3756 dea:
1814 3718 1928 3758 sua:
1978 3748 1987 3759 .
2031 3715 2227 3772 terras,
2260 3708 2326 3762 iis
2372 3709 2463 3760 iiat
2509 3721 2632 3763 esca
2678 3723 2806 3762 caro
2848 3716 2958 3761 tua.
2984 3706 3121 3761 Nam
3155 3707 3283 3760 mihi
3316 3707 3385 3761 ita
3416 3705 3628 3777 Jupiter

336 3784 586 3854 praesidio
616 3798 740 3841 sese
768 3785 996 3843 invicem
1029 3789 1231 3859 pellere
1257 3789 1554 3847 debuisset.
2028 3799 2171 3855 fatus
2202 3809 2304 3854 est.
2347 3819 2366 3851 ι
2401 3798 2566 3869 (Lic.,
2600 3799 2690 3854 lib.
2721 3815 2848 3867 xxv,
2884 3799 2912 3872 ᾗ
2948 3798 3060 3871 12.)
3089 3800 3291 3868 Quibus
3340 3798 3431 3853 ille
3475 3798 3626 3871 adje—

412 3874 521 3932 Nec
563 3875 787 3933 Romani
828 3880 1160 3946 respondere
1204 3891 1453 3952 poterant
1500 3898 1650 3939 suam
1700 3899 1840 3951 e550,
1872 3897 1928 3943 et
2028 3895 2129 3949 cit:
2158 3913 2176 3946 ι
2203 3894 2264 3948 Et
2292 3894 2564 3950 Diomedis
2584 3895 2768 3965 Argivi
2797 3909 3037 3965 campos,
3062 3906 3113 3950 et
3142 3892 3378 3949 Cannam
3402 3891 3623 3960 ﬂumen,

330 3984 444 4026 non
470 3969 696 4025 aliorum
720 4014 737 4040 ,
763 3972 901 4027 hanc
927 3972 1081 4029 deam
1114 3974 1353 4045 (Arnob.,
1396 3977 1485 4031 lib.
1514 3993 1591 4045 iv,
1625 3996 1746 4051 pag.
1778 3979 1923 4052 129).
2028 3986 2119 4055 qui
2150 3985 2513 4042 militaverant
2535 3987 2585 4039 in
2607 3985 2671 4040 iis
2694 3986 3017 4055 locis,juxta
3036 3997 3198 4053 atque
3225 3987 3393 4055 ipsam
3415 3985 3624 4041 cladem

329 4059 547 4119 Etenim
592 4062 698 4118 dici
743 4080 849 4120 non
893 4074 1070 4135 potest
1098 4068 1165 4122 iis
1195 4067 1325 4124 deas
1355 4069 1553 4136 fuisse,
1587 4082 1747 4143 atque
1787 4076 1926 4131 hanc
2027 4080 2415 4151 agnoscebant.
2458 4100 2477 4133 ι
2515 4079 2675 4154 (Ibid.
2707 4096 2754 4134 c.
2786 4080 2842 4147 6,
2871 4090 2919 4136 et
2947 4081 3087 4151 prius
3112 4080 3201 4134 lib.
3238 4079 3329 4144 22,
3373 4098 3419 4134 c.
3456 4081 3546 4142 45.
3581 4091 3627 4137 et

326 4156 649 4211 nominatim
694 4157 765 4213 ita
812 4159 1140 4228 peculiares;
1190 4170 1248 4215 ut
1298 4161 1521 4217 aliarqu
1574 4167 1925 4234 quarumdam
2027 4177 2194 4244 seqq.)
2226 4175 2330 4230 Sed
2370 4173 2488 4229 haec
2526 4174 2618 4228 ille
2663 4189 2785 4228 cum
2816 4173 2909 4241 ibi,
2944 4184 3053 4228 tum
3083 4173 3207 4229 alibi
3237 4172 3409 4230 iusius
3438 4189 3627 4246 prose-

322 4251 569 4322 gentium
596 4266 701 4306 non
736 4250 953 4309 fuerint.
987 4254 1190 4310 Deinde
1219 4271 1346 4312 vero
1376 4256 1490 4312 lucc
1519 4258 1656 4313 bona
1688 4259 1786 4316 dea
1818 4278 1925 4318 non
2027 4270 2231 4340 quitur,
2259 4268 2713 4338 quemadmodum
2736 4267 3010 4337 Polybius,
3040 4267 3249 4334 Florus,
3273 4271 3623 4341 Augustinus,

325 4346 498 4402 modo
521 4346 888 4401 Romanorum
922 4348 1103 4405 hostes
1129 4365 1274 4420 saepe
1304 4350 1500 4422 smpius
1548 4368 1655 4408 non
1696 4355 1922 4425 depulit,
2027 4370 2081 4417 et
2118 4363 2231 4417 alii.
2268 4362 2538 4417 Diomedis
2584 4378 2745 4433 porro
2789 4367 2964 4435 campi
3010 4365 3135 4419 dicti
3178 4373 3321 4432 sunt,
3353 4366 3475 4437 quia
3508 4379 3628 4437 pos:

325 4440 428 4497 sed
457 4455 614 4511 aequo
640 4443 801 4497 etiam
834 4458 991 4511 passa
1021 4455 1103 4500 est
1129 4445 1309 4502 animo
1333 4446 1455 4503 illos
1480 4451 1734 4505 maximis
1759 4451 1923 4506 cladi.
2025 4454 2360 4510 vulneratam
2409 4454 2678 4512 Venerem
2723 4456 2842 4523 ille,
2869 4459 3038 4528 patria
3084 4457 3270 4513 relicta
3294 4500 3308 4521 ,
3343 4459 3622 4529 Apuliam,

324 4533 433 4591 bus
458 4533 621 4606 amisi
655 4550 720 4590 ac
757 4537 1048 4608 proﬂigari.
1086 4536 1315 4594 Ubinam
1357 4542 1500 4596 enim
1543 4541 1782 4598 Ρθιιυιιία
1833 4544 1920 4600 illa
1950 4616 1994 4626 _‘
2024 4556 2214 4611 Servio
2243 4556 2471 4625 aliisque
2498 4557 2638 4612 bene
2669 4555 2850 4609 multis
2879 4553 3137 4618 testibus,
3167 4554 3456 4611 incoluisse
3496 4571 3624 4626 per-

323 4629 432 4686 dea
457 4639 594 4698 erat,
623 4628 699 4685 ait
725 4631 993 4686 Arnobius
1021 4630 1237 4705 (Ibid),
1272 4651 1293 4686 ι
1327 4634 1538 4702 quando
1567 4636 1633 4691 ad
1660 4637 1923 4695 Furculas

2033 4654 2259 4709 hibetur.
2312 4616 2548 4726 (Ρὶιινιη
2582 4653 2671 4708 lib.
2714 4669 2769 4709 ιιι
2802 4652 3027 4720 Ilislar.,
3070 4616 3190 4723 pag.
3223 4651 3330 4707 256
3364 4660 3412 4707 et
3445 4616 3622 4725 δεξμμ

323 4720 599 4778 Caudinas
622 4721 790 4779 decus
817 4723 1452 4797 publicuursuhjugatum
1483 4729 1604 4784 est?
1633 4750 1652 4784 ι
1682 4729 1923 4788 Furcula:
2027 4747 2200 4817 Flor“
2232 4720 2329 4803 ub,
2351 4765 2408 4803 ιι,
2517 4748 2580 4809 6;
2622 4749 2863 4819 August,
2898 4748 2986 4802 15b.
3015 4720 3080 4802 ..ι’
3116 4720 3179 4802 de
3230 4747 3405 4811 Civil.,
3434 4762 3485 4802 c.
3511 4720 3621 4814 l9;

325 4831 463 4872 vero
499 4832 594 4874 seu
622 4816 846 4884 Furcae,
875 4830 967 4873 aut
994 4816 1199 4876 Fauces
1224 4819 1479 4877 Caudinae
1522 4837 1552 4877 a
1593 4822 1806 4891 Caudo,
1836 4824 1925 4880 vel
2027 4840 2199 4905 sem,
2230 4841 2283 4894 ίη
2311 4840 2399 4894 ιιι),
2425 4855 2517 4895 νιιι
2545 4816 2789 4905 ίΕηείὶιη
2819 4857 2938 4910 pag.
2973 4838 3129 4911 487.)

323 4910 881 4978 Caudio,.Samnitutn
905 4913 955 4968 in
975 4912 1125 4968 Italia
1147 4930 1312 4986 prope
1334 4915 1698 4973 Beneventum
1722 4918 1922 4988 oppido

2097 4934 2233 5002 Qtiid
2263 4934 2329 4989 ad
2360 4934 2475 4990 hrrc
2504 4932 2740 4989 ethnici?
2772 4933 3190 5003 Restiondehant
3220 4934 3355 4990 deos
3370 4932 3621 4990 sinistra-

324 5016 687 5077 nuucupatae.
716 5007 911 5078 insigni
952 5007 1316 5064 Romanorum
1360 5011 1514 5066 clade
1553 5011 1918 5067 celebrantur.

2033 5045 2145 5084 rum
2174 5029 2405 5099 partium
2435 5043 2557 5082 esse
2585 5025 2864 5097 praesides,
2896 5038 2949 5079 et
2978 5026 3322 5082 dexterarum
3353 5026 3616 5082 inimicos.

324 5101 414 5158 lbi
439 5102 636 5173 quippe
664 5100 876 5157 illorum
906 5104 1096 5173 capias,
1126 5103 1189 5158 T.
1220 5102 1438 5160 Veturio
1465 5103 1715 5172 Calvino,
1746 5118 1798 5161 et
1821 5105 1917 5178 Sp.

2033 5125 2212 5196 Neque
2238 5126 2440 5182 dixeris
2461 5124 2600 5179 hanc
2629 5125 2698 5180 ab
2725 5123 2959 5179 Auctore
2982 5135 3190 5189 nostro,
3223 5141 3382 5194 quam
3412 5125 3622 5180 facilius

325 5197 648 5255 Posthumio
673 5196 989 5253 consulibus
1019 5207 1072 5255 ct
1100 5198 1346 5260 ducibus.
1382 5199 1615 5268 undique
1645 5200 1714 5253 ab
1745 5199 1917 5255 hosti-

2033 5220 2316 5285 refutaret,
2345 5219 2512 5289 gratis
2558 5218 2734 5272 [ictam
2763 5221 3196 5287 restionsionem.
3231 5217 3450 5273 Litteris
3473 5216 3618 5274 enim

326 5290 434 5346 bus
462 5292 721 5356 "1388533.
752 5290 820 5345 ad
850 5305 943 5345 093
968 5292 1240 5361 ³η8υεῑί³ε
1272 5291 1507 5347 τοάῧθῑω
1541 5300 1701 5356 sum.
1732 5302 1786 5346 υί
1819 5309 1917 5363 βο·
2027 5312 2333 5368 mandatum
2362 5328 2390 5365 a
2418 5311 2659 5367 Varrone
2692 5311 2918 5380 legimus
2949 5330 2963 5367 :
3001 5330 3018 5362 ι
3054 5311 3182 5379 Quze
3220 5311 3437 5367 sinistra
3467 5320 3617 5379 sunt,

326 5384 451 5441 sitis
476 5385 674 5451 armis,
706 5384 808 5438 sub
848 5382 1057 5439 illorum
1082 5428 1096 5452 ,
1125 5385 1198 5439 uti
1227 5384 1411 5440 Livius
1436 5386 1653 5441 uberius
1683 5387 1919 5443 narravit
2025 5406 2163 5460 ιωηη
2192 5405 2427 5475 auspicia
2455 5404 2854 5460 existimamur,
2885 5406 2928 5458 Α
2961 5420 3068 5475 quo
3089 5404 3345 5458 dicuntur
3375 5405 3616 5473 comitia,

330 5474 496 5551 (Litu,
522 5478 612 5533 lib.
644 5494 714 5542 ut,
743 5478 880 5543 inil.,
902 5487 946 5531 et
973 5477 1062 5532 lib.
1090 5493 1219 5544 xxv,
1250 5495 1363 5551 cap.
1397 5479 1495 5550 6),
1528 5478 1710 5550 iugum
1743 5479 1921 5536 missae

2033 5494 2237 5551 aliudve
2264 5474 2388 5566 quid
2420 5496 2507 5561 sit,
2538 5496 2642 5552 dici
2682 5512 2781 5552 ave
2810 5474 3059 5555 sinistra:
3090 5514 3209 5566 quae
3240 5512 3385 5552 nunc
3409 5506 3524 5562 est;
3563 5497 3617 5554 id

326 5571 462 5628 sint.
489 5572 827 5642 Quapmpter
853 5571 1183 5641 Augustinus
1225 5570 1327 5625 hoc
1370 5571 1559 5627 eodem
1591 5574 1837 5645 exemplo
1865 5583 1922 5629 et

2033 5602 2054 5643 ι
2079 5603 2258 5658 grtcco
2288 5600 2371 5645 est
2390 5632 2403 5653 ,
2434 5591 2576 5661 quod
2607 5590 2661 5656 lii
2689 5592 2959 5647 sinistram
2988 5600 3186 5647 vocant
3214 5596 3417 5649 σκαιάν.
3449 5612 3468 5645 i
3496 5594 3619 5652 Ser-

327 5674 649 5733 argumento
674 5664 942 5732 ethnicos,
963 5664 1415 5736 quemadmodum
1450 5668 1739 5738 Arnobius,
1771 5670 1922 5727 refel-

2033 5682 2143 5737 rius
2173 5699 2302 5741 vero
2336 5705 2350 5742 :
2385 5706 2404 5739 ‹
2440 5687 2752 5751 Sinistrum,
2781 5707 2801 5739 ι
2835 5686 3032 5757 inquit,
3071 5704 3089 5737 ι
3117 5700 3468 5756 prosperum;
3496 5687 3622 5757 quia

326 5757 437 5814 Ῑίίε
473 5774 492 5807 ⁸
533 5755 630 5811 Ubi
667 5766 826 5813 οηηι
849 5756 944 5824 dii:
985 5778 1004 5811 ³
1042 5759 1233 5830 inquit.
1271 5777 1291 5811 ‘
1329 5762 1541 5832 ιιιιειιιάο
1573 5764 1624 5818 in
1653 5762 1920 5820 caudiﬂas
2025 5778 2244 5835 caeleste
2274 5790 2379 5840 est.
2405 5780 2694 5838 Sinistrum
2722 5755 2971 5835 autema
3004 5755 3258 5842 sinendo,
3280 5755 3544 5846 quantum
3568 5777 3637 5835 ad

334 5848 595 5907 Furculas
620 5865 650 5906 a
674 5850 1005 5911 Samnitibus
1042 5852 1281 5923 obsessi.
1312 5854 1471 5914 ambo
1513 5872 1633 5914 cum
1680 5861 1918 5917 exercitu
2023 5873 2244 5946 auguria
2272 5878 2540 5945 pertinet;
2582 5873 2722 5947 quod
2764 5889 2860 5931 nos
2886 5888 3079 5948 agerc
3101 5874 3256 5929 sinat.
3281 5870 3436 5926 Unde
3466 5868 3649 5927 alibi:
