4166 6256
546 238 655 298 559

1787 243 2234 321 υιδδεβῑᾼτιο
2261 246 2543 307 ΡΗΔΞΝΙΑ

3728 249 3834 317 ΜΟ

547 350 606 412 Si
634 369 791 426 quem
820 356 1035 411 numina
1060 358 1189 413 larva
1212 358 1408 433 sinant.
1430 358 1689 416 Sinistras
1708 370 1885 433 autem
1910 372 2136 433 septem-
2162 364 2210 429 A
2238 363 2419 418 deficit
2458 363 2601 443 haud
2643 364 2806 434 plane
2843 364 3056 447 inﬁrma
3094 364 3257 443 ralia,
3294 364 3529 437 Scriptis
3566 364 3763 436 quippe
3798 381 3833 443 φ

547 451 806 507 trionales
834 465 953 505 esse
977 465 1240 525 augurum
1284 451 1567 522 disciplina
1598 455 1906 519 consentit;
1940 466 1993 510 et
2021 455 2141 511 ideo

548 560 613 603 ex
641 545 752 617 ipsa
774 552 924 616 parte
946 546 1362 616 significantium
1389 544 1637 615 fulmina,
1658 552 1908 619 quoniam
1929 550 2138 615 altiora,

547 646 603 695 et
647 636 905 694 viciniora
954 638 1227 694 domicilio
1272 637 1439 696 Jovis.
1501 661 1519 693 ι
1577 641 1798 713 (Varro,
1845 639 1934 695 lib.
1979 658 2030 696 γι
2082 645 2144 696 de

549 732 697 804 Ling.
731 732 898 799 latim,
931 749 1050 807 pag.
1074 732 1178 800 88;
1205 733 1380 801 Serm,
1411 736 1463 789 in
1507 733 1618 791 Lib.
1656 754 1688 790 ιι
1721 734 1795 790 1E
1801 736 1964 803 neid.,
1999 751 2130 790 vers.

550 825 702 901 695.)
1010 814 1015 821 '

620 922 690 975 At
719 936 823 1001 quo
848 921 1049 976 certius
1071 922 1394 993 graviusque
1418 923 1648 993 gentiles
1673 923 1785 977 hinc
1810 918 2144 989 asserebant,

548 1026 615 1069 eo
644 1004 873 1067 validius
914 1013 982 1067 ab
1028 1015 1268 1070 Arnobio
1312 1027 1494 1071 nostro
1546 1016 1886 1070 refelluntur.
1920 1015 2147 1071 Mundus

551 1106 826 1161 enimvero
855 1114 1037 1171 toxus,
1072 1110 1145 1161 uti
1178 1107 1268 1163 ille
1293 1110 1503 1179 arguit,
1534 1124 1654 1164 cum
1686 1120 1828 1164 teres
1859 1110 2143 1164 rotundus-

553 1215 659 1271 que
700 1201 801 1264 sit,
843 1201 1040 1254 nullam
1094 1217 1266 1273 neque
1313 1202 1589 1259 dexteram
1617 1248 1631 1270 ,
1665 1220 1838 1274 neque
1877 1204 2146 1260 sinistram

557 1304 762 1363 partem
808 1292 989 1351 habet.
1021 1295 1203 1351 Nostri
1233 1309 1408 1352 autem
1441 1310 1640 1353 tantmn
1675 1311 1944 1371 respectu,
1976 1310 2030 1356 et
2053 1317 2149 1369 po—

554 1387 779 1453 sitione,
806 1402 868 1442 ac
894 1389 1171 1444 dumtaxat
1199 1391 1324 1444 dum
1354 1393 1676 1463 quiescimus
1701 1435 1714 1457 ,
1754 1408 1874 1462 pars
1902 1392 2032 1446 la-va
2065 1402 2153 1448 aut

555 1484 778 1539 dextera
810 1481 1027 1540 dicitur.
1060 1483 1191 1540 Nam
1224 1495 1448 1557 utraque
1486 1501 1609 1558 pars
1640 1487 1878 1555 quolibet
1921 1495 2151 1541 nmtatur

554 1576 804 1647 corporis
833 1580 1000 1631 nostri
1036 1586 1203 1631 tnotu.
1241 1578 1320 1634 Ad
1355 1579 1469 1633 haec
1511 1595 1660 1644 vero,
1690 1579 1814 1651 quid
1844 1580 2072 1634 sinistrzr
2099 1588 2155 1634 et

558 1669 799 1725 dexterae
829 1680 1377 1740 partesmeruerunt;
1404 1683 1460 1726 ut
1484 1671 1565 1726 ha:
1591 1673 1707 1727 sine
1736 1672 1857 1726 ullis
1885 1672 1989 1726 diis
2018 1686 2153 1741 prm-

2242 454 2413 522 Livio,
2438 456 2693 529 Dionysio
2719 457 3151 523 llalicarnasseo.
3180 458 3389 531 Valerio
3421 457 3673 527 Maximi),
3701 458 3831 519 Proq

2244 549 2445 618 pertio,‘
2470 548 2662 603 Ovidio
2689 560 2738 602 et
2771 551 2891 603 aliis
2926 549 3183 611 traditum
3214 559 3297 609 est
3324 549 3599 629 qpomodp
3627 550 3833 616 Tatius.

2243 656 2363 695 eum
2392 641 2607 695 Sabinis
2637 641 2690 697 in
2721 640 3109 712 Capitolinum,
3142 657 3199 697 ut
3222 649 3296 697 ait
3319 644 3613 712 Arnobius.
3643 644 3837 711 collem

2244 748 2275 786 a
2329 733 2540 802 Tarpeii
2601 734 2702 788 ﬁlia
2756 736 2959 811 virgine
3026 736 3364 811 introductus
3422 736 3576 790 fuerit
3638 735 3835 809 (Liv.,

2251 826 2341 881 lib.
2373 843 2410 891 ι,
2441 826 2468 898 §
2498 827 2558 881 Η
2594 839 2641 880 et
2666 844 2774 894 seq.
2801 844 2820 892 ;
2850 828 3097 900 Dionys.,
3129 829 3217 883 lib.
3248 845 3306 893 it,
3345 846 3465 901 pag.
3498 830 3602 885 105
3629 840 3679 884 et
3702 847 3836 896 seq;

2257 918 2429 975 Valer.
2470 921 2652 991 illam,
2685 921 2775 977 lib.
2826 939 2919 990 ιχ,
2949 941 3065 995 cqp.
3102 923 3166 991 6,
3210 922 3348 995 δὴ
3391 922 3592 991 Ρινοι).,
3638 925 3726 982 lib.
3753 939 3841 992 tr,

2247 1015 2373 1091 eleg.
2403 1016 2479 1078 4;
2511 1013 2664 1069 Ouid.
2688 1056 2704 1081 ,
2761 1016 2847 1070 lib.
2885 1033 2901 1077 ι
2944 1015 3091 1081 First.
3113 1058 3128 1082 ,
3186 1016 3216 1089 ς
3267 1017 3300 1071 5
3323 1023 3362 1085 ).
3398 1017 3684 1088 Dionysius
3711 1030 3844 1079 vero

2248 1108 2692 1171 Halicarnasseus
2718 1110 2804 1167 his
2835 1111 3033 1182 adjecit
3062 1111 3488 1182 virginemillatn
3518 1111 3591 1173 ibi
3611 1115 3843 1182 sepulcri

2252 1202 2455 1275 honore
2482 1204 2760 1273 donatam,
2786 1205 2873 1265 tibi
2898 1204 3188 1269 ceciderat,
3218 1205 3561 1273 redditasque
3584 1206 3663 1263 illi
3690 1216 3848 1275 quot,-

2250 1298 2405 1351 annis
2432 1312 2461 1349 a
2491 1296 2750 1351 Romanis
2784 1295 3028 1352 inferias.
3056 1297 3246 1352 Nonne
3274 1312 3409 1368 ergo
3439 1312 3570 1357 vero
3599 1298 3730 1357 satis
3768 1301 3846 1354 si-

2253 1389 2377 1459 mile
2398 1401 2481 1445 est
2502 1404 2621 1445 eam
2656 1390 2860 1459 idcirco
2888 1389 3088 1453 Panda:
3109 1406 3204 1451 seu
3229 1390 3461 1453 Ponticae
3483 1390 3700 1449 nomine
3721 1391 3850 1447 dea-

2253 1499 2369 1553 rum
2401 1483 2726 1554 ad~criptam
2759 1483 2924 1551 fuisse
2954 1486 3217 1557 numero?
3248 1483 3441 1547 Nonne
3472 1483 3636 1545 etiam
3660 1484 3848 1543 eadem

2251 1579 2464 1633 ratione
2496 1579 2766 1647 Prmstana
2800 1580 2849 1635 in
2898 1578 3124 1639 dearum
3154 1588 3357 1647 coetum
3404 1586 3690 1649 agSregata
3733 1590 3849 1645 est,

2255 1672 2410 1741 cujus
2432 1687 2534 1751 ope
2556 1672 2842 1727 Romulum
2871 1672 2922 1727 in
2947 1672 3112 1745 iaculi
3139 1673 3430 1737 emissione
3447 1670 3661 1729 caeteris
3688 1686 3855 1738 pras-

556 1763 762 1818 sidibus
790 1771 992 1829 essent,
1023 1766 1109 1833 qui
1142 1764 1376 1818 sinistris
1405 1763 1561 1818 fausti
1611 1780 1673 1817 ac
1716 1764 1899 1819 felices
1939 1776 2153 1831 semper
2182 1770 2229 1830 Β
2258 1764 2428 1819 litisse
2450 1779 2731 1835 perperam
2756 1764 3035 1835 putabant.
3057 1765 3139 1823 Ab
3157 1765 3457 1834 Augustino
3474 1765 3639 1829 enim,
3665 1775 3855 1834 postea

557 1858 746 1913 adesse
775 1854 1124 1913 ferebantur?
1148 1857 1287 1913 Nihil
1310 1862 1481 1914 ‘Certe
1527 1859 1813 1914 absurdius
1859 1857 2152 1928 excositari

558 1960 791 2021 p0terat.

628 2040 893 2099 Caeterum
926 2044 1235 2099 memoratis
1277 2043 1536 2099 bellorum
1579 2038 1683 2098 diis
1713 2044 2012 2098 contrarius
2039 2052 2156 2097 erat

556 2137 785 2205 Pausus,
810 2152 968 2208 quem
1006 2137 1277 2193 Arnobius
1324 2138 1559 2192 Bellonae
1586 2136 1849 2207 imprimis
1879 2148 2155 2205 opponere

557 2236 799 2303 videtur,
830 2235 919 2292 ubi
958 2235 1026 2290 de
1055 2235 1288 2291 ethnicis
1335 2235 1471 2299 dixit
1500 2253 1514 2289 :
1551 2252 1570 2285 ι
1609 2234 1813 2288 Pausos
1843 2242 2158 2287 reverentur

557 2340 718 2400 atque
765 2324 1035 2385 Bellonas.
1074 2348 1093 2382 ι
1126 2326 1366 2401 (Arnob.,
1404 2328 1492 2405 lib.
1535 2343 1571 2393 ι,
1620 2345 1738 2399 pag.
1775 2326 1893 2399 15.)
1925 2326 2155 2381 Pausum

558 2425 842 2480 enimvero
868 2436 898 2477 a
932 2438 1094 2493 pansa
1135 2422 1213 2477 sic
1250 2420 1685 2494 cognominatum
1719 2419 1944 2475 Vossius
1973 2418 2160 2473 existi-

559 2526 672 2572 mat
699 2513 881 2590 (νου.
912 2517 965 2569 in
995 2513 1338 2589 Elymolog.),
1371 2525 1533 2584 atque
1561 2514 1698 2567 adeo
1732 2506 1930 2581 pausat,
1962 2512 2158 2581 quietis

558 2620 613 2665 et
641 2609 782 2678 pacis
812 2608 977 2663 fuisse
1001 2608 1181 2672 deutn,
1210 2619 1372 2679 atque
1402 2608 1473 2660 uti
1503 2606 1788 2661 Turnebus
1815 2605 2161 2659 animadver-

560 2702 642 2766 ιιι,
672 2700 939 2756 bellorum
989 2708 1042 2754 et
1085 2700 1321 2755 Bellonae
1351 2698 1716 2754 adversarium
1744 2696 1999 2766 (Turneb.
2021 2741 2035 2765 ,
2068 2699 2155 2753 lib.

558 2809 631 2848 xv
662 2792 793 2847 Adv.
828 2810 873 2847 c.
899 2791 1017 2863 91).
1053 2791 1239 2849 Utrum
1287 2803 1467 2847 autem
1501 2793 1544 2846 is
1590 2788 1749 2845 fuerit
1776 2788 1939 2844 Janus
1961 2831 1975 2855 ,
2006 2791 2158 2859 enjus

559 2889 818 2958 templum
867 2888 994 2944 belli
1035 2897 1276 2959 tempore
1319 2886 1709 2952 claudebatur,
1754 2886 1983 2940 aliorum
2042 2895 2160 2942 esto

555 2980 845 3052 judicium.
876 2980 982 3038 Sed
1015 2981 1250 3043 cuinam,
1280 2981 1527 3046 obsecro,
1554 2995 1697 3034 same
1730 2981 1925 3036 mentis
1958 2980 2159 3036 homini

561 3075 680 3131 haec
709 3075 809 3131 sibi
840 3075 1068 3130 invicem
1100 3075 1341 3146 opposita
1377 3073 1590 3129 numina
1618 3075 1807 3141 risum,
1841 3084 1930 3130 aut
1957 3082 2160 3130 stoma—

557 3167 716 3223 chum
741 3185 847 3223 non
876 3168 1203 3222 movebunt?

628 3258 743 3315 Non
778 3261 944 3331 magis
976 3261 1216 3331 profecto
1238 3261 1449 3331 probari
1477 3269 1684 3332 poterat
1709 3261 1997 3318 Praestanze
2022 3262 2157 3317 Pan-

559 3353 748 3426 daeque
803 3354 1092 3425 divinitas,
1143 3370 1275 3425 quas
1318 3355 1585 3411 Arnobius
1635 3371 1732 3411 suo
1784 3358 1848 3409 ad
1904 3358 2160 3425 ipsosmet

557 3444 807 3503 ethnicos
835 3462 1099 3502 converso
1125 3464 1378 3503 sermone
1404 3449 1481 3503 sic
1510 3448 1749 3517 explodit
1780 3470 1792 3504 :
1831 3469 1849 3501 ι
1888 3448 2157 3505 Pracstana

558 3547 662 3608 est,
694 3550 750 3595 tit
776 3539 1089 3612 perhibetis,
1121 3540 1284 3607 dicta,
1318 3540 1458 3611 quod
1501 3540 1777 3608 Quirinus,
1813 3542 1924 3597 sive
1955 3541 2158 3597 Romu-

557 3633 663 3701 lus,
683 3634 735 3688 in
751 3633 915 3703 jaculi
938 3635 1227 3690 emissione
1248 3646 1563 3689 cunctorum
1594 3634 1903 3704 prmstiterit
1925 3636 2155 3690 viribus:

555 3738 607 3783 et
657 3728 797 3797 quod
845 3727 969 3783 Tito
1014 3726 1203 3793 Tatio,
1232 3726 1590 3796 Capitolinum
1639 3736 1695 3782 ut
1738 3729 1913 3798 capiat
1940 3728 2155 3797 collem,

556 3823 697 3876 viam
732 3821 969 3891 pandere
995 3832 1156 3892 atque
1180 3822 1393 3892 aperire
1425 3821 1683 3893 permiSsa
1718 3834 1820 3887 est,
1855 3821 1953 3875 dea
1979 3821 2157 3875 Panda

556 3923 639 3968 est
668 3913 954 3984 appellata,
985 3914 1067 3968 vel
1094 3914 1330 3968 Pantica.
1375 3935 1392 3966 ι
1427 3913 1663 3982 (Arnob.,
1700 3914 1787 3967 lib.
1815 3929 1885 3975 tv,
1918 3930 1972 3985 p.
2000 3911 2154 3985 19.8.)

557 4003 769 4076 Opinati
802 4015 925 4059 sunt
951 4005 1165 4073 quidam
1197 4006 1394 4061 Pandtc
1434 4005 1549 4061 dem
1579 4007 1905 4062 mentionem
1939 4005 2050 4060 fieri
2078 4007 2157 4061 ci-
2196 4012 2205 4015 ’

563 4100 685 4152 tatis
721 4098 788 4152 ab
817 4102 881 4153 Α.
917 4098 1091 4155 Gellio
1121 4099 1328 4156 duobus
1363 4098 1618 4154 Varronis
1649 4100 2009 4165 carminibus,
2040 4116 2159 4170 qua:

560 4191 614 4247 in
645 4191 761 4263 ejus
790 4193 1026 4248 editione
1071 4194 1210 4250 fusile
1254 4204 1502 4265 corrupta
1532 4237 1546 4260 ,
1576 4195 1706 4249 varii
1740 4194 2029 4263 scriptores
2062 4209 2159 4264 pro

554 4285 754 4356 ingenii
784 4289 1031 4342 acumine
1060 4286 1351 4342 emendare
1375 4287 1552 4342 conati
1581 4298 1704 4342 sunt
1727 4285 1910 4359 (Gell.,
1943 4285 2029 4340 lib.
2065 4302 2157 4341 xui

457 4400 465 4405 ν
557 4379 714 4435 Nocl.
753 4382 925 4449 Attia,
954 4400 1001 4438 c.
1028 4381 1145 4455 ρει).
1201 4382 1484 4439 Turnebus
1511 4392 1691 4437 autem
1742 4389 1795 4437 et
1839 4382 1930 4435 alii
1975 4380 2158 4452 suspi-

561 4482 751 4529 cantur
782 4474 918 4528 hanc
948 4488 1093 4542 eSSe,
1124 4491 1243 4546 qua:
1270 4477 1324 4531 in
1356 4488 1538 4530 vetere
1587 4475 1760 4529 lexico
1806 4476 2001 4550 εἰρήνης
2027 4476 2153 4537 θεὸς,

2255 1858 2494 1923 citandn,
2528 1858 2791 1913 discimus
2822 1857 2974 1915 illum
3008 1858 3173 1912 fuisse
3218 1857 3502 1928 gentilium
3537 1872 3765 1923 morem,
3796 1865 3861 1921 ut

2255 1950 2386 2004 deos
2409 1966 2535 2005 suos
2566 1951 2724 2016 illius,
2758 1966 2863 2027 quo
2893 1950 3038 2023 fungi
3067 1950 3390 2007 autfonctos
3409 1963 3534 2006 esse
3550 1950 3857 2021 opinaban-

2255 2052 2363 2111 tur,
2395 2042 2556 2098 ol'ticii
2585 2045 2801 2101 nomine
2823 2044 3173 2115 appellarent.

2327 2126 2593 2199 Quidquid
2622 2144 2782 2199 porro
2809 2129 2878 2182 sit
2898 2129 2965 2184 de
2991 2128 3186 2193 Panda:
3209 2127 3293 2183 vel
3324 2127 3560 2207 Pantica:
3602 2138 3661 2185 et
3683 2128 3861 2184 Praes-

2259 2224 2397 2276 tanae
2429 2223 2776 2294 etymologia,
2813 2221 3055 2276 ﬁctitiam
3089 2221 3374 2293 utriusque
3396 2221 3738 2293 divinitatem
3757 2224 3865 2278 Ar-

2261 2316 2456 2371 nobius
2487 2316 2612 2371 inde
2642 2314 2889 2371 funditus
2914 2318 3131 2385 evertit,
3164 2316 3309 2388 quod
3342 2326 3538 2371 neutra
3572 2327 3696 2373 ante
3726 2316 3865 2372 Tar-

2258 2412 2437 2483 peium
2463 2420 2519 2464 et
2538 2410 2821 2464 Romulum
2842 2410 2939 2465 dea
2966 2408 3144 2464 fuerit.
3166 2409 3296 2463 Nam
3315 2411 3471 2463 sicuti
3491 2410 3580 2464 ille
3599 2409 3861 2487 loquitur:

2266 2523 2283 2556 ι
2318 2503 2428 2558 Nisi
2459 2498 2722 2559 Romulus
2767 2503 3031 2559 tenuisset
3070 2502 3160 2558 teli
3204 2504 3525 2574 trajectiOne
3567 2503 3862 2573 palatium,

2261 2601 2421 2670 nique
2439 2599 2722 2668 Tarpeiam
2743 2613 2929 2668 rupem
2949 2613 3043 2653 rex
3060 2596 3289 2654 Sabinus
3309 2599 3862 2668 potuissetaccipere,

2259 2692 2403 2748 nulla
2436 2692 2851 2761 esseLPantica,
2889 2692 3033 2745 nulla
3067 2691 3341 2745 Praestaua
3387 2702 3529 2746 esset
3577 2694 3592 2761 (
3620 2693 3817 2746 Arnob.
3845 2734 3863 2756 ,

2261 2785 2349 2840 lib.
2382 2801 2454 2849 tv,
2485 2803 2604 2861 pag.
2646 2783 2751 2841 128
2773 2787 2811 2855 ).
2851 2784 2982 2852 Quis
3010 2792 3222 2851 autem,
3255 2782 3355 2841 nisi
3397 2781 3555 2853 plane
3590 2778 3858 2853 desipiat,

2260 2895 2421 2935 veros
2447 2880 2580 2933 deos
2602 2894 2720 2933 esse
2747 2862 2963 2942 dixerit,
2988 2878 3079 2963 qui
3103 2879 3230 2931 olim
3259 2893 3365 2931 non
3395 2876 3606 2933 fuerant
3633 2877 3733 2944 dii,
3755 2893 3866 2957 nep

2261 2975 2329 3029 ab
2354 2975 2472 3028 aliis
2500 2990 2659 3044 quam
2695 2973 2998 3027 hominibus
3026 2989 3154 3028 casu
3186 2973 3370 3057 aliquo
3402 2971 3526 3029 facti
3552 2974 3721 3027 sunt?
3749 2972 3868 3031 Sed

2261 3070 2328 3123 ah
2354 3069 2456 3135 his,
2483 3085 2615 3139 quos
2639 3068 2925 3124 dementes
2948 3067 3149 3122 ethnici
3183 3067 3542 3123 obarmorum
3566 3064 3870 3121 bellorum-

2185 3158 2230 3225 Ε.
2262 3177 2364 3233 que
2397 3172 2683 3228 terrorem,
2714 3162 2797 3215 vel
2828 3160 3025 3232 quietis
3056 3159 3314 3231 pacisque
3343 3160 3566 3226 bonum,
3606 3157 3670 3213 ad
3703 3158 3865 3230 alios,

2262 3272 2395 3327 quos
2428 3258 2496 3311 ob
2525 3256 2781 3310 vilissima
2827 3254 3160 3323 ministeria,
3212 3253 3344 3313 deos
3390 3252 3688 3319 tinxerunt,
3736 3267 3867 3308 cum

2259 3361 2480 3405 ῑιυῡιυτθ
2504 3359 2689 3405 ιιυεῑιῚι
2721 3359 2982 3404 transeam
2992 3363 3070 3401 IIS.

2864 3498 3161 3540 Αιιτιευιυε
3198 3494 3252 3538 ΐ.

2263 3601 2515 3662 Quomodo
2559 3598 2802 3650 Arnobius
2839 3605 3183 3662 argumentum
3217 3608 3371 3662 suum
3411 3604 3759 3662 prosequatur,
3812 3604 3872 3651 et

2327 3665 2635 3723 demonstret
2657 3676 2914 3770 perpe‘ram
2936 3660 3054 3770 ﬂori
3079 3664 3141 3710 ab
3161 3661 3372 3768 ethnich
3396 3661 3544 3731 deum
3564 3660 3872 3731 Laterantun

2327 3726 2594 3770 [)P'J‘Sitif‘rl‘
2620 3726 2785 3770 crudis
2826 3732 2992 3770 atereu
3018 3726 3073 3770 is.
3095 3723 3302 3770 Genium
3340 3736 3448 3770 oco.
3485 3721 3694 3770 alzisuue
3722 3721 3869 3770 locns.

2325 3721 2594 3788 pra'sidere
2620 3721 2785 3773 crudis
2809 3721 3073 3788 laterculis,
3095 3723 3302 3788 Genium
3324 3721 3448 3788 foco,
3485 3721 3869 3788 aliisque‘locis,

2323 3783 2466 3838 Aiunt
2512 3789 2764 3839 Locutium
2812 3786 3041 3835 Romanae
3086 3785 3340 3841 custodite,
3380 3783 3572 3833 Faunos
3605 3783 3654 3832 et
3680 3784 3873 3839 Fatua.

2326 3853 2503 3903 futuris
2525 3854 2675 3902 rebus
2698 3848 3037 3912 praedicendis,
3064 3848 3237 3912 Putant
3258 3848 3483 3909 arborum
3508 3848 3866 3912 pumtiunibus,

2325 3912 2479 3964 rebus
2502 3910 2729 3977 petendis
2748 3913 2939 3977 Petam,
2964 3910 3330 3977 Nettlestrinum
3371 3910 3672 3977 uolneribus,
3702 3910 3864 3977 rebus

2388 3972 2579 4026 tefactis
2617 3974 2696 4025 vel
2737 3974 3106 4038 patetaciendis,
3157 3972 3459 4038 Patellanatn
3492 3972 3857 4038 et___l’atellum‘,

2368 4041 2548 4093 odutim
2584 4034 2823 4088 fructuum
2848 4036 3002 4099 nodis,
3031 4036 3254 4099 terendis
3290 4034 3517 4099 frugibus
3560 4034 3858 4099 Tereum-In,

2323 4103 2584 4153 Saturnum
2608 4102 2801 4157 sationi,
2831 4098 3019 4148 Florum
3050 4097 3270 4151 ﬂoribus,
3294 4096 3541 4158 montibus
3565 4096 3859 4158 Montinum,

2324 4163 2556 4215 Vibiliam
2595 4166 2847 4212 erroribus
2864 4164 3072 4215 viarum,
3111 4159 3438 4209 Limentinum
3471 4157 3737 4217 liminibus,
3765 4157 3866 4209 eo;

2323 4243 2430 4278 rum
2469 4227 2702 4277 custodia:
2748 4224 2951 4287 Litnaiu,
2998 4221 3366 4287 obliquitalibus
3401 4221 3591 4287 Liuius,
3654 4222 3870 4287 μικῐίος

2323 4259 2430 4278 ιυιιι
2469 4259 2702 4277 eumeum.
2748 4259 2930 4275 ...........
2999 4259 3366 4285 υν..ς,...,........-
3410 4259 3591 4283 .......,.,,
3732 4259 3861 4277 ...νη

2323 4294 2571 4359 lucrorum
2612 4259 3050 4345 conseruiionibus,
3095 4294 3147 4334 et
3192 4283 3459 4359 opulentiae
3505 4259 3861 4335 deam'wisecu-

2322 4366 2471 4403 mam.

2331 4456 2387 4512 Si
2416 4455 2802 4511 comnientltiae
2825 4453 3051 4510 deorum
3083 4451 3420 4526 prmfecttute
3448 4450 3643 4507 falsam
3667 4468 3867 4510 eorum

554 4567 607 4623 id
636 4576 739 4630 est,
768 4569 912 4639 pacis
940 4568 1062 4639 dea,
1092 4544 1255 4642 atque
1281 4570 1349 4625 ab
1372 4571 1585 4624 urbimn
1618 4567 1807 4639 portis,
1835 4544 1981 4637 pacis
2014 4579 2151 4625 tem-
2178 4551 2231 4639 Ι)
2258 4548 2595 4606 divinitatem
2614 4549 2896 4605 evidenter
2911 4544 3864 4642 demon.~trant,illarproculdubio,

562 4674 695 4732 pore
734 4661 1030 4730 pandendis
1057 4670 1111 4719 et
1135 4662 1440 4733 aperiendis
1488 4662 1536 4716 ei
1578 4676 1773 4715 nomen
1820 4659 2018 4716 Panda:
2049 4661 2153 4716 int-

556 4754 786 4823 positum
819 4750 1088 4827 (Turneb.,
1119 4756 1207 4811 lib.
1242 4771 1332 4809 xix
1379 4753 1507 4809 Adv.
1547 4771 1593 4809 ο.
1628 4753 1739 4824 11).
1783 4753 1849 4808 At
1881 4761 2029 4809 certe
2059 4753 2157 4808 Ar-

557 4846 754 4901 nobius
787 4865 892 4902 non
924 4848 1164 4918 loquitur
1187 4847 1255 4902 de
1285 4849 1431 4916 pacis
1474 4846 1597 4911 dea,
1627 4861 1726 4900 nec
1757 4846 1824 4900 de
1852 4848 2070 4913 Cerere,
2102 4848 2153 4901 in

554 4944 711 5016 cujus
747 4944 949 5015 templo
992 4944 1059 4999 iis
1079 4987 1092 5011 ,
1122 4943 1214 5015 qui
1245 4943 1296 4997 in
1344 4942 1473 4997 illud
1500 4986 1514 5007 ,
1543 4950 1600 4996 ut
1625 4957 1693 4997 ex
1720 4942 1884 4997 citato
1910 4941 2156 4998 Varrone

557 5036 809 5093 observat
831 5036 1060 5101 Nonius,
1084 5045 1355 5106 tamquam
1378 5035 1588 5108 azylum
1612 5033 1979 5106 confugerant,
2004 5035 2160 5104 panis

556 5131 784 5186 dabatur
830 5129 1028 5203 (Nani.
1049 5173 1063 5195 ,
1093 5131 1157 5182 de
1192 5128 1449 5199 Propriet.
1494 5128 1720 5191 verbor.,
1750 5142 1797 5181 ο.
1832 5127 1892 5190 1,
1922 5126 1992 5179 ad
2017 5126 2156 5180 verb.

557 5238 804 5280 mansne
827 5225 868 5295 ).
908 5225 979 5277 De
1010 5222 1108 5278 dea
1145 5222 1412 5293 siquidem
1442 5221 1632 5275 bellica
1663 5222 1839 5291 potius
1885 5219 2161 5290 disputare

554 5317 788 5383 videtur,
821 5324 1008 5386 utpote
1039 5332 1159 5385 quae
1187 5317 1312 5386 quia
1344 5315 1409 5371 ad
1432 5315 1751 5384 capiendum
1795 5313 2159 5383 Capitolinum

559 5410 754 5465 collem
800 5409 864 5466 T.
912 5409 1070 5466 Tatio
1119 5411 1256 5464 viain
1307 5409 1559 5480 pandisse
1614 5408 1909 5475 ferebatur,
1958 5407 2158 5463 idcirco

561 5501 760 5560 Panda:
791 5518 983 5558 nomen
1011 5503 1197 5558 sortita
1226 5512 1328 5559 est.

633 5602 705 5654 At
745 5596 944 5652 fatetur
988 5597 1211 5653 Vossius
1256 5614 1406 5653 suam
1456 5614 1561 5653 non
1610 5597 1837 5654 rediisse
1869 5595 1919 5651 in
1948 5610 2159 5650 memo-

558 5690 693 5750 riam
741 5690 882 5745 unde
931 5692 1203 5749 Arnobius
1251 5691 1391 5747 hanc
1436 5690 1814 5765 etymologiam
1863 5688 2153 5756 acceperit.

554 5772 764 5849 Verum
806 5785 849 5839 si
884 5782 1037 5855 hujus
1081 5785 1430 5862 etymologia
1479 5796 1670 5845 auctor
1708 5783 1756 5839 ei
1791 5781 2007 5849 defuit,
2050 5793 2163 5835 non

2257 4644 2451 4716 quibus
2473 4644 2676 4700 ethnici
2701 4643 2846 4714 ipsos
2874 4640 3153 4697 viliSsimis
3173 4636 3664 4709 ahjectissimisque
3692 4640 3870 4697 rebus

2258 4750 2494 4809 praeesse
2535 4736 2736 4807 passim
2772 4734 2970 4806 ubique
3016 4732 3415 4803 praedicabant,
3459 4729 3637 4786 adhuc
3667 4731 3868 4787 effica-

2257 4829 2374 4885 cius
2421 4839 2476 4883 et
2520 4826 2861 4882 manifestius
2908 4825 3157 4881 eamdem
3206 4823 3489 4877 falsitatem
3539 4825 3863 4879 ostendunt.

2259 4922 2399 4991 Quid
2428 4923 2572 4977 enim
2623 4922 2882 4975 insulsius
2910 4928 2962 4973 et
2991 4916 3307 4983 absurdius,
3340 4930 3498 4985 quam
3532 4914 3871 4974 Lateranum

2260 5018 2545 5088 quemdam
2589 5016 2870 5072 venditare
2916 5013 3160 5070 focorum
3203 5013 3417 5082 genium
3448 5023 3502 5066 et
3540 5011 3749 5066 deum?
3784 5013 3872 5069 Eo

2264 5124 2441 5169 tamen
2467 5114 2683 5168 nomine
2708 5110 2850 5166 hunc
2870 5118 3152 5179 prapterea
3166 5107 3346 5161 vocari
3361 5106 3595 5162 ethnicis
3619 5106 3869 5176 placuit;

2267 5224 2285 5259 ι
2322 5207 2464 5280 quod
2496 5224 2562 5262 ex
2589 5206 2865 5261 laterculis
2894 5203 3097 5264 crudis,
3136 5220 3156 5254 ι
3189 5209 3247 5256 ιιι
3274 5201 3345 5253 ait
3383 5200 3687 5264 Arnobius,
3737 5219 3758 5251 ι
3797 5202 3872 5257 ab

2263 5301 2571 5358 hominibus
2588 5298 2921 5355 caminorum
2944 5295 3082 5350 istud
3106 5291 3474 5349 exaedificatur
3492 5308 3660 5364 genus
3682 5294 3737 5365 ι(
3757 5295 3869 5348 Ar-

2261 5393 2401 5461 ποίη,
2430 5394 2519 5450 lib.
2550 5409 2627 5457 tv,
2665 5410 2786 5465 pag.
2823 5390 2924 5447 1'50
2942 5389 3137 5446 et133:
3167 5386 3336 5451 Plin.,
3367 5386 3454 5441 lib.
3499 5400 3639 5441 xxxv
3660 5384 3866 5445 Natur.

2262 5489 2406 5554 hist,
2432 5505 2550 5558 cap.
2578 5488 2667 5554 14,
2692 5504 2809 5558 pag.
2838 5484 2987 5558 248).
3021 5486 3087 5538 At
3113 5482 3318 5537 Plinius
3338 5480 3559 5552 putabat
3583 5496 3611 5535 a
3639 5484 3871 5540 nemine

2261 5582 2492 5655 ignorari
2536 5581 2671 5635 illini
2718 5579 2936 5651 quidem
2966 5587 3143 5633 crates
3178 5575 3477 5648 parietum,
3516 5575 3869 5634 et‘iateribus

2259 5679 2440 5737 crudis
2471 5676 2694 5730 exstrui.

2337 5770 2478 5827 Nulli
2511 5784 2642 5825 vero
2684 5770 2877 5826 mirum
2910 5781 3033 5825 esse
3071 5767 3268 5836 debet,
3315 5767 3361 5823 si
3400 5764 3599 5824 ethnici
3638 5766 3866 5837 genium
