4158 6264
260 323 358 383 511

1504 315 1569 377 1N
1608 311 1982 393 ABNOBIUI.
2022 311 2176 383 car.
2216 308 2352 389 xui.

3439 293 3547 350 δη

256 442 491 513 aliquem
538 438 676 496 locis
720 453 954 511 praeesse
979 437 1283 496 crederent.
1314 435 1446 491 Nam
1470 434 1678 508 genium
1704 433 1847 487 dice-
1876 438 1930 499 Α
2025 429 2134 486 Nec
2179 440 2401 500 prorsus
2448 422 2723 491 immerito
2765 418 3040 492 Arnobius
3068 413 3272 495 ﬁetitiis
3299 411 3425 481 diis,
3454 409 3548 484 qui

254 534 376 590 bant
400 534 623 606 antiqui,
649 532 1107 604 quemadmodum
1127 531 1366 602 loquitur
1391 528 1611 584 Servius
1637 526 1848 600 (Serv.,

252 632 305 686 in
324 630 411 685 lib.
438 646 459 687 ι
505 624 720 700 Georg,
744 646 860 702 pag.
883 628 974 694 85,
995 637 1040 699 et
1061 628 1113 681 in
1142 624 1231 680 lib.
1251 641 1280 677 ν
1310 622 1550 687 1Eneid._.
1572 618 1849 693 pag.567),

253 724 548 781 naturalem
580 725 730 777 deum
756 722 1150 792 uniuscujusque
1178 718 1300 774 loci.
1334 716 1410 770 vel
1440 716 1535 778 rei,
1564 724 1652 769 aut
1681 713 1851 767 Itami-

254 822 355 876 nis.
378 818 526 876 Alibi
555 819 716 873 etiam
746 815 1065 870 testificatur
1088 810 1290 867 nullum
1314 808 1452 882 apud
1485 807 1711 880 gentiles
1737 805 1855 860 sine

254 912 421 986 genio
448 910 615 965 fuisse
643 907 840 963 locum.
888 905 1079 961 Testes
1107 905 1242 959 alios
1269 906 1311 957 si
1361 900 1514 967 velis,
1565 897 1853 953 Confestim

257 1005 489 1064 habebis
522 1002 821 1077 Virgilium,
850 999 1158 1071 Dionysium
1190 992 1689 1055 Halicarnasseum,
1719 989 1853 1044 Ter.

257 1101 570 1163 tullianum,
620 1106 675 1151 et
712 1092 1092 1157 Prudentium,
1120 1092 1211 1161 qui
1246 1090 1396 1161 plura
1428 1087 1496 1142 de
1536 1084 1712 1156 geniis
1742 1082 1858 1136 ubi-

260 1212 369 1269 que
402 1190 839 1267 przesidentibus,
870 1199 1029 1260 atque
1055 1186 1124 1241 de
1150 1186 1215 1240 iis
1245 1184 1496 1245 maxime,
1522 1193 1657 1251 quos
1686 1179 1860 1231 Arno-

256 1291 380 1347 bius
426 1288 556 1343 alibi
598 1285 875 1341 civitatum
915 1281 1133 1352 genios,
1176 1277 1322 1333 etab
1351 1274 1540 1331 iisdem
1570 1269 1860 1344 gentilibus

258 1383 474 1439 adorari
517 1378 710 1435 Solitos
755 1383 1021 1430 memorant
1061 1376 1079 1443 (
1117 1368 1297 1443 Virgil.
1326 1411 1340 1436 ,
1385 1367 1471 1423 lib.
1524 1381 1559 1419 v
1611 1361 1856 1433 xEneid.,

259 1494 389 1532 vers.
418 1475 509 1545 95,
542 1484 588 1528 et
611 1472 701 1529 lib.
733 1485 830 1536 vn,
854 1485 983 1523 vers.
1016 1466 1148 1531 135;
1184 1469 1374 1536 Dionp.
1425 1458 1623 1525 Halic.,
1651 1456 1738 1511 lib.
1770 1469 1861 1509 vm

262 1572 438 1641 Antiq.
462 1586 690 1635 romam,
718 1582 837 1638 pag.
864 1562 970 1620 515
989 1579 1003 1628 ;
1024 1559 1269 1625 Tertull.,
1291 1558 1376 1615 lib.
1397 1558 1461 1612 de
1486 1553 1648 1616 Pall.,
1665 1570 1779 1622 cap.
1803 1551 1858 1615 4;

265 1663 482 1733 Arnob,
518 1662 609 1717 lib.
642 1678 681 1726 ι,
722 1676 843 1735 pag.
870 1658 938 1713 15
965 1674 980 1722 ;
1011 1653 1294 1719 Prudent.,
1326 1651 1414 1706 lib.
1447 1666 1482 1704 ιι
1529 1655 1669 1702 cont.
1700 1643 1858 1717 Sym-

270 1759 459 1822 inaclt.,
492 1753 523 1830 δ
551 1755 586 1811 5
607 1753 645 1821 ).
674 1751 799 1807 Haec
825 1759 1003 1804 autem
1029 1755 1153 1802 sunt
1174 1741 1452 1801 Prudentii
1477 1736 1715 1796 carmina
1749 1754 1763 1789 :

352 1874 658 1987 guamquam
675 1882 763 1919 cur
788 1866 989 1930 genium
1011 1863 1179 1913 Romae
1200 1860 1319 1915 mihi
1342 1858 1529 1921 fingitis
1551 1865 1723 1912 unum,

391 1949 472 1984 um
501 1935 673 1987 portis,
700 1929 941 1985 domibus,
971 1924 1193 1984 thermis,
1217 1922 1422 1987 stabulis
1445 1916 1646 1987 soleatis

391 1916 941 1997 ﬁhmﬁﬁiotﬁmus,
971 1924 1193 1984 thermis,
1217 1916 1422 1995 stabulis
1445 1916 1646 1997 soleatis

354 1981 627 2063 iss—igbare
648 1981 764 2063 suos
787 1981 979 2055 genios,
1000 1981 1191 2063 perque
1216 1986 1376 2063 omnia
1401 1981 1654 2063 membra;

356 2044 720 2124 Erbirsperque
741 2044 877 2124 locos
900 2044 1162 2124 geniorum
1188 2044 1511 2124 millia'uiulta

697 2103 889 2181 propria
900 2103 1057 2164 vvacet
1085 2109 1295 2172 angulus
1314 2106 1441 2156 ullus
1468 2105 1529 2155 ab
1544 2103 1734 2153 umbra.

266 2230 342 2297 lbi
384 2243 570 2287 autem
620 2228 709 2293 ille
750 2242 811 2281 ea
844 2223 1077 2293 refellit,
1123 2236 1241 2291 quia
1274 2215 1631 2288 Symmachus
1662 2211 1731 2265 tle
1759 2208 1863 2265 diis

272 2322 481 2379 urbium
508 2318 823 2378 custodibus
842 2310 1132 2390 garriebat,
1158 2307 1608 2382 quemadmodum
1629 2303 1864 2377 Cyrillus

269 2414 670 2470 Alexandrinus
701 2410 803 2466 alia
836 2405 1142 2483 hujusmodi
1174 2412 1502 2464 commenta,
1532 2414 1650 2469 quae
1677 2397 1744 2451 de
1775 2395 1865 2449 iis-

269 2511 386 2567 dem
409 2508 658 2567 Julianus
682 2508 940 2579 A‘postata
962 2502 1173 2569 dixerat
1195 2498 1351 2567 plane
1374 2490 1667 2548 confutavit
1684 2486 1864 2562 (δυνη-

268 2606 472 2673 mach.,
522 2600 665 2673 apud
709 2596 984 2660 Ambros”
1034 2604 1157 2646 tom.
1209 2606 1277 2656 ιι,
1326 2604 1444 2663 pag.
1494 2584 1639 2647 830;
1678 2579 1863 2652 Cyrill.

270 2672 712 2759 Alexand.,init.
769 2689 858 2743 lib.
908 2703 960 2742 IV
990 2687 1042 2739 in
1089 2683 1292 2738 Julian.
1325 2682 1727 2752 Aponui.,pug.
1763 2672 1866 2729 115

267 2803 315 2845 et
344 2787 543 2862 seqq).
591 2784 777 2841 Palam
806 2796 986 2855 autem
1022 2778 1293 2836 Arnobius
1328 2776 1452 2831 facit
1489 2786 1651 2844 quam
1682 2769 1866 2824 divino

268 2883 477 2939 numini
506 2895 536 2935 c
561 2898 586 2931 s;
600 2877 959 2932 .tumeliosum
979 2875 1048 2927 sit
1069 2869 1362 2941 prardicare
1380 2867 1537 2942 depm
1556 2865 1687 2920 focis
1701 2873 1756 2918 et
1770 2877 1864 2917 co-

267 2977 446 3049 quinis
487 2974 839 3047 praepositum
858 3013 876 3040 ,
906 2985 1002 3040 per
1028 2984 1124 3026 eas
1157 2969 1509 3024 cursitantem
1530 3004 1543 3028 ,
1576 2977 1640 3016 ac
1666 2974 1866 3017 curan-

269 3082 373 3128 tem
401 3081 459 3124 nt
488 3070 596 3125 cibi
619 3078 670 3122 et
710 3068 986 3141 pulmenta
1016 3064 1151 3117 bene
1178 3067 1478 3132 coquantur
1517 3072 1581 3111 ac
1609 3054 1868 3110 condian-

270 3175 375 3221 tur.
405 3164 548 3235 Quin
579 3162 740 3217 etiam
774 3158 904 3223 fatui
924 3156 1108 3228 procul
1132 3155 1295 3209 dubio
1321 3164 1373 3207 et
1403 3152 1561 3222 plane
1588 3149 1743 3203 deliri
1764 3146 1864 3202 ho-

1952 522 2135 577 futura
2170 518 2470 591 prtedicere
2501 514 2883 579 credebantur,
2927 508 3215 588 coniungit
3244 505 3464 569 Faunos
3491 509 3550 561 et

1956 619 2171 683 Fatuas,
2196 632 2330 688 quos
2351 613 2583 684 gentiles
2602 610 2851 666 similiter
2874 618 3144 678 tamquam
3168 603 3301 659 deos
3325 613 3550 659 venera-

1955 713 2168 767 bantur.
2219 708 2350 763 Nam
2405 705 2692 776 Dionysius
2746 701 3189 756 Halicarnasseus
3232 696 3285 755 in
3326 693 3548 759 dubium

1955 815 2129 869 vocat,
2160 819 2226 859 an
2258 818 2355 859 vox
2390 801 2500 865 illa,
2528 814 2686 871 quam
2711 796 2966 853 divinitus
2995 793 3249 849 emissam
3278 788 3541 853 ferebant.

1957 901 2139 957 herois
2176 898 2456 970 cujusdam
2506 911 2572 946 an
2606 891 2775 947 Fauni
2818 889 2999 946 fuerit.
3037 886 3207 945 Varro
3249 898 3462 947 autem,
3494 889 3551 939 et

1957 997 2180 1067 Servius
2228 994 2413 1050 Fauno
2464 1006 2660 1047 nomen
2707 988 2891 1042 datum
2944 993 3134 1061 putant
3163 1000 3191 1037 a
3225 981 3409 1048 fando,
3461 978 3551 1037 vel

1956 1092 2103 1165 quia,
2130 1100 2187 1147 ut
2228 1087 2393 1145 Caius
2422 1086 2620 1145 Bassus
2648 1082 2788 1154 apud
2836 1079 3206 1155 Lactantium,
3261 1085 3419 1144 atque
3462 1073 3554 1130 alii

1957 1184 2341 1244 autumabant,
2378 1178 2598 1243 Famam
2651 1177 3015 1239 nominatam,
3056 1186 3177 1240 qua:
3210 1166 3551 1233 mulieribus,

1958 1282 2099 1336 sicut
2145 1279 2358 1334 Faunus
2403 1276 2568 1341 viris,
2613 1274 2717 1326 fata
2759 1283 2958 1331 cauere
2998 1263 3442 1340 perhibebantur.
3487 1258 3556 1327 Et

1962 1374 2213 1445 Virgilius
2238 1371 2453 1442 quidem
2475 1370 2645 1424 Fauni
2666 1380 2922 1435 responsa
2956 1361 3216 1417 laudavit.
3246 1360 3313 1421 At
3341 1356 3553 1421 (Licero,

1960 1467 2203 1537 quamvis
2228 1464 2423 1518 dixerit
2448 1462 2614 1517 Fauni
2640 1476 2798 1516 voces
2827 1473 2973 1529 stupe
2995 1457 3047 1527 in
3078 1454 3280 1524 procliis
3306 1461 3359 1506 et
3389 1451 3551 1509 rebus

1962 1559 2190 1623 turbidis
2233 1559 2446 1615 auditas
2472 1598 2488 1631 ,
2533 1556 2622 1627 ubi
2676 1565 2852 1613 tamen
2897 1551 3105 1613 Cottam
3139 1548 3305 1603 Balbo
3333 1558 3557 1614 respone

1961 1654 2179 1711 dentem
2209 1653 2547 1725 introduxit,
2579 1666 2696 1721 eam
2729 1648 2898 1705 Fauni
2932 1661 3115 1715 vqpem
3148 1660 3177 1697 a
3204 1658 3263 1696 se
3302 1652 3557 1705 umquam

1963 1747 2201 1801 auditam
2225 1745 2495 1801 inliciatns
2517 1752 2599 1799 est
2623 1739 2841 1815 (Diong.
2877 1737 3073 1805 Halia,
3101 1734 3191 1789 lib.
3212 1749 3261 1787 v1
3303 1730 3556 1801 Antiquit.

1893 1837 1940 1897 Β
1969 1856 2123 1923 rom,
2156 1856 2273 1915 pag.
2304 1837 2448 1903 290;
2487 1837 2659 1901 Varr,
2684 1835 2771 1891 lib.
2796 1850 2850 1891 Vl
2878 1834 2940 1901 de
2967 1830 3119 1903 Ling.
3148 1830 3268 1895 ιρι,
3292 1844 3413 1898 pag.
3447 1824 3555 1892 78;

1966 1919 2115 1989 Serv.
2142 1975 2157 1997 ,
2198 1933 2251 1987 in
2301 1931 2469 2003 γεω..
2511 1931 2600 1989 lib.
2649 1946 2669 1991 ι
2712 1928 2923 1998 Geor-9.,
2963 1941 3102 1991 vers.
3131 1923 3197 1980 10
3223 1933 3269 1999 et
3316 1921 3403 1984 11,
3434 1919 3559 1975 etin

1965 2026 2132 2097 lib.vu
2148 2023 2389 2088 ﬁndi,
2408 2040 2538 2085 vers.
2554 2023 2624 2079 45
2643 2031 2688 2076 et
2711 2036 2878 2092 seqq.;
2897 2018 3109 2087 Lactan.
3123 2057 3138 2087 ,
3158 2017 3247 2069 lib.
3273 2031 3310 2077 t,
3329 2031 3445 2085 cap.
3463 2010 3557 2079 Ἠ,

1965 2136 2084 2190 pag.
2121 2115 2258 2181 127;
2305 2116 2470 2188 Virg.,
2504 2116 2592 2171 lib.
2630 2130 2700 2169 vu
2766 2111 2982 2179 AZueid.
3013 2149 3032 2183 ,
3078 2125 3207 2163 vers.
3235 2106 3378 2171 105;
3424 2103 3558 2172 Cic.,

1966 2213 2099 2267 lib.t
2141 2210 2203 2265 de
2230 2209 2484 2277 Divipat.,
2535 2224 2655 2280 pag.
2686 2204 2827 2275 9.72;
2880 2204 2968 2260 lib.
3022 2217 3056 2256 ll
3100 2200 3162 2257 de
3212 2198 3339 2257 Nat.
3371 2198 3558 2265 deum,

1968 2323 2089 2376 pag.
2140 2306 2281 2370 214,
2318 2316 2363 2359 el
2420 2303 2509 2359 lib.
2540 2318 2634 2366 ιιι,
2682 2318 2801 2372 pag.
2850 2299 2985 2372 21).
3035 2295 3247 2365 Vidosis
3291 2294 3559 2359 lsitlorum

1967 2404 2059 2463 lib.
2091 2418 2205 2459 vut.
2238 2401 2447 2472 Origin.
2497 2414 2617 2468 cap.
2654 2414 2710 2453 ιι.
2755 2396 2995 2463 Natalem
3053 2392 3338 2457 Comitem,
3382 2389 3479 2447 lib.
3526 2404 3559 2455 π

1966 2497 2257 2571 Mytltolog.
2308 2510 2425 2567 cap.
2459 2494 2529 2555 9;
2562 2491 2756 2559 Lilitun
2804 2488 3117 2553 Giraldutu,
3148 2487 3350 2543 Histor.
3395 2485 3548 2540 deor.

1967 2593 2190 2663 Syutag.
2225 2589 2313 2650 15,
2346 2602 2463 2659 pag.
2510 2585 2637 2647 6°27;
2680 2584 2928 2643 Vossium
2955 2624 2970 2649 ,
3004 2580 3099 2636 lib.
3131 2595 3149 2645 ι
3177 2579 3245 2645 de
3272 2579 3475 2648 Drigin.
3506 2586 3561 2639 et

1967 2684 2156 2761 Progr.
2186 2682 2392 2745 idolol.,
2428 2695 2549 2750 cap.
2585 2678 2681 2740 12;
2716 2676 2990 2745 liuetiuut,
3018 2674 3320 2743 Demonstr.
3354 2672 3559 2742 Evang,

1968 2790 2187 2846 propos.
2216 2777 2270 2841 4,
2300 2791 2421 2843 cap.
2452 2773 2485 2831 9
2515 2772 2543 2846 ᾗ
2570 2773 2623 2837 ei,
2660 2787 2780 2841 pag.
2818 2768 2940 2837 156,
2973 2778 3027 2822 et
3054 2783 3232 2837 seqq.;
3266 2765 3559 2829 Alexandr,

1967 2871 2033 2943 ab
2082 2868 2238 2939 Alex.
2286 2876 2340 2921 et
2383 2862 2674 2935 Tiraquelli
2722 2871 2911 2927 amas,
2944 2858 3039 2919 lib.
3068 2874 3122 2912 γι
3148 2855 3359 2921 Genial.
3392 2855 3557 2925 dier.,

1964 2978 2081 3033 cap.
2113 2962 2167 3029 8,
2203 2977 2318 3031 pag.
2354 2959 2480 3017 648.

2039 3056 2191 3133 Alius
2223 3064 2481 3124 praeterea
2510 3052 2627 3123 fuit,
2675 3051 2899 3115 deorum
2929 3064 3059 3121 grex
3100 3057 3153 3103 et
3183 3053 3356 3111 cretus
3377 3084 3391 3113 ,
3424 3060 3561 3117 quos

1968 3147 2169 3219 ethnici
2220 3149 2340 3201 aliis
2387 3146 2548 3201 rebus
2600 3143 2800 3216 prtt'ﬁci
2833 3142 2970 3209 falso
3000 3141 3419 3211 arbitrabantur.
3449 3138 3561 3197 Nec

270 3223 550 3313 miniswest
592 3253 755 3309 deum
806 3223 1145 3311 comminisci
1197 3243 1480 3316 praesidem
1528 3240 1768 3295 locorum
1814 3223 1939 3295 etC
1973 3241 2245 3295 minimam
2271 3240 2482 3310 quidem
2503 3236 3142 3307 Arnobius(Arnob.,lib.
3169 3252 3383 3307 tv,pag.
3409 3232 3559 3307 151),

269 3351 627 3410 Caluinorum,
651 3360 753 3399 non
786 3354 961 3397 tamen
991 3343 1257 3401 ouinium,
1290 3338 1383 3391 ενι]
1413 3351 1599 3390 eorum
1635 3343 1861 3398 tantum,

269 3446 356 3515 qui
384 3458 493 3499 uno
514 3449 663 3497 certo
684 3440 864 3505 modo,
894 3436 1137 3495 lateribus
1159 3432 1361 3500 crudis,
1392 3446 1494 3487 nec
1523 3429 1682 3484 aliter
1712 3435 1869 3483 erant

267 3535 543 3592 fabricati.

339 3628 400 3683 In
429 3625 771 3698 praefatorum
796 3620 1028 3691 lortasse
1050 3619 1353 3691 geniorum,
1379 3624 1472 3671 aut
1493 3614 1742 3681 deorum,
1768 3630 1868 3684 pro

269 3721 533 3776 Romamn
562 3717 710 3771 urbis
751 3714 996 3770 custodia
1044 3713 1422 3783 vigilantium,
1474 3726 1692 3782 gregem
1739 3709 1867 3779 reji-

278 3811 456 3870 ciendi
488 3821 613 3867 sunt
654 3810 738 3865 Aii
770 3808 999 3872 Locutii,
1034 3823 1168 3876 quos
1197 3805 1374 3859 adhuc
1404 3804 1606 3860 Blllltlt‘i
1630 3847 1644 3869 ,
1680 3804 1753 3857 uti
1788 3803 1868 3859 eis

276 3906 564 3977 exprobrat
611 3902 883 3958 Arnobius
928 3900 1190 3974 (Arnob.,
1224 3899 1311 3951 lib.
1348 3914 1385 3965 ι,
1416 3915 1534 3969 pag.
1575 3897 1638 3952 15
1660 3896 1702 3966 ),
1732 3894 1865 3948 ado-

270 4014 399 4056 rare
424 4006 841 4053 consueverant.
872 3993 1043 4063 Grarci
1074 3992 1340 4065 siquidem
1390 3990 1649 4060 latiniqne
1678 3988 1865 4060 Serip-

269 4103 422 4149 tores
451 4089 798 4154 Plutarchus,
834 4084 1118 4158 Dionysius
1148 4084 1614 4151 Halicarnasseus,
1649 4081 1863 4147 Cicero,

270 4187 491 4250 Livius,
540 4182 606 4238 Α.
640 4181 881 4247 Gellius,
923 4190 978 4234 et
1003 4180 1091 4232 alii
1125 4179 1356 4248 posteris
1395 4175 1728 4229 tradiderunt
1766 4189 1865 4228 au-

268 4279 440 4347 ditam
466 4276 595 4332 olim
623 4276 1032 4347 neglectamque
1064 4287 1252 4324 vocem
1282 4269 1573 4333 monentis,
1600 4277 1657 4322 ut
1691 4268 1869 4335 provi-

268 4374 495 4429 deretur
521 4386 589 4425 ne
609 4384 639 4423 a
656 4367 822 4424 Gallis
848 4367 1014 4421 ltoma
1042 4374 1346 4435 caperetur,
1379 4376 1442 4417 ac
1464 4373 1579 4431 post
1613 4360 1869 4429 depulsos

270 4469 556 4533 victosque
604 4463 784 4516 hostes
829 4460 880 4513 iu
915 4458 1071 4527 hujus
1123 4457 1200 4511 rei
1246 4457 1562 4511 memoriam
1608 4454 1866 4525 templum

265 4574 533 4630 aramque
571 4556 625 4623 in
661 4569 799 4608 nova
830 4553 912 4609 via
948 4552 1047 4606 Aio
1082 4551 1303 4605 Locutio
1336 4548 1665 4603 exzrdilicata
1699 4548 1868 4602 fuisse

1969 3333 2063 3388 sed
2104 3333 2360 3403 majorem
2404 3334 2734 3404 Augustinus
2768 3331 2981 3403 illorum
3018 3332 3229 3409 turbam
3262 3344 3559 3401 congrega-

1968 3436 2115 3493 runl,
2149 3443 2376 3501 quorum
2407 3426 2624 3493 nomina
2653 3434 2706 3483 et
2734 3423 2908 3491 ofﬁcia
2942 3423 3074 3491 piliil
3126 3423 3224 3478 nisi
3259 3422 3437 3475 divina
3468 3437 3563 3474 na-

1964 3534 2087 3591 tura
2118 3523 2277 3594 plane
2326 3521 2596 3591 indignum
2630 3519 2861 3591 prodere
2908 3526 3171 3587 poterant.
3199 3517 3281 3571 Ab
3324 3514 3563 3571 Arnobio

1969 3627 2146 3671 autem
2180 3624 2510 3670 memoratur
2532 3614 2664 3667 Puta
2689 3613 2939 3667 arborum
2965 3610 3331 3680 putationibus
3359 3607 3559 3677 (lbid.,

1971 3725 2091 3778 pag.
2125 3708 2219 3763 151
2254 3719 2299 3761 et
2330 3708 2430 3763 1'52
2452 3710 2491 3775 ),
2520 3706 2678 3761 sicuti
2706 3704 2833 3761 Peta
2862 3704 3022 3761 rebus
3045 3701 3311 3769 petendis,
3346 3699 3563 3753 Nemes-

1969 3805 2130 3854 trinas
2174 3799 2504 3860 nemoribus.
2542 3797 2815 3850 Patellana
2858 3794 3136 3867 patefactis
3177 3794 3384 3863 frugum
3420 3790 3562 3846 haud

1969 3893 2129 3947 dubie
2181 3890 2466 3954 follieulis,
2520 3904 2581 3942 ac
2621 3888 3003 3961 palefacieudis
3050 3882 3288 3951 Paltlla;
3340 3883 3563 3943 Nadulis

1971 3985 2124 4039 anilis
2157 3984 2424 4038 l‘rtn:tuum
2460 4000 2523 4038 ac
2565 3985 2808 4055 ipsismet
2845 3980 3083 4055 frugibus
3112 3980 3348 4034 terendis
3373 3974 3565 4043 Tereu-

1967 4079 2077 4143 sis;
2107 4077 2365 4135 Saturnus
2393 4076 2621 4153 sationi,
2654 4085 2708 4130 et
2754 4073 3025 4145 montibus
3078 4072 3340 4125 Mouliuus
3374 4070 3566 4143 pransi.

1968 4174 2176 4229 dente»
2208 4170 2426 4226 Ridebis
2471 4168 2656 4241 procul
2683 4166 2843 4224 dubio
2872 4166 3010 4221 hanc
3046 4165 3267 4221 deorum
3296 4165 3409 4219 sive
3437 4163 3564 4221 dea-

1970 4286 2087 4324 rum
2120 4277 2413 4337 catervam,
2464 4281 2622 4337 quam
2655 4262 2883 4317 cultum
2914 4275 3163 4335 agrorum
3185 4300 3200 4325 ,
3244 4269 3399 4315 terra:
3450 4257 3564 4321 fru—

1968 4358 2143 4431 gibus,
2194 4369 2247 4413 et
2295 4354 2567 4431 montibus
2610 4369 2843 4426 praeesse
2884 4353 3012 4410 caeci
3065 4366 3290 4424 prorsus
3329 4350 3562 4423 gentiles

1968 4453 2364 4510 existimabant.

2047 4548 2242 4601 Verum
2283 4547 2612 4619 Augustinus
2650 4540 2912 4616 quosdam
2941 4556 3006 4597 ex
3035 4539 3118 4613 bis
3143 4540 3381 4609 aliosque
3404 4537 3563 4607 longe

269 4615 676 4725 (Plutdrchq'in
705 4644 821 4698 Vita
836 4642 1063 4709 Catnilli,
1086 4660 1205 4715 pag.
1235 4643 1356 4710 141,
1388 4652 1431 4695 et
1447 4641 1535 4695 lib.
1563 4641 1626 4695 de
1640 4640 1861 4695 For-tun.
1892 4615 1945 4676 D
1975 4644 2155 4714 plures
2176 4683 2191 4706 ,
2239 4615 2397 4713 quam
2455 4615 2725 4695 Arnobius
2777 4635 2980 4692 eisdem
3037 4634 3232 4690 ofticiis
3280 4631 3562 4705 praefectos

266 4762 512 4819 romam,
568 4759 690 4814 pug.
746 4739 881 4807 519;
934 4737 1123 4809 Diony.
1162 4736 1398 4792 Ilalicar.
1429 4779 1441 4797 .
1479 4735 1567 4789 lib.
1616 4752 1645 4787 γ
1678 4735 1864 4807 ,Αγιῑὶᾳ.

269 4857 425 4907 rom,
472 4854 594 4908 pag.
635 4833 991 4899 290;Cicer.,
1027 4831 1114 4886 lib.
1150 4847 1167 4885 ι
1212 4831 1274 4884 de
1306 4829 1506 4895 Divin.,
1533 4846 1649 4901 pag.
1686 4827 1792 4881 279.
1821 4836 1867 4881 et

271 4952 389 5007 pag.
424 4931 536 4989 289
560 4948 576 4997 ;
604 4928 744 4995 Liv.,
772 4928 861 4982 lib.
896 4943 952 4994 v,
980 4928 1072 4981 sub
1104 4926 1198 4995 ﬁn.
1228 4942 1343 4995 cap.
1380 4926 1448 4980 50
1473 4934 1520 4979 et
1560 4925 1668 4989 5.2;
1705 4921 1862 4997 Gell.,

269 5028 355 5083 lib.
386 5043 506 5095 xvr,
531 5040 646 5095 cap.
677 5020 788 5096 17).
816 5020 921 5077 Sed
943 5037 1058 5075 eam
1085 5018 1523 5085 superstitionem
1552 5033 1658 5073 non
1686 5019 1865 5072 minus

267 5121 449 5193 lepide
502 5118 725 5184 Cicero,
775 5131 932 5185 quam
982 5113 1256 5168 Arnobius
1295 5111 1503 5166 irridet.
1552 5110 1642 5167 Sic
1682 5119 1861 5164 autem

268 5212 466 5279 Orator
497 5210 645 5265 illam
673 5206 908 5278 exagitat
936 5224 948 5258 :
990 5225 1007 5259 ε
1044 5204 1239 5261 Audita
1272 5220 1379 5258 Vox
1425 5213 1509 5258 est
1549 5201 1817 5257 monentis
1847 5220 1863 5268 ;

267 5316 323 5362 ut
350 5303 758 5379 provideretur,
794 5316 861 5355 ne
887 5314 917 5354 a
945 5298 1113 5373 Gallis
1148 5298 1315 5351 Rutula
1344 5306 1651 5370 caperetur.
1689 5296 1763 5352 Ex
1795 5310 1862 5350 eo

267 5400 370 5455 Aio
415 5394 684 5469 Loquenti
736 5407 882 5446 aram
935 5392 986 5445 in
1031 5406 1166 5445 nova
1191 5390 1271 5443 via
1297 5398 1690 5444 consecratam.
1724 5386 1863 5456 Quid

268 5506 398 5561 ergo
418 5489 445 5544 3
476 5488 609 5543 Aius
639 5486 743 5541 iste
773 5481 1045 5555 Loquens,
1078 5481 1293 5552 quando
1321 5497 1440 5536 eum
1484 5496 1643 5536 nemo
1689 5489 1864 5545 uorat,

266 5585 469 5651 aiebat,
494 5592 547 5639 et
574 5580 916 5653 loquebatur,
931 5587 986 5634 et
1019 5593 1083 5633 ex
1100 5592 1374 5633 eonontcn
1407 5577 1649 5640 invenit;
1680 5587 1865 5649 postea

266 5699 430 5755 quam
458 5691 513 5738 et
539 5680 766 5746 sedem,
797 5688 850 5743 et
878 5692 1047 5745 aram,
1080 5687 1133 5731 et
1166 5690 1362 5730 nomen
1397 5674 1635 5737 invenit,
1667 5673 1861 5727 obmu-

266 5777 368 5832 tuit
411 5794 429 5827 ι
463 5773 618 5843 (Cic.,
640 5772 730 5829 lib.
751 5773 867 5828 nde
886 5770 1136 5839 Divinat.,
1154 5786 1276 5842 pag.
1302 5766 1407 5824 289
1426 5784 1440 5835 ;
1459 5766 1673 5836 Arnob.,
1701 5768 1794 5823 lib.
1819 5783 1856 5835 ι,

265 5885 391 5943 pag.
428 5866 557 5937 15).

1971 4746 2272 4794 etmmerat.
2310 4737 2380 4790 Ea
2411 4747 2588 4791 autem
2622 4735 2733 4802 ipsa
2765 4740 2890 4788 sunt
2930 4730 3075 4785 illius
3111 4728 3270 4783 verba
3311 4742 3431 4781 cum
3460 4727 3564 4781 Ar-

1974 4831 2218 4886 nobiauis
2239 4818 2566 4886 conferenda
2589 4842 2634 4885 :i
2659 4826 2768 4880 Nec
2784 4839 3036 4894 agrorum
3063 4836 3256 4874 munus
3287 4821 3374 4872 uni
3403 4815 3561 4875 alicui

1974 4927 2073 4982 deo
2100 4922 2539 4993 conuuittendum
2568 4918 2812 4974 arbitrati
2841 4926 2966 4970 sunt
2992 4932 3006 4969 :
3036 4915 3128 4968 sed
3159 4929 3278 4966 rura
3307 4911 3418 4967 dese.
3449 4910 3560 4964 Ru-

1968 5022 2122 5086 sinw,
2148 5020 2274 5091 juga
2306 5018 2566 5073 montium
2592 5015 2693 5067 deo
2720 5011 2994 5085 Jugutino,
3020 5008 3245 5069 collibus
3267 5006 3418 5060 deam
3449 5003 3563 5061 col-

1964 5116 2208 5179 latinam,
2244 5109 2469 5164 vallibus
2489 5106 2791 5171 Valloniam
2822 5101 3197 5175 pnefccerunt.
3229 5098 3337 5153 Nec
3370 5097 3559 5152 saltem

1969 5215 2260 5279 potuerunt
2290 5218 2447 5257 unam
2481 5196 2748 5271 Segetiam
2781 5195 2937 5250 talem
2973 5192 3234 5261 invenire,
3265 5190 3349 5246 cui
3389 5189 3559 5244 semel

1967 5310 2177 5373 segetes
2205 5292 2687 5356 commendarent;
2718 5289 2813 5344 sed
2852 5299 2965 5343 sata
3011 5286 3274 5342 frumenta
3305 5281 3560 5354 quamdiu

1968 5396 2068 5453 sub
2092 5405 2233 5449 terra
2262 5400 2464 5453 essent,
2494 5388 2833 5458 prmpositam
2863 5383 3147 5438 voluerunt
3176 5379 3376 5449 habere
3402 5380 3557 5433 deam

1969 5490 2170 5561 Sejam,
2189 5500 2309 5541 cum
2334 5499 2463 5539 vero
2478 5482 2589 5555 jam
2613 5492 2791 5536 essent
2818 5494 2979 5549 super
3003 5489 3221 5545 terram,
3246 5486 3299 5531 et
3319 5485 3558 5547 segetem

1967 5583 2230 5643 facerent,
2263 5579 2417 5632 deam
2466 5576 2768 5645 Segetiam;
2808 5570 3090 5627 frumentis
3136 5586 3264 5627 vero
3314 5569 3556 5629 collectis

1966 5675 2119 5728 deam
2148 5672 2436 5728 Tulilinam
2478 5675 3001 5743 praeposuerunt..."
3032 5662 3399 5718 Prmfecerunt
3427 5660 3556 5719 Pro-

1964 5767 2233 5836 serpinam
2281 5763 2564 5818 frnmentis
2607 5758 3051 5832 germinantibus,
3080 5755 3339 5828 geniculis
3371 5754 3550 5810 nodis-

1963 5875 2068 5933 que
2115 5859 2419 5917 culmorum
2449 5855 2608 5912 deum
2659 5850 2948 5921 Nodotum,
2984 5848 3363 5906 iuvolumentis
3408 5846 3549 5924 lolli-

3194 6052 3213 6079 Ο
