4166 6256
250 266 358 323 545
1391 327 1394 335 ι
1504 262 1569 323 ΙΝ
1610 257 1885 326 ARNOBII

2027 263 2185 326 CAP.
2227 263 2364 326 Xlll.
3431 267 3538 335 346

243 378 414 452 seq.)?
454 377 562 436 Sed
603 391 726 434 cum
767 377 1004 434 inﬁnitus
1045 376 1225 444 fuerit,
1268 385 1325 433 ut
1361 378 1563 435 dictum
1605 391 1708 448 est,
1744 383 1843 436 liu-
1875 397 1924 455 Α
1951 385 2263 440 suadebitur
2304 386 2459 441 deam
2502 401 2621 443 esse
2652 387 2963 455 Pecuniam,
3000 403 3159 460 quam
3195 399 3373 448 tamen
3404 394 3540 447 velut

241 472 543 541 jusceuiodi
586 472 810 527 deorum
857 489 1135 539 numerus,
1177 471 1298 542 quid
1344 473 1396 527 in
1435 475 1656 529 Arnobii
1701 484 1848 529 textu
1953 481 2229 532 niaximum
2261 497 2468 546 numen,
2505 485 2575 535 ttti
2610 482 2847 551 loquitur
2879 483 3169 550 Arnobius,
3202 483 3542 542 ethnicorum

245 565 510 635 scriptum
542 564 723 629 fuerit,
758 565 984 620 delinire
1013 580 1118 619 non
1150 565 1431 620 audemus.
1466 565 1531 620 Et
1559 581 1691 621 sane
1717 569 1847 621 Ser-
1949 571 2174 624 indicant
2217 571 2397 626 littera:
2425 571 2664 645 (Arnob.,
2699 573 2788 628 lib.
2821 590 2895 640 iv,
2931 593 3049 645 pag.
3085 577 3233 648 152).
3269 576 3545 647 Frequens

245 661 370 713 vius
401 658 597 714 alicubi
625 659 874 714 observat
898 660 1055 714 limen
1084 659 1258 714 Vestae
1289 658 1453 714 fuisse
1476 670 1849 715 consecratum
1950 675 2128 719 autem
2157 668 2390 719 occurrit
2423 666 2579 736 hujus
2607 667 2722 722 deae
2752 667 2892 737 apud
2932 669 3288 739 Augustinum
3319 670 3541 725 mentio.

249 754 456 824 (Serm,
487 754 538 807 in
568 755 658 808 lib.
692 770 745 808 vi
775 752 1016 820 dinam,
1051 772 1169 826 pag.
1201 755 1350 825 414).
1952 756 2225 811 Certiores
2256 772 2384 812 vero
2415 773 2514 812 nos
2543 758 2670 813 facit
2705 775 2822 814 eam
2861 759 2929 815 ab
2963 743 3192 815 ethnicis
3222 761 3544 828 invocatum,

329 850 497 922 Magis
523 865 652 905 vero
673 859 922 919 corrupta
951 846 1200 905 videntur
1219 850 1602 921 subsequentia
1624 850 1850 906 Arnobii
1955 859 2010 903 ut
2041 859 2225 904 essent
2259 851 2558 920 pecuniosi,
2587 860 2639 904 et
2664 852 2807 906 illam
2837 869 2954 919 qua:
2977 853 3044 908 ab
3075 854 3186 922 ipsa
3214 853 3330 909 dari
3355 855 3548 910 frustra

246 945 418 1002 verba
455 963 468 1000 :
506 965 523 997 ε
562 946 694 1012 Quis
734 953 1012 1000 curatores
1065 945 1440 1016 obliquitatum
1491 945 1692 1011 Limos,
1734 963 1752 996 ι
1799 946 1850 999 in
1954 943 2364 1008 ominabantur,
2399 946 2679 1015 pecuniam
2719 937 3029 1003 obtinerent
3071 950 3343 1020 (August,
3373 950 3462 1005 lib.
3497 966 3548 1004 tv

254 1037 1852 1109 manuscriptorrgio,iLemons:pessime(Arnob.,lib.iv,
1958 1036 2019 1088 de
2072 1034 2205 1102 Civ.,
2253 1054 2368 1107 cap.
2403 1037 2507 1101 20,
2541 1058 2662 1110 pag.
2713 1041 2835 1107 105,
2869 1050 2916 1094 et
2957 1057 3075 1112 cap.
3117 1041 3208 1107 24,
3251 1060 3369 1115 pag.
3414 1044 3545 1112 106;

250 1150 376 1204 pag.
414 1131 562 1204 132).
597 1131 731 1200 Quia
761 1146 891 1187 vero
919 1131 1065 1186 solus
1095 1130 1182 1185 hic
1210 1131 1365 1186 nobis
1391 1140 1636 1198 superest
1663 1131 1853 1185 Iiorum
1955 1127 2043 1181 lib.
2074 1145 2168 1194 vn,
2201 1146 2317 1198 cap.
2349 1131 2402 1196 5,
2436 1149 2557 1202 pag.
2586 1131 2737 1198 165).

249 1226 514 1280 librorum
541 1223 939 1292 manuscriptus
959 1224 1151 1289 codex,
1176 1223 1244 1278 ab
1267 1223 1670 1295 imperitissimo
1695 1223 1858 1278 libra-

251 1318 340 1374 rio
379 1317 707 1389 descriptus,
753 1333 872 1386 qua:
910 1318 982 1372 sit
1022 1333 1146 1372 vera
1187 1318 1421 1372 auctoris
1461 1320 1627 1374 nostri
1673 1319 1853 1386 lectio,

253 1412 404 1468 dictu
445 1412 840 1467 difficillimum.
883 1412 1045 1468 Nobis
1089 1423 1263 1466 tamen
1303 1413 1442 1469 haud
1479 1431 1622 1485 aegre
1663 1415 1859 1485 proba-

255 1518 413 1562 retur
448 1505 809 1578 reponendam
841 1520 962 1560 esse
1002 1520 1188 1561 vocem
1231 1505 1511 1566 Lemures.
1553 1506 1621 1562 de
1666 1507 1860 1573 quibus

258 1616 367 1654 nos
400 1600 546 1666 alibi,
589 1609 642 1652 et
681 1597 903 1653 Ovidius
941 1600 1051 1667 jam
1097 1613 1138 1651 a‘
1171 1599 1324 1654 nobis
1365 1599 1611 1654 laudatus
1653 1598 1857 1671 (0vid.,

259 1692 353 1748 lib.
394 1709 428 1747 v
468 1690 703 1755 Fastor.,
737 1690 766 1764 §
807 1693 858 1757 5,
899 1710 1019 1764 pag.
1062 1693 1170 1748 652
1207 1703 1252 1746 et
1287 1703 1440 1765 θεῷ),
1479 1693 1858 1749 Verumtamen

261 1790 363 1844 nisi
411 1790 634 1844 alterius
683 1790 1025 1844 correctioris
1083 1787 1284 1844 codicis
1331 1805 1435 1859 ope
1485 1789 1675 1860 adjnti,
1727 1790 1857 1844 nihil
1889 1802 1937 1862 Β

260 1881 439 1936 adhuc
467 1897 528 1938 ea
557 1882 625 1936 de
655 1898 712 1937 re
740 1881 873 1936 certi
904 1881 1104 1952 aliquid
1133 1881 1296 1936 statui
1327 1897 1487 1951 posse
1517 1883 1862 1936 arbitramur.

262 1976 528 2048 Quidquid
571 1976 659 2038 sit,
704 1977 847 2047 quis,
893 1976 1144 2040 obsecro,
1191 1976 1474 2046 ingenuus,
1517 1975 1868 2046 liberalisque

267 2073 431 2126 homo
460 2069 683 2141 hujusce
707 2069 792 2124 dei
819 2084 1015 2124 munus
1040 2068 1191 2123 obire
1220 2084 1470 2140 umquam
1499 2067 1698 2124 vellet?

342 2163 522 2234 Neque
559 2163 722 2218 etiam
766 2161 1005 2217 Arnohio
1051 2161 1362 2216 credibilius
1406 2159 1638 2224 videtur,
1677 2178 1696 2212 ι
1736 2158 1870 2215 deos

267 2255 493 2313 Lucrios
536 2256 808 2311 lncrorum
863 2253 1336 2311 consecutionibus
1379 2252 1702 2323 pra-sidere;
1746 2267 1868 2308 cum

267 2366 336 2406 ex
367 2350 607 2420 turpibus
633 2348 810 2403 causis
836 2346 1272 2418 frequentissime
1296 2347 1533 2412 veniant,
1565 2358 1618 2400 et
1644 2345 1870 2399 aliorum

265 2459 485 2514 semper
522 2440 820 2512 dispendiis
856 2451 1122 2497 constent.
1156 2461 1174 2494 ι
1205 2441 1304 2509 Qui
1339 2449 1520 2496 autem
1566 2440 1764 2495 fuerint
1796 2439 1874 2494 illi

268 2537 370 2602 dii,
402 2537 446 2590 si
478 2536 614 2591 scire
643 2551 826 2602 aveas,
872 2535 940 2588 ab
981 2535 1144 2590 Suida
1188 2535 1434 2603 accipere
1476 2533 1698 2602 poteris.
1739 2531 1874 2586 Nam

268 2629 522 2707 Κερδῶος,
551 2628 722 2700 inquit
750 2628 986 2699 (Suidas,
1036 2627 1104 2681 ad
1150 2628 1353 2682 verbum
1396 2623 1670 2702 Κερδῶος),
1703 2627 1812 2686 θεὸς
1850 2624 1875 2680 ὁ

264 2723 462 2800 Ἑρμῆς
516 2726 580 2784 ὡς
631 2720 847 2798 κέρδους
891 2723 1155 2782 ποιητικὸς
1214 2724 1304 2776 καὶ
1361 2718 1568 2795 ἄγγελον
1621 2718 1674 2774 δὲ
1724 2720 1877 2774 αὐτὸν

267 2817 506 2877 καλοῦσι.
535 2819 614 2869 καὶ
647 2815 826 2869 κλῶπα
855 2856 866 2876 ,
897 2812 974 2868 διὸ
1007 2817 1094 2867 καὶ
1120 2815 1439 2891 μὰρσυππον
1466 2812 1622 2867 αὐτὸν
1667 2818 1879 2867 ποιοῦσι

272 2909 570 2975 ϐαστάζειν,
603 2911 689 2962 καὶ
725 2906 900 2983 ἔφορον
933 2909 1088 2962 αὐτὸν
1114 2913 1208 2961 τοῦ
1231 2906 1404 2981 λόγου,
1441 2909 1644 2968 καὶτῆς
1671 2906 1876 2972 κλοπῆς,

268 3012 359 3062 καὶ
385 3006 661 3080 ἐμπολείων
688 3045 702 3071 ,
727 3005 883 3078 ἤγουν
914 3001 1126 3079 κέρδους
1161 3000 1360 3078 ἔφορον.
1398 3001 1727 3068 Ωιιωδιυοδιιδ
1758 3001 1882 3056 deus

277 3095 586 3162 Mercurius,
635 3105 691 3150 ut
737 3095 866 3149 lucri
895 3098 996 3150 sive
1027 3103 1249 3164 quwstus
1292 3092 1524 3160 effector.
1559 3091 1697 3159 Quin
1727 3094 1882 3147 etiam

273 3195 447 3266 ipsum
478 3193 680 3265 faciunt
715 3200 915 3263 gestare
949 3189 1293 3259 marsupium,
1325 3199 1371 3242 et
1406 3189 1574 3257 ipsum
1605 3189 1872 3248 orationis.
1907 3195 1952 3258 (ζ

274 3286 426 3358 furti,
459 3295 506 3338 et
532 3293 850 3344 mercaturae,
882 3281 937 3335 id
967 3291 1062 3347 est,
1093 3290 1318 3351 questus
1351 3286 1706 3351 tnspectorem.
1739 3279 1875 3346 Qua-

275 3389 498 3452 propter
524 3378 818 3448 Gregorins
847 3376 1216 3431 Nazianzenus
1258 3374 1310 3428 in
1354 3373 1623 3429 Julianum
1652 3373 1881 3444 Apostao

279 3485 390 3528 tam
415 3475 530 3528 lucc
550 3473 740 3528 scribit
764 3488 776 3525 :
808 3491 826 3522 ι
857 3472 1076 3539 Quoties
1101 3469 1347 3525 Lucrium
1371 3477 1544 3535 tuum,
1564 3479 1617 3524 et
1637 3469 1880 3539 Logium,

279 3579 336 3625 et
370 3567 720 3638 Enmgonium
753 3565 986 3620 intueor.
1022 3551 1207 3618 oculos
1237 3564 1452 3634 ohtego,
1488 3577 1550 3616 ac
1594 3560 1887 3632 spectaculi

276 3659 489 3731 pudore
514 3661 668 3715 deum
702 3667 848 3711 tuum
874 3666 1160 3729 prmtereo.
1195 3676 1212 3706 ι
1244 3653 1421 3725 (Greg.
1457 3653 1623 3724 Naz.,
1648 3665 1784 3710 orat.
1812 3672 1882 3721 tv,

280 3755 342 3806 in
369 3751 590 3815 Iuliam,
620 3769 738 3823 pag.
785 3750 939 3821 509.)
981 3750 1152 3817 Quem
1198 3749 1251 3803 in
1299 3749 1472 3802 locum
1524 3747 1729 3802 Nonius
1774 3748 1888 3803 haec

284 3847 631 3904 observavit:
669 3865 686 3898 ι
723 3845 979 3900 Lucrium
1020 3844 1180 3899 deum
1221 3841 1540 3899 Mercurium
1587 3842 1762 3897 Grzrci
1798 3858 1893 3896 vo-

283 3950 436 4003 cant,
474 3947 530 3993 ut
557 3939 692 3994 lucri
715 3947 1014 3992 auctorem.
1042 3934 1198 3991 Unde
1228 3935 1388 3990 etiam
1416 3934 1654 3990 comicus
1684 3933 1892 3990 Aristo-

285 4037 498 4108 phanes
528 4035 580 4089 in
611 4034 767 4089 Pluto
801 4031 1142 4096 addubitans,
1188 4047 1295 4101 quo
1336 4030 1556 4084 nomine
1596 4029 1892 4085 Mercurius

283 4128 641 4202 appellandus
667 4128 756 4194 sit,
787 4127 1118 4191 Statuamus,
1149 4125 1343 4197 inquit,
1375 4124 1671 4196 ἐμπολαῖον,
1702 4123 1755 4178 id
1786 4133 1890 4192 est,

281 4233 530 4297 qumstus
556 4233 611 4279 et
642 4223 772 4277 lucri
801 4219 1108 4291 przesidem.
1146 4238 1166 4272 ι

361 4318 482 4375 Νοη
515 4317 688 4373 solum
719 4324 901 4371 autem
933 4314 1256 4371 Mercurium
1290 4313 1446 4369 deum
1477 4313 1728 4368 Lucrium
1758 4311 1893 4370 Gre-

282 4416 479 4485 gorius
509 4428 706 4468 vocare
735 4410 973 4477 videtur,
1013 4409 1107 4466 sed
1150 4410 1310 4464 etiam
1352 4407 1682 4478 Apollinem.
1720 4408 1894 4477 Supe-

284 4509 430 4566 riori
461 4507 656 4563 etenim
691 4507 744 4560 in
772 4505 1014 4560 oratione
1042 4504 1131 4559 ille
1152 4503 1362 4559 dixerat
1390 4521 1401 4556 :
1435 4523 1452 4555 ι
1482 4503 1764 4572 Quomodo
1795 4502 1898 4557 Lu-

282 4603 446 4659 crius
491 4600 622 4672 ipsis
669 4599 1048 4660 constituetur,
1090 4605 1144 4652 et
1185 4595 1433 4651 sacculus
1479 4595 1800 4664 proferetur,

280 4696 454 4753 furax
500 4693 586 4750 dei
635 4693 715 4747 vis
761 4703 920 4763 alqtte
965 4691 1192 4746 facultas
1238 4690 1618 4754 lionorabitur;
1667 4689 1903 4759 illudque

279 4791 463 4846 etiam
503 4828 516 4842 .
553 4787 682 4843 Sine
726 4803 835 4842 aere
881 4786 1137 4842 Ph:ebum
1188 4786 1408 4839 minime
1451 4784 1752 4848 vaticinari,
1803 4799 1905 4839 nec

276 4883 462 4940 obolo
499 4880 789 4952 quidquam
830 4895 951 4935 esse
992 4879 1370 4951 pra-stantius?
1404 4878 1494 4933 Hae
1531 4879 1672 4934 enim
1713 4894 1904 4949 graves

274 4990 484 5033 eorum
523 4989 584 5028 ac
624 4972 947 5028 veneranda:
974 4982 1098 5026 sunt
1126 4971 1430 5026 sontentiai.
1466 4991 1484 5022 ι
1518 4970 1698 5040 (Greg.
1739 4969 1901 5032 Naz.,

274 5078 433 5126 orat.
463 5069 518 5124 5.
547 5068 596 5120 in
626 5065 856 5131 Julian.,
883 5083 1002 5138 pag.
1032 5064 1186 5138 262.)
1220 5064 1348 5120 lude
1378 5065 1537 5120 etiam
1567 5064 1746 5119 tritum
1769 5063 1902 5120 illud

274 5161 441 5234 apud
473 5159 690 5216 Graecos
719 5158 1005 5213 iambicum
1039 5174 1255 5214 carmen
1287 5178 1301 5214 :

488 5275 619 5325 Ᾰνινθι
640 5286 776 5338 χαλκοῦ
798 5285 932 5330 Φοῖϐος
956 5286 996 5322 οὐ
1019 5286 1252 5334 imminut.

395 5360 594 5423 Absque
617 5371 718 5409 aere
742 5358 910 5408 Phoebi
937 5367 1069 5407 muta
1094 5364 1208 5407 sunt
1230 5354 1442 5406 oracula.

273 5468 476 5528 Porro
507 5473 682 5520 autem
721 5473 903 5519 monet
937 5478 1036 5518 nos
1062 5461 1316 5519 Giraldus
1343 5459 1650 5531 Apollinem
1684 5471 1788 5510 non
1821 5471 1906 5512 se-

271 5574 403 5619 cus
438 5572 500 5611 ac
532 5557 849 5612 Mercurium
883 5555 1128 5634 Κερδῶον.
1161 5555 1416 5609 Lucrium
1447 5568 1541 5608 seu
1585 5549 1908 5604 Lucrioucm

273 5655 372 5712 ab
429 5651 657 5707 ethnicis
713 5651 1084 5720 cognominari
1130 5648 1383 5720 (Girald.,
1415 5645 1553 5702 Hist.
1599 5645 1740 5700 deor.
1786 5651 1911 5716 syné

275 5759 469 5818 Iagm.
503 5745 559 5808 ‘7,
588 5761 712 5815 pag.
741 5743 889 5812 218).

387 5838 574 5906 Longe
600 5853 726 5896 vero
754 5837 1026 5897 difﬁcilius
1055 5837 1280 5896 cordato
1305 5837 1530 5897 cuilibet
1555 5835 1757 5894 homini
1787 5851 1914 5910 per-

2029 1221 2240 1276 Scimus
2283 1225 2501 1293 quidem
2539 1241 2566 1279 a
2602 1224 2865 1283 Juvenale
2901 1227 3176 1283 decantari
3218 1228 3425 1284 nullum
3458 1245 3553 1286 suo

1959 1323 2201 1385 tempore
2235 1328 2601 1373 constructum
2646 1319 2897 1376 Pecuniae
2945 1323 3228 1393 templum,
3275 1325 3556 1393 nullasque

1960 1411 2193 1463 nummis
2232 1427 2352 1466 aras
2397 1413 2596 1481 positas
2634 1412 2818 1472 fuisse.
2859 1415 3104 1471 Vidimus
3130 1419 3408 1472 enimvero
3436 1417 3552 1474 haec

1962 1503 2104 1558 illius
2134 1508 2373 1560 carmina
2400 1523 2412 1558 :

2363 1621 2466 1688 Etsi
2492 1620 2687 1688 funesta
2712 1624 2930 1675 Pecunia
2956 1625 3139 1688 templo

2056 1682 2278 1733 Nondum
2303 1683 2509 1744 habitas,
2537 1687 2694 1735 nullas
2718 1702 3021 1738 nummorum
3047 1682 3380 1740 exstruximus
3401 1704 3528 1741 aras.

2489 1766 2711 1831 (lavem,
2736 1776 2890 1835 satyr.
2917 1772 2935 1820 1
2993 1783 3115 1822 vers.
3139 1773 3223 1822 111
3246 1779 3290 1822 et
3312 1773 3468 1836 seqq.)

1969 1869 2074 1926 Sed
2105 1871 2156 1925 id
2185 1888 2290 1926 non
2317 1873 2612 1942 prohibuit,
2645 1877 2771 1945 quin
2808 1887 2932 1932 ante
2970 1879 3190 1933 Aruobii
3223 1889 3434 1951 tempus
3464 1880 3564 1936 Pe-

1969 1963 2124 2017 cunia
2155 1964 2224 2017 ab
2253 1965 2485 2020 ethnicis
2516 1969 2807 2023 haberetur
2837 1969 2960 2033 dea,
2994 1980 3156 2039 atque
3184 1972 3251 2026 ab
3281 1972 3414 2027 lucri
3443 1974 3563 2027 avi-

1970 2055 2076 2121 dis.
2106 2066 2160 2111 et
2186 2059 2580 2127 appetentibus,
2615 2061 2729 2116 sive
2759 2064 2809 2116 in
2841 2062 3022 2133 aliquo
3050 2064 3166 2134 ejus
3199 2066 3421 2137 templo,
3451 2066 3568 2124 sive

1970 2149 2097 2204 alibi
2143 2151 2506 2208 invocaretur.
2546 2153 2680 2210 Vide
2722 2166 2900 2211 autem
2943 2165 3117 2212 utrum
3152 2159 3200 2212 in
3245 2160 3405 2229 hujus
3438 2174 3565 2214 sen-

1974 2242 2154 2297 tentire
2211 2245 2672 2300 confirmationem
2721 2249 2947 2317 proferri
2995 2251 3204 2320 possint
3261 2252 3376 2309 haec
3433 2253 3566 2324 Epi-

1973 2334 2176 2390 charmi
2207 2337 2365 2391 citata
2393 2354 2424 2392 a
2454 2338 2670 2394 Stoban
2698 2343 2937 2396 carmina
2964 2361 2976 2396 :

2163 2453 2242 2512 ἐγὼ
2275 2459 2312 2501 δ’
2333 2465 2514 2503 ὑπίλαεον
2533 2469 2727 2518 χρησὸμους
2751 2463 2840 2507 εἶναι
2861 2470 2960 2514 Orci);
2981 2485 2997 2516 τ

2160 2521 2207 2561 '1"
2229 2526 2391 2578 ἀργύριον
2413 2530 2528 2578 ἡμῶν,
2549 2531 2610 2568 καὶ
2629 2533 2672 2569 τὸ
2691 2533 2849 2583 χρυσίον.

2165 2617 2270 2689 Ego
2293 2629 2456 2671 autem
2482 2623 2604 2673 deos
2627 2624 2772 2674 utiles
2797 2638 2910 2675 esse.
2935 2628 3163 2689 arbitror,

2165 2683 2439 2744 Argentum
2466 2697 2682 2736 nostrum
2711 2696 2760 2737 et
2783 2702 2973 2740 aurum.

2170 2745 2452 2810 (Strobwus,
2478 2761 2627 2799 serm.
2652 2750 2731 2811 89,
2760 2750 2823 2801 de
2851 2751 3013 2804 Laude
3036 2750 3193 2814 divil.,
3218 2768 3328 2821 pag.
3349 2757 3485 2820 553.)

1979 2848 2241 2919 Quidquid
2271 2865 2446 2908 autem
2473 2855 2538 2909 de
2562 2854 2644 2908 bis
2677 2857 2918 2912 versibus
2945 2860 3279 2928 pronunties.
3305 2863 3424 2930 quis
3444 2878 3568 2917 cum

1982 2944 2221 3000 Arnobio
2273 2956 2456 3001 nostro
2510 2965 2613 3002 non
2667 2950 2920 3004 fatebitur
2977 2965 3302 3009 memoratos
3340 2970 3370 3010 a
3420 2957 3576 3012 nobis

1982 3035 2116 3091 deos
2154 3053 2218 3092 eo
2265 3039 2381 3108 ipso
2421 3041 2664 3108 refutari,
2708 3058 2814 3113 quo
2856 3043 3003 3112 vilia,
3051 3053 3106 3101 et
3151 3047 3322 3117 turpia
3370 3047 3581 3104 illorum

1983 3127 2157 3184 officia
2200 3132 2589 3187 nominantur?

2596 3263 2890 3304 ABTICULUS
2927 3266 3000 3306 Vl.

1983 3353 2062 3404 De
2086 3358 2196 3407 aliis
2214 3359 2309 3408 diis
2329 3372 2385 3432 ac
2407 3360 2614 3432 deabus,
2639 3378 2761 3432 quos
2784 3366 3195 3432 hominumvitiis
3219 3379 3273 3423 et
3304 3372 3415 3422 aliis
3439 3375 3593 3424 rebus

2053 3434 2272 3493 praesse
2299 3423 2480 3493 etli_n_ici
2503 3423 2813 3493 asserebant,
2841 3430 2922 3477 ubi
2944 3431 3008 3493 de
3035 3429 3254 3483 Laverna
3297 3433 3454 3484 furum
3479 3423 3591 3493 dea,

2056 3485 2614 3560 etsegtii‘uiiLMur'c‘ida,
2639 3489 2706 3560 de
2729 3490 2928 3560 Venere
2955 3485 3595 3560 Militariturpissimisila;

2055 3548 2221 3613 giliis;
2247 3548 2756 3613 Ptjrﬁca,_Ptfl‘llllld3.
2779 3554 2957 3602 'l'utino
2977 3591 2990 3613 ,
3017 3558 3122 3604 sive
3148 3548 3332 3607 Mutiiio
3354 3561 3596 3611 obscaenis

2051 3608 2416 3685 vpluptatibus‘,
2457 3611 2713 3684 Libt-ntina
2755 3623 2804 3685 et
2846 3608 3062 3685 Liburno
3099 3618 3351 3685 libidinum
3394 3608 3594 3685 tutelis,

2053 3670 2264 3743 Orbona
2291 3681 2342 3722 et
2377 3673 2556 3743 Ntenia
2582 3679 2888 3743 extrrmitati
2928 3680 3040 3730 vita:
3059 3716 3073 3740 ,
3097 3693 3154 3730 ac
3194 3681 3352 3732 funeri
3378 3670 3597 3738 ridiculis

2054 3735 2364 3804 praesidibus,
2390 3737 2471 3804 ubi
2491 3738 2639 3786 etiam
2657 3738 2722 3787 de
2746 3742 2920 3790 scortis
2935 3735 3219 3804 riteritoriis,
3236 3745 3364 3795 Acca
3374 3735 3595 3799 Laurens-

2054 3795 2137 3857 tia,
2169 3795 2334 3856 Flora,
2362 3806 2415 3847 et
2439 3796 2635 3848 Leaena.

2064 3900 2274 3956 Nemini
2303 3918 2434 3958 sane
2456 3908 2799 3980 quantumvis
2832 3925 3018 3978 parum
3044 3926 3199 3982 aequo
3227 3929 3407 3969 rerum
3434 3916 3596 3972 aesti-

1993 3995 2207 4060 matori,
2241 3997 2284 4050 si
2322 4013 2442 4067 qum
2485 4008 2663 4053 tamen
2701 4010 2865 4055 rectae
2900 4002 3125 4058 rationis
3163 4005 3473 4078 scintillagei
3501 4025 3596 4064 su-

1995 4087 2182 4158 persit,
2222 4087 2513 4160 quidquam
2547 4107 2769 4162 prorsus
2797 4094 3068 4150 videbitur
3096 4113 3124 4150 a
3160 4098 3338 4154 divina
3379 4111 3594 4170 natura,

1990 4181 2220 4252 justitia,
2254 4191 2308 4236 et
2337 4184 2622 4238 sanctitate
2659 4186 2829 4254 magis
2857 4187 3115 4254 alienum,
3148 4205 3308 4259 quam
3337 4191 3471 4250 deos
3499 4195 3602 4249 fin-

1995 4291 2123 4348 gere
2161 4275 2434 4332 hominum
2471 4278 2612 4332 vitiis
2653 4294 2758 4333 non
2804 4280 2967 4335 modo
3007 4281 3272 4348 faventes,
3312 4285 3407 4340 sed
3437 4288 3597 4344 etiam

1996 4371 2305 4441 prrefectos.
2339 4371 2499 4428 Tales
2531 4373 2884 4430 nihilominus
2923 4375 3077 4442 deos,
3109 4393 3210 4433 nec
3241 4394 3440 4448 paucos
3483 4383 3602 4453 qui-

1997 4463 2121 4519 dem
2148 4465 2348 4519 ethnici
2381 4467 2514 4519 mira
2540 4466 2697 4535 plane
2729 4481 2827 4523 nec
2857 4468 2989 4522 satis
3020 4484 3269 4540 umquam
3298 4471 3600 4530 damnanda

1845 4603 1900 4650 et
1927 4587 1976 4647 Β
2000 4558 2276 4630 impietate
2304 4562 2595 4616 commenti
2627 4572 2772 4616 sunt.
2799 4562 3158 4631 Quamobrem
3183 4563 3476 4637 Gregorius
3499 4568 3604 4624 Na-

2001 4659 2291 4713 zianzenus
2334 4659 2453 4715 illos
2492 4660 2573 4715 his
2611 4663 2902 4731 compellat
2944 4663 3191 4720 versibus
3221 4664 3402 4739 (Greg.
3437 4665 3598 4731 Naz.,

2005 4763 2126 4808 tam.
2160 4770 2218 4820 ll,
2251 4771 2412 4808 carm.
2445 4756 2532 4819 61,
2568 4773 2687 4827 pag.
2724 4753 2850 4827 M2)
2877 4774 2890 4812 :

2161 4867 2301 4935 Ᾰλλους
2321 4877 2345 4918 δ
2350 4882 2359 4895 ⁸
2380 4874 2461 4918 αὖτ’
2483 4877 2629 4919 ἄλλοισι
2647 4885 2771 4926 κακοῖς
2792 4883 2851 4919 ἐπὶ
2871 4884 3002 4934 κάρτος
3021 4883 3168 4935 ῐχοντας
3188 4913 3199 4930 ,

2160 4933 2210 4988 ἀς
2231 4946 2279 4991 μή
2302 4948 2433 4992 μοῦνον
2457 4939 2582 4982 «iure»
2605 4943 2849 4989 ἅπαν.ιωιὸν,
2871 4933 2968 4983 ἀλλὰ
2993 4933 3060 4984 κα.ὶὴ
3077 4947 3204 4984 ἐσθλὸν

2162 4996 2335 5054 lippiunt,
2349 5009 2394 5051 ὡς
2481 5011 2560 5056 ea;
2577 5010 2846 5057 κεχαρισμένον,
2868 5008 2906 5052 ὃς
2928 5003 3010 5045 τόδ’
3030 5008 3140 5047 ἷτισι.

2098 5073 2207 5141 I_psa
2231 5089 2428 5141 quoque
2447 5074 2642 5141 infanda
2666 5079 2871 5127 sacratis
2902 5079 3092 5127 numina
3118 5091 3263 5141 noxa,

2102 5137 2265 5202 Atque
2291 5137 2399 5187 aliis
2417 5137 2562 5202 alium
2593 5139 2723 5187 vitiis
2746 5141 2826 5199 qui
2855 5142 3038 5202 pra-sit,
3066 5137 3258 5191 habetis
3282 5156 3294 5190 :

2099 5200 2294 5266 Scilicet
2320 5208 2375 5249 ut
2392 5200 2578 5266 crimen
2602 5213 2696 5266 non
2723 5200 2908 5266 tantum
2936 5204 3128 5254 vindice
3153 5217 3299 5266 poena

2101 5264 2178 5332 §it
2201 5277 2420 5323 vacuum,
2446 5263 2534 5310 sed
2561 5271 2612 5312 et
2635 5263 2856 5332 obtingat
2891 5263 3183 5332 laudemque
3205 5268 3476 5332 decusque,

2099 5325 2161 5375 Et
2183 5332 2374 5387 gratum
2396 5334 2749 5388 acceptumque
2774 5325 2899 5388 Deo,
2926 5325 3209 5391 cultumque
3234 5331 3298 5380 ab
3320 5325 3514 5382 eodem.

2010 5450 2116 5508 Sed
2152 5450 2430 5506 audiamus
2458 5449 2754 5506 Arnobium
2790 5462 3033 5508 nostrum
3063 5453 3164 5508 bos
3191 5455 3420 5512 infames
3450 5457 3605 5528 deos,

2011 5553 2068 5600 et
2091 5542 2429 5613 turpissimas
2471 5558 2656 5598 eorum
2703 5545 3054 5613 praefecturas
3101 5557 3460 5605 enarrantem.
3506 5551 3615 5608 Re-

2015 5636 2551 5708 nnntiarunt,inquit,
2581 5655 2600 5689 ‹
2635 5636 2931 5692 Lavernam
2955 5637 3110 5693 deam
3141 5649 3193 5696 et
3223 5645 3506 5711 praesidem
3529 5641 3620 5700 fu-

2015 5744 2135 5786 rum
2192 5751 2211 5782 ι
2247 5729 2490 5801 (Arnob.,
2519 5731 2608 5785 lib.
2634 5747 2712 5796 in,
2758 5746 2880 5800 pag.
2925 5730 3053 5804 115)
3098 5747 3161 5790 ac
3206 5733 3496 5803 latronum,
3531 5748 3632 5793 at-

2016 5841 2126 5898 que
2144 5837 2335 5884 eorum
2364 5823 2617 5894 maxime,
2641 5823 3098 5894 quemadmodum
3127 5826 3194 5884 ab
3218 5828 3343 5888 aliis
3369 5830 3641 5892 observa-
