4158 6264
577 383 681 457 Si?

1823 354 2274 436 DiSSERTATlO
2311 350 2590 431 PRE'VIA

3759 342 3872 421 sis

576 530 687 575 tum
725 528 827 585 est,
868 515 957 587 qui
998 512 1135 570 clam
1172 508 1488 578 occulteque
1523 500 1859 559 furabantur.
1891 496 2166 552 Testatuut
2195 488 2248 561 Α
2271 508 2421 549 cesse
2449 499 2628 547 autem
2651 506 2756 544 non
2781 498 2866 547 est
2890 489 2978 546 hic
3006 503 3127 547 cum
3148 491 3386 549 Arnobio
3411 495 3599 543 nostro
3628 482 3871 557 (Arnab.,

576 611 840 683 siquidem
883 606 1039 663 nobis
1084 600 1251 660 Varro
1284 598 1413 657 facit
1452 597 1635 654 [totum
1672 601 1969 649 extructam
2006 588 2171 644 fuisse

576 705 699 760 huic
744 690 999 758 Laverna:
1041 700 1156 754 dea:
1202 712 1373 761 aram,
1417 710 1481 747 ex
1528 706 1630 762 qua
1661 686 1975 743 Lavernalis
2016 695 2170 754 porta

575 811 771 851 nomen
807 794 1015 864 accepit
1046 784 1253 861 (Varr.,
1279 784 1367 842 lib.
1400 801 1455 840 IV
1486 782 1548 838 de
1571 780 1723 856 Ling.
1755 781 1869 844 lat.,
1903 795 2019 849 pag.
2054 772 2166 843 40).

572 888 725 956 Quod
755 897 934 943 autem
966 870 1112 940 iures
1140 882 1237 949 illi,
1267 890 1538 949 tamquam
1571 892 1681 931 sua:
1708 872 1925 945 praesidi
1963 868 2169 940 suppli-

572 995 775 1053 carent,
807 980 1035 1055 probant
1062 980 1176 1034 haec
1205 977 1405 1033 Horatii
1432 973 1677 1028 carmina
1706 990 1718 1025 :

1468 1056 1675 1115 Pulchra
1698 1062 1917 1112 Laverna
1938 1096 1952 1120 ,

665 1130 741 1192 Da
765 1138 884 1189 mihi
901 1135 1092 1195 fallere,
1112 1132 1175 1184 da
1194 1134 1722 1197 justumsanctttntque
1749 1124 1906 1197 videri
1924 1162 1937 1185 ,

665 1190 868 1256 Noctem
897 1190 1125 1266 peccatis,
1154 1190 1210 1247 et
1227 1193 1482 1245 fraudibus
1503 1190 1666 1255 objice
1690 1190 1890 1239 nubem.

946 1287 1165 1349 (Horat.,
1190 1279 1271 1333 lib.
1297 1294 1332 1341 ι,
1356 1275 1496 1344 epist.
1517 1275 1596 1336 16,
1619 1287 1745 1327 vers.
1769 1273 1831 1322 60
1854 1277 1902 1323 et
1919 1266 2078 1335 seqq.)

575 1396 734 1453 Plura
765 1394 950 1450 videre
985 1372 1191 1461 poteris
1230 1384 1371 1457 apud
1404 1383 1643 1446 Festum,
1677 1377 1908 1434 Nonium
1939 1371 2170 1429 Marcel-

575 1490 707 1554 lum.
755 1497 808 1542 et
850 1485 1046 1541 Lilium
1089 1478 1364 1538 Giraldum
1409 1474 1574 1545 (Fest.
1619 1482 1666 1527 et
1706 1470 1876 1535 Nam,
1917 1466 1986 1521 ad
2024 1465 2174 1520 verba

573 1582 947 1639 Lunamonss
967 1587 1014 1632 et
1038 1575 1342 1638 Lucana;
1369 1566 1596 1631 Girald.,
1614 1575 1820 1636 syntag.
1845 1563 1899 1629 t,
1926 1576 2046 1632 pag.
2076 1557 2168 1623 50;

573 1678 784 1738 Arnob.,
817 1675 904 1727 lib.
939 1688 1012 1736 tv,
1042 1686 1164 1741 pag.
1197 1649 1358 1737 132)..

643 1769 756 1824 Nec
786 1766 977 1821 minori
1012 1762 1283 1830 impietate
1311 1756 1473 1812 iidem
1497 1752 1697 1809 ethnici
1728 1749 2038 1811 Mat-citium,
2067 1742 2170 1800 La-

573 1874 755 1917 vernte
802 1849 942 1912 haud
990 1854 1154 1910 dubie
1202 1851 1527 1922 Oppositum,
1574 1847 1828 1918 sequium,
1879 1842 2034 1897 sicuti
2088 1840 2168 1895 eis

572 1955 702 2010 vitio
738 1952 1010 2009 Arnobius
1046 1948 1224 2008 vertit.
1257 1945 1411 1999 deam
1442 1939 1810 1997 venditabant.
1844 1937 1975 1992 Tam
2018 1936 2162 1989 inSa-

572 2064 702 2103 num
757 2060 889 2101 vero
932 2043 1179 2097 humanae
1222 2034 1618 2109 superstitionis
1664 2040 2028 2089 eotttntentum
2079 2028 2168 2081 ille

574 2158 679 2197 non
711 2137 1048 2210 excogitavit.
1090 2136 1283 2190 Narrat
1321 2131 1604 2202 siquidem,
1645 2139 1699 2183 et
1741 2129 1898 2198 plane
1941 2124 2169 2179 miratur

573 2233 900 2305 Augustinus
923 2230 1129 2302 publica
1160 2243 1190 2283 a
1218 2227 1494 2292 Romanis,
1527 2224 1615 2293 qui
1647 2220 1874 2292 singulis
1902 2234 2039 2291 pene
2065 2215 2165 2271 ho-

572 2328 777 2383 minum
804 2326 1039 2380 mutibus
1068 2322 1199 2377 dces
1227 2319 1470 2391 singulos
1497 2313 1894 2379 adtribuebant,
1926 2311 2166 2366 instituta

572 2419 735 2476 fuisse
784 2435 934 2475 sacra
982 2417 1099 2473 dea:
1152 2414 1383 2479 Marciae,
1415 2431 1434 2464 ι
1470 2425 1590 2482 quas
1630 2417 1826 2480 praeter
1870 2404 2109 2469 modum,
2143 2420 2164 2455 ι

572 2515 732 2570 verba
773 2514 890 2584 ejus
930 2520 1076 2573 sunt,
1121 2529 1140 2561 t
1178 2524 1287 2563 non
1322 2516 1581 2569 moveret,
1625 2512 1719 2558 aut
1754 2503 1958 2558 faceret
1991 2498 2165 2553 homi-

574 2627 733 2674 nem,
780 2619 839 2663 ut
879 2609 954 2663 ait
999 2604 1346 2674 Pomponius,
1392 2599 1727 2663 murcidum,-
1772 2597 1825 2651 ld
1861 2604 1967 2662 est,
2010 2592 2169 2647 nimis

572 2705 938 2769 desidiosum,
985 2709 1040 2756 et
1086 2700 1446 2753 inactuusutn.
1490 2712 1509 2746 I
1552 2693 1817 2766 (August,
1865 2689 1955 2742 lib.
2001 2703 2053 2740 tv
2105 2686 2168 2740 de

574 2800 749 2863 (.‘ivil.,
775 2814 891 2869 cap.
923 2795 1014 2860 16,
1039 2810 1160 2866 pag.
1188 2789 1335 2851 100.)
1363 2788 1539 2844 Testis
1558 2802 1686 2841 vero
1709 2782 1861 2838 nobis
1883 2784 1965 2836 ρει
1988 2779 2171 2833 Livius

574 2892 783 2948 Ancum
814 2889 1082 2952 Martium,
1111 2885 1376 2956 superatis
1406 2882 1629 2946 Latinis,
1654 2880 1743 2950 qui
1773 2892 1896 2932 eum
1927 2873 2168 2929 desidem

577 2986 937 3040 Iiomanoium
980 2995 1162 3052 regem
1202 2978 1627 3048 appellaverant,
1658 2962 1887 3027 Romam
1922 2968 2165 3026 rediisse.

574 3074 710 3134 Tum
740 3073 932 3132 deinde
954 3072 1194 3128 addidit:
1227 3089 1245 3121 t
1282 3066 1460 3123 Multis
1493 3067 1802 3121 Latinorum
1825 3062 1877 3116 itt
1899 3061 2168 3116 civitatem

573 3171 830 3241 acceptis,
877 3164 1071 3239 quibus
1114 3174 1173 3219 ut
1211 3162 1528 3234 iungeretur
1568 3144 1775 3214 Palatio
1822 3154 2169 3218 Aventinum,

573 3264 641 3320 ad
675 3263 887 3317 Murcia:
916 3260 1054 3314 data:
1081 3257 1259 3312 sedes.
1294 3275 1313 3307 ι
1343 3252 1480 3320 (Liv.
1509 3253 1597 3305 lib.
1631 3268 1667 3315 ι,
1703 3249 1731 3321 §
1759 3248 1828 3304 32
1859 3260 1902 3301 et
1932 3248 2050 3315 '55.)

646 3355 895 3412 Aliuntne
936 3361 1126 3407 testem
1169 3344 1347 3404 adhuc
1386 3336 1706 3400 desideras?
1747 3341 1826 3395 En
1856 3340 2011 3392 adest
2043 3336 2174 3391 Ter-

577 3451 853 3509 tullianus.
877 3448 967 3518 qui
994 3444 1169 3501 eidem
1191 3444 1308 3499 dea:
1328 3441 1499 3497 ardent
1522 3439 1841 3494 abditicatam
1871 3436 2036 3489 fuisse
2062 3448 2176 3487 me-

563 3550 798 3603 ‘morat:
837 3560 856 3594 ι
887 3542 1122 3605 Cbnsus,
1163 3558 1182 3592 ι
1218 3537 1410 3608 inquit,
1449 3554 1468 3586 ‹
1505 3531 1646 3604 apud
1689 3543 1859 3586 metas
1893 3529 1994 3583 sub
2034 3538 2174 3581 terra

576 3638 841 3697 delitescit
875 3635 1105 3691 Murcias
1141 3648 1156 3687 :
1198 3632 1293 3686 has
1333 3642 1547 3701 quoque
1595 3612 1794 3681 idolutit
1836 3622 1983 3677 fecit.
2030 3618 2175 3675 Mur-

578 3737 715 3791 tiam
752 3732 895 3788 enim
940 3729 1094 3784 deam
1136 3724 1399 3782 marcoris
1437 3718 1646 3787 volunt,
1685 3714 1770 3775 cui
1807 3716 1861 3771 in
1899 3715 1990 3771 illa
2027 3724 2180 3783 parte

580 3828 749 3883 tndem
790 3834 1066 3898 vovere.)
1103 3819 1372 3895 (Tenuit,
1427 3817 1515 3871 lib.
1550 3815 1613 3869 de
1641 3813 1907 3884 Spectae.,
1955 3822 2073 3882 cap.
2115 3807 2173 3875 8,

580 3938 701 3992 pag.
728 3916 844 3988 95.)
872 3916 984 3973 Nos
1021 3914 1238 3986 quidem
1265 3927 1371 3967 non
1396 3909 1526 3979 fugit
1551 3902 1867 3978 quibusdam
1901 3904 2077 3958 visum
2106 3899 2180 3955 ibi

580 4026 680 4086 pro
708 4011 975 4077 r'narctn‘it,
1020 4005 1301 4078 legendum
1344 4003 1555 4058 amoris.
1596 4000 1652 4056 In
1698 3998 1934 4054 animum
1981 3994 2181 4066 quippe

581 4085 636 4164 hi
662 4108 764 4163 Sibi
786 4106 1118 4161 induxerunt
1143 4098 1537 4157 Tertulliauum
1563 4096 1631 4152 de
1654 4093 1865 4149 Venere
1894 4087 2064 4159 loqui,
2095 4085 2181 4141 cui

583 4202 657 4257 uti
693 4200 879 4256 scribit
914 4197 1140 4263 Plinius,
1180 4195 1413 4266 primum
1451 4191 1691 4264 Myrteaa,
1729 4182 1924 4243 deinde
1966 4182 2182 4238 Murcia:

585 4306 779 4350 nomen
804 4290 921 4347 fuit.
959 4289 1170 4345 Addere
1198 4296 1449 4359 poterant
1479 4283 1637 4352 hujus
1657 4281 1833 4335 adhuc
1862 4294 1890 4331 a
1913 4268 2178 4341 Varrone,

584 4386 907 4445 Plutarcho,
954 4396 1007 4440 et
1048 4383 1165 4438 aliis
1217 4381 1332 4436 ﬁeri
1384 4378 1712 4434 tuentiOnem
1765 4372 1966 4445 (Plin.,
2013 4369 2102 4424 lib.
2148 4377 2184 4421 ν

589 4479 782 4536 Natur.
835 4476 978 4543 Irish,
1022 4490 1137 4544 cap.
1182 4475 1282 4541 19,
1328 4488 1448 4545 pag.
1476 4471 1619 4537 21:2;
1660 4467 1838 4533 Varr.,
1881 4462 1971 4520 lib.
2025 4474 2075 4518 tv
2120 4464 2185 4518 de

585 4572 710 4644 (ing.
758 4570 872 4636 lat.,
908 4582 1024 4641 pag.
1057 4564 1126 4623 57
1157 4576 1204 4621 et
1243 4566 1343 4629 58;
1380 4558 1675 4624 Plutarclt.,
1721 4558 1913 4627 Quwst.
1952 4566 2180 4644 romam,

2273 588 2360 640 lib.
2406 601 2501 649 ιιι,
2544 600 2664 654 pag.
2712 582 2800 650 15)
2843 583 3117 652 appellare
3156 584 3445 647 Venerem,
3475 579 3642 644 illam,
3675 575 3871 643 inquit,

2274 679 2573 751 cupidinum
2603 685 2835 741 matrem,
2866 676 3173 746 pta-feetam
3201 676 3476 741 cruoribus,
3502 682 3551 728 et
3578 671 3876 741 cupiditatis

2272 772 2466 825 artiori.
2502 770 2632 837 Quis
2661 770 2802 824 enim
2838 778 2943 837 est,
2975 770 3063 840 qui
3095 770 3210 826 haec
3237 767 3484 841 ignorat?
3511 764 3874 835 Quamobrem

2273 880 2394 919 cum
2433 863 2710 918 Lactantio
2745 862 2927 917 dicere
2959 862 3157 918 sufﬁcit
3185 882 3197 918 :
3229 882 3247 913 t
3278 860 3415 929 Quid
3448 859 3635 930 loquar
3660 858 3873 915 obscae-

2275 955 2493 1011 nitatcm
2524 954 2765 1020 Veneris,
2793 955 3031 1009 omnimn
3066 954 3372 1010 libidinibus
3412 952 3735 1023 prustitutze,
3766 967 3874 1007 non

2273 1050 2500 1107 deorum
2550 1060 2774 1109 tantum.
2819 1050 2913 1105 sed
2961 1060 3011 1105 et
3049 1048 3473 1106 hominum......
3511 1047 3641 1117 Quae
3682 1046 3873 1117 prima,

2274 1147 2406 1202 utin
2460 1145 2678 1201 historia
2725 1161 2874 1200 sacra
2918 1146 3247 1211 continetur,
3289 1155 3458 1201 artem
3510 1143 3876 1199 meretriciam

2275 1238 2523 1303 instituit,
2579 1247 2872 1308 auctorque
2924 1237 3246 1292 mulieribus
3298 1240 3349 1292 in
3396 1234 3576 1310 Cypro
3626 1234 3749 1303 fuit,
3794 1234 3877 1290 uti

2272 1333 2433 1405 Vulgo
2458 1346 2686 1401 corpore
2716 1339 2978 1399 quaestum
3010 1329 3264 1387 facerent.
3295 1328 3447 1398 Quod
3477 1328 3678 1384 idcirco
3703 1328 3877 1398 impe-

2272 1422 2440 1491 ravit;
2474 1439 2542 1479 ne
2567 1424 2678 1477 sola
2706 1432 2901 1494 praeter
2921 1422 3196 1489 mulieres,
3228 1420 3517 1492 impudica,
3551 1430 3606 1476 et
3631 1420 3875 1476 virorum

2272 1529 2532 1587 appetens
2555 1514 2846 1571 videretur.
2875 1534 2895 1569 ι
2935 1515 3197 1584 (Laetam,
3221 1515 3287 1570 lib
3314 1530 3332 1570 ι
3368 1512 3873 1585 lmtitut.,cap.t7,

2273 1628 2392 1682 pag.
2425 1608 2540 1681 92.)

2346 1705 2451 1762 Sed
2482 1706 2602 1777 quia
2632 1707 2815 1777 plures
2838 1706 2905 1760 ab
2935 1702 3164 1759 ethnicis
3190 1698 3618 1773 praedicabantur
3638 1698 3881 1769 impudi-

2270 1803 2393 1858 citia
2441 1812 2496 1857 et
2545 1801 2854 1857 libidinibus
2888 1798 3259 1854 famosissimze
3296 1795 3560 1860 Veneres,
3584 1809 3743 1849 unam
3773 1795 3881 1849 im-

2197 1892 2245 1953 B
2273 1894 2457 1966 primis
2504 1876 2790 1959 Arnobius,
2832 1893 3043 1947 earteris
3083 1905 3213 1945 sane
3259 1891 3536 1960 pejorem,‘
3570 1888 3654 1943 his
3690 1886 3881 1943 verbis

2272 1987 2569 2042 insectantur
2600 2004 2612 2040 :
2649 2006 2666 2038 ι
2708 1986 2952 2040 Etiamne
2996 1982 3237 2039 Militaris
3277 1980 3460 2037 Venus
3506 1980 3881 2036 castrensibus

2272 2078 2461 2149 plagiis
2491 2079 2621 2150 (ms.
2655 2079 2825 2133 codex
2866 2078 3046 2148 regius
3075 2084 3127 2131 et
3168 2082 3255 2129 vet
3304 2073 3435 2129 edit.
3465 2070 3699 2144 ﬂagitiis)
3733 2087 3878 2143 prte-

2272 2172 2433 2239 sidet,
2451 2183 2504 2228 et
2522 2187 2807 2243 puerorum
2832 2170 3052 2241 stupris.
3068 2176 3094 2221 ‘i
3119 2168 3357 2241 (Arnob,
3375 2168 3466 2222 lib.
3489 2182 3565 2232 tv,
3585 2183 3704 2239 pag.
3724 2165 3877 2237 151.)

2271 2264 2429 2333 Qttid,
2463 2280 2668 2336 qua-so,
2702 2263 2930 2320 ethnicis
2967 2261 3178 2332 majori,
3208 2263 3252 2318 si
3280 2277 3517 2326 unquam
3551 2261 3882 2317 erubescere

2272 2360 2593 2430 potuissent,
2640 2356 2892 2412 dedecori
2937 2355 3239 2426 probroque
3283 2368 3405 2409 esse
3450 2362 3681 2424 poterat,
3714 2367 3880 2420 quam

2272 2452 2485 2507 infamis
2529 2450 2671 2505 illius
2709 2448 2827 2503 dcte
2866 2447 3043 2503 cultus
3078 2458 3129 2503 et
3166 2444 3473 2502 veneratio?
3513 2443 3621 2500 Sed
3660 2443 3881 2515 rogabis

2274 2543 2416 2599 haud
2443 2540 2604 2599 dubie
2630 2557 2747 2613 qum
2778 2538 2938 2595 fuerit
2978 2540 3065 2593 illa
3103 2537 3342 2593 Militaris
3376 2536 3576 2607 Venus,
3607 2537 3762 2606 cujus
3790 2551 3884 2591 ra—

2272 2638 2403 2699 rior,
2438 2652 2596 2708 quam
2633 2617 2860 2689 aliarum
2901 2635 3103 2687 mentio
3137 2631 3273 2687 facta
3301 2640 3406 2687 est.
3437 2629 3553 2686 Non
3584 2630 3754 2686 semel
3791 2639 3879 2685 ta-

2274 2747 2396 2786 men
2428 2720 2717 2784 Pausanias
2746 2722 2971 2781 Veneris
3003 2725 3253 2793 Armatae,
3287 2740 3348 2779 ac
3380 2723 3605 2794 proinde
3632 2718 3882 2778 Militaris

2274 2818 2520 2878 meminit
2549 2818 2830 2894 (Pansatt.,
2860 2808 2948 2872 lib.
2983 2834 3040 2882 tt,
3070 2835 3189 2888 pag.
3224 2815 3315 2881 48,
3350 2825 3396 2871 et
3428 2804 3497 2870 lib
3547 2818 3625 2871 in.
3657 2831 3772 2886 pag.
3804 2813 3881 2869 97

2274 2927 2319 2970 et
2353 2911 2503 2981 106),
2536 2923 2693 2981 atque
2740 2909 2888 2965 hisce
2943 2902 3279 2980 potis~imnm
3330 2908 3513 2963 verbis
3551 2923 3565 2961 :
3594 2909 3791 2984 Κύθηρα
3823 2905 3884 2963 δέ

2274 3000 2304 3069 ἦ
2331 3006 2469 3068 πόλις
2492 3002 2739 3061 ἀναϐάντι
2766 3005 2868 3059 ἀπὸ
2894 2996 3160 3063 Σκανδείας
3177 3044 3190 3065 ,
3231 2999 3423 3057 στάδια
3469 3005 3537 3063 ὡς
3574 2998 3715 3056 deus?
3741 3002 3800 3056 τὸ
3824 2997 3884 3055 δέ

2274 3102 2406 3178 ἱερὸν
2434 3100 2804 3175 ὠςλούρωίας
2831 3095 3135 3171 ἁγιώτατον,
3165 3098 3252 3148 καὶ
3297 3094 3458 3169 ἱερῶν.
3491 3090 3661 3148 ὁπόσα
3700 3087 3885 3170 Ἀφρο-

2274 3192 2414 3253 δίτης·
2478 3190 2604 3267 παρ’
2645 3186 2881 3248 Ἕλλησίν
2933 3189 3104 3247 ἐστιν,
3148 3185 3520 3259 ἀρχαιότατον.
3575 3185 3706 3243 αὐτή
3749 3178 3804 3239 δὲ
3852 3185 3888 3244 ’ὁ

2201 3287 2246 3350 C
2276 3290 2384 3348 θεὸς
2412 3286 2583 3354 ξόανον
2611 3285 2946 3357 ὡπλισμένον.
2978 3281 3021 3335 Α
3049 3282 3285 3337 Scandea
3311 3279 3381 3333 ad
3407 3283 3521 3350 ipsa
3545 3280 3887 3350 Cytherorum

2277 3378 2463 3433 mwnia
2494 3376 2845 3442 adscenditur,
2878 3376 3102 3430 stadium
3146 3376 3317 3427 decem
3344 3371 3444 3426 via.
3478 3366 3572 3426 Est
3602 3369 3709 3424 illic
3742 3366 3887 3425 Ura-

2276 3474 2377 3528 nia:
2416 3464 2625 3526 Veneris
2652 3466 2917 3539 templum,
2951 3483 3126 3522 eorum
3152 3465 3398 3530 omnium,
3431 3479 3545 3534 qua:
3570 3463 3709 3533 apud
3731 3458 3887 3517 Grie-

2278 3582 2365 3621 cos
2404 3560 2588 3619 Veneri
2616 3563 2785 3617 dicata
2815 3570 2952 3628 sunt,
2982 3559 3203 3614 maxime
3235 3557 3479 3630 priscum.
3513 3552 3641 3610 Deae
3677 3556 3891 3627 signum

2279 3676 2392 3713 cum
2434 3657 2591 3711 armis
2635 3665 2725 3710 est.
2774 3655 2997 3708 Nonnus
3036 3666 3250 3724 quoque
3291 3645 3518 3723 (Nonn.,
3564 3646 3653 3702 lib.
3699 3662 3885 3714 xxxv;

2282 3750 2526 3822 Dionys.,
2567 3765 2697 3803 vers.
2743 3745 2849 3802 175
2877 3742 2925 3801 et
2952 3743 3116 3816 seqq.)
3158 3743 3246 3798 ubi
3272 3730 3541 3798 Venerem
3575 3734 3743 3796 Marte
3784 3753 3888 3811 po-

2281 3843 2565 3902 tentiorem
2591 3842 2734 3897 canit
2759 3859 2773 3896 :

2469 3949 2531 3996 Μὴ
2555 3948 2719 3998 Σπάρτης
2745 3945 2905 3993 ιπιθηοι,
2928 3944 3134 3995 pultipng
3156 3935 3393 3998 ﬁculis»

2468 3994 2752 4074 κάλπιον-ἐἶδος
2776 4008 2901 4060 {zeum
2922 3994 3190 4059 κυρινσσομινης
3212 3994 3435 4055 Ᾰᾳροδιτης.

2451 4102 2543 4167 lie
2568 4100 2796 4167 Spartam
2820 4098 3108 4167 ingredere,
3132 4093 3351 4167 bellicosi
3376 4094 3461 4167 ubi
3484 4094 3622 4167 cives

2468 4156 2672 4216 (lineam
2695 4156 2955 4226 imaginém
2977 4156 3161 4211 habent
3181 4165 3378 4208 armate
3400 4156 3633 4208 Veneris.

2284 4274 2477 4330 Narrat
2512 4283 2690 4329 autem
2729 4269 3040 4326 Lactantius
3080 4267 3348 4338 (Laetam,
3398 4264 3487 4321 lib.
3514 4279 3565 4332 ι,
3611 4275 3733 4335 cap.
3783 4261 3884 4329 l9.

2287 4384 2407 4439 pag.
2449 4366 2575 4435 109)
2617 4366 2685 4419 ab
2722 4364 2910 4418 iisdem
2951 4360 3231 4432 Spartanis
3271 4367 3638 4415 constructum
3683 4354 3888 4412 Veneri

2288 4466 2524 4517 Armatae
2552 4458 2758 4523 fanum,
2811 4472 2875 4511 ac
2913 4455 3296 4516 simulacrum,
3344 4453 3397 4506 in
3443 4449 3727 4506 mulierum
3767 4464 3892 4504 me-

2290 4555 2538 4621 moriam,
2570 4567 2692 4622 qua:
2738 4549 2844 4604 illis
2888 4559 3010 4618 post
3050 4547 3260 4617 fugatos
3286 4543 3585 4601 Messenios
3627 4548 3896 4598 venerant

588 4636 709 4718 tam.
739 4676 798 4729 ll,
830 4676 945 4731 pag.
974 4636 1128 4731 1268).
1162 4660 1231 4712 At
1254 4662 1402 4711 certe
1432 4668 1552 4708 cuin
1580 4654 1632 4707 in
1661 4645 2015 4706 cmendatiori
2048 4640 2183 4701 Ter-
2210 4652 2263 4733 1)
2289 4650 2526 4709 obviam,
2560 4654 2614 4702 et
2641 4660 2763 4701 cum
2796 4644 2930 4714 ipsis
2955 4642 3379 4697 concubuerant.
3415 4638 3656 4709 Denique
3687 4638 3756 4692 ab
3783 4636 3897 4693 He—

587 4757 795 4814 tulliani
826 4765 971 4811 textu
1002 4751 1261 4823 seriptum
1292 4746 1535 4822 legamus
1558 4745 1822 4810 marcoris,
1847 4756 1969 4799 eum
1992 4739 2060 4795 de
2088 4755 2182 4795 ea-

589 4853 732 4911 dem,
774 4859 934 4921 atque
974 4847 1122 4903 citati
1158 4862 1187 4900 a
1223 4844 1379 4900 nobis
1419 4840 1745 4911 Scriptores,
1801 4834 2034 4892 Morcida
2084 4832 2185 4889 tlea‘

591 4942 989 5013 intelligendum
1014 4954 1134 4995 esse
1160 4939 1246 4994 cui
1273 4951 1402 4991 vero
1429 4937 1586 5004 plane
1614 4931 1944 4988 simillitntnn
1970 4942 2077 4982 non
2110 4927 2185 4982 vi-

590 5037 813 5093 deatur?
836 5036 890 5091 Si
917 5033 1037 5105 quls
1060 5034 1223 5104 porro
1249 5040 1395 5088 recte
1420 5026 1717 5101 probaverit
1742 5030 1876 5080 hanc
1898 5020 2185 5078 Mttreidam

591 5132 831 5203 segnium
874 5128 1026 5183 deam
1064 5141 1171 5182 non
1206 5125 1361 5180 aliam
1405 5139 1525 5179 esse
1556 5137 1713 5191 quam
1743 5114 2004 5174 Venerem
2044 5115 2186 5186 Myr-

592 5232 754 5282 team,
797 5237 890 5276 seu
931 5218 1204 5279 Murciam,
1242 5216 1443 5271 amoris
1478 5214 1594 5271 sive
1633 5213 1888 5267 marcoris
1924 5209 2100 5265 deam.
2138 5204 2189 5260 ei

592 5331 782 5374 manus
811 5324 955 5371 tanto
985 5311 1251 5368 lubentius
1282 5306 1549 5375 dabimus,
1579 5316 1778 5377 quanto
1815 5302 1938 5360 inde
1966 5301 2190 5358 validius

594 5409 815 5468 Arnobii
842 5407 1101 5464 sententia
1131 5404 1419 5460 stabilitnr.

665 5503 828 5561 Visne
882 5502 948 5558 ad
1004 5500 1261 5568 majorem
1316 5493 1647 5549 ethnicorum
1704 5487 2074 5562 ignominiam,
2129 5500 2193 5541 ac

594 5598 978 5669 sempiternum
1009 5592 1264 5658 dedecus,
1294 5600 1454 5659 atque
1487 5586 1626 5642 adeo
1651 5585 1717 5640 ad
1745 5595 1944 5639 certam
1977 5580 2194 5652 religio-

598 5695 680 5750 nis
702 5706 886 5748 eorum
919 5689 1125 5744 ruinam
1151 5696 1201 5741 et
1223 5681 1557 5740 eversionem
1587 5678 1678 5733 tibi
1703 5676 1901 5747 aliquid
1928 5673 2194 5746 proferri?

595 5787 735 5843 Nihil
777 5799 904 5840 sane
947 5782 1171 5836 facilius.
1214 5778 1421 5834 Praesto
1462 5771 1721 5845 siquidem
1762 5779 1889 5826 sunt
1925 5769 1983 5836 ii,
2030 5770 2120 5838 qtti
2163 5783 2194 5824 a

599 5878 757 5935 caecis
784 5879 890 5933 illis
916 5874 1207 5948 gentilibus
1245 5871 1353 5927 ullo
1384 5871 1501 5926 sine
1528 5869 1726 5925 rubore
1752 5864 2089 5927 colebantur,
2121 5861 2196 5918 dii

596 5971 799 6031 illicitis
833 5985 897 6026 ac
928 5964 1252 6037 turpissimis
1281 5964 1461 6032 rebus,
1500 5973 1555 6020 et
1591 5960 1734 6018 vitiis
1763 5956 2056 6031 praepositi.
2087 5954 2196 6012 Ne-

2288 4741 2477 4814 sychio
2492 4735 3071 4811 memoratur’byxecoc
3089 4732 3371 4813 Ἀφροδίτη.
3386 4734 3650 4808 ιυπρίοιέ.
3671 4728 3899 4784 Hastam

2301 4833 2489 4900 Venus,
2518 4832 2740 4904 Cypriis.
2774 4829 2913 4898 Quid
2953 4842 3082 4883 vero
3113 4837 3218 4881 tam
3253 4832 3410 4893 turpe
3449 4832 3503 4879 et
3550 4823 3894 4891 obsctnttttm,

2290 4930 2379 4986 cui
2409 4930 2521 4983 hac
2561 4927 2739 4981 Venus
2767 4938 3002 4995 prmesse
3048 4936 3157 4977 non
3186 4918 3538 4976 crederetur?
3565 4915 3694 4973 lure
3729 4914 3901 4986 igitur

2294 5023 2487 5078 merito
2518 5020 2777 5076 Etholcos
2805 5017 2996 5072 irridet
3024 5015 3326 5081 Arnobius;
3361 5014 3484 5085 quia
3519 5011 3783 5066 Venerem
3812 5008 3903 5080 ip-

2293 5128 2407 5172 sam
2458 5113 2782 5185 turpissimis
2835 5110 3112 5167 hominum
3145 5108 3363 5179 ﬂagitiis
3416 5119 3654 5179 praeesse
3697 5104 3900 5174 Opina-

2298 5211 2522 5276 bantur;
2570 5223 2729 5278 quam
2777 5215 2993 5270 tamen,
3046 5202 3335 5258 militarem
3385 5209 3680 5264 armatam,
3732 5207 3902 5266 atque

2298 5302 2585 5367 hastatam,
2626 5297 2792 5352 armis
2817 5294 3271 5365 quemadmodum
3299 5289 3571 5346 amoribus
3599 5297 3654 5344 et
3678 5285 3900 5358 ﬂagitiis

2297 5392 2605 5464 praefectam
2637 5387 2932 5458 prtedicare
2963 5402 3026 5441 ac
3052 5384 3299 5440 venerari
3340 5397 3449 5437 non
3475 5381 3898 5437 erubescebant.

2370 5485 2546 5557 Pergit
2576 5483 2844 5539 Arnobius
2872 5480 3109 5551 (Arnob,
3133 5478 3221 5533 lib.
3255 5493 3328 5543 tv,
3356 5493 3477 5547 pag.
3516 5473 3664 5546 151),
3693 5484 3747 5527 et
3776 5487 3906 5529 rur-

2297 5595 2390 5635 sus
2420 5579 2488 5634 ab
2518 5577 2748 5634 ethnicis
2784 5575 3086 5629 sciscitatur
3125 5582 3306 5627 uttunt
3338 5569 3483 5624 serio
3509 5565 3731 5622 credant
3759 5563 3902 5620 Per-

2296 5673 2488 5739 sicam,
2534 5669 2860 5725 Pertundam
2903 5676 2958 5723 et
3000 5665 3272 5719 Tutunutn
3323 5661 3410 5729 iis,
3440 5657 3905 5731 quemadmodum

2298 5760 2400 5836 ipsi
2430 5763 2798 5833 divulgabant,
2842 5770 2896 5818 et
2927 5761 3017 5815 ille
3059 5766 3348 5823 recenset,
3397 5753 3671 5811 obsctenis
3696 5750 3906 5822 praefici

2300 5855 2689 5928 voluptatibus.
2709 5855 2881 5921 Quem
2907 5852 3079 5914 enim,
3101 5850 3203 5906 nisi
3229 5847 3377 5904 omni
3400 5844 3608 5917 pudore
3626 5844 3903 5916 deposito,

2303 5951 2431 6008 talia
2462 5948 2678 6008 numina
2708 5947 2909 6016 colere,
2946 5946 3112 6002 immo
3140 5941 3325 6000 dicere
3365 5956 3473 5998 non
3512 5938 3746 6012 pudeat?
3782 5936 3900 5999 Nos
