4166 6256
553 281 651 340 551

1819 282 2274 346 DISSERTATIO
2310 287 2594 346 PRIEVIA

3736 298 3852 354 552

553 408 762 467 cantur,
803 398 868 454 de
894 397 998 455 illis
1032 397 1171 455 infra
1211 397 1425 456 dicendi
1463 399 1615 456 locus
1642 397 1855 459 dabitur
1893 406 2130 478 (Arnob.,
2162 412 2214 472 Α
2311 410 2388 464 Ex
2416 409 2655 480 ejusdem
2685 405 2980 465 Clementis
3007 410 3352 468 Alexandrini
3395 413 3547 470 fonte
3571 415 3625 471 id
3663 416 3847 477 adhuc

554 497 641 550 lib.
665 512 742 560 ιιι,
775 513 893 566 pag.
925 494 1072 567 115).

1039 676 1043 680 ς
1137 613 1362 672 CAPUT
1390 614 1526 671 XIV.

558 702 832 758 Excutitur
859 704 1004 759 aliud
1035 707 1242 761 Arnobii
1263 720 1441 763 contra
1462 711 1723 780 gentilium
1745 712 1865 766 deos
1886 727 2149 781 argumen-

679 809 805 868 tum,
840 817 902 855 ex
929 818 1098 855 eorum
1119 803 1368 870 servitute,
1398 805 1629 871 vinculis,
1655 807 1970 878 vulneribus,
1996 817 2154 861 morte

639 910 700 947 ac
717 894 962 966 sepulcris
989 894 1328 966 desumptum.

1080 1025 1376 1066 ARTICULUS
1414 1027 1626 1068 PRIMUS.

560 1124 714 1184 Quam
738 1123 892 1173 valida
914 1125 980 1174 sit
1001 1123 1200 1174 Arnohii
1225 1125 1284 1172 ad
1307 1125 1654 1175 destruendam
1690 1127 1950 1188 gentilium
1973 1127 2037 1176 de
2061 1127 2153 1176 diis

619 1190 722 1258 suis
738 1188 1018 1258 opinionem
1043 1189 1425 1258 argumentatio,
1444 1192 1598 1258 petita
1622 1203 1682 1237 ex
1703 1193 1942 1258 servitute
1967 1191 2155 1258 Hercu-

621 1249 701 1307 lis,
728 1248 982 1312 Apollinis,
1008 1258 1058 1298 et
1076 1248 1304 1309 Neptuni.
1332 1248 1460 1299 ﬁndo
1485 1252 1715 1301 Minerva:
1740 1253 2029 1312 ministerio,
2053 1251 2156 1300 Mu-

619 1326 782 1362 Sarum
827 1312 1090 1377 famulatu,
1136 1313 1305 1361 Martis
1344 1328 1399 1377 ac
1431 1315 1626 1363 Saturni
1666 1316 1898 1373 vinculis,
1943 1323 2092 1377 atque
2127 1327 2156 1361 a

620 1388 778 1436 regno
796 1388 884 1437 suo
904 1375 1194 1437 expulsione
1215 1423 1226 1435 ,
1255 1389 1311 1424 ac
1336 1375 1557 1436 ejusdem
1585 1378 1764 1434 Martis,
1789 1375 2021 1434 Veneris,
2045 1376 2158 1425 Plu-

628 1441 774 1497 tonis,
798 1436 1021 1498 lunonis,
1049 1437 1299 1498 Minervae,
1327 1446 1378 1488 et
1399 1437 1628 1488 Herculis
1649 1440 1950 1490 vulneribus.

660 1566 797 1622 Deos
822 1581 970 1634 suos,
1002 1582 1226 1639 quorum
1267 1569 1542 1637 majestate
1591 1567 1720 1623 nihil
1760 1567 2039 1623 sublimius
2068 1583 2160 1622 ex-

562 1661 949 1732 cellentiusque
990 1661 1288 1732 exeogitari
1340 1661 1604 1725 debebat,
1635 1677 1702 1717 eo
1740 1678 1907 1732 usque
1955 1661 2159 1716 ethnici

564 1759 964 1829 deprimebant,
999 1767 1055 1811 ut
1082 1773 1268 1811 eorum
1295 1759 1630 1825 servitutem,
1654 1758 1887 1822 vincula,
1910 1758 2156 1823 vulnera,

565 1869 627 1907 ac
657 1863 886 1906 mortem
928 1851 1122 1920 ubique
1153 1851 1394 1920 miraque
1427 1851 1756 1920 impudentia
1803 1849 2162 1920 praedicarent

565 1961 630 2000 ac
659 1946 1016 2000 venditareut.
1045 1944 1126 1999 Ab
1167 1946 1233 1998 iis
1264 1946 1487 2010 etenim,
1515 1947 1590 1998 ait
1623 1946 1914 2010 Arnobius,
1950 1960 2160 1998 memo-

566 2037 660 2093 rim
688 2037 956 2106 proditum
987 2038 1160 2091 fuerat
1203 2055 1218 2091 :
1267 2057 1284 2088 (
1323 2038 1708 2092 Mercenariam
1751 2039 1883 2090 deos
1933 2039 2161 2092 servitu-

569 2138 675 2186 tem
699 2131 950 2197 servisse,
985 2142 1042 2185 ut
1069 2131 1350 2186 Herculem
1379 2131 1658 2196 Sardibus,
1688 2114 1889 2185 amoris
1919 2141 1973 2186 et
2006 2141 2162 2199 petu-

567 2224 746 2279 lantize
772 2241 967 2289 causa;
994 2235 1054 2279 ut
1083 2224 1310 2279 Admeto
1335 2225 1636 2294 Apollinem
1676 2225 1882 2279 Deliqu
1907 2243 1920 2290 ;
1957 2236 2014 2279 ut
2035 2225 2171 2296 Lao-

569 2317 810 2372 medonti
841 2318 1034 2374 Troico
1065 2317 1213 2372 Jovis
1260 2317 1517 2384 fratrem;
1570 2329 1624 2372 ut
1670 2318 1867 2383 eidem,
1907 2319 2010 2393 sed.
2043 2335 2164 2390 eum

568 2423 760 2481 patruo
806 2411 1088 2483 Pythium;
1133 2422 1188 2464 ut
1215 2410 1516 2481 conjugalia
1557 2423 1765 2465 secreta
1815 2395 2166 2466 miscentibus

569 2504 859 2559 Minervam
891 2492 1023 2559 lucis
1056 2504 1378 2569 ministram,
1426 2515 1480 2558 et
1519 2499 1881 2558 lucernarum
1913 2495 2167 2559 motlera-

571 2598 782 2653 tricem.
808 2617 826 2649 ι
851 2597 1091 2671 (Arnob.,
1124 2597 1211 2652 lib.
1244 2614 1321 2664 tv,
1351 2615 1470 2670 pag.
1495 2597 1646 2670 M4.)
1669 2599 1739 2654 At
1767 2599 1882 2653 haec
1910 2599 2000 2654 ille
2020 2613 2170 2654 more

571 2692 733 2747 solito
773 2693 1045 2764 decerpsit
1089 2709 1160 2747 ex
1192 2692 1474 2748 Clemente
1510 2693 1878 2749 Alexandrino
1914 2695 2172 2765 (Clemens

528 2837 536 2842 .
573 2785 878 2854 Alexnndr.,
911 2787 1173 2840 Admouit.
1214 2786 1283 2839 ad
1316 2798 1476 2858 gent.,
1528 2805 1645 2857 pug.
1691 2786 1807 2856 22),
1849 2789 1937 2857 qui
1980 2787 2170 2842 eodem

573 2891 896 2947 argumento
924 2889 1112 2934 contra
1135 2880 1380 2934 ethnicos
1402 2880 1639 2942 dimicat,
1661 2895 1832 2949 eaque
1859 2883 2039 2933 omnia
2068 2897 2172 2934 non

572 2972 768 3025 clarius
797 2970 1244 3026 tantummodoet
1271 2973 1531 3040 apertius,
1563 2971 1657 3024 sed
1682 2971 1783 3024 alia
1813 2971 1974 3026 etiam
2000 2973 2172 3040 plora,

576 3080 695 3134 quae
735 3065 1004 3118 Arnobius
1044 3064 1292 3117 Consulto
1333 3063 1708 3133 prmtermisit,
1759 3063 1903 3118 hunc
1941 3073 2093 3133 urget
2121 3064 2173 3117 itt

573 3156 792 3209 modum
821 3173 834 3208 :
867 3156 1084 3217 Εἰκότως
1108 3153 1211 3228 ἄρα
1248 3157 1293 3209 οἱ
1341 3155 1524 3211 τοιοίδε
1560 3157 1701 3228 ὑμῶν
1729 3159 1847 3213 θεοί.
1873 3154 2040 3210 δοῦλοι
2069 3179 2173 3211 πα-
2202 3192 2247 3256 C

574 3251 668 3302 θῶν
693 3249 968 3322 γεγονότες,
1001 3249 1126 3304 ἀλλά
1150 3252 1236 3304 καί
1266 3250 1394 3323 πρὸς
1445 3256 1544 3304 τῶν
1583 3250 1809 3304 Εἱλώτων
1856 3250 2175 3322 καλουμένων

575 3351 674 3398 τῶν
725 3350 869 3415 παρά
918 3342 1352 3417 Λακεδαιμονίοις·
1394 3342 1615 3399 δούλειον
1663 3345 1958 3404 ύπεισῆλθεν
2028 3346 2176 3418 ζυγὸν

575 3432 815 3492 Ἀπόλλων
841 3435 1068 3510 Ἀδμήτῳ
1107 3438 1156 3491 ἐν
1199 3445 1398 3513 Φεραῖς,
1428 3436 1671 3513 Ἡρακλῆς
1711 3439 1760 3490 ἐν
1798 3435 2036 3508 Σάρδεσιν
2057 3437 2176 3508 Ὀμ-

578 3533 720 3606 φάλῃ·
755 3530 1065 3605 Λαομέδοντι
1111 3530 1164 3586 δέ
1205 3534 1405 3590 ﬁbri-reus
1461 3531 1730 3596 Ποσειδῶν,
1783 3537 1867 3587 καὶ
1886 3533 2129 3588 Ἀπόλλων
2158 3571 2174 3598 ,

579 3627 808 3704 καθάπερ
832 3628 1047 3701 ἀχρεῖος
1074 3628 1268 3686 οἰκέτης
1285 3665 1300 3690 ν
1340 3624 1466 3697 μηδέ
1504 3626 1788 3703 ἐλευθερίας
1816 3625 2059 3685 δήπουθεν
2086 3625 2176 3681 δυ-

577 3720 736 3778 νηθεὶς
769 3726 954 3789 τυχεῖν
979 3722 1125 3794 παρὰ
1150 3724 1244 3773 τοῦ
1265 3719 1518 3794 προτέρου
1547 3716 1819 3773 δεσπότου
1854 3719 1964 3772 τότε
2001 3723 2087 3773 καὶ
2112 3722 2179 3775 τὰ

577 3813 720 3869 Ἰλίου
754 3816 908 3885 τείχη
933 3812 1392 3886 ἀνῳκοδομησάτην
1419 3823 1490 3888 τῷ
1516 3818 1692 3890 Φρυγί.
1723 3812 1950 3891 Ὅμηρος
1991 3814 2046 3870 δὲ
2088 3821 2178 3875 τὴν

578 3893 781 3965 Ἀθηνᾶν
811 3909 902 3961 οὐκ
942 3909 1253 3980 αἰσχύνεται
1280 3911 1614 3984 παραφαίνειν
1639 3910 1791 3983 λέγων
1821 3917 1893 3984 τῷ
1910 3908 2174 3976 Ὀδυσσεῖ,

583 4005 811 4074 χρύσεον
838 3999 1028 4070 λύχνον
1067 3999 1300 4072 ἔχουσαν
1325 4003 1377 4054 ἐν
1406 4010 1614 4076 χερσῖν.
1634 4002 1768 4055 Sunt
1796 4019 1915 4072 ergo
1930 4005 2052 4073 jure
2072 4020 2180 4058 ves-

583 4092 650 4144 tri
669 4091 740 4144 dii
761 4090 909 4156 tales,
940 4093 1027 4162 qui
1055 4093 1182 4146 servi
1213 4092 1354 4162 fuere
1375 4094 1636 4158 vitiorum,
1660 4094 1782 4164 quin
1804 4096 1954 4148 etiam
1971 4101 2172 4160 eorum,

580 4189 667 4258 qui
687 4186 881 4243 Eilotes
908 4198 1150 4244 vocantur
1178 4206 1209 4241 a
1237 4187 1659 4253 Lacedaemoniis,
1684 4190 1864 4260 iugum
1894 4191 2073 4244 servile
2093 4207 2178 4243 su-

583 4278 670 4332 biit
691 4279 874 4351 Apollo
896 4280 1109 4336 Admeto
1140 4280 1346 4345 Pheris,
1374 4279 1615 4335 Hercules
1631 4280 1882 4336 Sardibus
1904 4281 2175 4353 Omphale,

582 4368 919 4427 Laomedonti
938 4384 1104 4427 autem
1129 4376 1228 4447 fuit
1243 4374 1586 4428 mercenarius
1602 4372 1876 4445 Neptunus
1902 4386 1947 4430 et
1967 4375 2175 4444 Apollo,

580 4465 710 4518 sicut
735 4482 907 4521 servus
930 4467 1144 4530 inutilis,
1175 4468 1263 4536 qui
1290 4483 1380 4522 nec
1402 4466 1680 4520 libertatem
1706 4460 1939 4537 'consequi
1963 4470 2125 4540 potuit
2147 4488 2178 4524 a

585 4560 744 4629 priori
775 4559 1000 4615 domino.
1036 4560 1179 4615 Tunc
1221 4564 1370 4614 etiam
1409 4577 1579 4614 muros
1613 4559 1785 4631 Trojaz
1823 4561 2021 4634 Phrygi
2063 4580 2172 4618 res-
2203 4587 2257 4647 D

584 4659 873 4708 taurarunt.
897 4652 1018 4708 Non
1040 4656 1192 4724 pudet
1208 4665 1376 4709 autem
1398 4653 1676 4709 Homerum
1700 4656 1869 4710 dicere
1891 4655 1941 4708 Μ
1950 4659 2178 4712 inertiam

589 4744 761 4816 Ulyssi
789 4746 1103 4812 prwluxisse,
1132 4763 1340 4800 aureum
1375 4746 1619 4818 lychnum
1644 4757 1889 4802 tenentem
1920 4750 1972 4804 in
2008 4753 2176 4806 mani-

585 4836 696 4893 bus.
729 4838 809 4894 Ab
827 4839 1108 4896 Clemente
1134 4851 1337 4902 antem,
1357 4841 1496 4896 sicut
1522 4851 1576 4896 et
1602 4843 1669 4898 ab
1695 4842 1934 4900 Arnobio
1963 4844 2078 4901 ha-c
2103 4846 2178 4900 ci-

584 4942 762 4989 tantur
805 4934 1023 4990 Homeri
1074 4935 1310 4990 carmina
1343 4933 1610 5008 (tlomer.,
1661 4937 1873 5008 0dyss.,
1920 4939 2011 4995 lib.
2061 4958 2177 5012 xu,

582 5046 712 5086 vers.
752 5031 821 5086 55
843 5040 890 5084 et
913 5029 1078 5102 seqq.)
1105 5049 1118 5086 :

776 5187 787 5198 .
856 5182 870 5196 ο
940 5184 952 5198 .
1024 5183 1036 5197 .
1107 5185 1120 5200 .
1156 5161 1314 5214 Παροίθι
1336 5156 1377 5202 δὶ
1398 5161 1543 5211 Παλλὰς
1568 5151 1687 5215 Abarim

769 5224 932 5275 Χρὺσιον
954 5224 1083 5275 itu-lva
1106 5224 1238 5275 ἱχουσι
1261 5227 1348 5277 φάος
1370 5229 1578 5277 neptuni;
1603 5232 1728 5268 ίκοίιι.

1170 5296 1300 5345 Ante
1321 5302 1482 5345 autem
1513 5297 1668 5348 Pallas
1693 5299 1908 5351 Minerva

675 5357 888 5409 Auream
907 5357 1153 5410 lucernam
1178 5367 1371 5414 tenens.
1393 5358 1561 5408 lumen
1586 5362 1926 5424 perpulchrum
1951 5365 2179 5421 faciebat.

893 5445 1137 5505 (Romen,
1165 5443 1363 5508 Odyss,
1389 5441 1475 5495 lib.
1496 5460 1601 5508 xix,
1624 5459 1748 5496 vers.
1773 5448 1834 5498 35
1859 5455 1903 5498 et
1925 5453 2085 5518 seqq.)

658 5547 732 5604 De
761 5546 860 5604 hac
892 5564 1050 5620 porro
1080 5551 1310 5606 absurda
1361 5560 1416 5605 et
1443 5550 1666 5607 ridicula
1710 5552 1920 5609 illorum
1954 5558 2177 5613 deorum

582 5641 860 5708 servitute,
891 5645 1022 5699 satis
1043 5661 1070 5696 a
1109 5643 1266 5700 nobis
1293 5643 1419 5699 alibi
1452 5643 1783 5715 disputatum
1816 5656 1900 5702 est
1939 5650 2181 5714 (Dissert.

580 5732 633 5786 in
663 5734 884 5803 Minue,
912 5753 1028 5808 cap.
1083 5737 1172 5803 15,
1215 5748 1315 5796 art.
1349 5737 1405 5806 5,
1447 5745 1493 5792 et
1524 5738 1776 5810 Apparat.
1824 5748 1946 5800 tom.
1994 5758 2030 5810 ι,
2063 5763 2180 5818 pag.

583 5827 745 5906 toan)
764 5876 771 5885 .

2247 502 2424 558 hausit
2471 503 2774 571 Arnobius,
2829 503 2970 573 quod
3019 504 3085 558 de
3135 505 3300 561 Musis
3349 507 3548 564 ibidem
3600 509 3849 582 adjecit:

2253 613 2271 646 ι
2305 595 2569 665 Numquid
2592 613 2660 650 ex
2685 595 2841 652 nobis
2861 596 3126 669 Myrtillus
3165 609 3248 653 est
3275 611 3495 662 auctor.
3534 603 3626 672 qui
3651 602 3850 661 Macari

2250 688 2406 754 ﬁlias,
2439 687 2764 758 Megaclouis
2791 689 3076 744 ancillulas
3106 690 3385 760 proﬁtetur
3411 689 3578 748 fuisse
3600 694 3800 752 Musas.
3823 716 3847 748 ι

2251 780 2495 849 (Arnob.,
2521 780 2611 833 lib.
2646 796 2716 844 tv,
2737 797 2857 853 pag.
2885 781 3037 853 H5.)
3062 782 3141 838 Ex
3163 785 3352 841 eodem
3376 787 3572 858 quippe
3592 787 3850 862 Myrttllo,

2253 889 2348 928 seu
2395 874 2636 946 Myrsillo
2684 875 2910 943 Lesbio,
2966 888 3152 934 narrat
3204 879 3454 937 Clemens
3501 882 3681 940 Musas
3728 902 3850 943 cum

2253 982 2425 1024 serva:
2455 979 2661 1038 essent,
2694 988 2723 1025 a
2755 972 3064 1039 Megaclone
3106 973 3330 1030 Macaris
3355 976 3672 1036 Lesbiorum
3709 983 3854 1054 regis

2254 1061 2361 1117 ﬁlia
2413 1073 2641 1134 emptas,
2688 1081 2806 1134 quae
2852 1065 2957 1121 illis
3003 1077 3188 1137 postea
3229 1071 3510 1127 columnas
3550 1074 3855 1146 templaque

2255 1161 2574 1215 construxit.
2608 1159 2716 1216 Sed
2748 1161 2815 1216 de
2842 1161 2907 1216 iis
2932 1161 3131 1233 aliquid
3159 1163 3211 1218 in
3242 1166 3522 1236 superiore
3551 1169 3856 1240 Apparatus

2258 1251 2424 1307 nostri
2457 1261 2602 1305 torno
2647 1254 3062 1324 perstrinximus
3102 1253 3356 1329 (Clemens
3385 1259 3688 1329 Alexandr.,
3741 1265 3853 1319 Ad-

2257 1347 2436 1400 monit.
2462 1348 2530 1400 ad
2547 1358 2707 1419 genl.,
2756 1365 2878 1421 pag.
2905 1349 3003 1414 i9;
3037 1359 3161 1405 tom.
3190 1367 3206 1404 ι
3245 1351 3520 1424 Apparat.,
3552 1373 3673 1428 pag.
3699 1356 3854 1427 820).

2315 1437 2585 1493 Servitute
2612 1439 2825 1495 duriora
2856 1442 3040 1511 procul
3066 1441 3232 1498 dubio
3260 1455 3387 1501 sunt
3408 1447 3642 1516 vincula,
3664 1450 3858 1517 quibus

2259 1531 2487 1600 gentiles
2539 1531 2670 1587 deos
2713 1547 2840 1588 suos
2895 1533 3266 1605 indignissime
3321 1539 3643 1596 constrictos
3689 1542 3857 1602 fuisse

2262 1624 2639 1694 opinabantur.
2674 1625 2811 1693 Quid
2858 1628 3003 1682 enim
3053 1644 3084 1683 a
3123 1629 3404 1686 divinitate
3433 1631 3642 1706 longius
3679 1636 3858 1706 abest,

2263 1731 2422 1786 quam
2455 1719 2596 1786 quod
2622 1719 2940 1785 jaetitabant
2968 1740 2981 1776 :
3012 1740 3031 1773 ι
3063 1722 3338 1779 Parricidii
3364 1740 3547 1794 causa,
3584 1747 3603 1781 ι
3634 1729 3860 1787 Arnobii

2190 1806 2239 1866 B
2266 1809 2424 1864 verba
2453 1819 2581 1865 sunt
2610 1807 2826 1883 (Arnob.
2860 1812 2949 1866 lib.
2983 1829 3055 1879 tv,
3087 1830 3207 1886 pag.
3234 1815 3386 1888 M3),
3420 1819 3710 1878 evinctum
3737 1837 3865 1878 esse

2264 1901 2587 1969 Saturnum,
2639 1912 2697 1958 et
2747 1903 2891 1958 ablui
2941 1904 3132 1962 diebus
3177 1911 3329 1965 statis
3381 1929 3401 1964 ι
3451 1913 3692 1982 (quidam
3734 1916 3864 1973 editi

2261 1995 2494 2063 codices,
2540 1997 2664 2061 suis,
2692 1997 2815 2053 cod.
2846 2014 2959 2070 reg.
3008 2001 3182 2073 tantis)
3215 2021 3235 2054 ι
3273 2003 3606 2061 vinculorum
3635 2024 3859 2080 compe-

2264 2086 2420 2142 dibus
2449 2097 2501 2143 et
2527 2089 2709 2154 levari,
2739 2111 2758 2142 ι
2795 2091 2934 2146 idem
2988 2094 3159 2150 codex
3195 2101 3393 2168 regius,
3427 2099 3632 2158 elevari.
3663 2103 3867 2160 Alludit

2271 2179 2510 2250 prochIo
2551 2183 2820 2238 Arnobius
2846 2185 2912 2239 ad
2939 2202 3000 2242 ea
3027 2229 3041 2249 ,
3075 2204 3194 2259 quae
3219 2188 3522 2250 Macrobius
3547 2211 3614 2251 ex
3642 2198 3868 2267 Apollo-

2267 2273 2398 2326 doro
2429 2273 2626 2329 clarius
2671 2277 2914 2346 exponit.
2944 2279 3026 2334 Ex
3054 2296 3120 2336 eo
3147 2283 3409 2353 siquidem
3434 2285 3600 2343 refert
3630 2307 3650 2341 ι
3683 2289 3869 2347 Satur-

2269 2383 2395 2421 num
2425 2368 2626 2438 alligari
2661 2385 2757 2440 per
2795 2386 2993 2428 annmn
3039 2374 3182 2430 lineo
3228 2379 3476 2440 vinculo.
3527 2391 3583 2438 et
3620 2384 3755 2439 solvi
3797 2387 3864 2441 ad

2268 2458 2410 2517 diem
2456 2463 2556 2519 sibi
2597 2463 2824 2534 festum,
2873 2468 2923 2522 id
2952 2478 3068 2536 est,
3096 2487 3285 2529 mense
3315 2473 3613 2533 decembri.
3659 2497 3679 2532 ι
3718 2479 3864 2553 (ινα-

2269 2557 2432 2642 σοὺ»,
2477 2555 2563 2611 lib.
2607 2574 2624 2612 ι
2665 2559 2963 2629 Saturnal.,
2994 2580 3111 2635 cap.
3143 2567 3211 2632 8,
3257 2585 3378 2642 pag.
3417 2570 3568 2644 209.)
3621 2577 3690 2629 At
3744 2574 3869 2632 inde

2272 2648 2429 2705 facile
2453 2651 2724 2723 colligitur
2753 2654 2805 2708 in
2855 2654 3081 2712 Arnobii
3126 2667 3296 2727 textu,
3337 2665 3438 2718 nisi
3486 2665 3770 2737 legendum
3799 2670 3869 2725 sit

2273 2743 2446 2798 diebus
2474 2745 2615 2813 [estis
2642 2756 2858 2814 tantum,
2893 2749 2943 2804 id
2969 2750 3075 2806 alio
3104 2754 3288 2821 verbo,
3321 2755 3461 2813 idem
3506 2758 3866 2830 significante,

2276 2840 2550 2893 traditum.
2585 2837 2693 2894 Cur
2737 2855 2917 2897 autem
2966 2843 3181 2916 Lipsius
3225 2850 3420 2920 corrigi
3470 2853 3722 2921 voluerit,
3763 2858 3869 2912 suis

2276 2931 2451 2985 diebus
2474 2943 2690 2997 tantum,
2724 2952 2828 2991 non
2876 2937 3008 2992 satis
3047 2939 3414 3011 intelligimus.
3451 2943 3527 3001 De
3560 2951 3870 3004 memoratis

2276 3026 2506 3083 subinde
2545 3029 2612 3084 ab
2639 3041 2860 3086 auctore
2901 3042 3088 3088 nostro
3135 3035 3320 3093 Martis
3351 3037 3614 3109 vinculis,
3644 3043 3788 3115 lege,
3826 3044 3872 3100 si

2280 3118 2446 3187 lubet,
2480 3123 2793 3192 Homerum,
2819 3134 2872 3180 et
2896 3141 3016 3196 quae
3046 3143 3074 3180 a
3103 3129 3257 3183 nobis
3286 3130 3338 3185 in
3369 3132 3470 3188 hac
3495 3133 3873 3196 dissertatione

2279 3223 2331 3270 et
2375 3216 2501 3271 alibi
2542 3228 2795 3274 annotata
2841 3219 3060 3276 fuerunt
3101 3221 3304 3295 (Lips.,
3338 3224 3425 3280 lib.
3470 3230 3734 3298 in,epist.
3769 3231 3871 3298 15,

2279 3319 2400 3362 tom.
2427 3326 2466 3374 ι,
2495 3329 2616 3383 pag.
2651 3313 2775 3379 180;
2818 3313 3056 3381 Homer.,
3092 3315 3280 3385 lliud.,
3314 3335 3367 3386 v,
3412 3337 3537 3377 vers.
3581 3323 3689 3379 585
3711 3367 3725 3392 ,
3753 3342 3868 3398 sup.

2285 3418 2432 3472 cap.;
2459 3402 2675 3460 Dissert.
2702 3408 2755 3460 in
2787 3407 3009 3476 Μίνωα,
3039 3427 3157 3481 cap.
3191 3412 3280 3479 15,
3309 3425 3409 3470 art.
3437 3415 3516 3488 2).

2350 3499 2404 3553 Si
2436 3499 2510 3553 dii
2559 3501 2608 3555 in
2653 3503 2971 3559 servitutem
3016 3507 3220 3563 redacti
3266 3520 3415 3576 sunt,
3464 3522 3517 3568 et
3547 3514 3776 3586 coniecti
3820 3517 3874 3573 in

2279 3593 2514 3656 vincula,
2534 3595 2661 3664 quid
2683 3596 2858 3652 adhuc
2885 3611 3188 3669 supererat,
3210 3602 3402 3670 nisiut,
3428 3607 3662 3678 acceptis
3681 3611 3874 3680 plagis,

2281 3687 2448 3742 saucii
2496 3689 2870 3761 vulneratique
2909 3693 3266 3753 dicerentur?
3295 3701 3365 3754 At
3398 3713 3550 3758 certe
3589 3703 3642 3759 id
3672 3705 3881 3763 ethnici

2280 3781 2521 3851 repetitis
2551 3781 2747 3854 ubique
2777 3788 3123 3844 sermonibus
3165 3789 3584 3864 divulgaverunt
3612 3811 3627 3851 :
3662 3816 3682 3849 ι
3719 3797 3871 3854 Non-

2281 3891 2370 3941 ne,
2408 3898 2425 3928 ι
2463 3878 2607 3933 enim
2632 3920 2647 3942 ,
2670 3889 2724 3936 et
2746 3882 2816 3936 ita
2839 3883 3056 3954 quidem
3102 3885 3349 3944 ethnicos
3375 3889 3571 3948 affatur
3607 3893 3878 3954 Arnobius

2281 3966 2522 4042 (Arnob.,
2551 3972 2642 4028 lib.
2675 3991 2747 4034 tv.
2793 3994 2912 4049 pag.
2963 3979 3114 4050 164),
3153 3999 3172 4033 ι
3209 3981 3298 4038 ille
3337 3995 3517 4040 vester
3545 3997 3628 4043 est
3675 3987 3830 4046 Vates
3855 4030 3874 4057 ,

2280 4064 2370 4132 qui
2409 4064 2631 4122 Martem
2685 4067 2812 4124 fecit
2866 4081 2921 4127 et
2962 4071 3228 4130 Venerem
3277 4079 3586 4137 mortalium
3631 4083 3880 4141 manibus

2281 4158 2631 4215 vulneratos?
2659 4160 2776 4216 Non
2803 4178 2869 4219 ex
2902 4165 3051 4222 vobis
3077 4167 3365 4242 Panyassis
3393 4188 3531 4228 unus
3556 4186 3662 4242 est,
3690 4178 3778 4247 qui
3809 4178 3884 4235 ab

2281 4248 2510 4318 Hercule
2539 4253 2710 4310 Ditem
2743 4266 2949 4326 patrem
2999 4268 3052 4314 et
3091 4261 3329 4332 reginam
3375 4277 3642 4323 memorat
3669 4271 3884 4326 saucia-

2282 4351 2394 4398 tnm
2432 4360 2552 4401 esse
2574 4346 2859 4404 Jnnonen?
2884 4349 2999 4406 Non
3028 4353 3322 4424 viraginem
3345 4358 3414 4415 ab
3435 4360 3640 4433 Ornyto
3655 4377 3879 4430 caesam,

2281 4447 2646 4509 cruentatam,
2707 4453 2995 4512 vexatam,
3049 4446 3360 4508 Polemonis
3409 4455 3579 4509 vestri
3642 4456 3882 4514 indicant

2282 4533 2520 4602 scripta?
2548 4534 2662 4590 Non
2703 4537 2772 4592 ab
2802 4537 3190 4611 Hippocoontis
3219 4543 3404 4602 liberis
3433 4550 3606 4618 ipsum
3640 4551 3883 4611 Solibius

2283 4621 2566 4680 Herculem
2616 4630 2912 4686 cruciatum
2965 4635 3217 4692 retulisse
3267 4642 3611 4710 pronuntiat,
3657 4655 3712 4700 et
3745 4645 3882 4702 illati

2279 4717 2514 4772 vulneris
2536 4728 2590 4772 et
2615 4719 2854 4777 doloris?
2889 4743 2908 4775 ι
2945 4721 3014 4780 Ει
3045 4728 3161 4783 haac
3187 4744 3374 4786 rursus
3396 4731 3630 4790 delibata
3660 4748 3878 4794 suntex

2281 4811 2363 4865 his
2391 4810 2684 4870 Clementis
2705 4817 3052 4875 Alexandrini
3076 4823 3251 4880 verbis
3279 4823 3530 4896 (Clemens
3564 4829 3878 4899 Merenda,

2280 4905 2530 4960 admonit.
2569 4908 2656 4962 ad.
2703 4920 2864 4980 gent.,
2899 4929 3020 4984 pag.
3050 4913 3181 4983 ‘25):
3212 4928 3483 4994 Τεκμεριοῖ
3502 4917 3727 4998 Ὅμηρος
3755 4924 3886 4997 μελε

2283 4999 2508 5076 ἀκριϐῶς
2532 4998 2821 5078 Ἀφροδίτην
2846 5005 2932 5059 ἐπὶ
2953 5014 3026 5080 τῷ
3047 5010 3310 5084 τραύματι
3331 5015 3658 5086 παρεισάγων
3685 5017 3772 5080 ὀξὺ
3796 5022 3884 5072 καί⁵

2281 5096 2416 5168 μέγα
2445 5095 2724 5166 ἰάχουσαν
2753 5097 2901 5152 αὐτόν
2950 5119 3003 5153 τε
3058 5102 3144 5156 τὸν
3187 5102 3594 5175 πολεμικώτατον
3619 5105 3747 5184 ’Ἄρη
3778 5110 3885 5165 ύπό

2281 5194 2374 5241 τοῦ
2405 5187 2686 5263 Διομήδους
2712 5193 2846 5247 κατά
2873 5199 2964 5246 τοῦ
2993 5202 3228 5256 κενεῶνος
3258 5198 3567 5271 οὐτασμένον
3607 5197 3884 5275 διηγούμε-

2284 5301 2385 5341 νος.
2420 5281 2645 5352 Πολέμων
2667 5279 2720 5336 δέ
2762 5287 2848 5338 καί
2874 5285 2957 5339 τὸν
2984 5285 3184 5345 Ἀθηνᾶν
3225 5289 3324 5342 ύπό
3353 5289 3593 5366 Ὀρνύτου
3633 5297 3886 5368 τρωθῆναι

2283 5373 2434 5447 λέγει,
2453 5379 2536 5430 ναὶ
2556 5381 2654 5447 μὴν
2678 5381 2766 5432 καὶ
2790 5383 2880 5438 τήν
2897 5377 3127 5437 ’Λιδωνέα
3151 5383 3252 5437 ὑπὸ
3271 5383 3569 5460 Ἡρακλέους
3590 5389 3886 5452 τοξευθῆναι

2281 5462 2505 5546 Ὀμηρος
2525 5470 2676 5542 λέγει,
2691 5473 2778 5527 καί
2802 5473 2888 5527 τὸν
2916 5471 3103 5530 Ἕλειον
3131 5479 3323 5548 Αὐγεαν
3349 5480 3647 5540 Πανύασσις
3663 5483 3883 5558 ἱστορεῖ.

2284 5558 2378 5619 ἤδη
2408 5559 2460 5614 δὲ
2499 5567 2584 5616 καί
2611 5569 2699 5623 τὴν
2727 5563 2882 5642 ’Ἦραν
2921 5573 3008 5626 τήν
3037 5572 3214 5642 ζυγίαν
3242 5567 3440 5648 ἶστοριῑ
3461 5575 3562 5629 ὑπὸ
3591 5583 3680 5630 τοῦ
3725 5579 3886 5632 αὐτοῦ

2286 5651 2587 5728 Ἡρακλέους
2615 5657 2642 5710 ὸ
2671 5659 2821 5720 αὐτὸς
2848 5656 2998 5720 οὗτος
3024 5664 3323 5726 Πανύασσις
3351 5667 3401 5720 ἐν
3424 5667 3565 5740 Πύλῳ
3594 5671 3883 5741 ἠμαθόεντι.

2290 5746 2533 5807 Σωσίϐιος
2560 5745 2613 5802 δέ
2639 5754 2726 5804 καὶ
2770 5753 2852 5806 τὸν
2881 5750 3126 5830 Ἠρακλέα
3164 5758 3293 5833 πρὸς
3329 5766 3429 5814 τῶν
3453 5758 3889 5819 Ἱπποκοωντιδῶν

2296 5841 2427 5896 κατά
2472 5848 2560 5902 τῆς
2603 5843 2778 5918 χειρὸς
2817 5846 3118 5908 οὐτασθῆναι
3160 5849 3308 5925 λέγει.
3337 5848 3590 5908 Homerus
3621 5856 3891 5931 manifeste
