4166 6256
280 292 392 351 555

1455 302 1466 340 -’
1513 295 1580 354 IN
1616 294 1990 368 ABNOBIUM,
2031 300 2183 357 CAP.
2226 296 2363 356 XIV.

3474 320 3578 378 554

274 412 406 466 satis
432 410 635 493 indicat.
677 411 921 468 Venerem
964 419 1174 484 propter
1202 414 1390 469 vulnus
1425 424 1584 470 acuta
1613 425 1662 469 et
1697 432 1883 485 magna
1907 417 1962 477 Α
1985 416 2308 488 interfectum
2333 430 2485 470 suum
2513 415 2682 486 ﬁlium
2713 418 3028 488 epulandum
3051 424 3109 489 ei
3135 439 3413 497 apponeret
3438 474 3453 498 ,
3496 436 3579 489 cui

274 506 734 563 voceclamantem.
754 515 1025 579 amatque
1037 507 1474 563 bellicosissimam
1495 508 1881 582 Martemfuisse
1985 506 2226 580 Nyctimo
2259 524 2461 563 nomen.
2498 508 2702 565 Videsis
2720 510 2991 579 Ovidium,
3024 515 3310 588 Hyginum,
3335 532 3391 577 et
3416 526 3580 596 Apol-

271 610 312 647 a
345 593 587 650 Diomede
631 596 687 649 in
727 605 900 652 ventre
947 598 1253 651 sauciatam.
1287 595 1501 654 Polemo
1545 609 1716 654 autem
1754 598 1878 654 dicit

272 686 430 742 etiam
469 686 759 743 Minervam
804 689 965 758 fuisse
1016 689 1331 745 vulneratam
1383 690 1445 744 ab
1476 688 1691 763 Ornyto.
1743 690 1879 764 Quin

271 781 429 836 etiam
458 779 731 837 Plutonem
746 782 909 854 fuisse
932 782 1247 838 vulneratum
1264 784 1328 837 ab
1356 782 1578 838 Hercule
1595 786 1749 857 refert
1772 783 1878 838 Ho-

269 890 464 938 merus,
490 875 622 929 sicut
658 874 722 928 de
754 872 882 930 Eleo
912 874 1085 947 Augea
1119 881 1278 950 refert
1319 873 1641 948 Panyassis;
1666 878 1752 950 qui
1778 877 1877 931 Ju-

264 985 458 1025 uonem
482 985 682 1041 quoque
703 970 1025 1041 conjngalem
1057 969 1219 1039 fuisse
1244 968 1564 1024 vulneratam
1603 970 1667 1024 ab
1703 970 1875 1024 eodem

270 1061 501 1117 Hercule
543 1062 599 1116 in
630 1060 768 1133 Pylo
812 1078 1024 1117 arenosa
1071 1065 1247 1131 refert.
1280 1061 1517 1118 Sosibius
1556 1071 1723 1116 autem
1752 1061 1875 1116 dicit

1981 603 2227 658 lodorum
2255 603 2322 658 de
2353 602 2457 659 hoc
2485 611 2541 660 et
2565 603 2689 675 aliis
2713 608 2980 677 exemplis
3012 611 3270 668 hactenus
3296 620 3579 676 recensitis

1981 693 2182 763 (0vid.,
2215 695 2305 749 lib.
2338 711 2355 749 ι
2386 694 2682 762 Μειαηιονη
2717 697 2824 766 fab.
2859 699 2912 765 7,
2944 717 3068 773 pag.
3100 701 3169 756 i2
3196 714 3243 758 et
3270 705 3453 776 seqq.).

2049 788 2186 856 Quid
2221 788 2435 843 tandem
2466 789 2610 844 aliud
2640 800 2923 860 supererat
2951 794 3015 847 ad
3053 797 3382 864 probandam
3415 817 3567 858 mor-

1980 881 2137 936 talem
2176 880 2325 937 Jovis
2363 882 2698 953 aliorumque
2742 884 2997 939 falsorum
3033 885 3256 943 deorum
3303 903 3575 958 naturam,

1978 973 2078 1029 nisi
2106 974 2328 1030 cuilibet
2356 975 2661 1046 patefacere
2687 976 2888 1031 obitam
2937 977 3003 1032 ab
3043 979 3121 1033 eis
3154 982 3389 1037 humano
3428 1002 3576 1043 more

1977 1077 2230 1133 mortem,
2256 1083 2319 1123 ac
2342 1083 2529 1124 eorum
2564 1068 2759 1124 deinde
2790 1071 3120 1140 sepulturam
3141 1116 3155 1138 ,
3208 1076 3350 1131 unde
3386 1078 3569 1134 nullus

270 1156 433 1210 etiam
481 1154 756 1210 Herculem
782 1155 941 1225 fuisse
968 1155 1022 1209 in
1050 1171 1206 1209 manu
1239 1156 1520 1212 sauciatum
1565 1155 1629 1209 ab
1665 1153 1872 1225 Hippo-
1974 1159 2041 1214 ad
2066 1162 2226 1216 vitam
2251 1171 2535 1217 revocatus
2562 1152 2866 1234 est?Atqni
2893 1205 2908 1229 ,
2955 1184 2975 1217 ι
3008 1164 3159 1233 Apud
3181 1166 3410 1222 insulam
3434 1166 3572 1226 Cre-

268 1247 548 1303 coontidis.
582 1245 750 1302 Vides
786 1261 916 1302 sane
952 1244 1226 1317 quomodo
1264 1247 1536 1302 Arnobius
1578 1244 1872 1301 Clementis
1976 1262 2105 1317 tam.
2141 1275 2159 1307 ι
2209 1256 2381 1327 inquit
2422 1256 2727 1324 Arnobius,
2789 1276 2808 1309 ι
2846 1260 3140 1327 sepultura:
3186 1276 3305 1318 esse
3351 1264 3574 1319 manda-

265 1338 621 1399 Alexandrini
677 1339 935 1407 fontibus,
986 1348 1046 1395 ut
1092 1340 1391 1407 Ciceronis,
1436 1340 1504 1396 de
1542 1340 1777 1410 Epicuro
1817 1348 1865 1395 et

1973 1356 2084 1403 tum
2126 1348 2314 1404 Jovem
2361 1352 2514 1406 nobis
2552 1352 2754 1407 editum
2804 1352 3033 1408 traditur
3083 1356 3324 1419 (Arnob.,
3366 1356 3459 1413 lib.
3483 1375 3566 1425 iv,

260 1435 577 1491 Democrito
621 1433 909 1502 loquentis,
945 1434 1123 1491 verbis
1162 1443 1398 1501 utamur,
1457 1432 1701 1491 hortulos
1742 1447 1870 1488 suos
1972 1459 2091 1513 pag.
2116 1441 2264 1514 144).
2295 1463 2315 1496 ι
2360 1447 2405 1500 A
2433 1461 2541 1516 quo
2573 1455 2751 1503 autem
2779 1447 2833 1502 id
2865 1448 3118 1504 traditum
3151 1452 3256 1522 sit,
3297 1454 3474 1513 disces
3502 1475 3572 1516 ex

264 1530 575 1602 irrigaverit
601 1526 815 1602 (Cicer.,
851 1529 940 1583 tib.
970 1545 990 1584 ι
1026 1529 1090 1584 de
1134 1526 1327 1584 Natur.
1373 1528 1543 1596 deor.,
1586 1546 1704 1600 pag.
1735 1527 1866 1597 212,
1924 1546 1931 1555 '
1970 1533 2248 1592 Clemente
2270 1538 2660 1607 Alexandrino,
2692 1540 2847 1611 cujus
2868 1543 3094 1614 vestigia
3123 1543 3217 1602 ille
3240 1563 3424 1604 rursus
3453 1568 3572 1619 pro-

273 1625 373 1680 lin.
402 1623 513 1697 44).
544 1622 882 1680 Manifestum
915 1624 1008 1680 tibi
1042 1640 1259 1706 quoque
1292 1640 1416 1681 esse
1439 1625 1690 1682 debetab
1718 1636 1867 1680 utro-
1967 1628 2231 1700 sequitur.
2281 1628 2415 1685 Nam
2464 1632 2582 1687 time
2625 1632 2737 1701 ipsa
2766 1645 2889 1687 sunt
2933 1650 3107 1705 grmco
3154 1639 3396 1706 ejusdem
3441 1640 3566 1701 Cle-

262 1737 373 1793 que
401 1721 500 1777 hac
522 1719 991 1792 argumentatione
1036 1704 1231 1792 hisque
1266 1721 1529 1791 exemplis
1568 1719 1865 1775 'evidentis-
1897 1803 1908 1804 ί
1968 1723 2165 1777 mentis
2210 1722 2374 1778 verba
2398 1720 2652 1793 (Clemens
2680 1704 2996 1791 Alexandr.,
3019 1704 3285 1785 Admonit.
3305 1734 3373 1785 ad
3401 1744 3565 1804 gent.,

262 1814 403 1871 sime
448 1813 647 1871 conlici
697 1814 818 1870 illos
864 1829 963 1871 nec
1008 1813 1141 1870 deos
1185 1828 1327 1883 esse,
1356 1830 1456 1870 nec
1504 1815 1854 1880 immortales,

1967 1831 2083 1887 pag.
2109 1813 2240 1885 242)
2286 1833 2298 1868 :
2346 1820 2492 1876 Ζήτει
2540 1839 2635 1873 σου
2679 1819 2762 1873 τὸν
2801 1820 2891 1872 Δία
2911 1861 2926 1884 ,
2957 1823 3028 1890 μή
3056 1820 3141 1876 τὸν
3169 1823 3415 1899 οὐρανὸν,
3444 1827 3571 1884 ἁλλά

258 1924 494 1981 quorum
526 1910 750 1965 vulnera
779 1924 879 1966 nec
899 1909 1016 1967 sine
1040 1910 1325 1982 sanguine,
1354 1919 1411 1966 et
1437 1909 1581 1981 quod
1608 1923 1675 1965 eo
1707 1910 1859 1979 pejus

1967 1913 2050 1968 τήν
2092 1917 2184 1982 γῆν
2233 1908 2674 1987 πολυπραγμόνει·
2704 1909 2730 1965 ὁ
2752 1914 2885 1987 κρήι-
2911 1932 2994 1966 σοι
3020 1910 3345 1987 διηγήσεται,
3372 1916 3499 1995 παρ’

258 2012 368 2070 est,
397 2004 548 2059 sanie
576 2012 632 2059 et
658 2003 1005 2075 corruptione
1032 2004 1121 2059 vix
1156 2019 1407 2074 umquam
1434 2018 1557 2060 esse
1584 2010 1857 2074 poterant,

226 2111 365 2152 ~nec
393 2094 511 2152 sine
550 2095 959 2153 medicamentis
1003 2098 1202 2153 sanari.
1262 2096 1370 2152 Nos
1416 2108 1597 2153 autem
1646 2096 1715 2152 de
1764 2096 1860 2151 lio-

259 2202 449 2245 rumce
473 2186 705 2246 deorum
724 2189 1039 2245 vulneribus
1068 2186 1195 2245 alibi
1219 2189 1594 2255 disseruimus,
1629 2189 1697 2246 de
1721 2189 1857 2245 Mar-

261 2280 355 2347 tis,
400 2281 600 2337 scilicet
648 2291 703 2337 et
732 2280 959 2338 Veneris
991 2283 1158 2354 plagis
1209 2285 1261 2338 in
1293 2285 1559 2354 superiori
1603 2284 1860 2341 disserta-

259 2375 409 2429 tione
430 2392 445 2427 :
465 2374 530 2431 de
557 2374 791 2432 Minerva
820 2392 947 2431 vero
983 2386 1038 2432 ct
1071 2377 1298 2434 Hercule
1319 2378 1576 2435 saucialis
1603 2380 1654 2435 in
1684 2381 1859 2449 primo

254 2465 564 2538 Apparatus
594 2469 761 2524 nostri
795 2478 939 2525 tomo
995 2469 1234 2543 (Dissert.
1260 2489 1458 2542 super.,
1487 2490 1603 2545 cap.
1636 2473 1727 2542 15,
1751 2483 1852 2528 art.

255 2560 327 2627 ὃ,
357 2568 529 2616 tom.t
577 2561 857 2634 Apparat.,
890 2581 1011 2636 pag.
1057 2563 1164 2620 763
1191 2575 1239 2618 et
1269 2563 1420 2636 816).
1464 2563 1639 2622 Cilata
1676 2576 1855 2623 autem

257 2652 493 2709 llomeri
531 2652 597 2710 de
639 2653 852 2710 lunone
902 2666 957 2711 et
1006 2655 1235 2712 Plutone
1283 2657 1523 2715 carmina
1568 2658 1623 2714 in
1673 2659 1857 2728 quinta

253 2746 407 2803 illius
428 2747 589 2805 Iliade
609 2751 851 2806 invenies
879 2748 1142 2823 (Homer.,
1170 2749 1331 2806 Iliad.
1365 2767 1419 2819 v,
1447 2769 1575 2808 vers.
1606 2751 1759 2824 357).

327 2841 408 2897 Ex
445 2841 636 2899 eodem
675 2843 956 2900 Clemente
1003 2844 1373 2902 Alexandrino
1425 2862 1488 2903 ea
1531 2846 1712 2902 adhuc.
1756 2863 1855 2904 ex-

263 2948 452 3007 cerpta
477 2948 604 2994 sunt
630 2955 750 3010 quae
775 2940 1044 2997 Arnobius
1073 2942 1141 2998 de
1169 2941 1408 2998 Vulcano
1428 2941 1622 2999 claudo
1646 2951 1703 2998 et
1727 2942 1856 2999 [Es-

254 3032 472 3103 culapio
518 3031 759 3090 fulminis
815 3035 920 3091 ictu
969 3030 1229 3106 percusso
1262 3038 1464 3092 retulit.
1517 3037 1591 3093 De
1630 3048 1857 3108 utroque

263 3135 445 3183 autem
494 3126 623 3183 alibi
676 3139 855 3184 aetum
908 3143 936 3182 a
989 3129 1146 3185 nobis
1198 3128 1298 3184 fuit
1334 3129 1596 3195 (Arnob.,
1643 3129 1735 3185 lib.‘
1775 3146 1848 3199 tv,

1960 2005 2046 2058 καί
2071 2004 2339 2072 τέθαπται,
2370 2003 2699 2078 Καλλίμαχος
2723 2006 2773 2059 ἐν
2808 2004 3007 2077 ὕμνοιςο

2149 2201 2161 2214 .
2234 2205 2245 2215 .
2315 2200 2327 2213 .
2395 2203 2408 2213 -
2443 2180 2518 2230 litui.
2548 2180 2617 2232 τὰρ
2635 2182 2765 2233 view,
2784 2176 2813 2218 ὦ
2836 2177 2922 2228 ἄνα,
2944 2186 3023 2221 atto

2147 2245 2285 2289 Κρῆτες
2325 2242 2573 2290 inutilium”.

1959 2357 2091 2426 Qua:
2116 2358 2339 2414 Latinus
2373 2360 2646 2430 interpres
2687 2362 2766 2416 sic
2806 2360 3082 2422 reddidit:
3130 2383 3148 2416 ι
3184 2364 3375 2433 Quaere
3404 2375 3555 2424 tuum

1957 2450 2143 2507 Jovem
2164 2493 2180 2518 ,
2237 2468 2305 2506 ne
2334 2452 2596 2507 scruteris
2622 2467 2819 2509 coetum
2841 2497 2855 2520 ,
2909 2453 3009 2510 sed
3045 2465 3267 2513 terram.
3307 2457 3565 2515 Narrabit

1959 2544 2055 2635 tibi
2087 2544 2368 2601 Cretensis
2422 2546 2563 2613 apud
2592 2562 2751 2617 quem
2785 2557 2871 2603 est
2900 2548 3166 2619 sepultus,
3198 2547 3564 2608 Callimachus

1960 2641 2011 2692 'n
2038 2637 2254 2709 hymnis
2279 2656 2292 2691 :

2522 2815 2546 2843 (ι
2568 2797 2837 2849 Cretenses
2859 2811 3071 2862 namque
3091 2798 3369 2863 sepulcrum

2056 2859 2396 2911 Coustruxere
2420 2867 2573 2911 tuum.
2599 2877 2621 2905 »

2033 3004 2142 3061 Sed
2175 3020 2203 3059 a
2234 3004 2391 3061 nobis
2418 3006 2529 3077 jam
2559 3006 2905 3063 observatum
2932 3018 3198 3081 estquam
3229 3011 3422 3068 merito
3438 3012 3562 3082 jure

1958 3097 2228 3155 Arnobius
2264 3108 2470 3167 noster,
2494 3116 2559 3155 ac
2580 3117 2682 3171 qua
2721 3102 2948 3157 aliorum
2986 3104 3200 3159 testium
3243 3106 3564 3162 auctoritate

261 3239 383 3293 pag.
417 3220 555 3288 “5;
593 3230 716 3276 tam.
750 3239 768 3278 ι
797 3221 1087 3294 lippam,”
1120 3242 1241 3296 pag.
1276 3189 1412 3293 75",
1461 3234 1509 3279 α
1555 3189 1759 3280 dim”.
1803 3189 1856 3279 ὑὶ
1884 3190 1931 3255 C
1964 3189 2093 3247 illud
2125 3189 2852 3296 ethnicis-‘exprobraverit
2902 3194 3160 3266 (Dissert.
3213 3198 3266 3252 in
3313 3197 3511 3255 Minue.
3540 3243 3557 3269 ,

258 3315 483 3386 Minuta,
518 3332 635 3387 cap.
670 3315 759 3385 15,
791 3326 892 3371 art.
923 3316 960 3372 Ξ
980 3328 1027 3373 ει
1050 3317 1146 3392 5).

862 3494 1154 3537 ABTICULUS
1193 3497 1252 3537 Il.

258 3619 514 3680 Quomodo
535 3620 667 3670 idem
692 3619 929 3694 probetur
953 3619 1197 3694 eremplis
1229 3618 1398 3694 lovis,
1426 3624 1508 3694 qui
1545 3623 1742 3694 nescius
1772 3623 1862 3694 hu-

322 3682 937 3748 manasearnes‘comedit,
961 3682 1114 3748 atque
1136 3696 1200 3748 ex
1226 3682 1359 3748 illius
1382 3682 1560 3747 morte,
1593 3692 1654 3748 et
1691 3686 1860 3748 sepul-

328 3752 456 3812 tura,
482 3746 679 3812 fratrum
701 3744 916 3797 Castoris
923 3752 985 3812 et
1009 3744 1239 3812 Pollucis,
1259 3746 1489 3812 Saturni,
1510 3744 1567 3799 ac
1586 3746 1717 3812 Tyrii
1738 3744 1862 3799 Her—

329 3806 455 3856 culis
472 3806 726 3871 sepulcris,
752 3816 901 3871 atque
923 3807 1159 3859 Thebano
1176 3807 1395 3861 Hercule
1415 3811 1532 3874 igne
1555 3806 1859 3876 wasumpto.

337 3952 628 4026 Corporeis
666 3954 983 4012 vulneribus
1012 3955 1166 4027 pejor
1189 3948 1547 4026 proculdubio
1586 3960 1860 4017 censenda

258 4057 348 4106 est
389 4051 584 4106 mentis
609 4050 989 4119 imbecillitas,
1018 4060 1073 4106 et
1105 4052 1428 4122 ignorantia.
1462 4054 1624 4124 Atqui
1650 4055 1702 4110 in
1728 4054 1862 4113 Jove

260 4151 418 4199 tanta
472 4158 654 4198 rerum
695 4142 964 4213 ignoratio
990 4151 1248 4215 tantaque
1278 4142 1344 4199 ad
1386 4160 1509 4200 eum
1551 4145 1860 4202 circumve-

260 4234 524 4291 niendum
563 4233 662 4291 fuit
686 4233 954 4302 facilitas;
999 4245 1055 4291 ut
1078 4280 1093 4304 ,
1125 4235 1578 4306 quemadmodum
1609 4239 1864 4297 observat

260 4326 563 4395 Arnobius,
591 4327 883 4384 «invitatus
908 4327 974 4383 ad
999 4330 1086 4398 jus
1102 4344 1323 4394 mensae,
1348 4345 1445 4400 pro
1458 4331 1633 4387 suillis
1651 4332 1863 4389 visceri-

262 4421 375 4480 bus
391 4422 597 4492 prolem
617 4420 835 4477 nescius
858 4421 1192 4501 Lycaonyam
1225 4425 1606 4494 prausitaverit
1621 4426 1833 4495 (Arnob.
1845 4471 1861 4498 ,

266 4516 365 4571 lib.
385 4531 457 4579 tv,
478 4532 597 4588 pag.
620 4514 769 4588 145).
804 4533 824 4568 ›
853 4515 958 4572 Sed
985 4517 1099 4571 haec
1116 4515 1207 4573 ille
1228 4532 1381 4574 more
1392 4533 1489 4574 suo
1501 4534 1565 4574 ex
1584 4516 1861 4578 Clemente

264 4607 646 4665 Alexandrino.
662 4616 905 4679 accepta,
932 4607 1149 4665 brevius
1176 4611 1380 4666 retulit.
1409 4610 1464 4667 In
1484 4610 1660 4682 hujus,
1688 4612 1859 4670 enim~

263 4719 404 4761 vero
426 4703 490 4759 ad
511 4711 700 4775 gentes
731 4701 1114 4760 Admonitione
1134 4704 1324 4761 isthaec
1339 4706 1536 4763 litteris
1554 4709 1866 4780 consignata

266 4797 505 4868 legimus
518 4794 774 4869 (Clemens
788 4796 1071 4853 Alexandr.
1084 4841 1098 4864 ,
1120 4798 1387 4855 Admonit.
1405 4800 1476 4855 ad
1495 4811 1656 4873 gent.,
1675 4820 1728 4873 p.
1747 4802 1862 4873 25):

268 4892 525 4953 Μετέλαϐε
561 4890 616 4948 δέ
660 4895 747 4947 καὶ
774 4894 1033 4966 τραπέζης
1062 4895 1375 4970 ἀνθρωπίνης
1400 4899 1546 4973 παρά
1571 4904 1680 4960 τοῖς
1707 4901 1863 4953 Αἰθίο-

269 4984 384 5059 ψιν.
415 4987 755 5066 ἀπανθρώπου
785 4984 840 5042 δέ
868 4989 954 5042 καὶ
979 4987 1226 5059 ἀθέσμου,
1277 4990 1431 5051 αὐτὸς
1470 4988 1497 5044 ὁ
1549 4993 1691 5053 Ζεὺς,
1720 4994 1866 5064 παρὰ

269 5078 499 5133 Λυκάονί
539 5085 613 5152 τῷ
632 5075 838 5151 Ἀρκάδι
864 5078 1188 5151 ἑστιώμενος,
1241 5080 1558 5156 ἀνθρωπείων
1603 5087 1726 5153 γοῦν
1772 5083 1870 5138 ένε·

269 5177 476 5243 φορεῐτο
505 5175 733 5245 σαρκῶν,
780 5170 885 5242 οὐχ
915 5169 1060 5224 ἑκών
1095 5176 1261 5246 ἠγνοςί
1279 5173 1380 5246 γὰρ
1421 5171 1448 5227 ὁ
1484 5174 1611 5233 θεὸς.
1653 5175 1722 5235 ὡς
1766 5170 1870 5251 ἄρα

273 5264 492 5317 Λυκάων
518 5261 545 5318 ὁ
571 5260 774 5338 Ἀρκὰς.
803 5261 830 5316 ὁ
876 5262 1130 5339 ἑστιάτωρ
1173 5265 1356 5327 αὐτοῦ,
1392 5266 1477 5321 τὸν
1514 5262 1678 5321 παῖδα
1723 5288 1879 5324 κατα-

274 5354 476 5429 σφάξας
494 5356 579 5411 τὸν
605 5356 787 5419 αὐτοῦ,
816 5356 1071 5430 Νύκτιμος
1097 5352 1256 5431 ὄνομα
1282 5359 1463 5419 αὐτοῦ,
1479 5361 1727 5436 παραθείη
1753 5357 1878 5434 ὄψον

275 5452 360 5520 τῷ
382 5448 473 5502 Διὶ.
523 5444 648 5500 Fuit
676 5457 845 5502 autem
884 5447 1125 5503 humanm
1150 5466 1347 5520 quoque
1388 5466 1575 5505 mensa:
1618 5452 1875 5524 particeps

276 5538 424 5609 apud
452 5535 762 5607 2Ethiopes,
804 5548 910 5593 tum
933 5538 1231 5595 inhumana:
1254 5551 1301 5595 et
1326 5543 1542 5614 nefaria:
1565 5585 1579 5608 ,
1611 5561 1726 5600 cum
1752 5562 1876 5601 con-

234 5614 237 5615 i
277 5630 416 5685 vivio
441 5646 473 5683 a
498 5629 734 5703 Lycaona
770 5630 970 5686 Arcade
1006 5632 1324 5702 exciperetur
1354 5635 1464 5706 ipse
1499 5634 1737 5707 Jupiter;
1774 5637 1874 5714 hu-

278 5723 453 5777 manis
486 5722 676 5794 quippe
708 5723 948 5778 carnibus
987 5733 1134 5779 satur
1167 5724 1374 5781 invitus.
1430 5725 1699 5785 Nesciebat
1739 5731 1874 5785 enim

277 5815 437 5883 deus,
464 5814 602 5885 quod
622 5811 828 5887 Lycaon
855 5816 1037 5878 Arcas.
1069 5815 1158 5884 qui
1176 5818 1407 5874 convivio
1430 5820 1712 5893 excipiebat
1731 5837 1867 5892 eum,

920 5910 1196 5974 ΡΑτιιοι..
1244 5910 1301 5974 V

1963 3300 2083 3355 cap.
2117 3284 2205 3349 ﬂ,
2236 3293 2337 3339 art.
2369 3284 2450 3358 5).

2036 3376 2188 3432 Fecit
2220 3375 2398 3434 adhuc
2438 3378 2530 3434 ille
2568 3381 2860 3436 verborum
2891 3382 3132 3453 ejusdem
3172 3383 3468 3441 Clementis
3493 3387 3564 3445 de

1964 3470 2087 3526 aliis
2110 3469 2217 3526 diis
2246 3472 2628 3543 compendium
2658 3514 2672 3537 ,
2704 3474 2795 3531 ubi
2820 3476 2902 3530 vel
2935 3479 3194 3533 memoria
3220 3480 3401 3550 lapsus
3424 3523 3439 3547 ,
3470 3490 3565 3538 aut

1963 3574 2143 3621 textus
2165 3566 2284 3637 ejus
2322 3566 2648 3638 depravatus
2682 3570 2917 3625 videtur.
2960 3571 3086 3627 llam
3124 3574 3267 3628 enim
3310 3574 3402 3630 ille
3424 3576 3564 3631 scri-

1961 3659 2041 3715 bit
2067 3660 2307 3731 (Arnob.,
2337 3661 2427 3716 lib.
2456 3678 2532 3727 tv,
2555 3680 2673 3735 pag.
2708 3663 2857 3737 144).
2919 3684 2935 3716 ι
2971 3666 3028 3721 In
3075 3667 3341 3737 Spartanis
3377 3678 3433 3725 et
3481 3669 3562 3723 la-

1961 3752 2310 3809 cedaemoniis
2358 3755 2593 3823 tinibus,
2631 3776 2651 3809 ι
2700 3758 2889 3829 supple
2946 3760 3241 3829 numquid,
3298 3781 3319 3815 ι
3357 3778 3456 3820 nos
3477 3762 3564 3819 di-

1960 3845 2132 3901 eimns
2154 3846 2422 3914 conditos,
2448 3846 2502 3902 in
2531 3847 2684 3903 cunis
2712 3850 2936 3905 coalitos
2967 3850 3194 3916 fratres,
3228 3873 3247 3904 ι
3284 3852 3563 3911 Castorem

1962 3940 2170 3995 scilicet
2205 3955 2270 3996 ac
2309 3940 2630 3997 Pollucem?
2672 3961 2692 3995 ι
2721 3942 2916 3999 Noster
2972 3944 3062 4001 ille
3095 3957 3178 4001 est
3214 3956 3438 4012 auctor,
3471 3949 3564 4019 qui

1962 4035 2240 4092 Patrocles
2296 4037 2531 4093 Thorius
2578 4039 2903 4108 scriptorum
2948 4040 3000 4094 in
3051 4040 3218 4096 titulis
3262 4041 3562 4110 indicatur,

1962 4129 2056 4202 qui
2110 4130 2348 4186 tumulos
2387 4142 2684 4197 memorat,
2747 4132 3110 4203 reliquiasque
3136 4133 3416 4190 Saturniae
3461 4135 3565 4191 tela-

1962 4223 2081 4280 lure
2129 4223 2183 4278 in
2250 4223 2427 4280 Sicula
2485 4223 2801 4279 contineri?
2864 4224 3195 4280 Chreroneus
3250 4229 3377 4298 (ms.
3445 4226 3563 4283 cod.

1961 4330 2070 4386 reg.
2118 4314 2502 4387 Hieronymus)
2550 4314 2874 4370 Plutarchus
2922 4324 3226 4370 nostrarum
3270 4332 3391 4374 esse
3445 4333 3568 4388 par-

1964 4410 2094 4465 tium
2132 4410 2537 4481 comprobatur,
2574 4409 2665 4481 qui
2718 4411 2771 4465 in
2803 4408 2992 4466 [Elaeis
3024 4411 3317 4467 verticibus
3368 4411 3569 4469 Hercu-

1965 4501 2070 4557 lem
2119 4513 2239 4572 post
2267 4501 2580 4558 morborum
2630 4502 2981 4558 comitialium
3025 4506 3208 4559 ruinas
3248 4504 3567 4562 dissolutum

1969 4593 2021 4648 in
2041 4594 2279 4650 cinerem
2324 4593 2594 4665 prodidit?
2622 4614 2642 4646 ι
2686 4593 2938 4651 Clemens
2984 4610 3115 4651 vero
3169 4597 3569 4654 Alexandrinus

1971 4686 2241 4757 (Clemens
2269 4686 2551 4742 Alexandr.
2580 4729 2594 4752 ,
2652 4687 2913 4742 Admonit.
2968 4688 3036 4743 ad
3089 4700 3249 4761 gent.,
3284 4708 3402 4759 pag.
3438 4688 3568 4759 l8):

1965 4780 2238 4856 Φιλόχορος
2505 4780 2685 4855 Χρόνον
2753 4783 3032 4837 ἐπικεῖσθαι
3096 4783 3147 4836 έν
3203 4782 3392 4857 Σικελίᾳ
3419 4823 3435 4848 ,
3484 4785 3572 4837 καὶ

1967 4873 2184 4952 ἐνθαῦτα
2225 4874 2377 4927 αὐτὸν
2418 4874 2675 4944 τετάφθαι.
2705 4872 2994 4947 Πατροκλῆς
3041 4893 3095 4927 τι
3135 4871 3162 4926 ὁ
3204 4874 3451 4947 Θούριος.
3485 4873 3574 4927 καὶ

1969 4966 2211 5040 Σοφοκλῆς
2257 4963 2284 5020 ὁ
2331 4968 2572 5041 νεώτερος
2618 4966 2669 5019 έν
2718 4967 2859 5040 τρισὶ
2918 4962 3227 5041 τραγωδίαις
3294 4965 3574 5040 ἱστόρειτον

1970 5066 2077 5115 τοῖν
2102 5062 2430 5132 Διοσκούροιν
2494 5060 2628 5125 (ms.
2681 5072 2789 5126 reg.
2839 5056 3115 5130 ἱστόρειτον
3158 5060 3231 5111 τὼ
3279 5056 3574 5129 Διοσκούρὼ

1971 5156 2136 5229 περὶν
2167 5152 2430 5230 ’Λνθρώπω
2467 5153 2570 5207 τινὶ
2598 5150 2766 5206 τούτω
2809 5152 2881 5205 τὼ
2917 5149 3206 5223 Διοσκούρω
3226 5148 3460 5221 γενέσθην
3487 5186 3502 5213 ,
3531 5144 3583 5201 εἴ

1980 5267 2056 5318 τῳ
2077 5245 2244 5306 ἱκανὸς
2281 5244 2648 5300 πιστώσασθαι
2690 5237 2918 5317 Ὅμηρος
2941 5241 3000 5296 τὸ
3028 5238 3316 5314 λελεγμένον
3344 5255 3358 5291 :

2169 5418 2181 5429 .
2250 5416 2262 5429 .
2330 5411 2345 5425 ο
2417 5415 2428 5426 .
2465 5388 2557 5434 τοὺς
2580 5372 2616 5427 8"
2636 5383 2709 5437 ἤδη
2738 5388 2884 5438 indultu
2905 5383 3076 5437 ᾳνσὶζοος
3100 5379 3191 5430 αἶα,

2166 5445 2214 5493 ἐν
2235 5448 2476 5502 Δαιδιιιωνι
2496 5445 2594 5499 αὖθι,
2615 5451 2699 5503 φίλῃ
2722 5451 2773 5489 lvi
2793 5446 2964 5502 ητρὶδιῃ
2986 5450 3083 5499 γαίῃ.

2802 5520 2969 5583 (Hom.
2996 5516 3133 5568 Iliad.
3152 5517 3224 5577 iit,
3252 5528 3298 5565 v.
3319 5512 3456 5577 243.)

1979 5631 2322 5689 Philochorus
2351 5641 2519 5687 autem
2562 5630 2823 5684 dicit......
2869 5624 3154 5681 Saturnum
3179 5622 3334 5677 situm
3378 5636 3486 5676 esse
3529 5622 3588 5677 in

1977 5726 2183 5795 Sicilia,
2220 5735 2268 5781 et
2297 5742 2411 5780 eum
2430 5725 2534 5780 illic
2548 5722 2708 5795 fuisse
2725 5719 3000 5791 sepultum.
3029 5713 3299 5771 Patrocles
3324 5712 3558 5769 Titurius
3578 5754 3596 5778 ,

1976 5831 2023 5878 et
2043 5823 2217 5893 iunior
2238 5819 2517 5893 Sophocles
2543 5816 2768 5873 scribunt
2808 5814 2874 5870 de
2897 5810 3105 5868 Castore
3130 5819 3179 5867 et
3241 5804 3461 5863 Polluce
3513 5821 3607 5863 eos

3024 5903 3100 5979 18
