4158 6264
615 290 721 350 555

1866 269 2321 349 DISSERTATIO
2358 271 2645 341 PREVIA

3781 269 3784 272 ’
3796 269 3909 330 556

614 400 840 458 homines
885 400 1045 470 fuisse
1075 398 1228 455 morti
1273 397 1492 470 fatisque
1529 394 1794 452 obnoxios.
1844 393 1994 462 Quod
2040 394 2193 449 sicui

2301 392 2379 446 τὸν
2400 391 2552 446 αὐτὸν
2580 392 2714 462 σφᾶς
2731 386 3001 468 Ἡρακλέα,
3022 385 3075 444 6o
3091 380 3178 445 καὶ
3197 382 3398 466 Τύριοι,
3421 383 3663 445 σέϐεσθαι
3682 382 3910 463 ὕστερον

614 498 770 564 possit
816 493 970 564 ﬁdem
1003 497 1173 565 facere
1216 491 1473 548 Homerus
1510 489 1751 545 audiatur
1787 488 1922 558 quod
1959 487 2205 557 scriptum

612 597 684 644 est
712 605 730 643 .'

764 679 868 743 nos
890 685 1054 731 autem
1068 686 1168 743 jam
1188 676 1711 743 tenebatarmatellus

766 743 821 792 In
847 740 1198 793 Lacedaemone
1225 740 1324 792 illic
1344 740 1525 792 dilecta
1547 742 1597 790 in
1623 740 1775 804 patria
1797 746 1948 789 terra.

613 848 750 903 Tum
775 849 971 906 deinde
998 858 1183 905 narrat
1199 863 1356 919 quem
1390 847 1748 919 Hieronymus
1773 843 2128 917 philosophus
2148 850 2203 898 et

612 941 954 998 Dicaearchus
990 942 1226 998 dixerint
1258 940 1423 996 fuisse
1450 942 1695 1009 corporis
1717 939 1935 1009 orisque
1955 936 2200 995 Herculis
2244 932 2251 941 “

605 1034 868 1105 habitum,
892 1049 956 1089 ac
980 1035 1320 1089 continenter
1346 1032 1531 1102 adjicit
1554 1030 1761 1105 (Clem,
1808 1030 1961 1101 ibid.)
1995 1049 2007 1084 :
2037 1027 2200 1091 οὗτος

606 1123 692 1182 οἷον
721 1128 747 1183 ὁ
774 1126 1038 1203 Ἡρακλῆς,
1064 1126 1157 1183 δύο
1182 1130 1309 1203 πρὸς
1332 1135 1439 1188 τοῖς
1467 1131 1781 1186 πεντήκοντα
1811 1123 1898 1185 ἔτη
1940 1125 2201 1199 βεϐιωκὼς

603 1220 918 1297 κατέστρεψε
965 1221 1047 1275 τὸν
1104 1221 1233 1292 βίον,
1277 1218 1362 1276 διὰ
1387 1229 1479 1281 τῆς
1507 1222 1557 1274 ἐν
1587 1217 1712 1292 Οἴτῃ
1738 1223 1912 1294 πυρᾶς
1960 1216 2199 1277 κεκηδευ-

601 1316 770 1385 μένος.
836 1311 937 1366 Hic
979 1328 1097 1385 ergo
1142 1311 1387 1367 Hercules
1424 1330 1539 1366 cum
1577 1311 1706 1366 duos
1751 1322 1797 1365 et
1830 1312 2201 1382 quinquaginta

600 1425 762 1463 annos
785 1409 1014 1474 vixisset,
1045 1427 1073 1463 ε
1096 1410 1200 1463 vita
1230 1410 1440 1463 excessit
1468 1426 1559 1478 per
1579 1424 1710 1471 eam,
1735 1422 1848 1479 qua:
1869 1408 1967 1478 fuit
1992 1408 2045 1462 in
2071 1405 2199 1460 Oeta

599 1517 780 1581 pyram
797 1501 955 1571 justis
984 1501 1063 1555 illi
1089 1502 1237 1571 {actis
1267 1502 1488 1569 exequiis
1541 1500 1646 1557 Sed
1676 1509 1841 1555 testes
1863 1514 1990 1554 suos
2020 1499 2093 1555 ibi
2119 1500 2199 1554 ci-

601 1597 762 1675 tando
791 1597 1103 1668 discrepare
1125 1601 1193 1655 ab
1216 1600 1459 1656 Arnobio
1488 1611 1675 1655 nostro
1699 1617 1807 1655 non
1833 1615 2022 1671 parum
2044 1599 2195 1653 vide-

598 1701 708 1744 tur.
750 1690 1040 1746 Saturnum
1069 1694 1212 1748 enim
1262 1693 1314 1747 in
1344 1693 1527 1749 Sicilia
1567 1694 1854 1763 sepulturae
1883 1676 2195 1749 mandatum

2307 481 2361 539 δέ
2389 481 2484 543 ἤδη
2512 483 2782 542 τελοῦντας
2813 483 2864 542 ἐς
2883 478 3143 543 Ἕλληνας,
3188 484 3398 554 νομίσαι
3425 483 3511 536 καὶ
3538 479 3769 556 Ἠρακλεῖ
3810 486 3909 536 τοῦ

2305 570 2674 649 Ἀμφιτρύωνος
2711 574 2874 646 νέμειν
2895 574 3070 645 τιμάς.
3105 571 3333 633 Narrant
3354 582 3534 629 autem
3562 572 3687 626 dum
3714 571 3911 640 Tyrio-

2308 682 2426 720 rum
2459 664 2715 725 secundze
2745 680 3128 736 prosperaeque
3157 680 3246 722 res
3270 674 3485 731 essent,
3517 664 3789 723 coloniam
3818 665 3911 720 cui

2307 755 2592 831 Herculem
2616 755 2836 827 Tyrium
2867 754 3241 827 praefecerant,
3274 757 3494 811 missam
3520 755 3590 811 ab
3614 755 3720 810 illis
3739 755 3911 812 luisse

2306 849 2360 909 in
2391 849 2723 920 Hispaniain,
2759 847 2849 909 ubi
2880 848 3095 904 tandem
3123 849 3240 919 ipse
3267 848 3526 904 Hercules
3548 858 3791 903 mortuus
3822 862 3910 904 se-

2307 941 2592 1013 pultusque
2620 941 2740 996 l'uit.
2773 939 2971 1015 Scribit
2994 956 3125 1017 vero
3149 924 3283 1015 Mela
3309 941 3364 996 in
3387 939 3649 999 Gaditana
3680 939 3865 996 insula
3890 958 3905 994 :

2310 1056 2329 1091 ι
2363 1037 2647 1108 Templum
2696 1036 2933 1109 ngypth
2990 1036 3275 1103 Herculis,
3329 1036 3737 1101 conditoribus,
3781 1034 3911 1093 reli-

2303 1129 2463 1200 gione
2485 1169 2502 1197 ,
2555 1138 2827 1183 vetustate
2847 1168 2863 1195 ,
2900 1128 3093 1197 opibus
3125 1128 3332 1184 illustre
3354 1169 3370 1194 ,
3401 1127 3549 1200 Tyrii
3579 1127 3903 1183 condidere.

2302 1224 2408 1278 Cur
2436 1234 2682 1278 sanctum
2715 1222 2785 1277 sit
2809 1263 2824 1290 ,
2856 1234 2984 1276 ossa
3014 1221 3130 1290 ejus
3159 1220 3233 1279 ibi
3264 1222 3369 1276 sita
3392 1262 3408 1290 ,
3436 1221 3678 1279 efﬁciunt
3716 1219 3907 1295 (Mela,

2302 1313 2391 1370 lib.
2416 1330 2494 1381 Ill,
2525 1330 2639 1381 cap.
2670 1313 2750 1384 6).
2778 1332 2796 1364 ι
2854 1312 2961 1368 Sed
3006 1312 3078 1367 ibi
3127 1312 3260 1367 Mela
3307 1313 3375 1368 ab
3401 1312 3629 1368 Arriano
3652 1353 3669 1379 ,
3706 1323 3762 1367 et
3786 1312 3911 1367 aliis

2304 1406 2505 1463 idcirco
2534 1406 2828 1479 castigatur
2849 1445 2864 1471 ,
2891 1404 3034 1475 quod
3064 1403 3352 1479 Herculem
3380 1404 3694 1477 Egyptium
3722 1414 3778 1461 et
3802 1404 3909 1477 Ty-

2301 1502 2439 1573 rium
2465 1542 2481 1566 ,
2530 1516 2666 1575 quos
2709 1499 2900 1555 Cicero
2942 1497 3141 1570 aliique
3168 1499 3541 1569 distinguunt,
3574 1506 3909 1569 praepostere

2301 1592 2604 1647 confuderit
2627 1589 2884 1662 (Arrium,
2917 1591 3008 1653 lib,
3033 1607 3069 1646 ιι
3098 1590 3161 1644 de
3181 1588 3388 1661 Emped.
3411 1588 3586 1656 Alea,
3610 1607 3729 1662 pag.
3754 1588 3906 1661 125).

2304 1685 2379 1751 De
2404 1685 2567 1757 Tyrio
2597 1693 2817 1750 autem,
2856 1685 2947 1753 qui
2988 1683 3041 1739 in
3093 1684 3347 1755 HiSpania
3398 1685 3710 1753 colebatur,
3761 1700 3909 1755 prte-

597 1783 761 1839 rnissc.
790 1785 981 1855 probat
1026 1785 1288 1857 Patroclis
1313 1785 1531 1850 Thurii,
1572 1787 1825 1842 Clemens
1856 1801 1985 1842 vero
2014 1786 2272 1851 Philo-‘B
2299 1793 2380 1844 ter
2405 1777 2516 1847 iam
2565 1776 2814 1834 laUdalos
2864 1777 2904 1833 Ρ
2914 1777 3191 1832 θυε³¹¹ί³ηι
3233 1785 3287 1832 ει
3329 1778 3614 1832 Ατΐίῖηιυηι
3641 1820 3655 1844 ι
3698 1777 3913 1849 Ρυιθτίδ

595 1876 747 1930 chori
800 1877 1129 1932 testimonio.
1180 1879 1451 1933 Arnobius
1494 1889 1754 1948 praeterea
1797 1879 2019 1944 nullius,
2066 1879 2191 1935 Cle-

594 1983 750 2023 mens
776 1977 953 2022 autem
985 1968 1144 2024 trium
1174 1970 1438 2047 Patroclis
1465 1972 1687 2039 Thurii,
1717 1973 1953 2044 junioris
1979 1972 2192 2047 Sopho-

594 2060 733 2126 clis,
781 2068 836 2116 et
880 2061 1100 2117 Homeri
1152 2068 1480 2120 auctoritate
1520 2066 1758 2121 ostendit
1805 2065 2086 2121 Castorem
2126 2083 2195 2122 ac

596 2156 869 2211 Pollucem
909 2157 1175 2213 obnoxios
1228 2160 1388 2212 morti
1432 2160 1598 2214 fuisse
1639 2160 1908 2228 homines,
1948 2170 2003 2216 et
2028 2161 2196 2216 Lace—

594 2247 840 2303 daemone
881 2251 1139 2319 sepultos.
1194 2252 1432 2322 Denique
1480 2253 1734 2310 Clemens
1771 2239 1998 2308 formam
2046 2254 2196 2311 habi-

500 2348 507 2364 '
595 2350 816 2411 tumque
853 2341 1102 2405 Herculis
1129 2382 1145 2409 ,
1199 2352 1361 2414 atque
1408 2346 1481 2399 uti
1510 2346 1743 2409 videtur,
1775 2347 1965 2400 mortis
1988 2359 2191 2416 genus,

592 2434 1042 2502 quemadmodum
1072 2435 1436 2508 Hieronymus
1462 2437 1819 2507 philosophus
1837 2479 1852 2504 ,
1878 2445 1932 2494 et
1963 2439 2197 2494 Dicaear-

591 2530 728 2583 chus
748 2529 1005 2594 retulere,
1039 2529 1309 2584 Arnobius
1340 2545 1469 2593 vero
1493 2571 1510 2597 ,
1542 2531 1682 2585 sicut
1704 2529 2043 2595 Chaeroneus,
2080 2532 2197 2586 sive

591 2621 666 2673 uti
718 2620 771 2674 in
804 2620 992 2677 codice
1018 2622 1170 2692 regio
1210 2623 1471 2692 scriptum
1536 2623 1791 2688 diximus,
1853 2624 2196 2696 Hieronymus

592 2711 927 2769 Plutarchus.

661 2803 864 2864 Verum
896 2825 1003 2865 non
1033 2818 1179 2864 tanta
1214 2811 1358 2866 inter
1384 2810 1521 2865 duos
1547 2819 1762 2866 nostros
1791 2811 2089 2884 scriptores
2110 2819 2198 2867 est

590 2904 890 2968 dissensio,
942 2906 987 2959 si
1017 2906 1290 2961 Arnobius
1318 2905 1521 2959 nullum
1553 2908 1845 2976 sepulturae
1873 2904 2114 2961 Castoris
2140 2915 2197 2961 et

591 2994 830 3051 Pollucis
862 3004 1085 3060 testem,
1129 2996 1315 3066 plures
1344 3012 1475 3052 vero
1511 2997 1767 3054 Clemens
1806 3007 1968 3068 atque
2003 2999 2055 3053 in
2088 2999 2195 3067 pri-

591 3088 694 3143 mis
721 3088 1013 3144 Homerum
1056 3089 1319 3144 citaverit.
1372 3089 1479 3145 Sed
1520 3090 1716 3145 mirum
1763 3092 1993 3145 fortasse
2034 3090 2197 3146 alicui

2294 1871 2359 1940 Q.
2387 1871 2627 1929 Curtium
2660 1888 2723 1928 ac
2757 1872 3003 1927 Vossium
3030 1873 3317 1928 consulere
3347 1871 3579 1945 (Arrian.
3604 1914 3618 1937 ,
3642 1873 3743 1925 loc.
3774 1873 3914 1936 cit.;

2298 1968 2361 2031 ρ.
2395 1962 2564 2032 Curt.,
2595 1965 2684 2019 lib.
2714 1980 2821 2030 vn;
2857 1963 3024 2031 Voss,
3055 1964 3144 2031 lib.
3175 1982 3188 2020 l
3222 1965 3285 2018 de
3308 1963 3455 2036 Orig.
3482 1973 3530 2019 et
3562 1956 3725 2035 Frag.
3749 1964 3933 2031 idat...

2294 2074 2412 2128 cap.
2441 2058 2534 2124 54,
2564 2074 2685 2129 pag.
2712 2058 2810 2113 1⁸51
2839 2067 2886 2111 et
2909 2055 3097 2129 seqq).

2367 2149 2657 2205 Thebanus
2687 2165 2848 2220 porro
2874 2151 3154 2216 Hercules,
3183 2152 3280 2206 etsi
3304 2151 3452 2209 Jovis
3479 2161 3536 2207 et
3565 2152 3909 2220 Alcumenae,

2296 2248 2356 2294 ut
2382 2256 2410 2294 a
2442 2241 2599 2296 nobis
2624 2224 2779 2295 antea
2808 2241 3153 2296 observatum
3181 2252 3266 2297 est
3307 2242 3550 2315 (Dissert.
3590 2245 3644 2298 in
3676 2244 3909 2311 Minuta,

2305 2351 2419 2404 cap.
2447 2335 2535 2399 15,
2557 2343 2658 2388 art.
2684 2334 2762 2403 5),
2782 2334 3047 2389 adulterio
3065 2345 3243 2403 natus,
3267 2336 3674 2408 Amphitryonis
3698 2347 3905 2402 tamen,

2300 2426 2543 2480 Thebani
2564 2469 2579 2492 ,
2629 2434 2685 2481 et
2713 2426 2953 2495 ejusdem
2987 2427 3302 2507 Alcumenae
3332 2427 3533 2493 mariti,
3569 2429 3707 2485 Illius
3741 2429 3910 2484 habe-

2296 2520 2486 2587 batur,
2528 2530 2690 2591 atque
2717 2518 2920 2574 idcirco
2949 2521 3255 2590 appellatur
3283 2519 3592 2577 Thebanus.
3635 2520 3744 2585 Cur
3775 2536 3909 2577 vero

2296 2627 2361 2666 ac
2387 2610 2655 2684 quomodo
2683 2612 2755 2665 in‘
2776 2609 2945 2667 Oeteo
2976 2624 3160 2668 monte
3187 2617 3341 2667 vivus
3371 2613 3685 2671 combustus
3718 2611 3908 2683 fuerit,

2297 2705 2424 2759 alibi
2457 2704 2617 2760 etiam
2649 2704 3059 2774 cXplicavimus.
3110 2705 3182 2759 At
3204 2706 3330 2761 inde
3355 2707 3700 2775 explanatum
3728 2704 3910 2760 adhuc

2298 2796 2549 2871 habebis,
2578 2794 2722 2867 quod
2752 2812 2939 2877 rursus
2966 2808 3152 2852 auctor
3182 2808 3367 2852 noster
3392 2797 3550 2868 paulo
3587 2808 3705 2868 post
3729 2798 3904 2851 dixit:

2305 2908 2323 2941 ε
2362 2888 2550 2945 Proles
2596 2887 2781 2956 Jovis,
2855 2887 3141 2960 Sophoclis
3182 2889 3236 2944 in
3263 2888 3598 2956 Trachiniis,
3644 2889 3907 2947 Hercules

2301 2981 2537 3050 pestiferi
2584 2982 2833 3051 tegminis
2891 2982 3297 3038 circumretitus
3343 2983 3636 3053 indagine,
3680 2983 3908 3038 misera—

2298 3058 2436 3129 biles
2488 3074 2652 3130 edere
2707 3073 2979 3129 inducitur
3046 3074 3326 3144 ejulatus,
3390 3074 3646 3130 violentia
3698 3076 3909 3131 doloris

590 3182 858 3237 videbitur
885 3199 983 3238 cur
1020 3184 1221 3239 nullam
1263 3186 1591 3239 mentionem
1636 3184 1826 3240 fecerit
1856 3184 2014 3255 hujus
2052 3201 2194 3258 grae-

2301 3165 2510 3241 frangi,
2553 3177 2715 3237 atque
2751 3167 2803 3221 in
2844 3167 3086 3221 ultimam
3120 3168 3295 3222 tabem
3325 3167 3691 3223 dillluentium
3723 3169 3907 3225 visce-

590 3289 778 3329 corum
824 3285 1104 3346 poetarum
1146 3276 1403 3345 principis
1433 3318 1448 3340 ,
1491 3278 1581 3345 qui
1639 3292 1744 3332 non
1774 3279 1951 3332 solum
1997 3294 2028 3333 a
2067 3278 2194 3334 Cle-

592 3375 799 3431 mente,
823 3366 919 3422 sed
948 3368 1110 3422 etiam
1134 3384 1165 3422 a
1190 3366 1455 3423 Cicerone
1482 3368 1728 3424 laudatur
1753 3370 1839 3424 his
1861 3370 2196 3441 totidemque

592 3460 810 3516 verbis:
847 3480 866 3513 ι
896 3460 1063 3528 Quos.
1091 3479 1111 3513 ι
1142 3460 1421 3516 Castorem
1447 3470 1504 3516 et
1526 3462 1822 3528 Pollucem,
1855 3482 1874 3515 ι
1904 3462 2190 3529 Homerus,

592 3558 682 3629 qui
705 3571 898 3612 recens
924 3558 993 3613 ab
1038 3555 1253 3611 illorum
1284 3564 1443 3610 aetate
1471 3555 1591 3617 fuit,
1634 3558 1879 3626 sepultus
1904 3571 2028 3612 esse
2068 3557 2198 3613 dicit

592 3654 984 3711 Lacedmmone
1013 3651 1142 3724 (Cie.
1163 3693 1180 3715 ,
1215 3650 1305 3705 lib.
1332 3665 1389 3705 ιιι
1410 3650 1472 3704 de
1496 3649 1689 3705 Natur.
1711 3650 1857 3705 deor.
1880 3692 1895 3716 ,
1916 3669 2038 3721 pag.
2067 3651 2195 3732 241,

595 3750 691 3804 lin.
722 3748 835 3821 50).
863 3767 883 3801 ι
919 3746 1131 3817 Smpius
1154 3747 1299 3802 enim
1332 3746 1607 3801 Arnobius
1651 3745 1841 3801 horum
1874 3747 2197 3817 scriptorum

593 3843 823 3912 vestigia
854 3840 1071 3911 premit.

672 3934 874 3991 Verum
920 3935 973 3989 in
1015 3934 1118 3988 hoc
1147 3933 1319 4003 magis
1358 3949 1387 3986 a
1418 3933 1699 3989 Clemente
1732 3932 2015 3997 dissentit,
2056 3932 2197 4001 quod

594 4028 811 4093 Saturni
855 4026 1185 4097 sepulturam
1240 4025 1534 4087 Patroclis.
1590 4022 1846 4080 Clemens
1889 4024 2197 4083 Philochori

596 4122 911 4179 testimonio
954 4120 1262 4176 conﬁrmat.
1343 4120 1595 4175 Diversos
1644 4121 1924 4176 enimvero
1945 4120 2111 4176 vades
2154 4122 2200 4191 si

597 4215 727 4271 dare
753 4215 1076 4281 noluerunt,
1119 4213 1263 4278 vide,
1295 4227 1501 4282 quaeso,
1552 4222 1729 4267 utrum
1769 4212 2041 4269 Arnobius
2080 4230 2197 4270 me-

597 4308 769 4363 moria
797 4308 980 4377 lapsus
1008 4308 1100 4371 sit,
1130 4316 1225 4359 aut
1245 4321 1400 4361 error
1428 4306 1481 4359 in
1516 4306 1720 4361 librarii
1753 4306 2094 4362 oscitantiam
2117 4309 2200 4363 vel

600 4392 935 4456 inscientiam
985 4398 1136 4469 rejici
1189 4399 1403 4454 debeat.
1456 4400 1525 4452 At
1563 4409 1713 4454 certe
1759 4398 1874 4454 [nec
1918 4403 2200 4458 oscitantia

600 4493 773 4564 magis
815 4500 964 4562 patet
1008 4492 1060 4545 in
1089 4492 1374 4561 descriptis
1411 4491 1721 4547 nominibus
1759 4492 2067 4551 Clueroneus
2114 4496 2198 4551 vel

2295 3277 2413 3315 rum
2446 3261 2808 3315 maceratione
2834 3264 3077 3317 consumi
3104 3282 3123 3314 ›
3157 3260 3398 3334 (Arnob.,
3433 3262 3520 3318 lib.
3544 3279 3619 3330 tv,
3646 3280 3767 3335 pag.
3798 3264 3901 3322 151

2296 3363 2342 3406 et
2368 3350 2555 3424 seqq).
2603 3353 2758 3407 Prius
2801 3369 2932 3409 vero
2959 3353 3181 3420 Cicero,
3244 3366 3299 3410 et
3342 3358 3540 3412 clarius
3585 3375 3598 3411 :
3652 3376 3672 3409 ι
3707 3355 3910 3414 Videa-

2297 3460 2418 3499 mus
2442 3487 2456 3509 ,
2494 3464 2512 3497 ι
2567 3446 2782 3516 inquit,
2832 3466 2850 3498 ε
2884 3447 3166 3504 Herculem
3190 3450 3362 3521 ipsum
3392 3490 3408 3517 ,
3455 3451 3546 3521 qui
3579 3462 3691 3506 tum
3718 3452 3911 3509 dolore

2296 3536 2667 3607 frilngebatur,
2695 3554 2817 3594 cum
2846 3541 3305 3595 immortalitatem
3340 3543 3449 3612 ipsa
3482 3551 3661 3599 morte
3691 3560 3909 3613 quere-

2297 3632 2407 3687 bat.
2459 3632 2604 3699 Quas
2654 3633 2740 3687 hic
2776 3647 2940 3689 voces
2984 3633 3127 3702 apud
3156 3620 3479 3704 Sophoclem
3513 3635 3566 3690 in
3596 3634 3908 3704 Trachiniis

2299 3710 2447 3780 edit?
2488 3724 2585 3781 Cui
2609 3741 2732 3783 cum
2787 3728 3033 3797 chanira
3060 3729 3337 3799 jsangnine
3381 3726 3636 3785 Centauri
3677 3731 3904 3787 tinctam

2301 3818 2536 3873 tunicam
2565 3820 2865 3885 induisset,
2912 3821 3320 3892 inhmsissetque
3349 3838 3412 3876 ea
3446 3823 3744 3881 visceribus
3770 3867 3785 3890 ,
3826 3828 3908 3882 ait

2300 3910 2396 3985 ille
2424 3913 2501 3981 ευ
2525 3913 2716 3979 multa,
2741 3922 2844 3968 etc.
2875 3932 2894 3963 ι
2930 3912 3143 3987 (Cicera,
3172 3915 3261 3969 lib.
3294 3931 3332 3971 ιι
3359 3914 3597 3985 Tuscul.,
3622 3934 3742 3990 pag.
3775 3919 3901 3989 158,

2301 4007 2392 4061 lin.
2436 4006 2550 4079 42).
2600 4007 2929 4080 Transcripti
2968 4026 3097 4067 vero
3137 4011 3423 4082 Sophoclis
3472 4028 3659 4087 versus
3697 4004 3751 4083 in
3796 4032 3901 4088 ea,

2301 4116 2457 4171 quam
2488 4102 2607 4175 ille,
2639 4104 2769 4157 citat
2796 4104 3055 4174 tragoedia
3108 4122 3167 4160 re
3214 4108 3329 4183 ipsa
3379 4090 3720 4165 inveniuntur
3759 4110 3899 4185 (So-

2304 4195 2498 4265 phocL,
2519 4196 2569 4248 in
2592 4193 2865 4265 Truc/tim,
2890 4214 3017 4254 vers.
3054 4199 3189 4253 1057
3217 4211 3263 4254 et
3285 4203 3468 4283 seqq).

2373 4287 2543 4371 Quam
2558 4289 2790 4342 validum
2820 4305 2980 4359 porro
3002 4293 3072 4346 sit
3094 4294 3236 4367 istud
3257 4294 3479 4351 Arnobii
3499 4309 3899 4369 argumentum,

2304 4382 2389 4437 vel
2416 4398 2482 4436 ex
2526 4383 2641 4469 ipso
2689 4383 2951 4465 Cicerone
2978 4388 3237 4463 colliges,
3279 4391 3368 4461 qui
3413 4407 3537 4448 cum
3582 4393 3808 4452 dixisset
3831 4398 3903 4453 ab

2307 4466 2640 4551 lat-ehemero
2672 4491 2725 4534 et
2754 4490 2955 4536 mortes
2979 4491 3034 4537 et
3057 4466 3362 4563 sepulturas
3392 4486 3750 4571 demonstrari
3771 4491 3905 4547 deo-

602 4560 949 4656 Hie'ranémm
975 4560 1301 4638 Pltttharcun,
1334 4584 1391 4639 Si
1419 4584 1561 4639 enim
1592 4587 1864 4642 Arnobius
1884 4588 1980 4650 ibi,
2011 4604 2195 4658 quem.
2304 4586 2446 4632 rum,
2481 4571 2603 4627 hinc
2633 4573 2908 4628 concludit
2947 4575 3015 4630 ab
3041 4560 3135 4630 HIC
3173 4587 3337 4633 totam
3376 4560 3587 4650 penitus
3633 4584 3747 4637 tolli
3776 4585 3902 4641 reli-

603 4678 891 4734 admodum
938 4677 1067 4743 alibi
1123 4677 1455 4732 Clementem
1521 4679 1803 4749 sequitur,
1851 4682 2195 4738 scribendum

605 4780 724 4827 erat
751 4769 1105 4843 Hieronymus
1126 4771 1480 4841 philosophus,
1510 4773 1599 4841 qui
1629 4771 1912 4829 Herculem
1938 4775 1994 4830 in
2018 4786 2201 4832 monte

607 4861 737 4919 Oeta
765 4877 825 4917 se
853 4863 1031 4916 vivum
1061 4862 1426 4918 combussisse
1453 4863 1709 4933 prodidit.

676 4959 942 5014 Caeterum
995 4957 1065 5013 de
1119 4959 1275 5029 hujus
1341 4968 1398 5016 et
1464 4961 1693 5017 alterius
1735 4962 1984 5019 Herculis
2030 4973 2205 5022 morte

607 5063 793 5108 auctor
822 5060 1004 5106 noster
1028 5051 1199 5121 primo
1222 5068 1321 5108 suo
1349 5056 1401 5106 in
1431 5053 1568 5109 libro
1590 5055 1834 5110 dixerat:
1874 5074 1892 5107 ι
1914 5056 2203 5114 Thebanus

608 5151 702 5198 aut
731 5142 924 5214 Tyrius
952 5143 1207 5199 Hercules
1226 5186 1240 5209 ,
1289 5144 1376 5200 hic
1424 5147 1476 5200 in
1518 5147 1713 5203 ﬁnibus
1738 5148 1979 5217 sepultus
2007 5149 2198 5220 HiSpa-

611 5238 735 5301 nite,
758 5237 988 5292 ﬂammis
1008 5238 1145 5292 alter
1161 5240 1730 5296 concrematusOeleis
1751 5260 1770 5293 ι
1797 5240 2037 5314 (Arnob.,
2054 5241 2139 5298 lib.
2161 5261 2196 5310 ι,

612 5348 730 5403 pag.
772 5331 885 5401 20).
946 5330 1100 5386 Prior
1140 5341 1317 5386 autem
1373 5333 1460 5387 ille
1500 5333 1754 5405 Hercules
1797 5335 1927 5400 fuit,
1980 5337 2048 5393 de
2092 5353 2199 5407 quo

614 5422 905 5477 Pausanias
943 5423 1058 5477 hinc
1098 5422 1290 5477 litteris
1320 5426 1655 5493 consignavit
1693 5426 1988 5499 (Pansam,
2028 5429 2116 5483 lib.
2139 5445 2193 5495 v,

617 5533 737 5588 pag.
772 5515 896 5589 175)
931 5535 943 5571 :
989 5516 1052 5570 Et
1078 5515 1238 5571 Thasi
1262 5517 1461 5587 quidem
1493 5520 1661 5572 audivi
1687 5518 1901 5589 Tyrium
1925 5540 2030 5578 esse
2058 5522 2193 5576 Iler-

614 5612 775 5664 cutem
796 5651 810 5675 ,
837 5628 982 5678 quem
1012 5610 1191 5666 Thasii
1220 5611 1284 5665 ab
1310 5611 1454 5664 initio
1476 5622 1637 5667 essent
1668 5616 1889 5667 venerati
1913 5633 1925 5669 :
1956 5617 2045 5671 sed
2066 5619 2198 5672 enim

618 5723 733 5761 cum
769 5720 822 5759 se
852 5705 931 5759 illi
960 5702 1149 5759 (ἐτίναξε
1176 5705 1529 5774 adjunxissent
1548 5747 1564 5772 ,
1594 5715 1782 5774 caeptos
1805 5706 1868 5762 ab
1900 5708 1963 5761 iis
1989 5708 2203 5779 Amphi-

620 5796 815 5869 tryonis
842 5795 992 5852 etiam
1019 5799 1126 5866 ﬁlio
1150 5799 1364 5855 honores
1397 5800 1587 5857 haberi.
1636 5797 1867 5856 ’Ἤκουσα
1889 5798 1943 5857 δὲ
1970 5803 2021 5858 ἂν
2046 5805 2204 5881 Θάσῳ

2297 4664 2508 4733 gionem
2535 4706 2550 4729 ,
2600 4665 2695 4741 sed
2741 4681 2846 4720 non
2878 4666 3038 4723 aliam
3070 4673 3310 4739 proiecto
3339 4712 3355 4737 ,
3406 4673 3512 4728 nisi
3556 4675 3900 4735 ethnicorum

2297 4753 2511 4830 (Cicer.,
2540 4757 2592 4823 in
2616 4758 2710 4826 fin.
2741 4759 2833 4815 lib.
2859 4776 2873 4814 ι
2904 4761 2967 4814 de
2998 4760 3190 4816 Natur.
3215 4764 3381 4831 deor.,
3417 4782 3539 4841 pag.
3564 4766 3716 4838 212).

2910 4842 3136 4915 CAPUT
3175 4858 3293 4917 xv.

2310 4946 2575 5029 Quomodo
2607 4948 2862 5015 Arnobius
2909 4951 3197 5020 probaverit
3231 4953 3403 5019 omnia
3429 4969 3545 5022 quae
3579 4955 3641 5010 de
3679 4928 3785 5011 dii;
3818 4975 3902 5015 me

2350 5028 2572 5092 ‘morata
2621 5049 2758 5105 sunt,
2820 5041 2953 5095 ntale
2982 5045 3034 5095 in
3080 5052 3255 5114 poetas
3288 5044 3350 5097 ab
3378 5046 3588 5121 ethnicis
3615 5049 3794 5120 rejici,
3835 5067 3898 5106 ac

2375 5132 2495 5215 deos
2524 5128 2659 5196 ludis
2683 5172 2698 5196 ,
2745 5133 2798 5215 in
2835 5150 3007 5215 eorum
3049 5122 3291 5192 honorent
3318 5122 3562 5194 institutis
3583 5182 3597 5208 ,
3626 5143 3896 5215 infamari,

2375 5237 2423 5303 et
2448 5224 2696 5293 attributa
2718 5228 2932 5299 spoliari
2962 5229 3243 5287 divinitate.

2831 5337 3123 5377 ARTICULUS
3159 5339 3370 5380 PRIMUS.

2300 5408 2584 5479 Ostenditur
2609 5424 2669 5460 ea
2689 5413 3007 5479 omnia,_qua:
3029 5414 3093 5463 de
3115 5414 3209 5479 diis
3229 5417 3358 5466 dicta
3381 5423 3509 5479 sunt,
3534 5421 3663 5471 male
3702 5424 3899 5475 retundl

2362 5475 2411 5547 in
2435 5482 2625 5547 poetas,
2650 5482 2798 5536 atque
2825 5475 3050 5547 ethnicos;
3067 5476 3300 5547 debuisse
3333 5480 3382 5528 In
3414 5475 3548 5543 illos,
3577 5486 3898 5547 quemadmo-

2359 5536 2474 5606 dum
2497 5537 2734 5588 adversus
2748 5550 2955 5606 regnum
2976 5541 3242 5606 potentiam
3254 5536 3630 5603 murmurantes,
3640 5555 3698 5597 et
3710 5550 3897 5601 calum-

2364 5602 2604 5671 uiatores,
2642 5602 2939 5671 Sententiam
2983 5602 3168 5671 l’erre,_
3210 5618 3266 5654 ac
3304 5618 3413 5671 cum
3449 5608 3533 5671 eis
3584 5602 3896 5671 proscribere

2365 5658 2855 5733 histriones,_rnimos,
2882 5664 2939 5713 ac'
2962 5658 3298 5727 pantomimos,
3323 5669 3404 5716 ubi
3432 5669 3497 5720 de
3520 5658 3798 5733 quindecim
3811 5658 3898 5723 iis:

2367 5720 2435 5771 ris
2457 5720 2726 5773 Laurentis.
2842 5720 2850 5723 ’
2962 5720 2974 5725 ’
3285 5720 3297 5769 ἶ
3538 5720 3551 5733 ⁸
3589 5720 3601 5723 ⁷
3650 5720 3669 5765 π

2381 5805 2536 5863 'l‘anti
2574 5807 2827 5877 ponderis
2870 5823 3214 5884 argumenta,
3260 5831 3291 5871 ιι
3330 5818 3484 5877 nobis
3512 5820 3788 5893 exposita,
3832 5835 3887 5883 ut
