4166 6256
234 263 344 336 557

1318 332 1325 341 ί
1410 270 1477 328 ΙΝ
1516 262 1889 336 ARNOBIUH,
1929 262 2084 323 CAP.
2123 262 2239 321 XV.

3417 264 3525 324 558

234 391 437 448 ethnici
476 390 754 451 inﬁrmare
776 429 792 459 ,
831 397 925 447 aut
964 395 1114 448 certe
1139 389 1362 447 eludere
1410 406 1626 463 quoquo
1669 390 1829 449 modo
1858 385 1909 445 A
1936 380 2115 435 luislis
2140 377 2428 448 iniuriis”
2464 375 2720 449 (Amabo;
2755 377 2845 433 ιὲὺ·
2876 374 2951 443 iV.
2985 393 3105 451 ρας·
3143 378 3295 451 151.)
3322 378 3378 436 Si
3405 382 3527 451 quis

237 494 462 553 possent
484 526 498 549 ,
546 486 945 556 respondebant
974 500 1037 539 ea
1069 485 1246 538 omnia
1269 484 1493 540 deorum
1526 485 1832 555 turpissima

236 575 376 630 facta
396 618 410 640 ,
465 587 668 632 mortes
700 587 755 631 et
779 578 1081 646 sepulturas
1109 576 1359 647 figmenta
1384 591 1507 632 esse
1532 587 1796 645 poetarum
1815 620 1830 644 ,

236 670 310 726 ab
351 669 413 724 iis
461 686 567 723 non
597 684 744 724 sana:
778 670 977 725 mentis
1025 669 1329 725 hominibus
1368 668 1435 724 ad
1462 668 1741 725 libidinem
1770 685 1834 726 ac

235 762 569 831 voluptatem
600 762 922 831 composita,
961 763 1156 833 quibus
1181 761 1488 831 imperitum
1521 762 1709 831 vulgus
1734 762 1831 819 de-

234 862 517 925 ceperunt.
563 854 761 911 Verum
804 855 889 908 cui
938 854 1200 911 credibile
1231 856 1356 922 fiet,
1406 855 1482 909 ait
1527 852 1829 920 Arnobius,

238 959 431 1019 poetas
471 950 756 1005 vetustatis
800 948 1178 1005 remotissima:
1204 963 1271 1004 eo
1299 949 1644 1018 impudentia:
1671 949 1835 1004 deve-

237 1043 411 1108 nisse,
435 1052 493 1097 ut
513 1042 739 1101 infames
764 1050 924 1114 atque
945 1044 1385 1099 obscmnissimas
1408 1043 1476 1099 de
1504 1042 1607 1099 diis
1631 1043 1836 1099 fabulas

233 1149 390 1191 cmco
426 1134 605 1191 furore
646 1135 1156 1203 disseminaverint,
1211 1137 1523 1207 nullamque
1547 1138 1838 1191 metuerint

234 1236 336 1282 aut
382 1243 414 1283 a
441 1228 545 1283 diis
585 1228 758 1297 ipsis,
813 1237 908 1283 aut
965 1229 1272 1287 hominibus
1326 1245 1541 1300 pmnam
1587 1229 1833 1300 (Arnob.,

236 1318 330 1373 lib.
365 1335 441 1385 tv,
472 1337 593 1392 pag.
629 1321 734 1377 “8
759 1330 809 1376 et
833 1320 1025 1394 seqq.).

322 1411 524 1468 Deinde
550 1428 682 1468 vero
708 1454 723 1479 ,
772 1421 893 1468 esto
916 1455 932 1479 ,
985 1424 1172 1469 contra
1199 1413 1289 1483 jus
1313 1429 1472 1470 omne
1494 1423 1549 1469 et
1575 1414 1678 1478 fas,
1722 1413 1839 1468 haec

236 1506 533 1563 commenti
561 1506 690 1573 sint,
722 1519 819 1561 cur
845 1521 979 1577 ergo
1007 1507 1085 1567 illi
1106 1508 1281 1579 legum
1310 1509 1601 1562 severitate
1627 1505 1839 1561 debitas

240 1607 396 1655 tanto
423 1599 611 1655 sceleri
646 1613 834 1669 poenas
863 1615 969 1655 non
996 1599 1305 1656 dederunt?
1351 1599 1543 1656 Nonne
1580 1599 1837 1671 gravissi-

240 1708 392 1751 mum
416 1692 618 1747 crimen
648 1702 732 1749 est
760 1693 953 1748 famam
984 1693 1209 1765 alicujus
1234 1734 1249 1758 ,
1296 1695 1466 1748 multo
1496 1694 1666 1764 magis
1706 1693 1833 1758 Dei,

1934 471 2064 524 velit
2108 470 2159 524 id
2189 470 2289 525 sibi
2333 469 2560 539 alicujus
2604 470 3207 541 auctoritatejprobari,
3251 473 3529 539 is3audiat

1936 565 2255 620 Ciceronem
2284 580 2299 618 :
2338 582 2357 615 ι
2395 564 2687 619 Duodecim
2716 564 2946 633 tabulae,
2980 585 2998 618 ι
3034 567 3109 621 ait
3148 578 3349 635 orator,
3384 587 3402 619 ι
3434 569 3531 623 de-

1936 657 2145 714 clarant
2183 656 2343 712 condi
2379 657 2494 726 jam
2529 666 2641 711 tum
2683 657 2897 711 solitum
2945 673 3064 713 esse
3091 674 3308 713 carnem
3346 659 3533 729 :quod

1937 765 2006 805 ne
2023 749 2211 806 liceret
2228 749 2342 804 fieri
2364 749 2436 821 ad.
2453 749 2677 804 alterius
2696 750 2965 819 injuriam,
2994 750 3140 821 leges
3161 763 3478 807 sanxerunt.
3503 774 3525 807 ι

1941 842 2165 917 (Ciam,
2213 844 2302 899 lib.
2346 861 2399 899 ιν
2448 843 2653 901 Turoni.
2676 887 2690 911 ,
2746 862 2865 917 pag.
2921 847 3043 912 165,
3075 846 3169 900 lin.
3199 846 3316 917 95.)
3350 849 3533 919 Augu-

1937 938 2110 993 stinus
2136 953 2266 992 vero
2314 947 2540 993 testatur
2584 953 2646 993 se
2695 953 2936 994 exnunc
2964 939 3248 1009 deperdita
3285 940 3534 1009 ejusdem

1937 1026 2213 1084 Ciceronis
2252 1038 2446 1100 quarto
2484 1030 2555 1085 de
2602 1030 2900 1101 Republica
2944 1031 3086 1086 libro
3126 1031 3242 1087 haec
3266 1032 3335 1087 de
3364 1035 3535 1089 verbo

1937 1123 2007 1178 ad
2036 1124 2261 1179 verbum
2292 1124 2667 1194 descripsisse.
2698 1142 2718 1176 ι
2752 1123 2964 1179 Nostrae
3011 1124 3295 1181 duodecim
3338 1127 3536 1183 tabula:

1938 1233 2059 1273 cum
2116 1233 2410 1289 perpaucas
2462 1234 2550 1274 res
2593 1219 2771 1288 capite
2816 1220 3158 1285 sanxissent,
3202 1222 3252 1275 in
3284 1223 3370 1276 his
3396 1222 3536 1277 hanc

1939 1326 2154 1382 quoque
2174 1312 2520 1368 sanciendam
2538 1320 2894 1383 putaverunt;
2917 1314 2962 1368 si
2978 1316 3099 1384 quis
3115 1315 3532 1381 occentavisset,

1938 1408 2060 1463 sive
2111 1424 2328 1464 carnem
2381 1408 2745 1475 condidisset,
2803 1409 2946 1479 quod
3002 1407 3277 1464 infamiam
3330 1410 3536 1466 faceret

1938 1502 2267 1573 ﬂagitiumve
2293 1503 2470 1559 alteri.
2501 1503 2786 1561 Prteclare.
2815 1502 3040 1560 Judiciis
3066 1506 3210 1561 enim
3250 1509 3540 1577 magistra-

1941 1605 2088 1651 tuum
2107 1638 2123 1663 ,
2150 1595 2634 1667 disceptationibus
2680 1596 2935 1668 legitimis
2963 1599 3297 1668 propositam
3326 1600 3492 1653 vitam
3515 1640 3533 1666 ,

1940 1705 2050 1744 non
2080 1699 2359 1761 poetarum
2389 1692 2618 1761 ingeniis
2655 1690 2857 1747 habere
2907 1691 3201 1759 debemus,
3252 1709 3354 1750 nec
3403 1710 3538 1765 pro-

241 1783 483 1839 laedere?
532 1783 723 1840 Nonne
759 1785 934 1855 majus
981 1794 1068 1841 est
1107 1786 1413 1842 convicium
1438 1825 1453 1852 ,
1509 1785 1559 1839 si
1601 1784 1834 1855 aliquem
1864 1777 1914 1838 Β
1939 1784 2095 1840 brum
2128 1785 2349 1851 audire;
2385 1786 2488 1840 nisi
2515 1801 2577 1841 ea
2625 1786 2744 1856 lege
2787 1796 2846 1840 ut
2894 1787 3223 1857 respondere
3253 1788 3448 1856 liceat,
3484 1798 3540 1844 et

235 1874 363 1931 falsi
388 1876 633 1949 criminis
660 1891 875 1946 arguas,
904 1892 1066 1948 quam
1090 1878 1135 1933 si
1166 1894 1289 1933 eum
1316 1878 1365 1933 ei
1392 1877 1669 1947 objectes?
1699 1876 1839 1945 Quid

241 1985 404 2035 vero,
447 1969 594 2041 quod
624 1969 838 2029 Ethnici
869 1971 959 2039 qui
1001 1986 1031 2024 a
1061 1970 1237 2027 doctis
1264 1980 1369 2024 tam
1412 1972 1585 2040 turpia
1614 1969 1840 2024 deorum

243 2064 478 2125 facinora
507 2062 771 2125 venditari
798 2063 1015 2132 impune
1041 2062 1381 2132 patiebantur
1403 2105 1418 2127 ,
1448 2077 1556 2117 non
1585 2062 1836 2129 minoris,

244 2170 407 2224 quam
434 2155 531 2223 illi,
566 2155 646 2215 rei
674 2154 894 2217 fuerunt
916 2154 1177 2221 sceleris?

320 2246 450 2315 Quae
473 2255 677 2314 autem,
709 2256 764 2311 et
790 2254 986 2318 quanta
1018 2247 1245 2303 deorum
1269 2244 1493 2317 ﬂagitia,
1525 2246 1841 2318 sacrilegia,

247 2338 499 2405 vincula,
542 2339 803 2405 vulnera,
854 2348 908 2401 et
956 2339 1210 2397 interitus
1265 2337 1570 2395 cecinerint
1613 2352 1680 2392 ex
1730 2338 1843 2407 jam

243 2429 444 2499 dictis,
493 2439 549 2495 et
598 2431 857 2503 deinceps
904 2430 1150 2495 dicendis
1196 2430 1355 2491 facile
1402 2430 1742 2501 intelligitur.
1774 2431 1845 2484 At

243 2523 382 2593 illud
404 2524 674 2591 Arnobius
702 2525 756 2581 in
788 2523 975 2593 primis
991 2522 1096 2585 hoc
1119 2523 1171 2577 in
1200 2522 1320 2579 loco
1343 2532 1496 2596 urget
1512 2562 1526 2586 ,
1555 2521 1698 2591 quod
1722 2520 1843 2576 ,Ιογί

243 2618 586 2699 adscriptum
628 2616 767 2681 fuit:
798 2633 818 2668 ι
846 2614 966 2686 Ipse
995 2615 1084 2695 ille
1108 2615 1342 2686 Iupiter,
1365 2615 1551 2684 cujus,
1587 2633 1608 2667 ι
1636 2614 1840 2684 inquit,

252 2730 274 2764 ι
313 2725 417 2767 vos
444 2724 636 2779 nomen
665 2707 823 2777 citari
852 2724 959 2767 non
988 2708 1109 2771 sine
1151 2718 1302 2769 metu
1330 2706 1562 2775 decuit,
1593 2714 1648 2761 et
1678 2706 1844 2762 totius

240 2806 497 2875 corporis
512 2803 891 2869 concussione,
912 2801 1121 2882 amasio
1145 2801 1413 2872 (amasios
1438 2817 1535 2857 ma.
1561 2815 1671 2871 reg.
1699 2798 1842 2869 cod.)

242 2908 437 2970 (raptus
462 2898 530 2961 ab
558 2910 725 2973 uxore
743 2937 759 2959 ,
809 2894 1136 2965 describitur
1165 2893 1412 2955 conﬁteri
1455 2892 1646 2961 culpas
1680 2906 1805 2947 suas
1825 2932 1840 2957 ,

245 3001 303 3063 et
330 2992 477 3059 velut,
497 2991 757 3059 demens,
789 3007 854 3055 ac
881 2991 1098 3053 nescius
1115 3032 1129 3056 ,
1160 3004 1295 3060 quas
1319 2989 1583 3047 amiculas
1605 2988 1841 3060 conjugi,

244 3101 385 3155 quas
419 3087 574 3141 uxori
619 3085 991 3156 anteposuerit
1019 3085 1272 3155 pellices,
1305 3082 1603 3139 obduratus
1630 3084 1847 3147 iuvere-

1934 1876 2140 1946 judicio
2165 1877 2458 1934 defendere
2490 1896 2510 1930 ι
2559 1876 2801 1952 (August.
2826 1920 2842 1946 ,
2873 1878 2962 1933 lib.
2996 1895 3035 1935 ιι
3061 1879 3124 1934 de
3148 1880 3296 1935 Civit.
3317 1923 3332 1948 ,
3357 1882 3539 1952 cap.9,

1942 1984 2061 2038 pag.
2094 1967 2225 2043 58).
2257 1970 2414 2036 Quod
2463 1970 2681 2041 quidem
2722 1970 3054 2041 Augustinus
3100 1972 3322 2028 Senecae
3365 1974 3542 2030 adhuc

1943 2064 2253 2118 testimonio
2305 2063 2537 2119 firmavit
2566 2062 2780 2137 (Idem,
2807 2064 2933 2119 ibid.
2957 2106 2972 2131 ,
3003 2083 3120 2137 cap.
3156 2066 3243 2132 12,
3273 2085 3392 2140 pag.
3421 2069 3541 2140 40).

1944 2154 2182 2227 Denique
2213 2155 2407 2211 cecinit
2450 2156 2703 2212 Horatius
2736 2174 2749 2210 :

2874 2252 3004 2311 Quin
3029 2255 3178 2304 etiam
3202 2253 3286 2304 lex

2036 2310 2287 2423 Bigsqqqqie
2310 2311 2425 2374 lata,
2451 2311 2577 2364 malo
2598 2325 2709 2377 quae
2733 2310 3126 2367 nollet’carmine
3153 2329 3448 2381 quemquam

2273 2414 2284 2424 ’
2311 2436 2509 2498 (Horat.
2534 2433 2618 2487 lib.
2644 2452 2695 2499 ιι,
2723 2436 2865 2503 epist.
2890 2439 2937 2500 1,
2960 2450 3085 2490 vers.
3109 2440 3201 2490 152
3222 2446 3270 2491 et
3291 2440 3448 2508 seqq.)

1944 2542 2119 2613 Atque
2148 2541 2238 2597 ille
2284 2543 2441 2612 paulo
2486 2554 2611 2597 ante
2658 2542 2977 2613 tabularum,
3014 2560 3042 2598 a
3073 2544 3360 2603 duodecim
3411 2549 3545 2606 viris

1946 2636 2305 2699 sancitarum,
2365 2634 2690 2689 mentionem
2761 2633 2982 2690 fecerat.
3031 2636 3212 2702 Hunc,
3258 2638 3304 2694 si
3352 2639 3547 2708 lubet,

1945 2726 2204 2792 consule,
2239 2724 2636 2781 ctGothol‘redi
2677 2728 2730 2781 in
2780 2726 2922 2781 titul.
2969 2727 3035 2783 de
3079 2726 3302 2784 famosis
3350 2733 3547 2788 libellis

1944 2818 2327 2872 annotationes
2373 2816 2559 2892 (Tom.
2617 2834 2676 2873 ιιι
2712 2818 2827 2874 cod.
2885 2819 3119 2887 Theod.,
3172 2839 3291 2894 pag.
3335 2822 3466 2891 257,
3498 2835 3545 2880 et

1945 2909 2124 2980 seqq.)
2154 2906 2362 2978 Quanta
2412 2910 2573 2981 igitur
2614 2912 2899 2983 iniquitate
2939 2922 2996 2968 et
3028 2915 3285 2986 injustitia
3339 2918 3548 2974 ethnici

1949 3010 2058 3055 tam
2102 3001 2308 3057 severis
2338 3002 2545 3072 legibus
2576 3003 2855 3058 hominum
2885 3004 3112 3074 injurias
3143 3015 3303 3077 atque
3332 3010 3546 3064 calum-

1947 3094 2066 3148 nias
2116 3093 2500 3160 vindicabant,
2551 3106 2606 3149 et
2656 3096 2924 3165 patienter
2974 3097 3314 3168 tolerabant,
3377 3102 3546 3158 immo

246 3178 444 3247 cundia
500 3178 780 3260 publicare
819 3197 838 3253 ι
877 3178 1131 3251 (Arnob.,
1174 3177 1265 3235 lib.
1311 3191 1390 3243 tv,
1439 3193 1561 3248 pag.
1592 3173 1742 3247 150).
1778 3175 1847 3237 At
1874 3164 1921 3228 (ἶ
1950 3200 2081 3241 vero
2103 3186 2329 3241 summis
2350 3187 2598 3242 laudibus
2619 3164 2983 3254 extollebant,
3024 3199 3232 3260 poetas,
3280 3164 3309 3247 ά
3350 3194 3548 3264 quibus

249 3270 325 3343 ibi
355 3270 424 3337 ad
452 3272 553 3325 bos
580 3254 725 3327 haud
753 3270 915 3337 dubie
935 3270 1126 3331 alludit
1154 3269 1374 3331 Homeri
1397 3284 1586 3326 versus
1611 3308 1626 3334 ,
1655 3268 1847 3338 quibus

244 3362 459 3433 Jupiter
484 3377 544 3431 se
572 3361 793 3431 ixionis:
825 3364 1039 3431 uxoris,
1083 3363 1197 3425 sive
1222 3362 1369 3428 Diae.
1412 3370 1466 3421 et
1507 3360 1751 3426 Danaes,
1783 3373 1848 3415 ac

249 3456 520 3513 Phaenicis
571 3454 719 3520 ﬁliae,
778 3455 1051 3522 Semeles,
1108 3455 1435 3522 Alcmenes,
1464 3452 1745 3519 Cecreris,
1794 3460 1850 3508 et

246 3561 475 3626 [monte
515 3573 701 3616 amore
742 3570 802 3611 se
847 3564 1064 3627 captum
1110 3551 1275 3611 fuisse
1319 3550 1523 3611 lunoni
1570 3550 1845 3616 declarat,
1894 3588 1901 3595 .

248 3668 308 3721 et
366 3652 652 3719 conﬁtetur
700 3648 959 3723 (Homer.
987 3689 1003 3715 ,
1034 3646 1229 3714 ltiad.,
1273 3662 1387 3711 xiv,
1435 3662 1564 3702 vers.
1606 3644 1750 3712 5M,
1797 3650 1852 3699 et

250 3751 464 3822 θείη)-
1018 3798 1025 3803 .

340 3841 473 3901 Tam
501 3839 718 3917 eﬂrenis
743 3851 874 3908 ergo
901 3834 1064 3905 huius
1094 3834 1435 3904 aliorumque
1472 3842 1753 3903 poetarum
1783 3831 1848 3885 lio

250 3936 472 4005 centia,
522 3936 695 4011 pergit
723 3930 994 3991 Arnobius
1024 3926 1248 3998 (Arnob.
1274 3969 1289 3991 ,
1320 3926 1406 3983 tib.
1440 3941 1514 3992 tv,
1546 3941 1665 3995 pag.
1698 3921 1851 3995 150),

251 4030 504 4102 legibus,
534 4042 599 4093 ac
638 4024 938 4097 plebiscitis
983 4036 1093 4089 non
1135 4021 1332 4079 minori
1380 4021 1670 4075 severitate
1700 4032 1855 4072 coer—

253 4123 377 4189 ceri
404 4122 474 4179 ab
501 4120 745 4187 Ethnicis
771 4117 988 4181 debuit,
1030 4130 1192 4186 quam
1236 4128 1459 4178 eorum,
1512 4112 1603 4182 qui
1655 4111 1724 4166 de
1768 4126 1856 4166 re—

251 4217 419 4289 gibus
463 4218 963 4281 murmuraverant,
1012 4216 1174 4283 atque
1219 4205 1423 4277 idcirco
1453 4203 1753 4275 maiestatis
1775 4203 1858 4258 rei

256 4308 584 4381 agebantur.
617 4304 825 4373 Quibus
852 4315 985 4368 sane
1012 4300 1195 4363 verbis
1220 4298 1312 4354 ille
1338 4297 1559 4379 respicit
1586 4294 1653 4353 ad
1680 4296 1857 4366 legem

255 4404 459 4487 Aquam
488 4382 790 4469 majestatis
810 4436 826 4462 ,
857 4409 1017 4465 quam
1048 4391 1390 4461 Theodosius
1414 4389 1638 4458 Magnus
1664 4398 1856 4459 postea

256 4482 549 4566 mitigavit.
577 4490 786 4545 Videsis
814 4490 867 4543 in
900 4485 1253 4557 .lust'mianaeo
1283 4494 1338 4541 et
1356 4482 1738 4551 Theodosiauo
1766 4496 1858 4537 co-

1946 3280 2165 3350 ipsimet
2208 3280 2281 3335 dii
2310 3280 2610 3337 innumeris
2635 3282 2894 3338 conviciis
2932 3293 2986 3339 et
3013 3286 3359 3342 contumeliis
3385 3303 3549 3344 vexa-

1948 3373 2180 3427 bantur?
2760 3368 2769 3375 ’

2023 3463 2209 3536 Neque
2240 3475 2416 3521 tamen
2446 3467 2576 3522 solis
2608 3469 2812 3538 poetis,
2847 3468 2941 3524 sed
2968 3471 3127 3525 etiam
3163 3473 3549 3542 pantomimis,

1951 3558 2167 3623 mimis,
2201 3559 2587 3627 histrionibus,
2635 3562 2929 3625 comoedis,
2962 3578 3026 3617 ac
3072 3566 3331 3635 tragtedis
3355 3566 3550 3622 eadem

1942 3654 2166 3711 licentia
2217 3655 2339 3710 data
2390 3664 2507 3710 erat
2555 3656 2796 3727 (Arnob.,
2844 3655 2934 3711 lib.
2973 3672 3051 3721 1v,
3082 3675 3199 3728 pag.
3237 3658 3383 3731 151).
3413 3658 3552 3715 Nam

1954 3748 2007 3802 hi
2042 3763 2232 3803 omnes
2258 3750 2309 3802 in
2341 3747 2566 3804 theatris
2606 3749 2793 3804 eadem
2849 3750 2972 3822 ipsa
3013 3750 3239 3806 deorum
3287 3752 3550 3821 Veneris,

1952 3840 2215 3913 Cybeles,
2273 3840 2545 3908 Herculis,
2604 3853 2659 3896 et
2704 3842 2931 3897 aliorum
2981 3842 3216 3913 ﬂagitia,
3266 3845 3553 3915 turpiaque

1953 3944 2008 3989 et
2034 3932 2276 3987 crudelia
2320 3932 2558 3987 facinora
2609 3934 2814 4002 majore
2856 3934 3033 3990 adhuc
3076 3935 3407 4005 impudentia
3449 3952 3552 3993 nec

1954 4027 2162 4081 minore
2208 4024 2525 4094 impunitate
2586 4026 3066 4095 reprmsentabant.
3131 4027 3373 4083 Gentiles
3422 4043 3553 4083 vero

1955 4134 2063 4174 non
2107 4116 2302 4173 molles
2330 4124 2537 4171 tantum
2568 4125 2617 4172 et
2649 4116 2975 4184 eﬂeiuiuati,
3003 4118 3099 4174 sed
3126 4118 3321 4184 etiam,
3376 4121 3553 4175 omnis

1956 4211 2218 4282 populus,
2287 4221 2600 4269 senatores,
2667 4208 3009 4264 sacerdotum
3053 4219 3107 4265 et
3134 4211 3556 4281 magistratuum

1956 4304 2177 4375 collegia
2205 4345 2219 4369 ,
2255 4303 2544 4359 Pontifices
2584 4302 2838 4368 maximi,
2862 4300 3128 4358 Curiones
3148 4345 3162 4369 ,
3197 4304 3404 4371 Diales,
3430 4304 3557 4360 Fla-

1956 4396 2159 4463 mines,
2220 4397 2496 4465 Augures,
2563 4406 2617 4449 et
2659 4394 2978 4463 Quindecim
3022 4396 3122 4449 viri
3169 4395 3396 4451 laureati
3456 4398 3557 4452 hos

1962 4502 2155 4558 magno
2221 4486 2479 4557 applausu
2546 4501 2845 4557 magnaque
2909 4487 3190 4556 voluptate
3241 4488 3554 4545 audiebant.

258 4546 558 4679 diceoleges
577 4584 643 4641 de
667 4552 967 4653 maledicus
1007 4550 1060 4635 in
1092 4578 1421 4650 principem,
1455 4587 1509 4633 et
1535 4590 1655 4646 qua:
1686 4576 1740 4630 in
1764 4589 1858 4631 eas
1882 4546 1936 4609 Π
1961 4546 2306 4646 Quindecim.
2335 4588 2513 4634 autem
2566 4578 2644 4633 illi
2700 4579 2798 4632 viri
2854 4577 3240 4651 Sibyllinorum
3297 4580 3559 4637 librorum

260 4656 633 4749 thhofredus
671 4672 1051 4747 animadvertit
1077 4669 1225 4745 (Cod.
1257 4668 1421 4739 Just,
1453 4670 1543 4738 lib.
1574 4683 1612 4731 ι,
1647 4670 1725 4720 tit.
1751 4668 1782 4725 7
1806 4675 1863 4735 et
1962 4682 2117 4728 erant
2143 4671 2430 4739 custodes,
2456 4686 2593 4742 quos
2618 4670 2871 4738 Servius,
2906 4671 3138 4740 primum
3165 4671 3300 4727 duos
3319 4714 3333 4737 ,
3363 4672 3561 4730 deinde

261 4778 325 4849 ﬁ;
442 4744 565 4845 toni.
596 4744 673 4837 tit,
701 4744 817 4841 cod.
851 4767 1127 4837 Theodos.,
1177 4783 1298 4836 pag.
1342 4763 1432 4831 42,,
1469 4774 1519 4827 et
1555 4780 1693 4834 seqq.
1719 4766 1760 4835 ).
1789 4761 1862 4817 Iis
1964 4766 2150 4822 decem
2171 4805 2186 4831 ,
2228 4776 2414 4834 postea
2443 4763 2755 4834 quindecim
2787 4761 2955 4818 fuisse
2981 4764 3251 4817 observat.
3286 4764 3444 4818 Plura
3490 4766 3564 4820 de

261 4880 454 4927 autem
493 4867 624 4938 illud
662 4865 1037 4941 cotiﬁrmzitur,
1068 4859 1212 4931 quod
1264 4858 1541 4928 subjungit
1589 4856 1862 4913 Arnobius
1966 4860 2051 4914 his
2097 4859 2144 4913 si
2189 4859 2328 4913 scire
2374 4871 2609 4920 avenas,
2658 4854 2879 4909 consule
2909 4854 3257 4920 Ciceronem,
3288 4855 3562 4911 Valerium

263 4964 521 5023 decretas
548 4961 603 5030 in
622 4942 746 5015 eum
764 4955 1081 5028 pmnas,qui
1110 4953 1425 5023 illordinem
1454 4950 1862 5020 magistratuum
1968 4953 2256 5008 Maximum
2276 4992 2291 5016 ,
2323 4953 2388 5005 A.
2415 4949 2649 5006 Gellium
2668 4989 2683 5014 ,
2720 4947 2951 5002 Plinium
2974 4987 2989 5013 ,
3022 4947 3335 5003 Suetonium
3360 4990 3376 5015 ,
3411 4950 3565 5005 Tira-

264 5066 589 5127 senatorum
614 5053 841 5127 mdis“.
885 5059 977 5107 alll
1006 5050 1153 5115 illum
1203 5046 1453 5104 conﬁcio
1501 5046 1861 5115 persequitur.
1968 5044 2203 5131 quellum
2226 5087 2241 5113 ,
2274 5055 2329 5100 et
2357 5040 2693 5099 Lactantium
2726 5057 2754 5093 a
2786 5039 2938 5095 nobis
2962 5039 3087 5095 alibi
3109 5038 3325 5095 citatum
3350 5042 3563 5117 (Serm,

267 5153 493 5223 Quanto
519 5162 651 5218 ergo
688 5143 930 5213 severius
973 5142 1025 5199 in
1055 5142 1255 5209 divina:
1286 5139 1584 5210 majestatis
1614 5151 1736 5192 reos
1765 5150 1867 5191 ste-
1967 5142 2022 5199 in
2050 5141 2135 5195 lib.
2169 5156 2220 5193 γι
2252 5136 2492 5227 ᾼΞηεὶάη
2524 5151 2650 5189 vers.
2704 5134 2802 5201 73;
2845 5131 3035 5198 Cicer.,
3092 5132 3180 5186 lib.
3211 5148 3228 5187 ι
3271 5133 3334 5187 de
3362 5132 3569 5190 Natura

266 5237 712 5313 viendum'erat?
737 5236 847 5305 Cur
877 5248 1007 5306 ergo
1028 5234 1204 5306 poetis
1227 5232 1438 5301 veniam
1465 5230 1664 5295 dabant
1689 5237 1744 5285 et
1770 5229 1870 5285 im-
1975 5233 2142 5313 deor.,
2177 5223 2298 5307 pag.
2328 5230 2464 5294 2‘25;
2505 5226 2617 5281 Val.
2650 5225 2821 5290 Διαπη
2850 5223 2937 5279 lib.
2982 5240 3021 5291 ι,
3070 5242 3185 5296 cap.
3224 5225 3274 5292 1;
3305 5227 3368 5281 Α.
3395 5228 3527 5283 Gell.
3549 5269 3568 5296 ,

268 5310 616 5411 latinitatem?
1976 5310 2064 5380 tib.
2094 5322 2287 5379 tNoct.
2312 5322 2495 5387 Attia,
2520 5337 2635 5389 cap.
2662 5320 2745 5384 t9,
2770 5336 2890 5411 pug.
2914 5317 3231 5411 ὃϋὶᾲΡιὶη.τ
3267 5318 3352 5372 lib.
3397 5337 3573 5379 xxvm

340 5398 469 5502 Sed
494 5439 780 5501 pergamus
805 5424 851 5479 si
882 5423 1106 5497 placet:
1144 5440 1163 5473 ι
1192 5420 1419 5489 Carmen
1449 5419 1647 5491 malum
1680 5437 1699 5470 ›
1725 5415 1878 5477 addit
1981 5416 2119 5471 Hist.
2171 5424 2368 5480 natur.,
2401 5429 2517 5481 cap.
2542 5412 2598 5479 Ξ,
2633 5427 2753 5481 pag.
2809 5410 2935 5475 557;
2990 5408 3163 5480 Tiraq.
3211 5410 3265 5463 in
3307 5411 3451 5467 Alex.
3510 5415 3575 5469 ab

271 5532 475 5583 attetor
507 5531 709 5585 uoster,
740 5502 759 5573 ἆ
788 5517 1164 5587 conscribere,
1189 5531 1296 5587 quo
1318 5514 1457 5571 fama
1479 5514 1699 5587 alterius
1724 5512 1875 5569 coin-
1979 5511 2148 5576 Λιβία,
2183 5509 2268 5563 tib.
2321 5523 2375 5562 ιιι
2430 5505 2560 5575 Gen.
2584 5507 2738 5571 diem,
2784 5519 2902 5573 cap.
2922 5502 3009 5570 16,
3062 5520 3181 5574 pag.
3220 5503 3362 5570 ‘26:);
3395 5516 3516 5560 tom.
3557 5522 3581 5562 ι

276 5590 561 5691 quiactor,
591 5622 646 5668 et
675 5611 816 5677 vita,
845 5608 1291 5691 decemviralibus
1334 5606 1484 5681 scitis
1512 5605 1745 5661 evadere
1775 5619 1874 5659 no-
1982 5604 2256 5676 Apparat.,
2289 5619 2408 5674 pag.
2435 5598 2590 5673 254).

278 5682 473 5781 {tristis
500 5708 751 5781 impune:
775 5719 839 5777 ac
863 5718 931 5779 ne
960 5682 1168 5777 vestras
1207 5714 1365 5773 aures
1402 5700 1647 5777 convicio
1685 5698 1882 5770 aliquis
2056 5700 2288 5759 Tantum
2318 5712 2480 5769 porro
2500 5695 2673 5763 abest,
2696 5701 2755 5748 ut
2776 5690 2980 5747 ethnici
3007 5690 3223 5758 mimos,
3255 5692 3553 5751 histriones
3576 5739 3597 5765 ,

289 5772 926 5893 pettilantioreipulsaret
944 5838 959 5864 ,
984 5796 1051 5853 de
1074 5772 1346 5873 atrocibus
1382 5772 1641 5871 formulas
1684 5802 1839 5859 const

1988 5794 2232 5870 aliosque
2288 5789 2533 5862 ejusdem
2592 5787 2781 5857 farinae
2849 5785 3142 5855 homines,
3206 5795 3320 5842 tam
3375 5788 3612 5854 infamia
3670 5854 3673 5859 ν

270 6008 304 6016 -ς
