4158 6264
611 298 718 356 559
783 313 785 316 ‘

1858 289 2311 350 DISSERTATIO
2349 287 2626 346 PREV’IA

3799 284 3905 340 560

611 415 832 470 deorum
849 413 1594 480 t'actarepracsentantes.pro
1610 403 2202 477 meritoeastigaverint
2230 410 2281 470 Α
2305 423 2424 478 pag.
2455 404 2560 459 258
2589 405 2628 472 ),
2681 413 2866 456 saeros
2905 409 3058 466 esse,
3103 398 3321 468 illisque
3375 405 3643 469 tamquam
3700 397 3909 453 solem-

612 509 739 579 qnin
760 507 935 576 potius
950 505 1057 559 illis
1074 501 1464 566 concesserint,
1481 509 1538 553 ut
1553 508 1696 554 recte
1713 500 1786 552 ait
1803 511 1992 554 auctor
2007 509 2213 580 noster,

620 621 638 653 ι
663 601 801 656 dona
825 608 880 654 et
903 612 1145 661 munera,
1169 596 1239 650 ab
1261 593 1455 649 officiis
1481 594 1648 647 otium
1674 593 1900 663 publicis
1919 634 1934 656 ,
1965 593 2217 646 immuni-

615 704 781 750 tatem
802 733 817 758 ,
844 691 1179 746 vacationem
1198 703 1321 744 cum
1341 686 1559 742 coronis
1587 704 1606 738 ι
1641 685 1794 758 (Arn.
1821 685 1909 738 lib.
1931 701 2003 751 IV,
2025 702 2077 754 p.
2099 683 2212 755 52).

612 787 747 843 Nam
794 784 1170 840 Theodoretns
1215 789 1401 850 aperte
1445 779 1580 833 dixit
1611 794 1624 830 :
1653 776 1954 854 Τραγῳδίας
1999 779 2090 849 μὲν
2129 780 2216 831 καὶ

615 878 883 954 κωμῳδίας
912 880 1190 954 ὑποκριταὶ
1213 874 1428 947 ἔχουσιν
1451 876 1519 934 εἰς
1551 871 1865 946 ὂβλέποντες
1896 877 1985 931 τὴν
2027 875 2216 944 τέχνην

614 978 842 1047 μετίωσι,
858 976 1016 1043 καὶτῇ
1036 978 1135 1025 τῶν
1153 970 1408 1040 στεφάνων
1429 965 1592 1021 ἐλπίδι
1616 973 1715 1020 τῶν
1733 965 1896 1019 πόνων
1919 966 2213 1035 ἀνέχονται.

619 1068 1007 1142 Tragcediarum
1028 1075 1075 1120 et
1097 1063 1464 1120 comoediarum
1489 1061 1631 1114 mimi
1655 1061 1842 1113 habent
1864 1060 1917 1112 id
1935 1060 2084 1129 cujus
2102 1075 2214 1112 rec-

610 1176 767 1236 pectu
789 1173 946 1218 artem
961 1171 1213 1222 exercent,
1231 1169 1276 1215 et
1291 1173 1595 1213 coronarunt
1615 1172 1704 1226 spe
1727 1153 2217 1208 lnboremsustinent

616 1257 940 1331 (Theodon,
975 1264 1105 1310 orat.
1122 1253 1178 1320 9,
1203 1253 1265 1307 de
1288 1249 1529 1313 Provid.,
1547 1265 1669 1319 pag.
1692 1247 1799 1302 429
1817 1255 1865 1301 et
1883 1244 2010 1316 454)
2035 1243 2220 1299 .Addit

617 1367 750 1408 vero
770 1348 1152 1421 tragmdiarum
1179 1345 1378 1410 mimis,
1401 1342 1858 1415 quemadmodum
1876 1338 2218 1394 exercituum

621 1445 885 1509 ducibus,
918 1441 1169 1504 athletis,
1219 1437 1490 1509 pugilibus
1513 1478 1528 1504 ,
1575 1431 1851 1504 etaurigis
1879 1441 2119 1496 statuas,
2151 1444 2218 1485 eo

619 1556 730 1611 quo
760 1538 1030 1602 vicerant,
1065 1533 1247 1589 habitu
1278 1531 1526 1588 decretas
1572 1529 1737 1584 fuisse
1765 1537 1819 1582 et
1845 1525 2160 1582 collocatas.

697 1634 924 1686 Tantam
957 1628 1118 1700 igitur
1161 1625 1498 1694 iniquitatem
1541 1621 1665 1691 jure
1710 1618 1906 1674 merito
1947 1615 2218 1670 Arnobius

624 1726 975 1782 condemnat.
1009 1721 1142 1776 Cum
1172 1716 1503 1772 Tertulliano
1529 1712 1798 1784 siquidem
1843 1720 1898 1766 et
1921 1709 2218 1779 Augustino

2318 497 2476 550 nibus
2507 495 2823 564 religionum
2851 493 3044 547 officiis
3066 532 3081 554 ,
3113 491 3396 555 henorari,
3441 491 3638 561 placari
3661 532 3676 556 ,
3718 505 3781 546 ac
3814 507 3914 561 po-

2316 592 2417 644 sita
2472 590 2782 655 simultate,
2850 585 3184 643 reconciliari
3251 585 3630 656 opinabantur.
3686 583 3912 640 Litteris

2317 694 2496 740 autem
2527 683 2741 750 Livius,
2789 697 2852 738 ac
2881 682 3076 738 deinde
3109 682 3350 737 Valerius
3393 680 3686 746 Maximus,
3717 689 3774 734 et
3801 683 3913 734 Au-

2316 778 2565 847 gnstinus
2616 775 2938 831 mandarunt
2990 774 3053 829 T.
3108 773 3347 844 Sulpicio
3395 775 3598 838 Petico,
3645 772 3786 827 etC.
3822 771 3914 826 Li-

2318 870 2461 925 cinio
2511 870 2732 925 Stolone
2776 868 3141 932 Consulibus,
3200 883 3323 923 cum
3381 867 3548 938 pestis
3592 865 3912 936 gravissima

2318 963 2648 1018 lectisternio
2674 963 2858 1017 sedata
2888 978 2995 1017 non
3024 961 3231 1026 fuisset,
3252 961 3318 1017 ad
3348 961 3658 1033 placandam
3685 961 3913 1016 deorum

2319 1056 2452 1111 iram
2505 1057 2778 1112 institutos
2827 1055 2994 1112 fuisse
3017 1056 3174 1112 ludos
3217 1058 3462 1112 scenicos
3491 1054 3666 1127 (Liv.,
3699 1055 3790 1109 lib.
3814 1071 3909 1120 vn,

2317 1151 2471 1213 iuit.;
2514 1149 2634 1205 Val.
2662 1151 2832 1217 Mona,
2865 1151 2955 1206 lib.
3007 1167 3066 1219 tt,
3095 1167 3212 1221 cap.
3242 1150 3299 1216 4,
3334 1151 3362 1223 §
3393 1153 3459 1219 4;
3496 1151 3739 1222 August.,
3775 1149 3863 1204 lib.
3896 1167 3912 1206 ι

2319 1245 2383 1298 de
2409 1243 2584 1311 Civit.,
2612 1261 2730 1313 cap.
2765 1244 2852 1310 52,
2906 1261 3029 1317 pag.
3057 1243 3185 1315 29).
3238 1243 3373 1298 Τιιιιι
3402 1244 3602 1298 dehinc
3633 1244 3700 1299 iis
3731 1245 3913 1298 inser-

2319 1344 2402 1390 tas
2447 1345 2633 1406 turpes
2683 1334 2914 1400 fabulas,
2949 1347 3003 1391 et
3053 1335 3354 1406 impudicos
3387 1336 3707 1391 histrionum
3735 1348 3914 1392 actus.

2322 1426 2496 1494 Audi,
2521 1442 2726 1498 quaiso,
2778 1429 3061 1499 Augustini
3090 1427 3232 1498 (Lib.
3266 1444 3301 1482 ιι
3361 1428 3425 1482 de
3466 1425 3640 1491 Civit.,
3670 1445 3785 1500 cap.
3824 1430 3915 1498 l7,

2321 1536 2442 1590 pag.
2479 1521 2570 1585 75;
2593 1521 2682 1575 lib.
2702 1535 2775 1589 tv,
2803 1537 2920 1593 cap.
2941 1521 3033 1587 26,
3059 1538 3178 1593 pag.
3211 1521 3334 1586 106,
3359 1530 3408 1574 et
3435 1521 3524 1575 lib.
3548 1537 3660 1588 \‘lll,
3680 1538 3797 1594 cap.
3825 1523 3912 1589 15,

2322 1632 2442 1688 pag.
2471 1613 2791 1689 201),verba
2820 1636 2833 1671 :
2871 1635 2891 1668 ι
2922 1617 3055 1672 Ludi
3082 1617 3316 1683 scenici,
3346 1619 3650 1686 spectacula
3682 1620 3918 1688 turpituo

2323 1709 2603 1777 dinum,et
2623 1711 2835 1767 licentia
2870 1711 3184 1776 vanitatum,
3203 1727 3308 1765 non
3336 1711 3613 1766 hominum
3633 1711 3796 1776 vitiis,
3822 1713 3921 1768 sed

625 1815 1030 1874 evidentissime
1095 1810 1332 1867 ostendit
1385 1822 1678 1877 numquam
1730 1805 1999 1868 atrocius,
2057 1817 2217 1872 quam
2246 1802 2296 1862 B
2322 1804 2547 1861 deorum
2573 1817 2877 1862 vestrorum
2915 1805 3081 1876 jussis
3112 1805 3297 1860 Romae
3323 1805 3555 1860 instituti
3585 1815 3728 1860 sunt.
3758 1805 3926 1862 Tole-

626 1911 777 1966 hisce
802 1906 1085 1964 comoediis
1111 1914 1167 1959 et
1193 1902 1466 1972 tragoediis
1500 1915 1656 1969 posse
1687 1899 1924 1952 divinam
1964 1897 2220 1964 majesta-

629 2015 735 2060 tem
792 2000 1020 2063 oll'endi,
1072 1997 1192 2053 laedi
1255 2004 1309 2051 et
1337 1995 1527 2048 violari
1569 1991 1943 2064 (Tertullian.,
1972 1987 2217 2058 Apolog.,

628 2115 744 2165 cap.
776 2096 870 2159 55;
903 2095 1118 2163 August.
1144 2135 1158 2156 ,
1202 2090 1290 2142 lib.
1325 2105 1364 2143 ιι
1395 2089 1457 2141 de
1495 2084 1648 2140 Civit.
1672 2127 1687 2150 ,
1712 2102 1828 2154 cap.
1860 2083 1916 2148 8,
1949 2091 1996 2136 et
2028 2080 2214 2151 καφ).

627 2189 988 2260 Quamobrem
1017 2195 1165 2241 recte
1191 2183 1415 2239 omnino
1451 2190 1507 2236 et
1552 2195 1670 2236 eam
1717 2179 1768 2232 in
1815 2192 1931 2232 rem
1975 2176 2221 2246 apposite

627 2282 843 2351 scripsit
871 2280 1184 2335 Lactantius
1216 2296 1228 2331 :
1263 2296 1280 2328 ι
1316 2275 1452 2330 Νιιιη
1487 2274 1669 2343 pejus,
1700 2287 1857 2342 quam
1888 2270 2046 2325 iidem
2081 2270 2218 2339 ipsi,

626 2374 716 2446 qni
736 2418 750 2442 ,
781 2390 901 2430 cum
932 2372 1065 2428 deos
1095 2371 1275 2426 colere
1310 2383 1372 2424 se
1416 2367 1636 2432 dicant,
1671 2376 1848 2420 tamen
1879 2378 1974 2418 eos
2006 2361 2222 2433 publice

627 2468 962 2538 turpiterque
993 2463 1274 2529 derident,
1322 2462 1390 2516 de
1436 2460 1632 2532 quibus
1677 2459 1840 2514 etiam
1873 2458 2066 2512 mimos
2095 2472 2218 2511 cum

619 2563 736 2617 risu
766 2570 820 2615 et
850 2559 1122 2629 voluptate
1167 2556 1473 2628 patiuntur?
1501 2553 1685 2620 Qualis
1717 2553 1833 2606 haec
1876 2551 2065 2621 religio
2086 2591 2101 2616 ,
2130 2558 2224 2604 aut

624 2661 826 2725 quanta
858 2651 1113 2720 majestas
1143 2647 1378 2721 putanda
1409 2655 1528 2711 est,
1559 2661 1681 2716 quae
1709 2644 1967 2701 adoratur
1997 2644 2050 2698 in
2079 2655 2220 2699 teni-

627 2748 762 2817 plis,
793 2745 1032 2801 illuditnr
1061 2744 1113 2798 in
1148 2741 1407 2798 theatris?
1437 2741 1502 2796 Et
1544 2741 1634 2810 qui
1686 2740 1800 2794 haec
1849 2740 2074 2795 fecerint
2112 2753 2220 2794 non

623 2855 816 2909 pinnas
850 2837 1035 2892 violati
1069 2835 1304 2891 numinis
1333 2834 1603 2904 pendunt,
1634 2834 1728 2888 sed
1761 2833 2007 2888 honorati
2032 2833 2217 2901 etiam,

620 2931 934 3000 laudatique
981 2928 1266 2984 discedunt
1301 2946 1319 2978 ι
1379 2925 1660 2997 (Lactant.,
1707 2923 1797 2978 lib.
1852 2940 1908 2978 ιιι
1961 2923 2237 2990 Ιιιειίιιιι..

622 3043 740 3096 cap.
788 3025 879 3086 20.,
922 3040 1041 3094 pag.
1062 3023 1213 3092 59.6).
1243 3020 1353 3076 Nec
1384 3021 1563 3075 minus
1591 3019 1789 3074 acriter
1832 3018 1944 3088 jam
1975 3018 2220 3072 laudatus

619 3119 957 3189 Augustinus
1005 3116 1380 3177 ethnicorum,
1429 3113 1518 3184 qui
1575 3115 1748 3184 turpia
1808 3112 2030 3168 deorum
2083 3114 2216 3167 facta

2322 1899 2546 1954 rabilius
2565 1899 2777 1955 divinos
2801 1904 3034 1954 honores
3058 1898 3343 1955 deferretis
3371 1898 3447 1952 illi
3481 1898 3741 1970 Scipioni,
3757 1915 3926 1970 quam

2323 1990 2456 2046 deos
2503 1993 2770 2061 ejusmodi
2815 1994 3087 2049 coleretis.
3120 2012 3138 2045 ι
3190 1993 3555 2060 Quamobrem
3603 2001 3799 2064 postea
3830 1993 3926 2047 ille

2322 2082 2467 2138 haud
2507 2085 2821 2141 dubitanter
2848 2087 3162 2156 pronuntiat
3196 2086 3281 2142 his
3331 2085 3473 2141 ludis
3526 2087 3790 2158 majorem
3834 2086 3925 2140 in-

2322 2188 2535 2231 vectum
2565 2177 2732 2233 fuisse
2769 2195 2999 2248 morum,
3043 2197 3203 2250 quam
3250 2195 3538 2250 corporum
3568 2191 3810 2251 pestem;
3846 2192 3925 2235 ta-

2323 2272 2480 2327 metsi
2503 2270 2660 2343 hujus
2689 2274 2945 2329 sanandae
2971 2290 3134 2331 causa
3165 2276 3438 2331 constituti
3469 2275 3800 2331 dicerentur.

2393 2363 2548 2418 Prius
2565 2377 2743 2420 autem
2761 2365 3070 2423 Lactantius
3095 2385 3107 2420 :
3132 2385 3151 2420 ι
3177 2368 3447 2424 Ludorum
3463 2369 3881 2437 celebrationes,
3897 2388 3915 2422 ι

2321 2454 2524 2526 inquit,
2561 2475 2579 2508 ι
2610 2457 2831 2514 deorum
2885 2461 3018 2515 festa
3069 2471 3231 2525 sunt;
3283 2460 3549 2532 siquidem
3596 2462 3666 2516 oh
3712 2464 3922 2517 natales

2323 2563 2531 2615 eorum,
2563 2549 2648 2604 vel
2677 2551 2996 2621 templorum
3035 2568 3300 2607 novorum
3356 2553 3744 2610 aediﬁcationes
3795 2562 3926 2609 sunt

2321 2643 2620 2696 constituti.
2675 2643 2744 2699 Et
2775 2646 3022 2714 primitus
3050 2647 3266 2718 quidem
3294 2649 3611 2703 venationes
3631 2688 3646 2712 ,
3675 2664 3797 2719 qua:
3828 2664 3923 2704 vo—

2322 2745 2515 2788 cantur
2546 2751 2790 2802 munera,
2821 2737 3056 2794 Saturno
3085 2741 3361 2796 attributae
3407 2751 3534 2795 sunt
3565 2759 3576 2794 :
3609 2741 3720 2796 ludi
3742 2753 3919 2798 autem

2321 2826 2522 2881 scenici
2553 2827 2771 2897 Libero,
2805 2830 3080 2888 circenses
3116 2831 3388 2903 Neptuno.
3420 2832 3683 2888 Paulatim
3711 2850 3838 2889 vero
3866 2844 3924 2891 et

2320 2920 2532 2974 caeteris
2561 2920 2663 2975 diis
2689 2921 2831 2976 idem
2863 2923 3038 2978 honos
3066 2926 3227 2980 tribui
3258 2928 3444 2996 coepit,
3474 2926 3780 2999 singulique
3808 2927 3922 2984 ludi

2318 3014 2631 3069 numinibus
2679 3029 2868 3070 eorum
2911 3019 3211 3074 consecrati
3266 3029 3412 3086 sunt,
3471 3020 3612 3076 sicut
3639 3022 3920 3079 Sisinnius

2319 3102 2513 3174 Capito
2542 3105 2594 3159 in
2622 3105 2775 3161 libris
2803 3107 3247 3178 Spectaculorum
3291 3111 3474 3168 docet.
3498 3111 3555 3167 Si
3599 3115 3719 3182 quis
3757 3114 3919 3185 igitur

618 3228 653 3266 ει
710 3211 886 3280 poetis
933 3210 1055 3264 ﬁcta
1113 3223 1239 3264 esse
1300 3206 1647 3278 garriebant,
1699 3206 2057 3261 insulsitatem
2125 3221 2211 3260 ca-
2248 3192 2292 3254 C
2323 3199 2644 3266 spectaculis
2671 3200 2934 3267 interest,
2976 3203 3042 3258 ad
3072 3219 3192 3273 qua:
3221 3205 3494 3276 religionis
3519 3206 3688 3277 gratia
3717 3221 3919 3262 conve—

623 3305 785 3375 stigat
806 3313 861 3358 et
886 3304 1180 3359 insectatur
1212 3319 1224 3355 :
1259 3320 1278 3353 ι
1311 3299 1450 3367 Quid
1479 3309 1637 3365 sunt,
1676 3318 1694 3350 ι
1733 3299 1936 3368 inquit,
1976 3317 1993 3350 ι
2028 3297 2094 3354 ad
2119 3297 2220 3354 hoc

620 3400 825 3457 malum
875 3397 1126 3454 Mercnrii
1172 3398 1310 3452 furta
1332 3436 1350 3463 ,
1382 3395 1612 3451 Veneris
1659 3395 1910 3458 lascivia,
1943 3403 2128 3464 stupra
2155 3409 2218 3448 ac

621 3493 982 3564 turpitudines
1011 3505 1331 3547 cancrorum
1359 3532 1372 3557 ,
1403 3505 1525 3561 quae
1557 3489 1920 3559 proferremus
1945 3487 2012 3542 de
2042 3487 2214 3555 libris,

619 3587 723 3641 nisi
752 3583 995 3654 quotidie
1029 3591 1380 3638 cantarentur
1406 3592 1460 3637 et
1487 3581 1814 3636 saltarentur
1857 3580 1912 3635 in
1955 3579 2217 3636 theatris?

619 3680 726 3737 Sed
755 3681 869 3736 haec
895 3679 1023 3751 quid
1056 3687 1180 3733 sunt
1207 3677 1274 3733 ad
1304 3687 1510 3732 tantum
1543 3675 1780 3742 malum,
1810 3675 1963 3746 cujus
2007 3676 2215 3746 magni—

616 3773 750 3828 tudo
780 3788 987 3844 magna:
1024 3771 1178 3826 Matri
1229 3768 1599 3825 tantummodo
1645 3770 2026 3838 competebat;
2078 3785 2214 3838 prte-

615 3867 802 3922 sertim
831 3865 974 3936 quod
1025 3864 1114 3918 illa
1163 3862 1414 3918 dicuntur
1465 3878 1494 3916 a
1545 3863 1718 3932 poetis
1773 3876 1896 3917 esse
1945 3861 2207 3928 conficta,

613 3959 758 4032 quod
789 3961 898 4014 sint
926 3959 1031 4014 diis
1058 3969 1208 4029 grata
1235 3967 1291 4013 et
1319 3958 1572 4028 accepta?
1603 3956 1672 4014 Ut
1706 3971 1836 4026 ergo
1862 3965 2206 4023 canerentur,

613 4062 672 4109 et
697 4051 1087 4116 scriberentur,
1120 4050 1346 4104 audacia
1380 4047 1488 4114 sit,
1538 4048 1622 4104 vel
1672 4049 1968 4119 petulantia
2023 4060 2211 4120 poeta—

611 4160 731 4200 rum
762 4161 777 4199 :
806 4154 865 4200 ut
894 4159 1024 4201 vero
1062 4143 1260 4199 divinis
1309 4143 1471 4199 rebus
1509 4153 1566 4198 et
1615 4142 1944 4208 honoribus,
1999 4144 2206 4199 eisdem

609 4237 1033 4309 imperantibus,
1085 4245 1140 4292 et
1191 4235 1640 4307 extorquentibus
1690 4236 1999 4291 numinibus
2037 4236 2204 4291 adde-

608 4341 820 4399 rentur,
851 4331 980 4402 quid
1019 4341 1104 4386 est
1151 4331 1252 4386 nisi
1309 4331 1513 4386 crimen
1561 4329 1820 4396 deorum,
1870 4330 2035 4384 immo
2077 4345 2204 4385 vero

608 4426 881 4481 confessio
923 4424 1348 4489 daemoniorum,
1399 4436 1453 4480 et
1501 4425 1747 4494 deceptio
1777 4425 2142 4480 miserorum?
2177 4444 2196 4478 ι

607 4519 850 4591 (August.
880 4559 894 4583 ,
947 4519 1012 4571 de
1057 4516 1206 4572 Civit.
1250 4519 1338 4571 lib.
1370 4533 1466 4581 vn,
1498 4534 1614 4586 cap.
1647 4518 1738 4584 26,
1794 4535 1914 4589 pag.
1965 4519 2103 4584 182;
2156 4528 2203 4571 et

2322 3293 2488 3359 nitur,
2518 3295 2765 3352 discessit
2795 3313 2825 3352 a
2859 3297 2949 3352 Dei
2977 3299 3144 3366 cultu,
3178 3308 3233 3355 et
3264 3300 3332 3354 ad
3363 3299 3494 3355 deos
3547 3315 3607 3355 se
3655 3301 3915 3367 contulit,

2319 3389 2549 3456 quorum
2574 3391 2850 3445 nataleset
2867 3390 3002 3447 festa
3019 3391 3357 3447 celebravit»
3399 3391 3686 3463 (Laetam,
3718 3393 3808 3449 lib.
3861 3409 3922 3450 vr

2319 3477 2383 3533 de
2408 3494 2524 3534 vero
2556 3479 2732 3548 Cultu,
2760 3499 2877 3552 cap.
2909 3483 3002 3550 20,
3035 3501 3157 3556 pag.
3182 3483 3333 3556 εδει).

2388 3571 2751 3631 Tertullianus
2771 3591 2900 3632 vero
2929 3578 3045 3632 hasc
3073 3578 3410 3651 longefusius
3434 3581 3644 3654 integro
3660 3583 3728 3640 de
3745 3585 3920 3656 Spec-

2317 3668 2509 3723 taculis
2567 3669 2707 3725 libro
2766 3674 3114 3742 prosequitur
3173 3673 3439 3741 (TcrtulL,
3485 3678 3580 3730 lib.
3621 3678 3685 3732 de
3712 3679 3920 3749 Spect.,

2315 3778 2438 3833 pag.
2470 3763 2562 3826 89,
2589 3773 2636 3817 et
2666 3764 2853 3836 seqq.).
2880 3766 2939 3819 In
2967 3783 3032 3822 eo
3061 3768 3206 3822 enim
3239 3768 3549 3839 planissime
3576 3771 3920 3829 demonstrat

2313 3853 2437 3910 illos
2466 3871 2657 3911 omnes
2684 3858 2960 3914 solemnes
3004 3860 3286 3931 gentilium
3334 3861 3490 3917 ludos
3532 3864 3744 3934 origine
3773 3876 3870 3920 sua
3897 3907 3916 3933 ,

2311 3948 2504 4015 titulis,
2538 3959 2595 4005 et
2617 3961 2880 4022 apparatu
2906 3953 2981 4008 ita
3019 3953 3086 4008 ad
3136 3954 3496 4012 idololatriam
3529 3961 3820 4030 pertinere,
3853 3969 3918 4016 ut

2310 4041 2443 4096 nulli
2470 4042 2768 4100 christiano
2798 4045 2865 4100 iis
2887 4045 3098 4110 adesse,
3127 4048 3362 4120 illosque
3387 4062 3636 4123 spectare
3658 4069 3914 4125 umquam

2307 4133 2538 4191 licuerit.
2573 4139 2934 4205 Quamobrem
2970 4141 3239 4196 Arnobius
3263 4143 3401 4198 dixit
3427 4159 3523 4200 eos
3547 4147 3616 4200 ab
3638 4124 3910 4213 ethnicis,

2307 4231 2614 4302 religionum
2661 4234 2791 4288 inter
2835 4235 3010 4304 ofﬁcia
3057 4235 3326 4307 deputari,
3375 4239 3568 4309 quibus
3611 4240 3742 4296 deos
3779 4255 3914 4296 suos

2308 4323 2560 4381 honorari
2605 4328 3002 4401 arbitrabantur
3055 4329 3304 4402 (Arnob.,
3356 4333 3445 4388 lib.
3478 4349 3570 4402 vn,
3601 4352 3722 4406 pag.
3752 4335 3910 4407 258).

2303 4421 2408 4476 Sed
2435 4425 2726 4494 quomodo,
2752 4443 2850 4481 oro
2873 4437 2941 4494 te,
2969 4428 3043 4483 dii
3074 4427 3214 4482 ludis
3241 4429 3494 4484 honorari
3523 4438 3788 4500 poterant,
3817 4430 3915 4501 qui

2305 4517 2607 4586 turpissima
2633 4522 2929 4592 agebantur
2954 4523 3344 4579 obscenitate?

603 4581 697 4666 lib.
719 4581 804 4678 iv,
833 4581 950 4681 cap.
976 4612 1062 4673 10.
1098 4629 1219 4683 pag.
1252 4610 1368 4684 96.)
1397 4611 1534 4679 Quin
1567 4611 1729 4666 etiam
1759 4612 1872 4667 haec
1901 4612 2126 4668 deorum
2148 4621 2203 4667 et
2227 4581 2279 4640 D
2378 4611 2520 4668 Duos
2560 4581 2738 4669 autem
2784 4623 2990 4671 tantum
3036 4627 3224 4673 auctor
3254 4627 3438 4674 noster
3465 4621 3783 4676 nominatim
3809 4635 3909 4693 ap-

602 4705 834 4760 crimina
884 4714 1068 4761 essent
1116 4705 1448 4761 incredibilia
1472 4747 1488 4772 ,
1534 4705 1637 4759 nisi
1668 4705 1721 4760 in
1745 4705 1968 4760 theatris
1988 4749 2003 4772 ,
2033 4705 2085 4760 in
2115 4720 2204 4762 eo-

600 4814 723 4856 rum
751 4799 1013 4854 honorem
1043 4798 1302 4854 institutis
1323 4839 1339 4865 ,
1373 4799 1736 4856 libentissime
1765 4810 2160 4870 spectarentur.

1218 4954 1512 4994 ARTICULUS
1551 4955 1608 4994 11.

597 5048 707 5110 Quo
725 5059 866 5115 pacto
885 5050 1132 5115 Arnobius
1147 5050 1290 5101 falsos
1311 5066 1422 5103 esse
1449 5053 1706 5115 gentilium
1730 5052 1851 5103 deos
1874 5053 2195 5114 demonstret,

659 5111 739 5163 exi
766 5114 890 5163 ludis
926 5111 1228 5176 solemnibus
1265 5117 1314 5163 in
1355 5111 1526 5165 eorum
1569 5116 1804 5164 honorem
1849 5117 2099 5176 exhibitis,
2139 5111 2197 5167 ac

656 5178 930 5240 prasertim
953 5175 990 5225 F
995 5175 1241 5240 feralibus,
1263 5191 1318 5227 ac
1340 5178 1721 5240 Megalensibus,
1738 5178 1862 5227 etde
1879 5180 2197 5240 quorumdam

654 5237 1034 5302 instauratione;
1060 5238 1123 5302 de
1147 5237 1706 5302 comceditsftragmdiis
1727 5278 1740 5300 ,
1769 5249 1821 5290 et
1859 5237 2101 5290 Atellanis
2123 5241 2195 5288 t’a-

656 5300 804 5366 bulis,
830 5313 940 5363 quae
959 5302 1010 5366 in
1034 5301 1209 5350 iisdem
1230 5301 1356 5366 ludis
1373 5300 1678 5365 agebantur;
1705 5303 1769 5352 de
1794 5304 2094 5366 stupidorum
2113 5316 2194 5352 ca-

653 5364 835 5474 pittigus
872 5365 1015 5423 rasis,
1055 5369 1205 5427 atque
1244 5363 1558 5428 salepliarum
1593 5363 1773 5426 sonitu,
1814 5363 2193 5417 et'fasciuorum

653 5438 710 5473 ru
779 5439 853 5474 re.

652 5438 853 5474 l‘tlDOl‘e.

661 5550 811 5606 Ficta
839 5552 905 5607 ab
935 5552 1165 5609 ethnicis
1195 5553 1418 5610 deorum
1446 5569 1665 5611 suorum
1691 5565 1876 5613 natura
1901 5601 1914 5624 ,
1938 5559 2190 5630 majestas

584 5646 843 5707 mentita,
875 5658 929 5701 et
956 5648 1367 5718 superstitiosus
1416 5649 1631 5704 illorum
1681 5649 1855 5705 cultus
1899 5653 2193 5708 evidentis-

585 5738 722 5792 sime
753 5738 929 5794 adhuc
959 5739 1466 5798 demonstrabantur
1493 5741 1718 5812 publicis
1755 5743 1820 5798 iis
1850 5743 1988 5798 ludis
2009 5785 2024 5810 ,
2055 5761 2191 5814 quos

585 5831 746 5896 iidem
804 5832 1027 5904 ethnici,
1087 5835 1258 5911 inquit
1302 5837 1571 5894 Arnobius
1636 5835 2030 5909 (Arnob.,lib.
2092 5857 2182 5909 vn,

2300 4703 2502 4774 pellat,
2537 4706 2777 4763 Florales
2806 4719 2861 4765 et
2888 4709 3219 4783 Megalenses
3240 4751 3254 4776 ,
3298 4711 3418 4782 quia
3451 4712 3689 4784 singulos
3721 4730 3909 4770 recen-

2299 4811 2422 4852 sere
2467 4798 2676 4869 longius
2729 4799 2956 4869 fuisset,
3002 4813 3163 4874 atque
3191 4803 3380 4859 horum
3408 4805 3657 4876 exemplo
3679 4805 3810 4878 quid
3836 4806 3909 4863 de

2299 4889 2420 4946 aliis
2441 4890 2789 4960 judicandum
2815 4937 2830 4963 ,
2863 4911 3055 4953 omnes
3085 4897 3240 4953 facile
3267 4897 3658 4969 intelligebaut.

2375 4982 2619 5042 Florales
2650 5003 2797 5052 vero,
2830 4991 2943 5045 sive
2973 4987 3204 5045 Floralia
3225 5031 3241 5057 ,
3291 4990 3745 5061 quemadmodum
3793 4992 3893 5048 ob-

2303 5082 2534 5134 servavit
2566 5080 2862 5137 Macrobius
2887 5123 2901 5146 ,
2937 5083 3044 5138 ludi
3072 5093 3128 5138 et
3153 5083 3286 5139 festa
3334 5096 3524 5152 erant,
3555 5102 3674 5157 quae
3705 5101 3904 5143 nomen

2303 5184 2357 5228 et
2383 5175 2642 5245 originem
2663 5175 2931 5231 duxerunt
2978 5193 3006 5231 a
3031 5177 3233 5232 famosa
3256 5182 3564 5247 meretrice,
3587 5195 3707 5251 quae
3733 5181 3902 5250 prius,

2301 5264 2438 5320 sicut
2463 5267 2589 5322 alibi
2620 5269 3016 5334 annotavimus,
3041 5271 3250 5328 Chloris
3273 5284 3599 5343 nuncupata,
3629 5276 3726 5328 hos
3748 5272 3904 5328 ludos

2299 5375 2366 5416 ex
2412 5364 2670 5431 pecunia,
2723 5364 2864 5436 turpi
2910 5367 3152 5436 corporis
3201 5375 3408 5437 quaestu
3457 5379 3662 5436 coaeta,
3694 5367 3900 5423 institui

2296 5457 2465 5512 voluit
2490 5457 2509 5531 (
2534 5457 2794 5527 Macrob.,
2825 5459 2913 5514 lib.
2955 5477 2972 5515 ι
3023 5461 3293 5517 Saturnal.
3313 5504 3329 5529 ,
3359 5479 3478 5532 cap.
3501 5464 3570 5526 4;
3603 5462 3821 5518 Disserl.
3848 5462 3902 5516 in

2297 5551 2520 5619 Minuc.,
2551 5571 2667 5625 cap.
2700 5555 2790 5619 l8,
2819 5565 2920 5608 art.
2950 5555 3039 5628 5).
3068 5555 3176 5612 Sed
3206 5569 3260 5612 ut
3284 5557 3496 5614 infamis
3516 5559 3653 5613 adeo
3677 5557 3902 5628 originis

2292 5647 2552 5701 memoria
2598 5648 2876 5704 obliterari
2907 5650 3112 5705 facilius
3154 5662 3357 5721 posset,
3386 5667 3529 5716 eam,
3563 5661 3768 5707 mutato
3797 5666 3895 5706 no-

2291 5739 2457 5805 mine,
2476 5739 2716 5808 Floram,
2745 5730 3176 5814 appellaverunt,
3205 5743 3584 5815 ﬁnxeruntque
3610 5759 3729 5801 eam
3759 5759 3898 5814 pra:-

2289 5837 2466 5896 sidere
2491 5838 2736 5896 ﬂoribus.
2771 5840 3156 5899 Verumtamen
3201 5842 3419 5898 missam
3466 5841 3679 5914 penitus
3708 5839 3902 5897 nolue-
