4158 6264
268 369 378 427 561

1481 371 1548 427 ΙΝ
1586 368 1938 463 ᾼΒΝΟΒΙΗΜ
1965 411 1980 438 ,
2019 367 2171 425 CAP.
2214 369 2330 425 XV.

3465 361 3572 422 562

266 503 401 552 runt
430 500 538 548 tam
578 502 786 564 gratam
827 492 929 548 sibi
972 491 1248 564 ﬂagitiosae
1288 491 1523 547 auctoris
1570 489 1863 545 lasciviam.
1897 490 1951 551 Α
1974 487 2128 544 ludos
2154 502 2246 543 eos
2269 501 2495 558 quorum
2527 485 2717 556 religio
2746 493 2890 538 tanta
2916 491 3017 548 est,
3052 490 3109 538 ut
3138 498 3208 538 ex
3234 481 3438 537 ultimis
3461 491 3574 538 ter-

267 587 442 642 Nobis
467 587 514 642 si
543 585 702 640 ﬁdem
737 585 1036 640 habendam
1067 584 1304 649 dubites,
1335 585 1479 639 illam
1511 583 1704 638 Ovidio
1727 580 1874 636 haud

264 681 438 736 dubie
469 696 578 734 non
607 679 919 749 deuegabis,
953 679 1107 748 cujus
1136 678 1252 732 hazc
1274 687 1401 732 sunt
1422 676 1490 731 de
1525 675 1714 730 horum
1743 673 1873 729 Flo-

265 776 466 832 ralium
498 773 837 829 institutione
863 773 1102 828 carmina
1134 788 1148 825 :

399 889 692 942 Convenere
717 889 904 945 Patres,
933 895 986 938 et
1007 890 1047 937 si
1074 889 1205 937 bene
1227 888 1404 936 ﬂoreat
1431 899 1602 944 anuus,

463 953 751 1001 Numinibus
772 953 955 1001 nostris
977 964 1134 1000 annua
1155 949 1277 1001 festa
1301 957 1497 999 vovent.

371 1016 642 1066 Annuimus
666 1017 790 1064 votis
809 1053 822 1074 ,
846 1014 1013 1064 consul
1039 1029 1148 1062 cum
1168 1013 1369 1064 consule.
1394 1011 1535 1060 ludos

469 1079 748 1127 Postbumio
770 1077 941 1126 Laenas
965 1077 1250 1135 persolvere
1271 1075 1405 1125 mihi.

371 1147 607 1202 Quaerere
630 1141 840 1189 conabar
862 1152 1017 1202 quare
1044 1137 1236 1188 lascivia
1261 1140 1411 1202 major
1433 1137 1444 1188 ζ

461 1203 550 1253 His
569 1203 694 1251 loret
719 1206 764 1251 in
790 1203 932 1259 ludis,
961 1201 1264 1262 liberiorque
1282 1200 1436 1262 iocus.

367 1266 469 1317 Sed
494 1267 606 1314 inibi
632 1267 887 1324 succurrit,
913 1277 1090 1313 nomen
1117 1278 1212 1312 non
1235 1277 1345 1313 esse
1369 1275 1621 1321 severum,

461 1328 685 1391 Aptaque
704 1327 896 1377 delicris
915 1340 1120 1376 munera
1147 1327 1279 1376 l‘erre
1302 1326 1464 1375 deam.

1034 1408 1223 1476 (cum,
1248 1407 1334 1486 lib.
1363 1425 1392 1460 v
1415 1410 1630 1467 Easton,
1656 1406 1683 1468 §
1705 1407 1778 1465 δ.)

257 1522 351 1579 lbi
383 1539 510 1579 vero
552 1522 644 1578 ille
692 1522 836 1577 varia
889 1521 942 1576 in
992 1521 1140 1576 hisce
1188 1520 1328 1575 ludis
1373 1518 1608 1574 admissa
1641 1518 1873 1572 lasciviae

257 1631 475 1687 genera
516 1614 811 1680 describit,
840 1629 959 1683 quae
1003 1615 1048 1668 si
1072 1623 1242 1677 vacat,
1274 1613 1454 1682 legere
1485 1611 1705 1682 poteris.
1733 1609 1873 1666 Con-

260 1710 430 1765 sules
479 1723 642 1779 porro
667 1708 737 1762 ab
767 1722 834 1762 eo
864 1717 1115 1762 notantur
1142 1706 1486 1761 Posthnmius
1514 1705 1767 1771 Albinus,
1821 1712 1875 1758 et

259 1800 793 1871 M.PopiliusL:ena,
826 1800 1068 1884 aquibus
1101 1800 1151 1854 lii
1175 1800 1286 1854 ludi
1319 1800 1546 1869 primum
1570 1797 1697 1854 editi
1723 1807 1869 1852 sunt.

1976 584 2052 640 ris
2078 583 2363 646 accersita,
2408 581 2460 635 iu
2513 579 2612 633 hac
2641 577 2773 634 urbe
2801 575 3138 644 consederit;
3183 575 3272 646 qui
3305 574 3392 628 uni
3437 573 3570 640 ludi,

1976 695 2044 733 ne
2073 677 2238 732 verbo
2265 673 2479 746 quidem
2501 672 2840 742 appellantur
2867 670 3052 735 latino,
3083 678 3143 723 ut
3169 666 3430 722 vocabulo
3455 668 3572 735 ipso

1975 780 2031 827 et
2068 770 2305 839 appetita
2335 767 2524 837 religio
2550 774 2793 829 externa,
2823 774 2877 818 et
2899 762 3082 816 Matris
3125 775 3330 831 magna:
3355 758 3572 814 nomine

1971 871 2224 930 suscepta
2251 859 2558 914 declaretur
2591 875 2604 910 :
2640 857 2736 911 hos
2767 855 2923 911 ludos
2949 855 3092 910 servi
3131 854 3396 918 fecerunt,
3428 851 3570 906 servi

1975 963 2384 1027 spectaverunt;
2412 962 2520 1007 leta
2547 951 2806 1020 denique.
2832 949 2939 1004 hoc
2961 948 3136 1010 aedile,
3163 961 3438 1002 servorum
3468 943 3572 1000 Me-

1973 1049 2171 1120 galesia
2212 1046 2427 1101 fuerunt
2461 1064 2479 1096 ι
2519 1041 2680 1116 (Liv.,
2711 1044 2802 1098 lib.
2858 1057 3006 1106 xm,
3039 1058 3154 1112 cap.
3189 1041 3256 1105 7;
3290 1039 3394 1094 Cic.
3430 1047 3564 1092 orat.

1974 1143 2063 1208 50,
2089 1144 2153 1196 de
2177 1142 2388 1210 liarusp.
2425 1139 2605 1206 llesp.,
2639 1155 2758 1208 pag.
2787 1136 2912 1200 432,
2947 1136 3040 1189 lin.
3072 1135 3143 1189 56
3171 1143 3216 1188 et
3246 1129 3431 1203 καφ).

2046 1236 2251 1305 Quanta
2280 1246 2458 1288 autem
2489 1232 2771 1300 religione,
2825 1229 2908 1284 vel
2948 1229 3122 1299 potius
3158 1223 3564 1296 superstitione,

1977 1331 2031 1386 hi
2057 1330 2255 1398 aliique
2285 1327 2558 1382 solemnes
2586 1324 2694 1380 ludi
2718 1324 2785 1378 ab
2813 1322 3044 1378 ethnicis
3073 1320 3284 1385 ﬁerent,
3325 1333 3432 1372 non
3477 1329 3568 1370 so-

1975 1423 2085 1479 lum
2105 1439 2169 1478 ex
2194 1421 2276 1477 his
2303 1421 2462 1491 liquet
2481 1417 2758 1474 Ciceronis
2776 1415 2972 1478 verbis,
2995 1413 3089 1469 sed
3114 1429 3178 1466 eo
3201 1410 3562 1482 potissimum,

1975 1514 2116 1586 quod
2139 1514 2182 1568 si
2221 1527 2329 1584 quo
2363 1511 2444 1566 vel
2471 1509 2693 1564 minimo
2723 1507 2920 1562 delicto
2967 1505 3150 1575 polluti
3189 1501 3561 1564 crederentur,

1977 1620 2161 1682 postea
2191 1608 2380 1677 majori
2408 1622 2534 1662 cura
2565 1614 2618 1660 et
2657 1601 3019 1658 sollicitudine
3063 1597 3347 1653 instaurari
3397 1593 3563 1650 debe-

1975 1706 2123 1762 bant.
2147 1704 2486 1772 Quapropter
2518 1697 2782 1753 Arnobius
2816 1696 2929 1749 hzrc
2951 1693 3017 1750 ad
3038 1695 3298 1764 ipsosmet
3321 1687 3565 1743 ethnicos

1975 1798 2139 1854 verba
2170 1796 2326 1852 fecit:
2351 1814 2367 1847 ι
2401 1793 2456 1847 1η
2479 1789 2789 1846 cerimoniis
2812 1788 3026 1850 vestris,
3054 1785 3322 1852 rebusque
3347 1781 3560 1843 iliiinis,

265 1895 334 1950 Si
367 1907 624 1972 praeterea
648 1911 859 1966 quaeras
883 1881 998 1962 cur,
1033 1895 1185 1966 cujus
1212 1895 1385 1964 jussu,
1416 1910 1522 1965 quo
1551 1893 1710 1949 Urbis
1735 1907 1868 1948 con-
1899 1877 1946 1938 Β
1977 1890 2366 1966 postulionihus
2415 1885 2605 1940 vestris
2658 1883 2810 1938 locus
2853 1889 2955 1945 est,
3003 1888 3058 1934 et
3106 1875 3326 1946 piaculis
3371 1873 3565 1928 dicitur

265 1989 402 2044 diue
433 2004 574 2044 anno
622 1989 882 2056 instituti,
931 2003 994 2043 ac
1041 2003 1147 2059 quo
1188 1989 1313 2043 anni
1340 1987 1426 2042 die
1455 1996 1761 2056 agerentur,
1791 1984 1874 2040 his

261 2084 450 2138 disces
479 2082 634 2137 Plinii
669 2082 848 2137 verbis
874 2099 888 2136 :
925 2101 943 2132 ι
983 2081 1210 2136 Floralia
1236 2089 1426 2151 quarto
1453 2078 1710 2134 kalendas
1731 2077 1874 2149 ejus-

261 2181 394 2237 dem
416 2223 433 2246 ,
471 2200 491 2232 ι
525 2180 681 2243 maii,
721 2198 740 2231 ι
775 2177 1120 2234 instituerunt
1146 2218 1161 2242 ,
1205 2175 1365 2233 Urbis
1415 2189 1558 2230 anno
1588 2174 1773 2238 DXIV,
1802 2188 1870 2228 ex

265 2274 508 2330 oraculis
533 2272 774 2344 Sibyllae,
803 2283 860 2325 ut
882 2272 1062 2325 omnia
1088 2271 1226 2324 bene
1246 2269 1689 2325 deﬁorescerent.
1717 2267 1871 2322 Hunc

268 2367 444 2422 Varro
472 2365 827 2430 determinat;
873 2363 990 2418 sole
1019 2362 1182 2418 Tauri
1226 2373 1432 2432 partem
1478 2371 1726 2431 quartam
1770 2358 1868 2414 de-

258 2461 465 2515 cimam
497 2459 790 2515 obtinente.
826 2457 966 2529 Ergo
993 2459 1037 2512 si
1094 2458 1146 2511 in
1190 2456 1290 2510 hoc
1339 2452 1683 2525 quatriduum
1739 2453 1872 2507 inci.

259 2552 416 2608 derit
450 2552 796 2620 plenilunium
819 2592 835 2617 ,
868 2549 1075 2620 fruges,
1103 2561 1157 2604 et
1183 2548 1396 2614 omnia,
1427 2564 1546 2617 qua:
1577 2545 1868 2612 ﬂorebunt,

259 2647 398 2704 redi
438 2663 652 2702 necesse
681 2646 783 2701 erit
850 2664 869 2697 ι
903 2644 1108 2716 (Plin.,
1143 2645 1245 2698 lib.
1278 2659 1405 2697 xvm
1466 2640 1604 2694 Hist.
1655 2651 1828 2694 natur.
1851 2677 1868 2705 ,

258 2757 392 2811 cap.
430 2741 512 2804 19,
538 2757 660 2811 pag.
694 2738 844 2808 5‘27).
878 2737 932 2791 lu
984 2736 1134 2791 fastis
1185 2744 1362 2790 autem
1397 2733 1726 2788 kalendariis
1769 2746 1868 2786 no-

259 2845 459 2890 tantur
481 2851 556 2899 vt,
587 2833 889 2902 kal.juoii,
941 2841 997 2886 et
1039 2831 1091 2884 in
1139 2827 1452 2884 kalendario
1503 2827 1724 2882 Rustico
1769 2825 1871 2880 sub

259 2929 397 2983 maii
442 2928 642 2981 mensis
682 2925 865 2980 ﬁnem.
908 2925 1070 2979 Plura
1115 2924 1181 2978 de
1210 2923 1352 2978 ludis
1384 2922 1489 2976 illis
1518 2919 1745 2974 maxima
1776 2919 1872 2975 ob-

260 3020 558 3075 serenitate
585 3028 641 3074 et
693 3018 908 3072 lascivia
964 3017 1249 3072 celebratis
1298 3015 1344 3070 si
1381 3014 1689 3078 desideres,
1719 3011 1871 3068 adire

262 3113 479 3186 poteris
512 3110 833 3178 Varronem,
866 3108 1183 3165 Ciceronem
1211 3151 1225 3175 ,
1281 3109 1620 3175 Suetonium,
1656 3106 1869 3161 Martia-

264 3209 419 3270 lem,
452 3205 724 3261 Valerium
755 3203 1042 3259 Maximum
1066 3245 1080 3264 ,
1126 3211 1284 3272 atque
1332 3204 1384 3256 in
1416 3202 1603 3272 primis
1636 3199 1865 3254 Lactan-

1974 1994 2246 2041 contracta
2262 1996 2386 2038 esse
2403 1978 2735 2038 commissio,
2756 1976 2799 2030 si
2822 1989 2917 2046 per
2933 1973 3001 2028 im
3011 1971 3308 2041 prudentia:
3330 1969 3560 2038 lapsum,

1974 2078 2146 2132 autin
2181 2075 2347 2130 verbo
2373 2072 2658 2144 quispiam,
2709 2077 2802 2122 aut
2844 2065 3126 2138 sympuvio
3180 2061 3462 2124 deerrarit,
3517 2057 3564 2112 si

1973 2185 2134 2225 cursu
2159 2168 2210 2222 in
2233 2165 2564 2221 solemnibus
2592 2161 2754 2226 ludis,
2779 2156 3166 2225 curriculisque
3195 2151 3390 2208 divinis
3413 2165 3565 2205 com-

1974 2263 2220 2322 missum,
2251 2273 2439 2314 omnes
2469 2255 2647 2311 statim
2677 2255 2729 2309 in
2761 2252 3050 2321 religiones
3087 2247 3332 2302 clamatis
3357 2259 3558 2306 sacras,

1973 2357 2017 2410 si
2047 2353 2250 2410 Ludius
2303 2354 2422 2424 (ius.
2457 2346 2678 2421 Lydius)
2705 2345 2961 2408 constitit,
2988 2351 3081 2397 aut
3104 2341 3315 2396 tibicem
3340 2348 3562 2408 repente

1972 2448 2264 2510 conticuit;
2313 2455 2405 2499 aut
2450 2444 2495 2498 si
2544 2441 2800 2512 patrimus
2844 2436 2954 2503 ille,
2990 2434 3080 2507 qui
3111 2434 3375 2488 vocitatur
3403 2445 3558 2502 puer,

1972 2542 2156 2597 omisit
2201 2555 2296 2610 per
2338 2534 2692 2607 ignorantiam
2742 2532 2939 2596 lorum,
2991 2537 3084 2581 aut
3132 2535 3330 2580 terram
3378 2533 3562 2576 tenere

1973 2650 2078 2690 non
2109 2632 2281 2702 potuit
2340 2651 2359 2682 ›
2395 2627 2636 2698 (Arnob.,
2683 2626 2750 2678 lib
2800 2639 2874 2686 iv,
2909 2639 3028 2693 pug.
3072 2618 3221 2685 M9).
3257 2615 3407 2673 Unde
3434 2629 3562 2670 vero

1975 2729 2090 2783 hmc
2117 2727 2204 2781 ille
2230 2722 2520 2792 acceperit,
2564 2721 2608 2774 si
2663 2718 2782 2789 quis
2823 2732 2889 2771 ex
2937 2713 3091 2768 nobis
3137 2710 3458 2774 sciscitetur,
3504 2706 3561 2762 in

1972 2831 2222 2894 promptu
2250 2815 2534 2884 reSjionsio
2561 2822 2664 2878 est,
2695 2809 2822 2866 illud
2849 2809 3138 2864 delibatum
3177 2821 3242 2861 ex
3265 2805 3375 2874 jam
3398 2802 3559 2857 citata

1971 2915 2250 2971 Ciceronis
2279 2911 2540 2966 oratione.
2565 2906 2641 2961 Ibi
2671 2905 2868 2960 etenim
2891 2919 2904 2950 .-
2927 2921 2944 2951 ‹
2980 2901 3034 2956 Si
3065 2897 3288 2962 Ludius,
3317 2916 3337 2948 ι
3367 2894 3559 2964 inquit,

1979 3030 1998 3064 ι
2026 3009 2286 3073 constitit,
2340 3014 2432 3059 aut
2473 3001 2688 3057 tibicem
2739 3006 2962 3068 repente
2989 2993 3264 3057 conticuit,
3311 2997 3402 3044 aut
3431 3002 3563 3058 puer

1973 3105 2064 3160 ille
2091 3103 2350 3175 patrimus
2377 3107 2431 3152 ct
2460 3096 2761 3155 matrimus,
2795 3093 2840 3146 si
2889 3100 3084 3144 terram
3114 3103 3219 3142 non
3250 3083 3440 3149 tenuit,
3469 3090 3564 3135 aut

1974 3212 2206 3263 tensam,
2237 3204 2329 3248 aut
2355 3194 2526 3247 lorum
2554 3188 2753 3253 amisit,
2782 3195 2874 3240 aut
2898 3187 2940 3240 si
2969 3181 3142 3237 :edilis
3175 3177 3360 3239 verbo.
3393 3185 3486 3229 aut
3515 3175 3563 3228 si

262 3301 408 3354 tium
436 3341 450 3364 ,
477 3299 565 3369 qui
593 3297 796 3352 erroris
818 3307 994 3351 tamen
1025 3295 1304 3364 cujusdam
1334 3310 1362 3348 τι
1384 3294 1493 3349 Vos
1525 3295 1576 3348 io
1603 3293 1863 3362 arguitur,
1897 3263 1942 3326 C
1973 3303 2106 3348 nutu
2144 3286 2436 3348 aberravit,
2463 3283 2572 3337 ludi
2593 3289 2717 3336 sunt
2745 3293 2850 3333 non
2891 3277 2993 3330 rite
3015 3272 3159 3339 facti,
3187 3285 3358 3339 eaque
3384 3274 3561 3322 errata

259 3393 362 3449 sed
419 3406 594 3447 utrum
639 3393 787 3462 jure,
839 3392 925 3445 vel
973 3391 1164 3458 injuria
1198 3404 1296 3443 suo
1325 3388 1444 3442 loco
1498 3386 1868 3458 expendemus

263 3487 285 3558 (
321 3484 510 3538 Varro.
536 3526 549 3547 ,
601 3484 690 3538 lib.
738 3499 788 3538 tv
836 3483 899 3536 de
941 3481 1092 3553 Ling.
1129 3481 1302 3548 latim,
1353 3497 1474 3550 pag.
1506 3480 1592 3541 18,
1621 3479 1706 3533 lib.
1741 3477 1861 3532 Rer.

261 3591 401 3635 rust.
434 3595 547 3647 cap.
581 3580 636 3639 1;
661 3575 769 3632 Cic.
797 3618 810 3639 ,
835 3585 970 3630 orat.
1017 3576 1050 3630 4
1088 3577 1140 3627 in
1179 3572 1322 3628 Verr.
1345 3615 1362 3640 ,
1411 3590 1529 3643 pag.
1558 3571 1682 3634 194;
1717 3570 1862 3626 Suet.

262 3674 320 3726 in
364 3668 470 3725 Vit.
493 3668 642 3724 Call).
667 3711 681 3734 ,
710 3669 764 3733 6,
798 3667 825 3740 §
854 3669 908 3732 6;
943 3665 1054 3720 Val.
1085 3665 1254 3730 Max.,
1284 3664 1369 3718 lib.
1401 3681 1458 3729 ιι,
1483 3681 1595 3734 cap.
1624 3662 1711 3728 10,
1746 3661 1774 3733 §
1802 3662 1866 3724 8;

269 3765 509 3820 Martial.
533 3807 546 3829 ,
605 3764 692 3817 lib.
738 3781 775 3827 ι,
822 3763 982 3834 epigr.
1015 3762 1048 3816 5
1073 3771 1118 3814 et
1147 3761 1250 3826 56;
1315 3761 1529 3830 August.
1558 3800 1573 3825 ,
1627 3758 1713 3812 lib.
1742 3773 1778 3812 ιι
1810 3758 1873 3811 de

270 3858 430 3912 Civil.
460 3873 569 3925 cap.
596 3856 688 3918 27,
721 3872 842 3926 pag.
872 3852 983 3923 57).

347 3950 680 4018 Megalenses
733 3964 862 4001 vero
913 3946 1024 4001 ludi
1079 3947 1130 3999 in
1179 3945 1359 4000 Matris
1385 3943 1545 3999 deum
1577 3943 1869 4008 honorem,

270 4049 532 4117 inSpectis
564 4047 717 4101 libris
754 4045 1052 4118 sibyllinis,
1085 4044 1284 4099 decreti
1325 4043 1558 4096 fuerant.
1588 4041 1666 4095 Eo
1694 4051 1870 4096 autem

271 4143 495 4197 nomine
521 4141 817 4210 appellatos
847 4138 1154 4208 perhibent,
1185 4137 1305 4206 quia
1334 4136 1656 4190 Pessinunte
1684 4176 1699 4200 ,
1732 4134 1872 4189 unde

277 4237 377 4292 dea
429 4236 539 4295 illa,
591 4236 704 4288 sive
751 4233 868 4302 ejus
917 4231 1123 4302 efﬁgies
1157 4231 1380 4284 Romam
1427 4239 1699 4299 aSportata
1757 4237 1867 4292 est,

275 4343 616 4391 exstructum
664 4331 762 4384 l'nit
787 4329 1196 4385 celeberrimum
1225 4326 1368 4380 illius
1399 4326 1678 4395 templum,
1707 4323 1870 4394 quod,

275 4429 524 4484 Varrone
563 4433 882 4490 attestaute,
914 4421 1232 4492 illegalesion
1264 4419 1685 4488 nuncupabatur.
1716 4435 1735 4468 ‹
1764 4417 1873 4472 Me-

269 4523 474 4594 galesia
498 4564 510 4584 ,
554 4539 572 4569 ι
611 4518 782 4588 inquit
809 4516 898 4570 ille
922 4557 936 4579 ,
977 4535 994 4564 ι
1031 4515 1171 4569 dicta
1203 4530 1233 4568 a
1259 4511 1482 4578 Graecis,
1515 4510 1658 4581 quod
1704 4525 1772 4566 ex
1811 4509 1874 4564 li-

269 4617 388 4672 bris
424 4611 695 4686 siliyllinis
748 4608 1006 4664 accersita
1053 4607 1120 4662 ab
1167 4605 1376 4672 Attalo,
1435 4620 1561 4676 rege
1590 4605 1868 4674 Pergami,

273 4722 444 4778 prope
490 4719 703 4758 murum
750 4700 1109 4771 Megalesiou,
1154 4698 1240 4753 ubi
1290 4696 1548 4766 templum
1577 4695 1693 4764 ejus
1723 4695 1870 4760 deae,

273 4801 418 4853 unde
443 4798 670 4852 advecta
713 4795 938 4849 Romam
968 4813 986 4845 ι
1015 4789 1227 4863 (νωϊη
1251 4789 1340 4844 lib.
1372 4805 1401 4842 ν
1425 4789 1488 4842 de
1516 4787 1668 4858 Ling.
1697 4787 1868 4853 latim,

272 4915 377 4966 pag
435 4895 546 4964 49).
581 4895 651 4947 At
679 4904 988 4961 persuasum
1017 4887 1254 4957 Scaliger
1283 4885 1444 4940 habet
1472 4892 1726 4952 corrupta
1755 4895 1876 4937 esse

273 5009 337 5048 ea
372 4991 534 5044 verba
569 4987 825 5042 Varronis
845 5025 860 5045 .
894 5001 1052 5053 prope
1081 4999 1315 5048 murum,
1345 4989 1401 5035 et
1437 4977 1718 5049 legendum
1747 4975 1872 5031 Pes-

272 5090 508 5150 sinuutc,
540 5083 622 5138 vel
649 5085 750 5138 ἀπὸ
776 5083 965 5160 μητρὸς
991 5081 1205 5154 μεγάλης
1223 5120 1239 5146 ,
1264 5089 1587 5148 quamquam
1615 5076 1684 5146 ίΙΙὶ
1732 5072 1875 5142 prio-

274 5197 395 5237 rem
423 5181 707 5236 lectionem
741 5179 908 5248 magis
953 5175 1192 5230 inclinet.

351 5273 427 5328 De
452 5273 536 5328 his
567 5286 728 5342 porro
759 5269 916 5335 ludis,
947 5283 1175 5338 quorum
1205 5265 1406 5332 Livius,
1437 5263 1637 5334 aliique
1662 5261 1861 5332 smpius

279 5367 605 5432 meminere,
632 5365 710 5419 sic
741 5363 914 5418 oravit
941 5361 1131 5416 Cicero
1163 5379 1174 5414 :
1215 5378 1233 5412 ι
1270 5358 1406 5426 Quid
1433 5372 1534 5428 ego
1576 5356 1643 5411 de
1668 5355 1770 5410 illis
1795 5353 1876 5408 lu-

279 5459 366 5513 dis
389 5458 599 5528 loquar.
633 5471 770 5526 quos
801 5455 852 5508 in
885 5453 1088 5507 Palatio
1120 5452 1285 5506 nostri
1333 5451 1563 5518 majores
1590 5458 1716 5501 ante
1738 5455 1876 5500 tem-

281 5552 460 5623 plum,
494 5551 544 5603 in
576 5550 692 5617 ipso
719 5547 900 5601 Matris
924 5559 1129 5614 magna;
1146 5551 1457 5612 conspectu,
1488 5538 1879 5609 Magalensibns

280 5644 423 5710 ﬁeri,
479 5641 850 5710 celebrarique
896 5636 1214 5692 voluerunt?
1259 5634 1362 5702 Qui
1391 5640 1518 5685 sunt
1549 5644 1697 5684 more
1728 5628 1881 5684 insti-

284 5741 522 5808 tutisque
571 5737 808 5790 maxime
852 5735 1004 5800 casti,
1047 5731 1335 5794 solemnes,
1380 5727 1610 5798 religiosi
1643 5745 1655 5782 :
1687 5725 1885 5796 quibus

283 5836 427 5891 ludis
457 5834 687 5904 primum
723 5839 848 5885 ante
876 5829 1054 5900 populi
1086 5840 1400 5883 consessum
1421 5865 1436 5891 ,
1469 5821 1677 5879 senatui
1708 5820 1884 5874 locum

285 5928 350 5983 Ρ.
386 5925 667 5982 Africanus
697 5925 888 5979 iterum
921 5921 1107 5975 consul
1149 5921 1238 5974 ille
1269 5918 1439 5989 major
1465 5917 1774 5972 dedit.......
1809 5913 1883 5968 Ita

1971 3385 2276 3454 expiantur,
2301 3388 2357 3434 et
2387 3386 2595 3432 tuentes
2620 3373 2842 3428 deorum
2873 3365 3276 3427 immortalium,
3315 3360 3562 3414 ludorum

1970 3475 2359 3533 instauratione
2385 3471 2660 3540 placantur
2685 3485 2703 3518 ι
2739 3463 2953 3534 (Cicer.,
2983 3469 3115 3514 orat.
3150 3459 3240 3522 50,
3261 3457 3322 3508 de
3367 3454 3560 3526 Arusp.

1971 3572 2154 3641 3881).,
2188 3585 2308 3638 pag.
2340 3565 2465 3628 432,
2498 3563 2587 3616 (in.
2613 3560 2730 3631 96).
2764 3558 2869 3613 Nos
2890 3567 3064 3610 autem
3097 3553 3310 3623 quidam
3339 3563 3563 3602 monue-

1973 3675 2097 3721 runt
2120 3665 2173 3717 in
2198 3665 2298 3716 hoc
2318 3657 2596 3715 Ciceronis
2629 3663 2775 3709 textu
2805 3668 2899 3721 pro
2924 3650 3004 3704 liis
3036 3646 3233 3711 verbis,
3259 3653 3345 3696 aut
3366 3643 3409 3695 si
3437 3649 3564 3695 nutu

1974 3757 2250 3817 aberravit,
2284 3755 2336 3808 in
2365 3748 2688 3823 quibusdam
2705 3744 2983 3801 codicibus
3009 3743 3291 3810 scriptum,
3319 3745 3405 3790 aut
3426 3749 3564 3804 sgm-

1975 3853 2095 3922 pulo
2118 3847 2384 3903 aberravit.
2428 3842 2702 3898 Arnobius
2733 3849 2908 3892 tamen
2956 3835 3147 3905 legisse
3190 3830 3420 3894 videtur,
3476 3837 3564 3880 aut

1973 3920 2241 4017 sympuvio
2263 3937 2512 3994 deerravit
2537 3953 2555 3989 :
2578 3933 2671 3989 sed
2692 3932 2881 3988 eodem
2906 3928 3228 3998 signiﬁcatur.
3250 3920 3562 3994 Sympulum

1974 4038 2238 4109 siquidem
2269 4045 2322 4088 et
2346 4030 2685 4104 sympuvium
2718 4025 3021 4096 signiﬁcant
3070 4019 3283 4075 ﬁctilem
3313 4018 3560 4082 calicem,

1975 4149 2081 4204 quo
2108 4130 2289 4184 vinum
2319 4128 2370 4179 in
2410 4123 2690 4180 sacriﬁciis
2743 4120 2894 4175 libari
2948 4116 3171 4171 Solebat.
3230 4108 3562 4179 Quibusdam

1979 4199 2111 4280 vero
2137 4221 2354 4276 dubium
2385 4216 2607 4271 forsitan
2651 4212 2864 4266 videtur
2905 4219 3081 4263 utrum
3112 4207 3162 4260 in
3197 4206 3312 4273 ipso
3340 4199 3566 4256 Arnobii

1979 4327 2124 4372 textu
2153 4327 2347 4368 nomen
2377 4303 2749 4380 postuliouibus
2765 4303 3119 4357 adulteratam
3147 4313 3249 4353 non
3271 4297 3360 4359 sit,
3379 4308 3442 4349 ac
3459 4293 3565 4364 legi

1977 4399 2639 4477 debeatpostulationibus.
2667 4395 2799 4450 Nam
2823 4392 3013 4448 Cicero
3042 4389 3198 4460 paulo
3240 4397 3365 4442 ante
3402 4387 3565 4441 citata

1977 4519 2007 4558 a
2033 4501 2188 4557 nobis
2217 4499 2334 4568 ejus
2365 4495 2524 4550 verba
2554 4493 2801 4547 dixerat:
2839 4508 2857 4540 ι
2899 4485 3293 4542 Postulatioues
3319 4482 3566 4539 decretas

1978 4610 2098 4652 esse
2114 4592 2253 4654 Jovi,
2269 4590 2522 4652 Saturno,
2538 4585 2808 4655 Neptuno,
2825 4580 3048 4646 Telluri,
3068 4579 3170 4634 diis
3185 4576 3518 4644 ctelestibus,
3541 4593 3562 4629 ι

1978 4701 2138 4760 atque
2163 4687 2322 4741 etiam
2354 4696 2539 4755 pOSIea
2570 4700 2583 4736 :
2620 4699 2638 4732 ι
2670 4678 2870 4734 Telluri
2918 4674 3204 4746 postulatio
3255 4672 3501 4727 debetur.
3542 4689 3563 4722 ι

1979 4782 2174 4858 (Idem,
2202 4781 2353 4844 ibid.,
2383 4779 2475 4832 lin.
2509 4776 2562 4837 8;
2586 4783 2633 4828 et
2654 4789 2775 4844 pag.
2807 4771 2932 4836 451,
2958 4770 3049 4824 lin.
3084 4767 3170 4832 40;
3201 4764 3436 4830 Cutinam,
3478 4761 3569 4817 lib.

1979 4856 2029 4934 tv
2053 4880 2114 4932 de
2135 4877 2262 4930 Jure
2285 4867 2504 4944 pontiﬁ,
2529 4886 2644 4938 cap.
2683 4863 2798 4938 l5.)
2821 4864 3081 4920 Gotherio
3106 4871 3280 4915 tamen
3309 4856 3572 4929 probatur

1977 4969 2067 5025 illa
2099 4964 2320 5022 Arnobii
2349 4964 2510 5018 lectio
2541 4955 2932 5030 postulionibus,
2961 4965 3121 5023 atque
3149 4962 3204 5005 ut
3224 4963 3440 5005 omnem
3468 4946 3571 5002 tol-

1979 5063 2093 5118 lere
2123 5058 2432 5128 scrupulum
2483 5063 2662 5125 queat,
2717 5047 2994 5104 contendit
3050 5045 3437 5116 postulationes,
3467 5039 3572 5096 diis

1981 5156 2193 5228 superis
2219 5153 2402 5216 factas,
2443 5159 2497 5205 et
2527 5145 2708 5202 inferis
2730 5142 3065 5216 postuliones,
3101 5140 3294 5210 quibus
3321 5134 3576 5207 petebant

1982 5252 2260 5307 hominem
2289 5247 2372 5302 liis
2393 5241 2667 5300 devoveri.
2700 5238 2896 5295 Verum
2933 5235 3035 5292 etsi
3064 5249 3150 5290 res
3180 5233 3250 5288 ita
3279 5241 3445 5290 esset,
3464 5242 3575 5300 quo

1982 5352 2300 5419 argumento
2329 5339 2644 5396 conﬁcietur
2699 5336 3010 5399 Aruoltium,
3045 5332 3114 5387 ibi
3145 5331 3214 5387 de
3253 5328 3359 5384 diis
3387 5326 3577 5383 inferis

1984 5441 2184 5513 potius,
2214 5451 2376 5507 quam
2395 5432 2608 5504 superis
2627 5430 2816 5486 fecisse
2837 5442 3165 5483 sermonem.
3193 5423 3248 5479 Si
3268 5420 3392 5493 quid
3413 5421 3578 5476 enim-

1985 5549 2114 5590 vero
2140 5548 2206 5586 ex
2233 5529 2515 5589 Cicerone,
2536 5524 2690 5580 sicuti
2713 5521 2967 5586 diximus,
2988 5517 3262 5581 delibavit,
3292 5514 3359 5570 de
3385 5513 3576 5569 iisdem

1988 5625 2370 5701 proculdubio,
2403 5631 2561 5692 atque
2584 5619 2694 5681 ille,
2720 5616 2820 5672 diis
2845 5613 3054 5685 superis
3095 5612 3350 5680 loquitur.
3395 5606 3578 5662 Adda-

1991 5737 2132 5787 mus,
2162 5719 2206 5774 si
2239 5717 2394 5784 velis,
2429 5715 2560 5769 nihil
2597 5710 2864 5781 imperito,
2925 5717 3015 5760 aut
3059 5704 3325 5759 festinanti
3358 5701 3578 5758 librario

1990 5813 2221 5876 facilius,
2261 5824 2419 5883 quam
2467 5804 2753 5862 scribendo
2796 5814 2988 5855 nomen
3041 5797 3429 5870 postulionibus,
3482 5793 3579 5849 has

1993 5911 2128 5966 duas
2172 5907 2398 5968 litteras,
2428 5909 2501 5969 at,
2535 5897 2807 5953 omittere.
2848 5891 3015 5950 Nobis
3052 5889 3264 5964 quidem
3314 5903 3422 5945 non
3451 5885 3581 5944 latet
