4166 6256
573 317 681 373 565
1848 301 2301 365 DISSERTATIO
2326 301 2607 362 PRJEVIA
2937 295 2940 299 ’
3752 290 3861 357 ΒΜ

577 434 879 492 Varronem
909 430 1129 487 nomine
1150 428 1477 502 ipostulionis,
1513 427 1592 483 sic
1618 425 1815 482 alicubi
1840 438 1995 480 usum
2023 438 2168 491 esse,
2198 427 2254 488 Α
2277 422 2967 490 obscmnitatibusJudicra
2988 434 3044 481 et
3059 425 3241 482 inﬁmi
3262 436 3614 496 personarum
3640 436 3866 479 suarum

581 530 675 585 ubi
702 526 956 597 scripsit:
995 544 1013 578 ‹
1043 526 1211 580 Deum
1229 523 1460 579 Manium
1486 520 1848 592 postulionem
1880 518 2171 587 postulare,
2272 518 2777 586 repraesentatione,
2810 529 2971 587 atque
3008 521 3246 589 insuper,
3288 512 3744 590 quemadmodum
3788 519 3869 572 lo-

578 624 635 679 id
666 633 768 685 est,
811 621 986 676 civem
1016 618 1373 674 fortissimum
1404 614 1593 693 eodem
1623 613 1762 668 mitti
1790 631 1808 664 ι
1838 610 2050 683 (Vana,
2082 609 2171 663 lib.

577 732 634 773 ιν
660 716 723 769 de
744 713 899 785 Ling.
933 713 1106 776 latin..
1138 728 1260 783 pag.
1290 708 1405 780 55).
1435 708 1540 765 Sed
1569 706 1808 776 Scaliger
1853 705 1925 759 ibi
1948 702 2176 758 delenda

580 815 769 863 censet
801 806 915 859 haec
940 805 1128 869 verba,
1163 803 1217 857 id
1248 812 1340 869 est,
1366 810 1420 856 et
1446 798 1750 871 postulionix
1792 796 2010 852 nomine
2034 795 2176 849 idem

580 914 646 956 ac
672 898 1034 968 postulationis
1063 896 1302 966 signiﬁca
1311 896 1376 950 ri.
1646 950 1649 957 η

656 990 925 1060 Quidquid
948 1003 1109 1059 porro
1141 986 1592 1059 pronuntiaveris,
1630 981 1903 1038 Arnobius
1944 996 2009 1035 ex
2040 978 2182 1049 ejus-

586 1085 710 1140 dem
742 1082 1023 1138 Ciceronis
1052 1081 1232 1136 verbis
1273 1095 1334 1134 ea
1383 1078 1558 1133 adhuc
1607 1074 1902 1145 sumpsisse
1948 1072 2179 1138 videtur,

592 1191 716 1249 qua:
744 1174 814 1231 de
839 1174 1067 1229 aliorum
1112 1172 1383 1235 ludorum,
1417 1182 1633 1242 propter
1660 1184 1896 1229 servum,
1941 1167 2106 1236 virgis
2131 1165 2182 1219 in

590 1270 738 1325 circo
786 1283 985 1323 caesum
1022 1277 1076 1321 et
1104 1275 1372 1330 neCatum,
1404 1262 1795 1319 instauratione
1822 1269 2006 1331 postea
2034 1269 2184 1331 retu-

591 1361 655 1415 lit
681 1360 921 1433 (Arnob.,
950 1360 1039 1414 lib.
1069 1374 1162 1425 νιι,
1197 1376 1316 1429 pag.
1345 1356 1497 1428 ‘2'“).
1534 1356 1641 1412 Sed
1673 1354 1789 1410 haec
1816 1353 1953 1408 infra
1976 1368 2005 1407 a
2029 1351 2186 1407 nobis

593 1453 790 1523 aptiori
819 1452 942 1507 loco
970 1450 1301 1506 enucleanda
1334 1459 1476 1504 sunt.

670 1544 940 1603 Cancrum
982 1557 1089 1612 quo
1124 1542 1315 1613 majori
1348 1540 1492 1595 cultu
1523 1550 1576 1594 et
1602 1538 1863 1609 religione
1884 1536 1963 1605 hi,
1993 1535 2190 1605 aliique

600 1638 810 1709 praefati
841 1638 1111 1692 solemnes
1143 1636 1272 1697 ludi,
1302 1636 1371 1689 ab
1401 1633 1627 1688 ethnicis
1668 1630 2098 1694 celebrabantur,
2127 1643 2192 1683 eo

600 1732 905 1788 evidentius
931 1730 1057 1784 inde
1083 1729 1390 1783 ostenditur
1417 1727 1568 1793 deos,
1595 1727 1685 1793 qui
1715 1725 1768 1779 in
1811 1725 1913 1778 illis
1938 1723 2193 1778 coleban-

2275 610 2462 681 quitur
2492 610 2785 676 Arnobius,
2819 631 2839 664 ι
2874 612 3209 682 stupidorum
3256 612 3522 681 capitibus
3544 613 3703 673 rasis,
3732 611 3872 664 sala-

2280 703 2507 769 pitarum
2540 704 2740 770 sonitu,
2786 714 2841 759 et
2892 703 3219 759 fascinorum
3265 704 3560 774 ingentium
3600 700 3802 758 rubore
3852 719 3870 753 ι

2258 794 2521 865 ~(Arnob.,
2553 796 2640 869 lib.
2683 812 2778 865 vn,
2808 815 2928 869 pag.
2958 796 3127 868 2‘59)?
3148 797 3206 851 ln
3238 797 3385 852 hisce
3411 797 3622 852 scilicet
3647 797 3878 852 scenicis

2283 889 2422 944 ludis
2450 890 2665 961 quidam
2707 892 2856 946 mimi
2888 901 2944 947 et
2984 892 3298 956 histriones,
3328 891 3586 947 ridiculas
3636 891 3881 961 stupido-

2284 1000 2402 1037 rum
2428 980 2724 1051 hominum,
2756 984 2891 1040 rasis
2921 985 3210 1054 capitibus,
3244 1001 3509 1056 personas
3537 972 3792 1053 agebant,
3820 1000 3881 1039 ac

2286 1076 2634 1143 salapitarum
2668 1080 2867 1143 sonitu,
2905 1077 2953 1131 id
2996 1088 3099 1140 est.
3140 1079 3415 1144 alaparum
3444 1078 3660 1142 ictibus,
3688 1094 3880 1132 sonum

2288 1168 2609 1248 edentibus,
2663 1164 2827 1227 ofﬁcii
2886 1172 2967 1226 sui
3025 1168 3474 1226 admonebantur.
3521 1162 3882 1240 Quamobrem

2290 1245 2654 1317 Tertullianus
2681 1262 2821 1318 hanc
2853 1265 3095 1318 insanam
3143 1264 3737 1334 impudentissimorum
3783 1264 3884 1318 ho-

2290 1356 2495 1411 mitium
2527 1354 2881 1412 temeritatem
2912 1358 2989 1413 sic
3014 1358 3220 1421 irridet,
3244 1367 3298 1413 et
3327 1358 3601 1427 exagitat:
3638 1375 3658 1408 ι
3698 1357 3886 1412 Place-

2291 1450 2368 1507 bit
2410 1451 2501 1520 qui
2546 1450 2723 1506 vultus
2767 1465 2895 1506 suos
2941 1451 3201 1507 novacula
3236 1453 3445 1505 mutat?
3498 1450 3733 1506 lnfidelis
3763 1464 3885 1519 erga

2294 1542 2486 1599 faciem
2517 1558 2689 1607 suam,
2720 1558 2881 1614 quam
2907 1559 3014 1601 non
3040 1555 3328 1600 contentus
3355 1545 3611 1609 Saturno,
3644 1555 3700 1599 et
3740 1544 3885 1606 Isidi.

2294 1644 2351 1691 et
2367 1635 2563 1692 Libero
2587 1636 2886 1705 proximam
2917 1637 3115 1701 facere,
3162 1637 3383 1706 insuper
3408 1637 3747 1692 contumeliis
3779 1637 3889 1689 ala-

2299 1744 2486 1798 parum
2509 1728 2588 1785 sic
2616 1728 2825 1798 objicit,
2853 1730 3003 1796 quasi
3052 1731 3123 1785 de
3166 1741 3440 1802 praecepto
3480 1728 3682 1785 Domini
3717 1724 3893 1783 ludat.

600 1837 711 1892 tur,
741 1824 904 1878 falsos
927 1838 1047 1878 esse
1072 1832 1128 1877 et
1155 1821 1573 1879 commentitios,
1591 1834 1655 1874 ac
1674 1817 2019 1886 depravatam
2043 1831 2195 1885 pror-
2225 1811 2272 1872 Β
2301 1820 2470 1876 Docet
2494 1820 2703 1876 scilicet
2728 1832 2781 1876 et
2807 1821 3056 1877 diabolus
3082 1823 3465 1879 verberandam
3493 1822 3765 1877 maxillam
3798 1837 3896 1890 pa-

602 1932 697 1973 sus
718 1926 773 1972 et
792 1924 1098 1984 corruptam
1124 1912 1289 1967 fuisse
1318 1911 1630 1968 eorumdem
1671 1908 1950 1981 gentilium
1981 1906 2196 1978 religio-

603 2028 752 2069 nem.
776 2011 909 2067 Nam
958 2012 1012 2063 in
1063 2008 1213 2063 hisce
1262 2007 1401 2061 ludis
1440 2017 1633 2075 praeter
1664 2004 1765 2059 alia
1812 2002 2063 2073 plurima,
2094 2001 2197 2056 diis

602 2105 767 2174 plane
794 2102 1030 2172 indigna,
1060 2099 1359 2167 agebantur
1384 2095 1664 2166 tragmdiae
1703 2092 1972 2159 crudeles,
2003 2100 2059 2147 et
2090 2101 2200 2146 tur-

604 2212 705 2268 pes
728 2180 1029 2261 comtedize,
1058 2193 1125 2249 de
1150 2192 1344 2261 quibus
1376 2191 1533 2259 paulo
1569 2197 1693 2244 ante
1721 2187 2092 2243 disseruimus.
2119 2189 2201 2243 Ah

608 2286 853 2344 Arnobio
881 2296 1060 2340 autem
1085 2294 1272 2340 nostro
1302 2284 1618 2337 nominatim
1665 2281 1970 2336 indicantur
1994 2279 2204 2351 Sophu-

609 2383 712 2438 clis
761 2381 1087 2444 Trachinius,
1137 2378 1398 2434 Hercules
1439 2375 1732 2447 Euripidis,
1779 2385 1834 2430 et
1872 2374 2046 2429 Plauti
2075 2377 2204 2429 Am-

608 2475 830 2546 phitryo
862 2473 1051 2546 (Ibid.,
1104 2489 1235 2547 pag.
1277 2470 1382 2527 258
1412 2479 1457 2524 el
1484 2467 1685 2542 seqq.);
1729 2484 1847 2538 qua:
1870 2466 2086 2539 quidem
2114 2482 2207 2522 co—

610 2568 847 2633 mcedias,
873 2564 1014 2621 haud
1037 2565 1204 2620 semel
1229 2564 1371 2635 typis
1399 2562 1579 2629 editae,
1608 2562 1663 2616 in
1691 2560 1931 2616 omnium
1963 2560 2208 2614 manibus

613 2667 919 2713 versantur.
953 2656 1068 2711 Huc
1102 2653 1328 2717 accedit,
1359 2654 1501 2724 quod
1530 2662 1761 2723 quatuor
1792 2651 2073 2707 conandi-ae
2102 2650 2206 2705 Te-

616 2753 776 2810 rentii
804 2760 1058 2807 notentur
1084 2758 1218 2802 actae
1249 2747 1331 2802 his
1360 2748 1512 2816 ipsis,
1540 2762 1677 2816 quos
1704 2746 2079 2816 explicuimus,
2103 2743 2210 2799 Meo

618 2845 929 2916 galensibus
969 2841 1131 2897 ludis.
1164 2841 1297 2909 Quis
1326 2850 1507 2894 autem
1553 2839 1726 2894 nescit
1771 2848 2028 2909 quantum
2056 2838 2106 2891 in
2137 2838 2212 2891 eis

618 2941 748 2996 hesa
771 2939 1033 3009 irrisaque
1056 2936 1238 3003 fuerit,
1269 2934 1316 2989 si
1354 2936 1443 3005 qui
1474 2949 1593 2989 esse
1642 2934 1963 3004 potuissent,
1991 2931 2214 2986 deorum

620 3031 914 3102 maiestas?

695 3122 861 3178 Addit
889 3130 1147 3192 praeterea
1170 3130 1355 3174 auctor
1399 3129 1583 3173 noster
1630 3127 1780 3173 actas
1833 3116 2007 3171 adhuc
2054 3115 2218 3171 fuisse

2301 1913 2496 1969 tienter
2524 1912 2755 1969 offerre?
2792 1932 2811 1968 ι
2844 1912 3111 1987 (Tertull.,
3137 1915 3224 1970 lib.
3244 1917 3308 1970 de
3330 1914 3593 1984 Spectac.,
3624 1931 3742 1982 cap.
3776 1911 3896 1983 28.)

2301 2006 2475 2062 Julius
2500 2022 2629 2062 vero
2652 2005 2987 2077 Capitolinus
3015 2016 3199 2062 narrat
3220 2008 3492 2078 quomodo
3519 2006 3769 2076 stupidus
3791 2004 3901 2076 qui-

2300 2102 2423 2157 dam
2448 2103 2499 2156 in
2523 2117 2681 2155 scena
2708 2102 3010 2157 adulterum
3036 2102 3217 2158 uxoris
3250 2101 3499 2156 Antonini
3540 2099 3856 2168 PliilOSOphi
3874 2139 3893 2164 ,

2304 2211 2370 2251 eo
2398 2204 2679 2264 praesente,
2711 2195 2925 2250 nomine
2946 2209 3045 2250 suo
3069 2194 3418 2265 appellaverit
3451 2193 3783 2266 (Capitolin.,
3810 2192 3900 2246 sub

2307 2291 2401 2356 ﬁn.
2458 2288 2560 2343 Vit.
2614 2289 2803 2344 Anton.
2852 2286 3194 2360 philosoplt.).
3251 2288 3319 2343 At
3358 2286 3491 2341 nihil
3539 2284 3902 2355 impudentius

2309 2382 2705 2453 fascino,cnjus
2722 2382 2866 2437 nulla
2896 2396 3173 2452 umquam,
3191 2380 3291 2435 nisi
3320 2382 3387 2436 ab
3413 2379 3903 2449 aliquibus.quem-

2309 2474 2598 2530 admodum
2630 2474 2951 2545 Augustino,
2981 2484 3036 2528 et
3081 2483 3303 2531 auctore
3329 2483 3537 2532 nostro.
3571 2470 3905 2526 christiano-

2309 2584 2429 2624 rum
2460 2584 2676 2625 causam
2704 2578 2891 2622 contra
2918 2567 3182 2633 ethnicos,
3208 2566 3276 2621 de
3303 2566 3486 2623 infami
3525 2564 3750 2620 deorum
3774 2576 3900 2617 suo-

2312 2678 2429 2717 rum
2479 2661 2807 2732 impudicitia
2851 2661 3166 2731 gloriantes,
3218 2659 3495 2729 agentibus
3542 2657 3750 2717 mentio
3791 2655 3909 2711 fieri

2312 2754 2501 2811 debuit
2526 2754 2790 2825 (August.,
2818 2754 2907 2807 lib.
2944 2768 2998 2808 v1
3024 2753 3087 2806 de
3112 2752 3285 2816 Civil,
3311 2768 3428 2822 cap.
3458 2750 3512 2815 9,
3542 2768 3663 2822 pag.
3692 2746 3847 2820 157).

2388 2851 2520 2917 Quis
2560 2859 2737 2904 autem
2768 2864 2876 2903 non
2930 2848 3160 2903 fateatur
3212 2846 3339 2902 hinc
3378 2847 3447 2903 ab
3474 2846 3714 2901 Arnobio
3760 2852 3913 2897 recte

2315 2941 2568 2998 concludi
2630 2943 2893 3011 stupenda
2946 2954 3168 3012 prorsus
3218 2940 3460 2996 caecitate
3507 2950 3694 3008 captos
3744 2936 3911 2991 luisse

2316 3034 2544 3104 gentiles
2575 3035 2814 3105 (Arnob.,
2849 3032 2938 3087 lib.
2974 3048 3029 3098 v,
3063 3048 3182 3102 pag.
3219 3031 3321 3085 176
3352 3042 3396 3087 et
3426 3028 3573 3100 186).
3597 3031 3686 3099 qui
3719 3027 3909 3083 crede.

2319 3124 2450 3180 bant
2474 3124 2605 3179 deos
2634 3136 2739 3178 tam
2770 3123 3055 3179 infamibus
3082 3122 3221 3177 ludis
3247 3131 3302 3177 et
3340 3119 3623 3181 commdiis
3650 3118 3914 3189 gaudere,

623 3214 855 3286 publicis
896 3215 948 3267 in
1007 3212 1147 3266 ludis
1188 3212 1481 3278 Atellanus,
1529 3210 1820 3266 commdias
1873 3224 1966 3265 seu
2012 3208 2217 3293 fabulas
2245 3196 2289 3260 C
2322 3219 2424 3273 coli
2461 3229 2622 3288 atque
2670 3218 2907 3287 placari?
2953 3217 3069 3271 Non
3109 3215 3326 3271 aliunde
3364 3216 3582 3270 demum
3614 3225 3764 3267 (πως
3793 3226 3916 3268 esse

627 3306 820 3375 (Ibid,
852 3322 972 3375 pag.
1013 3304 1168 3375 259).
1202 3305 1350 3359 Scire
1379 3313 1555 3358 autem
1585 3305 1628 3357 si
1668 3303 1820 3368 velis,
1860 3316 1995 3371 qum,
2040 3310 2095 3355 et
2123 3316 2219 3375 cur

629 3400 709 3454 sic
740 3399 1131 3469 cognominata:
1163 3397 1290 3460 sint,
1322 3394 1479 3450 facile
1511 3396 1775 3465 intelliges
1812 3410 1874 3448 ex
1908 3377 2055 3447 hisce
2084 3388 2217 3447 Livii

629 3492 852 3547 verbis:
890 3510 907 3540 ι
945 3491 1095 3556 Quod
1123 3504 1294 3560 genus
1325 3488 1567 3542 ludorum
1615 3488 1681 3540 ab
1727 3488 1878 3541 Oscis
1916 3497 2215 3565 acceptum,

631 3585 806 3642 ternuit
829 3585 1104 3653 juventus,
1137 3597 1239 3636 nec
1259 3581 1328 3636 ab
1360 3581 1711 3635 histrionibus
1742 3580 1900 3648 pollui
1936 3562 2087 3649 passa
2116 3562 2216 3633 est.

633 3680 710 3733 Eo
750 3679 1049 3732 institutum
1104 3684 1302 3741 manet,
1347 3683 1404 3727 ut
1444 3681 1655 3726 actores
1702 3672 2091 3731 Atellanarum,
2124 3685 2221 3723 nec

632 3773 774 3827 tribu
804 3779 1146 3835 moveantur,
1174 3780 1227 3823 et
1254 3767 1517 3837 stipendia
1562 3750 1831 3836 tamquam
1857 3775 2107 3835 expertes
2136 3746 2220 3817 lu-

632 3863 801 3918 dicrte
857 3862 990 3915 artis
1034 3860 1233 3915 faciant
1267 3881 1285 3912 ι
1323 3859 1487 3931 (Liv.,
1540 3859 1628 3912 lib.
1666 3873 1760 3925 vn,
1787 3873 1904 3929 cap.
1940 3858 2018 3927 2).
2052 3855 2223 3910 Atella

632 3972 764 4012 vero
809 3952 1119 4025 Campaniae
1165 3953 1420 4023 Oppidum
1473 3967 1613 4005 nunc
1656 3934 1895 4015 Aversa;
1943 3949 2066 4004 Osci
2095 3965 2224 4004 vero

634 4057 793 4107 erant
813 4030 1122 4118 Campania:
1145 4047 1349 4117 p0puli,
1375 4046 1464 4115 qui
1495 4045 1757 4115 turpibus,
1793 4043 2223 4115 quandoquidem

635 4144 815 4200 verbis
840 4159 984 4213 saepe
1007 4145 1204 4211 saepius
1225 4141 1607 4209 abutebantur,
1642 4139 1788 4204 inde,
1813 4154 2007 4193 nomen
2038 4138 2225 4192 obscae-

634 4255 781 4302 num,
808 4238 876 4292 ad
898 4253 1013 4292 rem
1057 4236 1291 4307 aliquam
1319 4244 1532 4303 turpem
1560 4216 1988 4304 signiﬁcandam,
2014 4233 2225 4288 deriva—

637 4341 752 4386 tum
794 4339 897 4385 est.
929 4330 1129 4384 Eorum
1160 4329 1338 4399 itaque
1374 4326 1655 4403 emitte-dite
1701 4326 1927 4403 Romam
1956 4324 2224 4393 adducta).

638 4425 896 4495 quoniam
930 4422 1199 4492 turpiores
1226 4430 1399 4486 erant,
1428 4402 1692 4484 Romana,
1735 4420 1844 4485 vel,
1879 4428 1935 4473 ut
1965 4410 2039 4473 ait
2068 4418 2228 4495 Vale:

642 4520 753 4577 rius
807 4517 1097 4583 Maximus,
1160 4516 1335 4571 italica
1391 4516 1682 4570 severitate
1739 4523 2051 4583 temperata:
2105 4492 2230 4567 sunt

643 4608 792 4689 (Val.
818 4608 991 4674 Maca,
1027 4580 1116 4662 lib.
1146 4624 1202 4673 ιι,
1228 4625 1346 4676 cap.
1376 4608 1429 4670 4,
1466 4606 1494 4680 §
1524 4608 1603 4678 4).
1657 4580 1896 4661 Donatus
1941 4620 2069 4683 vero
2110 4605 2229 4659 illa-
2255 4580 2309 4641 D

639 4719 759 4781 rum
776 4702 1180 4767 obscmnitates,
1202 4700 1282 4753 his
1299 4700 1479 4755 verbis
1500 4713 1760 4755 excusare
1786 4697 1985 4752 frustra
2008 4696 2191 4751 nititur
2211 4716 2224 4752 :

647 4816 666 4850 ι
702 4796 968 4851 Atellanae
1017 4794 1219 4850 salibus
1267 4802 1322 4849 et
1367 4792 1507 4864 jocis
1559 4792 1895 4862 compositae,
1939 4807 2057 4861 qua:
2092 4793 2141 4845 in
2169 4807 2229 4847 se

640 4906 750 4946 non
778 4889 1001 4954 habent,
1030 4888 1134 4942 nisi
1163 4890 1442 4943 venustam
1461 4872 1801 4956 elegantiam.
1842 4904 1860 4937 ι
1895 4883 2025 4938 Nam
2050 4885 2228 4939 Arno-

640 4985 763 5039 bius
786 4983 978 5037 merito
1004 4980 1282 5036 contendit
1308 4980 1404 5033 has
1446 4978 1654 5033 fabulas
1698 4988 1754 5033 et
1791 4976 2085 5032 commdias
2112 4978 2233 5032 aliis

639 5090 743 5130 nec
763 5074 1022 5129 castiores
1053 5087 1197 5138 esse,
1241 5087 1342 5126 nec
1375 5070 1735 5138 honestiores,
1768 5084 1940 5140 neque
1968 5068 2101 5124 deos
2133 5070 2234 5124 mi-

640 5183 743 5223 nus
764 5168 981 5237 indigne
1011 5166 1063 5219 in
1091 5165 1217 5229 illis,
1246 5179 1404 5234 quam
1429 5162 1545 5217 aliis
1574 5162 1807 5217 tractari.

718 5242 1061 5328 Quapropter
1092 5256 1339 5310 ethnicos
1383 5254 1579 5309 acriter
1608 5254 1849 5326 corripit,
1897 5244 1986 5325 qui
2034 5268 2225 5325 perpe-

642 5369 758 5408 ram
787 5348 1171 5407 existimabant
1202 5348 1285 5402 his
1303 5348 1634 5403 solemnibus
1666 5346 1826 5414 ludis,
1856 5362 1919 5402 ac
1953 5336 2233 5401 conitediis

642 5448 776 5503 deos
816 5432 1015 5512 lmtari,
1050 5442 1322 5509 honorari,
1366 5442 1591 5511 placari,
1635 5441 1767 5494 iram
1811 5450 1865 5495 et
1909 5439 2232 5494 simultatem

641 5543 936 5612 deponere,
968 5550 1023 5594 et
1053 5534 1381 5605 hominibus,
1430 5551 1458 5589 a
1499 5535 1692 5604 quibus
1722 5532 1911 5587 oll'ensi
1941 5543 2115 5599 erant,
2149 5545 2235 5586 re-

639 5632 941 5692 conciliari.
974 5632 1091 5701 Qua
1112 5632 1257 5688 enim
1289 5620 1361 5686 dii
1385 5629 1570 5684 lastitia
1592 5625 1865 5699 perfundi,
1900 5625 2128 5697 aliisque
2148 5625 2235 5695 ju—

636 5726 831 5784 cundis
857 5727 1087 5782 motibus
1105 5726 1248 5781 allici
1292 5732 1542 5797 possunt,
1578 5723 1707 5778 visis
1735 5730 1811 5775 tot
1838 5719 2109 5790 tantisque
2143 5735 2235 5776 co-

630 5820 978 5891 mwdiarum,
1012 5821 1085 5880 uti
1119 5821 1237 5894 jam
1277 5825 1513 5890 dictum,
1542 5829 1598 5877 et
1625 5815 1800 5876 adhuc
1834 5813 1972 5881 infra
2004 5814 2232 5886 dicetur,

2323 3321 2513 3366 censet
2533 3309 2668 3364 adeo
2697 3309 2960 3364 absurdus
2992 3309 3205 3363 illorum
3235 3309 3539 3377 opiniones,
3570 3322 3732 3376 quam
3770 3305 3916 3375 quod

2324 3405 2480 3475 plane
2506 3405 2795 3460 nescierivt
2817 3404 2941 3473 quid
2973 3405 3042 3456 sit
3071 3405 3231 3459 Deus.
3260 3413 3352 3456 aut
3382 3418 3499 3472 qua:
3540 3402 3649 3455 sint
3674 3401 3794 3469 ejus
3819 3416 3920 3453 na-

2323 3509 2463 3564 tura,
2513 3499 2767 3575 attributa
2808 3509 2859 3551 et
2887 3498 3190 3567 qualitates.
3242 3497 3318 3551 De
3348 3496 3429 3549 his
3456 3504 3617 3564 porro
3645 3495 3788 3549 ludis
3823 3510 3920 3548 co-

2324 3591 2536 3647 moediis
2592 3602 2644 3644 et
2681 3589 2971 3659 tragoediis,
3021 3588 3089 3644 de
3116 3589 3309 3657 quibus
3354 3589 3464 3665 iam
3515 3588 3913 3657 diSputavi'mtts

2327 3686 2570 3757 (Diasert.
2615 3686 2667 3736 in
2710 3684 2933 3747 Minoa,
2966 3698 3083 3750 cap.
3122 3684 3209 3749 15,
3238 3693 3339 3735 art.
3370 3682 3444 3751 l),
3472 3686 3560 3751 qui
3592 3683 3744 3750 plura
3773 3683 3917 3737 scire

2324 3781 2493 3850 cupit,
2524 3781 2567 3833 is
2596 3780 2739 3848 legat
2760 3778 2880 3833 Lilii
2909 3777 3131 3841 Giraltli,
3158 3778 3434 3848 Scaligeri,
3461 3775 3784 3842 Camerarii,
3817 3778 3923 3830 (2a-

2325 3874 2472 3941 salis,
2516 3873 2749 3927 Alberici
2793 3872 3030 3942 gentilis,
3077 3870 3329 3935 Fabricii,
3378 3869 3682 3924 etaliornm
3714 3870 3781 3923 de
3810 3869 3922 3923 illis

2326 3967 2832 4039 commentationes.
2885 3966 3025 4021 Satis
3068 3977 3245 4021 autem
3301 3975 3487 4036 aperte
3530 3980 3598 4019 ex
3648 3964 3749 4025 his.
3793 3979 3923 4033 qua:

2329 4060 2485 4114 dicta
2518 4068 2663 4125 sunt,
2691 4059 2759 4114 ab
2777 4058 3026 4113 omnibus
3058 4058 3369 4127 intelligitur
3398 4057 3483 4111 vel
3514 4057 3619 4111 illis
3641 4056 3762 4110 solis
3784 4070 3929 4125 gen.

2330 4152 2501 4207 tilium
2556 4153 2708 4220 deos,
2762 4162 3037 4223 totamque
3084 4166 3271 4207 eorum
3321 4150 3637 4221 religionem
3684 4149 3926 4205 funditus

2328 4245 2516 4301 everti.

2920 4336 3147 4395 CAPUT
3185 4337 3328 4394 XVI.

2336 4477 2502 4547 Quam
2555 4472 2712 4529 variae
2761 4472 2953 4544 {derint
2981 4473 3300 4528 ethnicorum
3345 4466 3408 4525 de
3438 4470 3659 4541 singulis
3688 4468 3787 4522 diis
3816 4467 3929 4523 suis

2404 4568 2694 4640 opiniones,
2726 4572 2773 4621 et
2824 4582 2977 4635 quam
3006 4575 3143 4619 recte
3183 4564 3444 4618 Arnobius
3472 4562 3592 4617 inde
3617 4562 3927 4617 demonstret

2404 4660 2590 4735 falsam
2623 4675 2731 4717 esse
2761 4661 3100 4730 tinicnjusqne
3129 4656 3463 4712 divinitatem.

2854 4809 3151 4853 ARTICULUS
3186 4809 3394 4850 PRIMUS.

2332 4920 2650 4971 Examinatur
2674 4917 2870 4967 Arnobii
2897 4920 3067 4967 contra
3090 4916 3390 4966 ethnicorum
3409 4914 3532 4964 deos
3557 4916 3928 4974 argumentum,

2400 4983 2511 5033 inde
2535 4981 2900 5044 ductum,quod
2938 4992 3087 5044 quem
3124 4980 3271 5027 deum
3292 4976 3506 5044 nonnulli
3542 4973 3931 5044 ex’parvntibns

2398 5052 2705 5108 procreatum
2732 5035 2977 5108 dicebant".
3011 5041 3098 5108 alii
3127 5054 3240 5108 r_em_
3265 5036 3472 5108 aliquam
3506 5035 3777 5108 naturalem
3813 5047 3930 5084 esse

2399 5098 2757 5161 aflirtnaverint,
2787 5112 2936 5167 atque
2959 5106 3006 5153 in
3033 5105 3197 5167 primis
3215 5098 3406 5167 Jauuni,
3431 5101 3707 5167 Saturnum,
3733 5098 3929 5167 iovem,

2399 5169 2677 5231 Junoncm,
2696 5159 3001 5231 Fluvio'uam.
3033 5159 3312 5231 'l’omgnam,
3331 5163 3695 5231 ‘Ossipaginam,
3732 5159 3857 5210 Febr
3867 5175 3929 5208 u-

2400 5226 2506 5292 tim,
2530 5224 2863 5294 Populoniam,
2892 5224 3128 5287 Cinxiam,
3152 5224 3474 5290 Caprotinam.

2348 5426 2353 5429 μ
2413 5356 2568 5411 Aliud
2596 5355 2883 5419 Arnobius,
2927 5369 3026 5409 nec
3054 5355 3267 5408 cmteris
3310 5352 3490 5408 minus
3519 5350 3711 5406 efficax
3738 5365 3802 5405 ac
3828 5365 3926 5402 va-

2339 5450 2525 5513 lidum,
2561 5430 2822 5504 adversus
2853 5447 3116 5503 absurdos
3151 5447 3431 5519 gentilium
3476 5445 3542 5501 de
3571 5445 3675 5500 diis
3706 5444 3815 5499 suis
3842 5458 3931 5497 er-

2341 5558 2493 5595 rores
2519 5553 2892 5611 argumentum
2919 5540 3069 5595 duxit
3090 5541 3345 5605 exlvariis
3371 5540 3586 5610 etiintcr
3611 5554 3670 5592 se
3691 5552 3931 5608 pugnan-

2341 5634 2482 5690 tibus
2512 5634 2728 5688 illorum
2757 5634 2826 5691 de
2854 5650 2960 5688 uno
2990 5634 3287 5701 eodemque
3316 5632 3419 5688 dco
3456 5630 3759 5691 sententiis.
3810 5630 3932 5695 Quo

2337 5728 2502 5793 enim,
2528 5727 2718 5795 inquit,
2749 5726 2910 5782 modo
2942 5727 3053 5781 fieri
3106 5735 3284 5796 potest
3324 5734 3381 5779 ut
3412 5724 3476 5778 ad
3504 5723 3660 5779 deum
3695 5724 3933 5801 aliquem

2337 5817 2766 5893 cognoscendum
2815 5835 2877 5876 ac
2926 5818 3213 5878 colendum
3256 5818 3502 5877 homines
3560 5814 3824 5882 inducas,
3874 5826 3933 5874 tu
