  <div class='ocr_page' id='page_1' title='image "/cluster/home/n/w/nwhite01/storage/ocr_20150623/5/hvd.32044073505224/288.png"; bbox 0 0 4166 6256; ppageno 0'>
   <div class='ocr_carea' id='block_1_1' title="bbox 310 291 435 365">
    <p class='ocr_par' dir='ltr' id='par_1_1' title="bbox 310 291 435 365">
     <span class='ocr_line' id='line_1_1' title="bbox 310 291 435 365; baseline 0 -16"><span class='ocrx_word' id='word_1_1' title='bbox 310 291 435 365; x_wconf 70' lang='lat' dir='ltr'><strong>sas</strong></span> 
     </span>
    </p>
   </div>
   <div class='ocr_carea' id='block_1_2' title="bbox 1565 290 2422 363">
    <p class='ocr_par' dir='ltr' id='par_1_2' title="bbox 1565 290 2422 363">
     <span class='ocr_line' id='line_1_2' title="bbox 1565 290 2422 363; baseline -0.004 -9"><span class='ocrx_word' id='word_1_2' title='bbox 1565 292 1635 354; x_wconf 83' lang='lat' dir='ltr'><strong>1N</strong></span> <span class='ocrx_word' id='word_1_3' title='bbox 1665 292 2040 363; x_wconf 77' lang='lat' dir='ltr'><strong>ARNOBIUM,</strong></span> <span class='ocrx_word' id='word_1_4' title='bbox 2079 290 2237 353; x_wconf 82' lang='lat' dir='ltr'><strong>CAP.</strong></span> <span class='ocrx_word' id='word_1_5' title='bbox 2282 296 2422 353; x_wconf 83' lang='lat' dir='ltr'><strong>XVI.</strong></span> 
     </span>
    </p>
   </div>
   <div class='ocr_carea' id='block_1_3' title="bbox 3500 299 3610 357">
    <p class='ocr_par' dir='ltr' id='par_1_3' title="bbox 3500 299 3610 357">
     <span class='ocr_line' id='line_1_3' title="bbox 3500 299 3610 357; baseline 0.009 -1"><span class='ocrx_word' id='word_1_6' title='bbox 3500 299 3610 357; x_wconf 75' lang='lat'><strong>566</strong></span> 
     </span>
    </p>
   </div>
   <div class='ocr_carea' id='block_1_4' title="bbox 319 392 3611 495">
    <p class='ocr_par' dir='ltr' id='par_1_4' title="bbox 319 392 3611 495">
     <span class='ocr_line' id='line_1_4' title="bbox 319 392 3611 495; baseline 0 -25"><span class='ocrx_word' id='word_1_7' title='bbox 319 400 411 480; x_wconf 85' lang='lat' dir='ltr'><strong>qui</strong></span> <span class='ocrx_word' id='word_1_8' title='bbox 457 411 632 483; x_wconf 81' lang='lat' dir='ltr'><strong>qualis</strong></span> <span class='ocrx_word' id='word_1_9' title='bbox 660 413 754 471; x_wconf 91' lang='lat' dir='ltr'><strong>ille</strong></span> <span class='ocrx_word' id='word_1_10' title='bbox 774 414 866 482; x_wconf 89' lang='lat' dir='ltr'><strong>sit,</strong></span> <span class='ocrx_word' id='word_1_11' title='bbox 898 392 1056 486; x_wconf 88' lang='lat' dir='ltr'><strong>quem</strong></span> <span class='ocrx_word' id='word_1_12' title='bbox 1088 416 1241 483; x_wconf 83' lang='lat' dir='ltr'><strong>colis,</strong></span> <span class='ocrx_word' id='word_1_13' title='bbox 1275 431 1375 472; x_wconf 89' lang='lat' dir='ltr'><strong>nec</strong></span> <span class='ocrx_word' id='word_1_14' title='bbox 1402 417 1518 487; x_wconf 85' lang='lat' dir='ltr'><strong>ipse</strong></span> <span class='ocrx_word' id='word_1_15' title='bbox 1549 419 1678 483; x_wconf 86' lang='lat' dir='ltr'><strong>scis,</strong></span> <span class='ocrx_word' id='word_1_16' title='bbox 1713 430 1814 471; x_wconf 91' lang='lat' dir='ltr'><strong>nec</strong></span> <span class='ocrx_word' id='word_1_17' title='bbox 1855 408 1924 495; x_wconf 81' lang='lat' dir='ltr'><strong>ab</strong></span> <span class='ocrx_word' id='word_1_18' title='bbox 1950 421 2003 480; x_wconf 79' lang='grc' dir='ltr'><strong>Α</strong></span> <span class='ocrx_word' id='word_1_19' title='bbox 2097 412 2302 469; x_wconf 88' lang='lat' dir='ltr'><strong>Eodem</strong></span> <span class='ocrx_word' id='word_1_20' title='bbox 2330 414 2490 485; x_wconf 84' lang='lat' dir='ltr'><strong>plane</strong></span> <span class='ocrx_word' id='word_1_21' title='bbox 2539 416 2765 472; x_wconf 75' lang='lat' dir='ltr'><strong>rationis</strong></span> <span class='ocrx_word' id='word_1_22' title='bbox 2793 426 3068 473; x_wconf 90' lang='lat' dir='ltr'><strong>momento</strong></span> <span class='ocrx_word' id='word_1_23' title='bbox 3096 415 3187 473; x_wconf 91' lang='lat' dir='ltr'><strong>ille</strong></span> <span class='ocrx_word' id='word_1_24' title='bbox 3227 415 3447 479; x_wconf 86' lang='lat' dir='ltr'><strong>conﬁcit</strong></span> <span class='ocrx_word' id='word_1_25' title='bbox 3484 416 3611 471; x_wconf 84' lang='lat' dir='ltr'><strong>nul-</strong></span> 
     </span>
    </p>
   </div>
   <div class='ocr_carea' id='block_1_5' title="bbox 320 505 3613 580">
    <p class='ocr_par' dir='ltr' id='par_1_5' title="bbox 320 505 3613 580">
     <span class='ocr_line' id='line_1_5' title="bbox 320 505 3613 580; baseline 0.002 -22"><span class='ocrx_word' id='word_1_26' title='bbox 320 505 445 561; x_wconf 85' lang='lat' dir='ltr'><strong>aliis</strong></span> <span class='ocrx_word' id='word_1_27' title='bbox 494 508 635 563; x_wconf 89' lang='lat' dir='ltr'><strong>scire</strong></span> <span class='ocrx_word' id='word_1_28' title='bbox 684 524 937 578; x_wconf 83' lang='lat' dir='ltr'><strong>umquam</strong></span> <span class='ocrx_word' id='word_1_29' title='bbox 987 509 1079 564; x_wconf 93' lang='lat' dir='ltr'><strong>tibi</strong></span> <span class='ocrx_word' id='word_1_30' title='bbox 1119 508 1302 565; x_wconf 87' lang='lat' dir='ltr'><strong>datum</strong></span> <span class='ocrx_word' id='word_1_31' title='bbox 1332 508 1448 564; x_wconf 86' lang='lat' dir='ltr'><strong>est?</strong></span> <span class='ocrx_word' id='word_1_32' title='bbox 1492 508 1684 564; x_wconf 92' lang='lat' dir='ltr'><strong>Nonne</strong></span> <span class='ocrx_word' id='word_1_33' title='bbox 1713 508 1781 565; x_wconf 91' lang='lat' dir='ltr'><strong>de</strong></span> <span class='ocrx_word' id='word_1_34' title='bbox 1810 525 1919 564; x_wconf 93' lang='lat' dir='ltr'><strong>uno</strong></span> <span class='ocrx_word' id='word_1_35' title='bbox 2020 506 2129 561; x_wconf 92' lang='lat' dir='ltr'><strong>lum</strong></span> <span class='ocrx_word' id='word_1_36' title='bbox 2157 522 2277 561; x_wconf 87' lang='lat' dir='ltr'><strong>esse</strong></span> <span class='ocrx_word' id='word_1_37' title='bbox 2324 523 2522 563; x_wconf 89' lang='lat' dir='ltr'><strong>numen</strong></span> <span class='ocrx_word' id='word_1_38' title='bbox 2551 508 2806 576; x_wconf 85' lang='lat' dir='ltr'><strong>Saturni;</strong></span> <span class='ocrx_word' id='word_1_39' title='bbox 2856 510 3054 580; x_wconf 82' lang='lat' dir='ltr'><strong>quippe</strong></span> <span class='ocrx_word' id='word_1_40' title='bbox 3082 509 3173 580; x_wconf 89' lang='lat' dir='ltr'><strong>qui</strong></span> <span class='ocrx_word' id='word_1_41' title='bbox 3203 517 3418 578; x_wconf 86' lang='lat' dir='ltr'><strong>tempus</strong></span> <span class='ocrx_word' id='word_1_42' title='bbox 3444 508 3613 565; x_wconf 83' lang='lat' dir='ltr'><strong>latine</strong></span> 
     </span>
    </p>
   </div>
   <div class='ocr_carea' id='block_1_6' title="bbox 322 598 1914 674">
    <p class='ocr_par' dir='ltr' id='par_1_6' title="bbox 322 598 1914 674">
     <span class='ocr_line' id='line_1_6' title="bbox 322 598 1914 674; baseline 0.003 -21"><span class='ocrx_word' id='word_1_43' title='bbox 322 598 624 669; x_wconf 87' lang='lat' dir='ltr'><strong>eodemque</strong></span> <span class='ocrx_word' id='word_1_44' title='bbox 662 602 944 672; x_wconf 72' lang='lat' dir='ltr'><strong>gentilium</strong></span> <span class='ocrx_word' id='word_1_45' title='bbox 975 602 1078 658; x_wconf 91' lang='lat' dir='ltr'><strong>deo</strong></span> <span class='ocrx_word' id='word_1_46' title='bbox 1123 612 1200 658; x_wconf 87' lang='lat' dir='ltr'><strong>tot</strong></span> <span class='ocrx_word' id='word_1_47' title='bbox 1250 603 1365 659; x_wconf 82' lang='lat' dir='ltr'><strong>fere</strong></span> <span class='ocrx_word' id='word_1_48' title='bbox 1421 611 1578 658; x_wconf 88' lang='lat' dir='ltr'><strong>erant</strong></span> <span class='ocrx_word' id='word_1_49' title='bbox 1606 604 1914 674; x_wconf 87' lang='lat' dir='ltr'><strong>opiniones,</strong></span> 
     </span>
    </p>
   </div>
   <div class='ocr_carea' id='block_1_7' title="bbox 315 696 694 765">
    <p class='ocr_par' dir='ltr' id='par_1_7' title="bbox 315 696 694 765">
     <span class='ocr_line' id='line_1_7' title="bbox 315 696 694 765; baseline 0.011 -21"><span class='ocrx_word' id='word_1_50' title='bbox 315 702 449 763; x_wconf 85' lang='lat' dir='ltr'><strong>quot</strong></span> <span class='ocrx_word' id='word_1_51' title='bbox 475 696 694 765; x_wconf 82' lang='lat' dir='ltr'><strong>Capita?</strong></span> 
     </span>
    </p>
   </div>
   <div class='ocr_carea' id='block_1_8' title="bbox 389 772 1912 850">
    <p class='ocr_par' dir='ltr' id='par_1_8' title="bbox 389 772 1912 850">
     <span class='ocr_line' id='line_1_8' title="bbox 389 772 1912 850; baseline 0.005 -8"><span class='ocrx_word' id='word_1_52' title='bbox 389 788 457 842; x_wconf 78' lang='lat' dir='ltr'><strong>At</strong></span> <span class='ocrx_word' id='word_1_53' title='bbox 484 800 632 845; x_wconf 92' lang='lat' dir='ltr'><strong>certe</strong></span> <span class='ocrx_word' id='word_1_54' title='bbox 655 789 707 844; x_wconf 92' lang='lat' dir='ltr'><strong>id</strong></span> <span class='ocrx_word' id='word_1_55' title='bbox 731 772 918 845; x_wconf 80' lang='lat' dir='ltr'><strong>auctor</strong></span> <span class='ocrx_word' id='word_1_56' title='bbox 941 802 1124 848; x_wconf 88' lang='lat' dir='ltr'><strong>uoster</strong></span> <span class='ocrx_word' id='word_1_57' title='bbox 1153 809 1301 849; x_wconf 87' lang='lat' dir='ltr'><strong>more</strong></span> <span class='ocrx_word' id='word_1_58' title='bbox 1331 793 1507 850; x_wconf 86' lang='lat' dir='ltr'><strong>adhuc</strong></span> <span class='ocrx_word' id='word_1_59' title='bbox 1552 774 1651 850; x_wconf 87' lang='lat' dir='ltr'><strong>suo</strong></span> <span class='ocrx_word' id='word_1_60' title='bbox 1683 795 1784 850; x_wconf 89' lang='lat' dir='ltr'><strong>hac</strong></span> <span class='ocrx_word' id='word_1_61' title='bbox 1824 794 1912 849; x_wconf 92' lang='lat' dir='ltr'><strong>in-</strong></span> 
     </span>
    </p>
   </div>
   <div class='ocr_carea' id='block_1_9' title="bbox 310 879 1908 958">
    <p class='ocr_par' dir='ltr' id='par_1_9' title="bbox 310 879 1908 958">
     <span class='ocr_line' id='line_1_9' title="bbox 310 879 1908 958; baseline 0.006 -23"><span class='ocrx_word' id='word_1_62' title='bbox 310 879 571 937; x_wconf 87' lang='lat' dir='ltr'><strong>ductione</strong></span> <span class='ocrx_word' id='word_1_63' title='bbox 620 884 1027 940; x_wconf 87' lang='lat' dir='ltr'><strong>evidentissime</strong></span> <span class='ocrx_word' id='word_1_64' title='bbox 1067 884 1444 944; x_wconf 83' lang='lat' dir='ltr'><strong>demonstrat:</strong></span> <span class='ocrx_word' id='word_1_65' title='bbox 1486 908 1504 942; x_wconf 82' lang='grc' dir='ltr'><strong>ι</strong></span> <span class='ocrx_word' id='word_1_66' title='bbox 1560 888 1908 958; x_wconf 87' lang='lat' dir='ltr'><strong>Incipiamus,</strong></span> 
     </span>
    </p>
   </div>
   <div class='ocr_carea' id='block_1_10' title="bbox 319 968 1913 1053">
    <p class='ocr_par' dir='ltr' id='par_1_10' title="bbox 319 968 1913 1053">
     <span class='ocr_line' id='line_1_10' title="bbox 319 968 1913 1053; baseline 0.005 -24"><span class='ocrx_word' id='word_1_67' title='bbox 319 972 520 1044; x_wconf 84' lang='lat' dir='ltr'><strong>inquit,</strong></span> <span class='ocrx_word' id='word_1_68' title='bbox 553 976 868 1033; x_wconf 89' lang='lat' dir='ltr'><strong>solemniter</strong></span> <span class='ocrx_word' id='word_1_69' title='bbox 887 979 955 1035; x_wconf 88' lang='lat' dir='ltr'><strong>ab</strong></span> <span class='ocrx_word' id='word_1_70' title='bbox 979 968 1138 1045; x_wconf 85' lang='lat' dir='ltr'><strong>Jano,</strong></span> <span class='ocrx_word' id='word_1_71' title='bbox 1166 992 1221 1035; x_wconf 83' lang='lat' dir='ltr'><strong>et</strong></span> <span class='ocrx_word' id='word_1_72' title='bbox 1260 997 1357 1036; x_wconf 89' lang='lat' dir='ltr'><strong>nos</strong></span> <span class='ocrx_word' id='word_1_73' title='bbox 1411 993 1581 1053; x_wconf 86' lang='lat' dir='ltr'><strong>patre,</strong></span> <span class='ocrx_word' id='word_1_74' title='bbox 1612 996 1769 1052; x_wconf 87' lang='lat' dir='ltr'><strong>quem</strong></span> <span class='ocrx_word' id='word_1_75' title='bbox 1795 980 1913 1052; x_wconf 85' lang='lat' dir='ltr'><strong>qui-</strong></span> 
     </span>
    </p>
   </div>
   <div class='ocr_carea' id='block_1_11' title="bbox 304 1064 1910 1144">
    <p class='ocr_par' dir='ltr' id='par_1_11' title="bbox 304 1064 1910 1144">
     <span class='ocr_line' id='line_1_11' title="bbox 304 1064 1910 1144; baseline 0.003 -24"><span class='ocrx_word' id='word_1_76' title='bbox 304 1064 439 1120; x_wconf 87' lang='lat' dir='ltr'><strong>dam</strong></span> <span class='ocrx_word' id='word_1_77' title='bbox 461 1083 527 1122; x_wconf 91' lang='lat' dir='ltr'><strong>ex</strong></span> <span class='ocrx_word' id='word_1_78' title='bbox 555 1069 707 1123; x_wconf 84' lang='lat' dir='ltr'><strong>vobis</strong></span> <span class='ocrx_word' id='word_1_79' title='bbox 738 1071 1020 1133; x_wconf 84' lang='lat' dir='ltr'><strong>mundum.</strong></span> <span class='ocrx_word' id='word_1_80' title='bbox 1054 1088 1250 1127; x_wconf 88' lang='lat' dir='ltr'><strong>annum</strong></span> <span class='ocrx_word' id='word_1_81' title='bbox 1280 1073 1392 1136; x_wconf 88' lang='lat' dir='ltr'><strong>alii.</strong></span> <span class='ocrx_word' id='word_1_82' title='bbox 1434 1074 1602 1129; x_wconf 90' lang='lat' dir='ltr'><strong>solem</strong></span> <span class='ocrx_word' id='word_1_83' title='bbox 1634 1090 1754 1129; x_wconf 89' lang='lat' dir='ltr'><strong>esse</strong></span> <span class='ocrx_word' id='word_1_84' title='bbox 1786 1091 1910 1144; x_wconf 84' lang='lat' dir='ltr'><strong>pru-</strong></span> 
     </span>
    </p>
   </div>
   <div class='ocr_carea' id='block_1_12' title="bbox 305 1158 1911 1239">
    <p class='ocr_par' dir='ltr' id='par_1_12' title="bbox 305 1158 1911 1239">
     <span class='ocr_line' id='line_1_12' title="bbox 305 1158 1911 1239; baseline 0.005 -25"><span class='ocrx_word' id='word_1_85' title='bbox 305 1158 502 1215; x_wconf 88' lang='lat' dir='ltr'><strong>didere</strong></span> <span class='ocrx_word' id='word_1_86' title='bbox 528 1162 771 1217; x_wconf 90' lang='lat' dir='ltr'><strong>nonnulli</strong></span> <span class='ocrx_word' id='word_1_87' title='bbox 822 1183 841 1215; x_wconf 76' lang='grc' dir='ltr'><strong>ι</strong></span> <span class='ocrx_word' id='word_1_88' title='bbox 877 1162 1121 1237; x_wconf 85' lang='lat' dir='ltr'><strong>(Arnob.,</strong></span> <span class='ocrx_word' id='word_1_89' title='bbox 1155 1164 1244 1219; x_wconf 88' lang='lat' dir='ltr'><strong>lib.</strong></span> <span class='ocrx_word' id='word_1_90' title='bbox 1279 1182 1359 1233; x_wconf 88' lang='grc' dir='ltr'><strong>ιιι,</strong></span> <span class='ocrx_word' id='word_1_91' title='bbox 1398 1184 1515 1239; x_wconf 87' lang='lat' dir='ltr'><strong>pag.</strong></span> <span class='ocrx_word' id='word_1_92' title='bbox 1547 1166 1605 1222; x_wconf 82' lang='lat'><strong>11</strong></span> <span class='ocrx_word' id='word_1_93' title='bbox 1629 1165 1697 1238; x_wconf 82' lang='lat' dir='ltr'><strong>t).</strong></span> <span class='ocrx_word' id='word_1_94' title='bbox 1725 1166 1911 1238; x_wconf 86' lang='lat' dir='ltr'><strong>Neque</strong></span> 
     </span>
    </p>
   </div>
   <div class='ocr_carea' id='block_1_13' title="bbox 306 1250 1909 1333">
    <p class='ocr_par' dir='ltr' id='par_1_13' title="bbox 306 1250 1909 1333">
     <span class='ocr_line' id='line_1_13' title="bbox 306 1250 1909 1333; baseline 0.006 -26"><span class='ocrx_word' id='word_1_95' title='bbox 306 1250 416 1308; x_wconf 84' lang='lat' dir='ltr'><strong>hoc</strong></span> <span class='ocrx_word' id='word_1_96' title='bbox 466 1263 673 1311; x_wconf 86' lang='lat' dir='ltr'><strong>temere</strong></span> <span class='ocrx_word' id='word_1_97' title='bbox 714 1256 783 1312; x_wconf 88' lang='lat' dir='ltr'><strong>ab</strong></span> <span class='ocrx_word' id='word_1_98' title='bbox 822 1257 917 1312; x_wconf 86' lang='lat' dir='ltr'><strong>illo</strong></span> <span class='ocrx_word' id='word_1_99' title='bbox 969 1258 1169 1314; x_wconf 91' lang='lat' dir='ltr'><strong>dictum</strong></span> <span class='ocrx_word' id='word_1_100' title='bbox 1202 1271 1375 1330; x_wconf 85' lang='lat' dir='ltr'><strong>putes.</strong></span> <span class='ocrx_word' id='word_1_101' title='bbox 1422 1264 1464 1316; x_wconf 82' lang='lat' dir='ltr'><strong>A</strong></span> <span class='ocrx_word' id='word_1_102' title='bbox 1496 1262 1684 1317; x_wconf 79' lang='lat' dir='ltr'><strong>Servio</strong></span> <span class='ocrx_word' id='word_1_103' title='bbox 1712 1260 1909 1333; x_wconf 81' lang='lat' dir='ltr'><strong>quippe</strong></span> 
     </span>
    </p>
   </div>
   <div class='ocr_carea' id='block_1_14' title="bbox 308 1344 1906 1424">
    <p class='ocr_par' dir='ltr' id='par_1_14' title="bbox 308 1344 1906 1424">
     <span class='ocr_line' id='line_1_14' title="bbox 308 1344 1906 1424; baseline 0.006 -24"><span class='ocrx_word' id='word_1_104' title='bbox 308 1344 430 1402; x_wconf 63' lang='lat' dir='ltr'><strong>hsce</strong></span> <span class='ocrx_word' id='word_1_105' title='bbox 452 1350 667 1417; x_wconf 80' lang='lat' dir='ltr'><strong>scriptis</strong></span> <span class='ocrx_word' id='word_1_106' title='bbox 700 1351 913 1422; x_wconf 89' lang='lat' dir='ltr'><strong>prodita</strong></span> <span class='ocrx_word' id='word_1_107' title='bbox 946 1353 1176 1424; x_wconf 79' lang='lat' dir='ltr'><strong>legimus</strong></span> <span class='ocrx_word' id='word_1_108' title='bbox 1209 1370 1223 1407; x_wconf 89' lang='lat'>:</span> <span class='ocrx_word' id='word_1_109' title='bbox 1260 1373 1278 1407; x_wconf 80' lang='grc' dir='ltr'><strong>ι</strong></span> <span class='ocrx_word' id='word_1_110' title='bbox 1314 1354 1413 1409; x_wconf 93' lang='lat' dir='ltr'><strong>Alii</strong></span> <span class='ocrx_word' id='word_1_111' title='bbox 1450 1350 1641 1411; x_wconf 84' lang='lat' dir='ltr'><strong>Janum</strong></span> <span class='ocrx_word' id='word_1_112' title='bbox 1672 1354 1777 1411; x_wconf 88' lang='lat' dir='ltr'><strong>diei</strong></span> <span class='ocrx_word' id='word_1_113' title='bbox 1806 1355 1906 1410; x_wconf 88' lang='lat' dir='ltr'><strong>do-</strong></span> 
     </span>
    </p>
   </div>
   <div class='ocr_carea' id='block_1_15' title="bbox 303 1443 1904 1517">
    <p class='ocr_par' dir='ltr' id='par_1_15' title="bbox 303 1443 1904 1517">
     <span class='ocr_line' id='line_1_15' title="bbox 303 1443 1904 1517; baseline 0.006 -22"><span class='ocrx_word' id='word_1_114' title='bbox 303 1443 514 1497; x_wconf 87' lang='lat' dir='ltr'><strong>minum</strong></span> <span class='ocrx_word' id='word_1_115' title='bbox 537 1446 742 1510; x_wconf 86' lang='lat' dir='ltr'><strong>volunt,</strong></span> <span class='ocrx_word' id='word_1_116' title='bbox 776 1449 829 1501; x_wconf 92' lang='lat' dir='ltr'><strong>in</strong></span> <span class='ocrx_word' id='word_1_117' title='bbox 867 1464 972 1517; x_wconf 92' lang='lat' dir='ltr'><strong>quo</strong></span> <span class='ocrx_word' id='word_1_118' title='bbox 1000 1460 1149 1503; x_wconf 90' lang='lat' dir='ltr'><strong>ortus</strong></span> <span class='ocrx_word' id='word_1_119' title='bbox 1181 1459 1262 1504; x_wconf 88' lang='lat' dir='ltr'><strong>est</strong></span> <span class='ocrx_word' id='word_1_120' title='bbox 1287 1461 1341 1505; x_wconf 89' lang='lat' dir='ltr'><strong>et</strong></span> <span class='ocrx_word' id='word_1_121' title='bbox 1370 1465 1763 1506; x_wconf 89' lang='lat' dir='ltr'><strong>occasus.......</strong></span> <span class='ocrx_word' id='word_1_122' title='bbox 1799 1450 1904 1505; x_wconf 87' lang='lat' dir='ltr'><strong>Alii</strong></span> 
     </span>
    </p>
   </div>
   <div class='ocr_carea' id='block_1_16' title="bbox 302 1536 1905 1612">
    <p class='ocr_par' dir='ltr' id='par_1_16' title="bbox 302 1536 1905 1612">
     <span class='ocr_line' id='line_1_16' title="bbox 302 1536 1905 1612; baseline 0.004 -22"><span class='ocrx_word' id='word_1_123' title='bbox 302 1536 439 1590; x_wconf 84' lang='lat' dir='ltr'><strong>anni</strong></span> <span class='ocrx_word' id='word_1_124' title='bbox 473 1537 652 1603; x_wconf 74' lang='lat' dir='ltr'><strong>totius,</strong></span> <span class='ocrx_word' id='word_1_125' title='bbox 684 1554 844 1609; x_wconf 88' lang='lat' dir='ltr'><strong>quem</strong></span> <span class='ocrx_word' id='word_1_126' title='bbox 884 1540 935 1595; x_wconf 91' lang='lat' dir='ltr'><strong>in</strong></span> <span class='ocrx_word' id='word_1_127' title='bbox 962 1552 1191 1612; x_wconf 91' lang='lat' dir='ltr'><strong>quatuor</strong></span> <span class='ocrx_word' id='word_1_128' title='bbox 1241 1554 1480 1612; x_wconf 87' lang='lat' dir='ltr'><strong>tempora</strong></span> <span class='ocrx_word' id='word_1_129' title='bbox 1533 1552 1743 1598; x_wconf 88' lang='lat' dir='ltr'><strong>constat</strong></span> <span class='ocrx_word' id='word_1_130' title='bbox 1783 1558 1905 1598; x_wconf 91' lang='lat' dir='ltr'><strong>esse</strong></span> 
     </span>
    </p>
   </div>
   <div class='ocr_carea' id='block_1_17' title="bbox 310 1628 1901 1706">
    <p class='ocr_par' dir='ltr' id='par_1_17' title="bbox 310 1628 1901 1706">
     <span class='ocr_line' id='line_1_17' title="bbox 310 1628 1901 1706; baseline 0.005 -24"><span class='ocrx_word' id='word_1_131' title='bbox 310 1628 565 1683; x_wconf 83' lang='lat' dir='ltr'><strong>divisum.</strong></span> <span class='ocrx_word' id='word_1_132' title='bbox 596 1630 736 1685; x_wconf 83' lang='lat' dir='ltr'><strong>Anni</strong></span> <span class='ocrx_word' id='word_1_133' title='bbox 758 1642 936 1688; x_wconf 88' lang='lat' dir='ltr'><strong>autem</strong></span> <span class='ocrx_word' id='word_1_134' title='bbox 964 1649 1084 1689; x_wconf 88' lang='lat' dir='ltr'><strong>esse</strong></span> <span class='ocrx_word' id='word_1_135' title='bbox 1111 1632 1267 1689; x_wconf 87' lang='lat' dir='ltr'><strong>deum</strong></span> <span class='ocrx_word' id='word_1_136' title='bbox 1299 1634 1382 1688; x_wconf 85' lang='lat' dir='ltr'><strong>illa</strong></span> <span class='ocrx_word' id='word_1_137' title='bbox 1412 1651 1497 1691; x_wconf 81' lang='lat' dir='ltr'><strong>res</strong></span> <span class='ocrx_word' id='word_1_138' title='bbox 1526 1635 1737 1705; x_wconf 81' lang='lat' dir='ltr'><strong>probat,</strong></span> <span class='ocrx_word' id='word_1_139' title='bbox 1761 1634 1901 1706; x_wconf 89' lang='lat' dir='ltr'><strong>qttod</strong></span> 
     </span>
    </p>
   </div>
   <div class='ocr_carea' id='block_1_18' title="bbox 307 1719 1901 1791">
    <p class='ocr_par' dir='ltr' id='par_1_18' title="bbox 307 1719 1901 1791">
     <span class='ocr_line' id='line_1_18' title="bbox 307 1719 1901 1791; baseline 0.006 -19"><span class='ocrx_word' id='word_1_140' title='bbox 307 1719 376 1775; x_wconf 88' lang='lat' dir='ltr'><strong>ab</strong></span> <span class='ocrx_word' id='word_1_141' title='bbox 427 1735 493 1775; x_wconf 87' lang='lat' dir='ltr'><strong>eo</strong></span> <span class='ocrx_word' id='word_1_142' title='bbox 538 1719 706 1790; x_wconf 86' lang='lat' dir='ltr'><strong>prima</strong></span> <span class='ocrx_word' id='word_1_143' title='bbox 748 1739 871 1791; x_wconf 84' lang='lat' dir='ltr'><strong>pars</strong></span> <span class='ocrx_word' id='word_1_144' title='bbox 899 1725 1023 1778; x_wconf 90' lang='lat' dir='ltr'><strong>anni</strong></span> <span class='ocrx_word' id='word_1_145' title='bbox 1070 1725 1394 1780; x_wconf 72' lang='lat' dir='ltr'><strong>nominatur.</strong></span> <span class='ocrx_word' id='word_1_146' title='bbox 1434 1725 1566 1781; x_wconf 90' lang='lat' dir='ltr'><strong>Nam</strong></span> <span class='ocrx_word' id='word_1_147' title='bbox 1593 1743 1622 1781; x_wconf 91' lang='lat' dir='ltr'><strong>a</strong></span> <span class='ocrx_word' id='word_1_148' title='bbox 1650 1724 1786 1782; x_wconf 86' lang='lat' dir='ltr'><strong>Jano</strong></span> <span class='ocrx_word' id='word_1_149' title='bbox 1811 1724 1901 1782; x_wconf 86' lang='lat' dir='ltr'><strong>Ja—</strong></span> 
     </span>
    </p>
   </div>
   <div class='ocr_carea' id='block_1_19' title="bbox 2019 600 3613 677">
    <p class='ocr_par' dir='ltr' id='par_1_19' title="bbox 2019 600 3613 677">
     <span class='ocr_line' id='line_1_19' title="bbox 2019 600 3613 677; baseline -0.001 -21"><span class='ocrx_word' id='word_1_150' title='bbox 2019 610 2074 656; x_wconf 87' lang='lat' dir='ltr'><strong>et</strong></span> <span class='ocrx_word' id='word_1_151' title='bbox 2115 615 2289 669; x_wconf 65' lang='lat' dir='ltr'><strong>graece</strong></span> <span class='ocrx_word' id='word_1_152' title='bbox 2331 602 2542 677; x_wconf 76' lang='grc' dir='ltr'><strong>χρόνος,</strong></span> <span class='ocrx_word' id='word_1_153' title='bbox 2598 602 2750 669; x_wconf 84' lang='lat' dir='ltr'><strong>sive,</strong></span> <span class='ocrx_word' id='word_1_154' title='bbox 2794 612 2851 656; x_wconf 93' lang='lat' dir='ltr'><strong>ut</strong></span> <span class='ocrx_word' id='word_1_155' title='bbox 2880 602 2957 655; x_wconf 87' lang='lat' dir='ltr'><strong>ait</strong></span> <span class='ocrx_word' id='word_1_156' title='bbox 2984 602 3334 672; x_wconf 80' lang='lat' dir='ltr'><strong>Augustinus,</strong></span> <span class='ocrx_word' id='word_1_157' title='bbox 3369 600 3613 671; x_wconf 78' lang='lat' dir='ltr'><strong>temporis</strong></span> 
     </span>
    </p>
   </div>
   <div class='ocr_carea' id='block_1_20' title="bbox 2018 693 3610 765">
    <p class='ocr_par' dir='ltr' id='par_1_20' title="bbox 2018 693 3610 765">
     <span class='ocr_line' id='line_1_20' title="bbox 2018 693 3610 765; baseline 0.001 -18"><span class='ocrx_word' id='word_1_158' title='bbox 2018 694 2303 764; x_wconf 79' lang='lat' dir='ltr'><strong>longitudo,</strong></span> <span class='ocrx_word' id='word_1_159' title='bbox 2338 695 2504 749; x_wconf 83' lang='lat' dir='ltr'><strong>fuisse</strong></span> <span class='ocrx_word' id='word_1_160' title='bbox 2528 696 2894 765; x_wconf 83' lang='lat' dir='ltr'><strong>perhibeatur.</strong></span> <span class='ocrx_word' id='word_1_161' title='bbox 2922 694 3039 750; x_wconf 90' lang='lat' dir='ltr'><strong>Non</strong></span> <span class='ocrx_word' id='word_1_162' title='bbox 3069 695 3244 750; x_wconf 81' lang='lat' dir='ltr'><strong>solum</strong></span> <span class='ocrx_word' id='word_1_163' title='bbox 3275 703 3453 750; x_wconf 88' lang='lat' dir='ltr'><strong>autem</strong></span> <span class='ocrx_word' id='word_1_164' title='bbox 3491 693 3610 749; x_wconf 78' lang='lat' dir='ltr'><strong>Ma-</strong></span> 
     </span>
    </p>
   </div>
   <div class='ocr_carea' id='block_1_21' title="bbox 2021 788 3608 861">
    <p class='ocr_par' dir='ltr' id='par_1_21' title="bbox 2021 788 3608 861">
     <span class='ocr_line' id='line_1_21' title="bbox 2021 788 3608 861; baseline 0.001 -17"><span class='ocrx_word' id='word_1_165' title='bbox 2021 790 2258 853; x_wconf 87' lang='lat' dir='ltr'><strong>crobius,</strong></span> <span class='ocrx_word' id='word_1_166' title='bbox 2304 802 2360 846; x_wconf 87' lang='lat' dir='ltr'><strong>et</strong></span> <span class='ocrx_word' id='word_1_167' title='bbox 2410 791 2747 856; x_wconf 77' lang='lat' dir='ltr'><strong>Plutarchus,</strong></span> <span class='ocrx_word' id='word_1_168' title='bbox 2791 793 2904 846; x_wconf 70' lang='lat' dir='ltr'><strong>INBC</strong></span> <span class='ocrx_word' id='word_1_169' title='bbox 2952 805 3207 861; x_wconf 79' lang='lat' dir='ltr'><strong>expresse</strong></span> <span class='ocrx_word' id='word_1_170' title='bbox 3246 788 3608 856; x_wconf 87' lang='lat' dir='ltr'><strong>tradiderunt,</strong></span> 
     </span>
    </p>
   </div>
   <div class='ocr_carea' id='block_1_22' title="bbox 2015 881 3605 955">
    <p class='ocr_par' dir='ltr' id='par_1_22' title="bbox 2015 881 3605 955">
     <span class='ocr_line' id='line_1_22' title="bbox 2015 881 3605 955; baseline -0.001 -16"><span class='ocrx_word' id='word_1_171' title='bbox 2015 884 2109 939; x_wconf 91' lang='lat' dir='ltr'><strong>sed</strong></span> <span class='ocrx_word' id='word_1_172' title='bbox 2130 883 2320 940; x_wconf 88' lang='lat' dir='ltr'><strong>Cicero</strong></span> <span class='ocrx_word' id='word_1_173' title='bbox 2349 886 2510 941; x_wconf 88' lang='lat' dir='ltr'><strong>etiam</strong></span> <span class='ocrx_word' id='word_1_174' title='bbox 2539 885 2693 943; x_wconf 89' lang='lat' dir='ltr'><strong>bisce</strong></span> <span class='ocrx_word' id='word_1_175' title='bbox 2721 884 3055 955; x_wconf 86' lang='lat' dir='ltr'><strong>totidemque</strong></span> <span class='ocrx_word' id='word_1_176' title='bbox 3090 884 3270 940; x_wconf 83' lang='lat' dir='ltr'><strong>verbis</strong></span> <span class='ocrx_word' id='word_1_177' title='bbox 3303 901 3318 937; x_wconf 88' lang='lat'><strong>:</strong></span> <span class='ocrx_word' id='word_1_178' title='bbox 3356 901 3375 936; x_wconf 78' lang='grc' dir='ltr'><strong>ι</strong></span> <span class='ocrx_word' id='word_1_179' title='bbox 3414 881 3605 938; x_wconf 89' lang='lat' dir='ltr'><strong>Satur-</strong></span> 
     </span>
    </p>
   </div>
   <div class='ocr_carea' id='block_1_23' title="bbox 2013 976 3607 1047">
    <p class='ocr_par' dir='ltr' id='par_1_23' title="bbox 2013 976 3607 1047">
     <span class='ocr_line' id='line_1_23' title="bbox 2013 976 3607 1047; baseline -0.002 -16"><span class='ocrx_word' id='word_1_180' title='bbox 2013 991 2141 1031; x_wconf 90' lang='lat' dir='ltr'><strong>num</strong></span> <span class='ocrx_word' id='word_1_181' title='bbox 2168 987 2346 1031; x_wconf 88' lang='lat' dir='ltr'><strong>autem</strong></span> <span class='ocrx_word' id='word_1_182' title='bbox 2389 992 2514 1032; x_wconf 90' lang='lat' dir='ltr'><strong>eum</strong></span> <span class='ocrx_word' id='word_1_183' title='bbox 2541 993 2662 1033; x_wconf 81' lang='lat' dir='ltr'><strong>esse</strong></span> <span class='ocrx_word' id='word_1_184' title='bbox 2690 978 2995 1044; x_wconf 82' lang='lat' dir='ltr'><strong>voluerunt,</strong></span> <span class='ocrx_word' id='word_1_185' title='bbox 3039 976 3131 1047; x_wconf 89' lang='lat' dir='ltr'><strong>qui</strong></span> <span class='ocrx_word' id='word_1_186' title='bbox 3157 990 3374 1030; x_wconf 91' lang='lat' dir='ltr'><strong>cursum</strong></span> <span class='ocrx_word' id='word_1_187' title='bbox 3399 984 3454 1030; x_wconf 87' lang='lat' dir='ltr'><strong>et</strong></span> <span class='ocrx_word' id='word_1_188' title='bbox 3473 989 3607 1030; x_wconf 81' lang='lat' dir='ltr'><strong>cou-</strong></span> 
     </span>
    </p>
   </div>
   <div class='ocr_carea' id='block_1_24' title="bbox 2013 1069 3603 1152">
    <p class='ocr_par' dir='ltr' id='par_1_24' title="bbox 2013 1069 3603 1152">
     <span class='ocr_line' id='line_1_24' title="bbox 2013 1069 3603 1152; baseline 0 -28"><span class='ocrx_word' id='word_1_189' title='bbox 2013 1071 2317 1125; x_wconf 87' lang='lat' dir='ltr'><strong>versionem</strong></span> <span class='ocrx_word' id='word_1_190' title='bbox 2341 1073 2637 1152; x_wconf 85' lang='lat' dir='ltr'><strong>spatiorum</strong></span> <span class='ocrx_word' id='word_1_191' title='bbox 2693 1087 2755 1126; x_wconf 89' lang='lat' dir='ltr'><strong>ac</strong></span> <span class='ocrx_word' id='word_1_192' title='bbox 2808 1082 3113 1141; x_wconf 89' lang='lat' dir='ltr'><strong>temporum</strong></span> <span class='ocrx_word' id='word_1_193' title='bbox 3141 1072 3465 1126; x_wconf 91' lang='lat' dir='ltr'><strong>contineret.</strong></span> <span class='ocrx_word' id='word_1_194' title='bbox 3503 1069 3603 1136; x_wconf 83' lang='lat' dir='ltr'><strong>Qui</strong></span> 
     </span>
    </p>
   </div>
   <div class='ocr_carea' id='block_1_25' title="bbox 2012 1162 3603 1235">
    <p class='ocr_par' dir='ltr' id='par_1_25' title="bbox 2012 1162 3603 1235">
     <span class='ocr_line' id='line_1_25' title="bbox 2012 1162 3603 1235; baseline 0 -18"><span class='ocrx_word' id='word_1_195' title='bbox 2012 1162 2159 1217; x_wconf 87' lang='lat' dir='ltr'><strong>Deus</strong></span> <span class='ocrx_word' id='word_1_196' title='bbox 2230 1179 2405 1234; x_wconf 63' lang='lat' dir='ltr'><strong>graece</strong></span> <span class='ocrx_word' id='word_1_197' title='bbox 2475 1164 2708 1233; x_wconf 89' lang='lat' dir='ltr'><strong>idipsum</strong></span> <span class='ocrx_word' id='word_1_198' title='bbox 2770 1179 2967 1218; x_wconf 90' lang='lat' dir='ltr'><strong>nomen</strong></span> <span class='ocrx_word' id='word_1_199' title='bbox 3022 1163 3203 1218; x_wconf 88' lang='lat' dir='ltr'><strong>habet.</strong></span> <span class='ocrx_word' id='word_1_200' title='bbox 3230 1163 3416 1235; x_wconf 79' lang='grc' dir='ltr'><strong>Χρόνος</strong></span> <span class='ocrx_word' id='word_1_201' title='bbox 3456 1162 3603 1218; x_wconf 90' lang='lat' dir='ltr'><strong>enim</strong></span> 
     </span>
    </p>
   </div>
   <div class='ocr_carea' id='block_1_26' title="bbox 2011 1255 3597 1333">
    <p class='ocr_par' dir='ltr' id='par_1_26' title="bbox 2011 1255 3597 1333">
     <span class='ocr_line' id='line_1_26' title="bbox 2011 1255 3597 1333; baseline -0.002 -23"><span class='ocrx_word' id='word_1_202' title='bbox 2011 1255 2243 1321; x_wconf 89' lang='lat' dir='ltr'><strong>dicitur,</strong></span> <span class='ocrx_word' id='word_1_203' title='bbox 2301 1258 2390 1326; x_wconf 90' lang='lat' dir='ltr'><strong>qui</strong></span> <span class='ocrx_word' id='word_1_204' title='bbox 2437 1266 2521 1311; x_wconf 84' lang='lat' dir='ltr'><strong>est</strong></span> <span class='ocrx_word' id='word_1_205' title='bbox 2556 1259 2697 1311; x_wconf 87' lang='lat' dir='ltr'><strong>idem</strong></span> <span class='ocrx_word' id='word_1_206' title='bbox 2751 1259 2939 1333; x_wconf 79' lang='grc' dir='ltr'><strong>χρόνος</strong></span> <span class='ocrx_word' id='word_1_207' title='bbox 2988 1258 3247 1326; x_wconf 91' lang='lat' dir='ltr'><strong>temporis</strong></span> <span class='ocrx_word' id='word_1_208' title='bbox 3293 1255 3545 1325; x_wconf 86' lang='lat' dir='ltr'><strong>spatium.</strong></span> <span class='ocrx_word' id='word_1_209' title='bbox 3577 1273 3597 1307; x_wconf 76' lang='grc' dir='ltr'><strong>ι</strong></span> 
     </span>
    </p>
   </div>
   <div class='ocr_carea' id='block_1_27' title="bbox 2010 1347 3605 1405">
    <p class='ocr_par' dir='ltr' id='par_1_27' title="bbox 2010 1347 3605 1405">
     <span class='ocr_line' id='line_1_27' title="bbox 2010 1347 3605 1405; baseline 0.001 -3"><span class='ocrx_word' id='word_1_210' title='bbox 2010 1347 2215 1402; x_wconf 82' lang='lat' dir='ltr'><strong>Rursus</strong></span> <span class='ocrx_word' id='word_1_211' title='bbox 2262 1361 2441 1403; x_wconf 85' lang='lat' dir='ltr'><strong>autem</strong></span> <span class='ocrx_word' id='word_1_212' title='bbox 2473 1350 2598 1404; x_wconf 87' lang='lat' dir='ltr'><strong>inde</strong></span> <span class='ocrx_word' id='word_1_213' title='bbox 2650 1349 2812 1405; x_wconf 82' lang='lat' dir='ltr'><strong>infert</strong></span> <span class='ocrx_word' id='word_1_214' title='bbox 2857 1349 3133 1405; x_wconf 86' lang='lat' dir='ltr'><strong>Arnobius</strong></span> <span class='ocrx_word' id='word_1_215' title='bbox 3179 1347 3480 1403; x_wconf 89' lang='lat' dir='ltr'><strong>tollendum</strong></span> <span class='ocrx_word' id='word_1_216' title='bbox 3534 1347 3605 1404; x_wconf 86' lang='lat' dir='ltr'><strong>de</strong></span> 
     </span>
    </p>
   </div>
   <div class='ocr_carea' id='block_1_28' title="bbox 2009 1439 3601 1512">
    <p class='ocr_par' dir='ltr' id='par_1_28' title="bbox 2009 1439 3601 1512">
     <span class='ocr_line' id='line_1_28' title="bbox 2009 1439 3601 1512; baseline -0.001 -16"><span class='ocrx_word' id='word_1_217' title='bbox 2009 1442 2188 1496; x_wconf 89' lang='lat' dir='ltr'><strong>medio</strong></span> <span class='ocrx_word' id='word_1_218' title='bbox 2219 1443 2532 1507; x_wconf 82' lang='lat' dir='ltr'><strong>Saturnum,</strong></span> <span class='ocrx_word' id='word_1_219' title='bbox 2563 1444 2709 1499; x_wconf 71' lang='lat' dir='ltr'><strong>(3min</strong></span> <span class='ocrx_word' id='word_1_220' title='bbox 2755 1442 2955 1497; x_wconf 83' lang='lat' dir='ltr'><strong>editum</strong></span> <span class='ocrx_word' id='word_1_221' title='bbox 3010 1452 3161 1511; x_wconf 85' lang='lat' dir='ltr'><strong>patre</strong></span> <span class='ocrx_word' id='word_1_222' title='bbox 3210 1439 3479 1512; x_wconf 82' lang='lat' dir='ltr'><strong>(August.,</strong></span> <span class='ocrx_word' id='word_1_223' title='bbox 3508 1440 3601 1495; x_wconf 90' lang='lat' dir='ltr'><strong>lib.</strong></span> 
     </span>
    </p>
   </div>
   <div class='ocr_carea' id='block_1_29' title="bbox 2009 1532 3599 1607">
    <p class='ocr_par' dir='ltr' id='par_1_29' title="bbox 2009 1532 3599 1607">
     <span class='ocr_line' id='line_1_29' title="bbox 2009 1532 3599 1607; baseline -0.003 -16"><span class='ocrx_word' id='word_1_224' title='bbox 2009 1553 2061 1591; x_wconf 90' lang='lat' dir='ltr'><strong>tv</strong></span> <span class='ocrx_word' id='word_1_225' title='bbox 2087 1538 2151 1590; x_wconf 84' lang='lat' dir='ltr'><strong>de</strong></span> <span class='ocrx_word' id='word_1_226' title='bbox 2173 1535 2348 1601; x_wconf 84' lang='lat' dir='ltr'><strong>Civit.,</strong></span> <span class='ocrx_word' id='word_1_227' title='bbox 2375 1553 2490 1605; x_wconf 86' lang='lat' dir='ltr'><strong>cap.</strong></span> <span class='ocrx_word' id='word_1_228' title='bbox 2518 1535 2606 1602; x_wconf 91' lang='lat'><strong>10,</strong></span> <span class='ocrx_word' id='word_1_229' title='bbox 2628 1553 2750 1607; x_wconf 86' lang='lat' dir='ltr'><strong>pag.</strong></span> <span class='ocrx_word' id='word_1_230' title='bbox 2781 1535 2882 1600; x_wconf 81' lang='lat'><strong>95;</strong></span> <span class='ocrx_word' id='word_1_231' title='bbox 2913 1534 3169 1600; x_wconf 66' lang='lat' dir='ltr'><strong>Macrob,</strong></span> <span class='ocrx_word' id='word_1_232' title='bbox 3192 1534 3282 1587; x_wconf 83' lang='lat' dir='ltr'><strong>lib.</strong></span> <span class='ocrx_word' id='word_1_233' title='bbox 3311 1549 3328 1586; x_wconf 90' lang='grc' dir='ltr'><strong>ι</strong></span> <span class='ocrx_word' id='word_1_234' title='bbox 3358 1532 3599 1601; x_wconf 86' lang='lat' dir='ltr'><strong>Saturn.,</strong></span> 
     </span>
    </p>
   </div>
   <div class='ocr_carea' id='block_1_30' title="bbox 2006 1626 3598 1702">
    <p class='ocr_par' dir='ltr' id='par_1_30' title="bbox 2006 1626 3598 1702">
     <span class='ocr_line' id='line_1_30' title="bbox 2006 1626 3598 1702; baseline -0.004 -17"><span class='ocrx_word' id='word_1_235' title='bbox 2006 1647 2126 1702; x_wconf 89' lang='lat' dir='ltr'><strong>cap.</strong></span> <span class='ocrx_word' id='word_1_236' title='bbox 2178 1631 2248 1696; x_wconf 89' lang='lat'><strong>8;</strong></span> <span class='ocrx_word' id='word_1_237' title='bbox 2286 1629 2581 1695; x_wconf 54' lang='lat' dir='ltr'><strong>Plutarch,</strong></span> <span class='ocrx_word' id='word_1_238' title='bbox 2613 1629 2702 1683; x_wconf 85' lang='lat' dir='ltr'><strong>lib.</strong></span> <span class='ocrx_word' id='word_1_239' title='bbox 2733 1630 2796 1682; x_wconf 84' lang='lat' dir='ltr'><strong>de</strong></span> <span class='ocrx_word' id='word_1_240' title='bbox 2829 1626 2964 1682; x_wconf 78' lang='lat' dir='ltr'><strong>Isid.</strong></span> <span class='ocrx_word' id='word_1_241' title='bbox 3010 1638 3056 1681; x_wconf 82' lang='lat' dir='ltr'><strong>et</strong></span> <span class='ocrx_word' id='word_1_242' title='bbox 3109 1626 3247 1681; x_wconf 79' lang='lat' dir='ltr'><strong>Osir.</strong></span> <span class='ocrx_word' id='word_1_243' title='bbox 3278 1667 3294 1691; x_wconf 94' lang='lat'><strong>,</strong></span> <span class='ocrx_word' id='word_1_244' title='bbox 3347 1636 3470 1679; x_wconf 88' lang='lat' dir='ltr'><strong>tam.</strong></span> <span class='ocrx_word' id='word_1_245' title='bbox 3522 1640 3598 1691; x_wconf 88' lang='grc' dir='ltr'><strong>ιι,</strong></span> 
     </span>
    </p>
   </div>
   <div class='ocr_carea' id='block_1_31' title="bbox 2006 1718 3597 1794">
    <p class='ocr_par' dir='ltr' id='par_1_31' title="bbox 2006 1718 3597 1794">
     <span class='ocr_line' id='line_1_31' title="bbox 2006 1718 3597 1794; baseline -0.004 -14"><span class='ocrx_word' id='word_1_246' title='bbox 2006 1742 2059 1794; x_wconf 87' lang='lat' dir='ltr'><strong>p.</strong></span> <span class='ocrx_word' id='word_1_247' title='bbox 2083 1725 2221 1789; x_wconf 71' lang='lat'><strong>565;</strong></span> <span class='ocrx_word' id='word_1_248' title='bbox 2254 1722 2446 1788; x_wconf 83' lang='lat' dir='ltr'><strong>Cicer.,</strong></span> <span class='ocrx_word' id='word_1_249' title='bbox 2476 1723 2565 1777; x_wconf 92' lang='lat' dir='ltr'><strong>lib.</strong></span> <span class='ocrx_word' id='word_1_250' title='bbox 2595 1738 2632 1777; x_wconf 90' lang='lat' dir='ltr'><strong>tt</strong></span> <span class='ocrx_word' id='word_1_251' title='bbox 2664 1723 2726 1776; x_wconf 79' lang='lat' dir='ltr'><strong>de</strong></span> <span class='ocrx_word' id='word_1_252' title='bbox 2765 1721 2896 1776; x_wconf 78' lang='lat' dir='ltr'><strong>Nat.</strong></span> <span class='ocrx_word' id='word_1_253' title='bbox 2922 1722 3090 1789; x_wconf 87' lang='lat' dir='ltr'><strong>deor.,</strong></span> <span class='ocrx_word' id='word_1_254' title='bbox 3116 1739 3169 1791; x_wconf 92' lang='lat' dir='ltr'><strong>p.</strong></span> <span class='ocrx_word' id='word_1_255' title='bbox 3201 1720 3329 1787; x_wconf 70' lang='lat'><strong>225,</strong></span> <span class='ocrx_word' id='word_1_256' title='bbox 3360 1720 3454 1775; x_wconf 83' lang='lat' dir='ltr'><strong>liu.</strong></span> <span class='ocrx_word' id='word_1_257' title='bbox 3479 1718 3597 1788; x_wconf 74' lang='lat'><strong>28).</strong></span> 
     </span>
    </p>
   </div>
   <div class='ocr_carea' id='block_1_32' title="bbox 303 1812 3598 1890">
    <p class='ocr_par' dir='ltr' id='par_1_32' title="bbox 303 1812 3598 1890">
     <span class='ocr_line' id='line_1_32' title="bbox 303 1812 3598 1890; baseline 0.001 -25"><span class='ocrx_word' id='word_1_258' title='bbox 303 1812 528 1867; x_wconf 85' lang='lat' dir='ltr'><strong>nuarius</strong></span> <span class='ocrx_word' id='word_1_259' title='bbox 550 1812 890 1871; x_wconf 89' lang='lat' dir='ltr'><strong>dicitur......</strong></span> <span class='ocrx_word' id='word_1_260' title='bbox 945 1816 1048 1871; x_wconf 82' lang='lat' dir='ltr'><strong>Alii</strong></span> <span class='ocrx_word' id='word_1_261' title='bbox 1085 1817 1277 1873; x_wconf 84' lang='lat' dir='ltr'><strong>Jauum</strong></span> <span class='ocrx_word' id='word_1_262' title='bbox 1314 1818 1569 1874; x_wconf 91' lang='lat' dir='ltr'><strong>mundum</strong></span> <span class='ocrx_word' id='word_1_263' title='bbox 1604 1819 1895 1890; x_wconf 89' lang='lat' dir='ltr'><strong>accipiunt,</strong></span> <span class='ocrx_word' id='word_1_264' title='bbox 1931 1814 1978 1874; x_wconf 90' lang='lat' dir='ltr'><strong>B</strong></span> <span class='ocrx_word' id='word_1_265' title='bbox 2074 1819 2209 1887; x_wconf 86' lang='lat' dir='ltr'><strong>Quid</strong></span> <span class='ocrx_word' id='word_1_266' title='bbox 2235 1827 2516 1889; x_wconf 71' lang='lat' dir='ltr'><strong>prmterea,</strong></span> <span class='ocrx_word' id='word_1_267' title='bbox 2548 1817 2690 1888; x_wconf 92' lang='lat' dir='ltr'><strong>quod</strong></span> <span class='ocrx_word' id='word_1_268' title='bbox 2718 1817 2897 1871; x_wconf 91' lang='lat' dir='ltr'><strong>nullus</strong></span> <span class='ocrx_word' id='word_1_269' title='bbox 2921 1831 3136 1886; x_wconf 89' lang='lat' dir='ltr'><strong>quoque</strong></span> <span class='ocrx_word' id='word_1_270' title='bbox 3160 1829 3411 1887; x_wconf 88' lang='lat' dir='ltr'><strong>umquam</strong></span> <span class='ocrx_word' id='word_1_271' title='bbox 3433 1814 3598 1869; x_wconf 82' lang='lat' dir='ltr'><strong>fuisse</strong></span> 
     </span>
    </p>
   </div>
   <div class='ocr_carea' id='block_1_33' title="bbox 302 1907 1898 1985">
    <p class='ocr_par' dir='ltr' id='par_1_33' title="bbox 302 1907 1898 1985">
     <span class='ocr_line' id='line_1_33' title="bbox 302 1907 1898 1985; baseline 0.005 -24"><span class='ocrx_word' id='word_1_272' title='bbox 302 1907 457 1976; x_wconf 88' lang='lat' dir='ltr'><strong>cujus</strong></span> <span class='ocrx_word' id='word_1_273' title='bbox 483 1910 655 1964; x_wconf 73' lang='lat' dir='ltr'><strong>caulze</strong></span> <span class='ocrx_word' id='word_1_274' title='bbox 686 1909 808 1965; x_wconf 87' lang='lat' dir='ltr'><strong>ideo</strong></span> <span class='ocrx_word' id='word_1_275' title='bbox 836 1912 887 1965; x_wconf 91' lang='lat' dir='ltr'><strong>in</strong></span> <span class='ocrx_word' id='word_1_276' title='bbox 921 1928 1049 1982; x_wconf 84' lang='lat' dir='ltr'><strong>pace</strong></span> <span class='ocrx_word' id='word_1_277' title='bbox 1092 1915 1289 1968; x_wconf 73' lang='lat' dir='ltr'><strong>clausae</strong></span> <span class='ocrx_word' id='word_1_278' title='bbox 1318 1925 1464 1982; x_wconf 86' lang='lat' dir='ltr'><strong>sunt,</strong></span> <span class='ocrx_word' id='word_1_279' title='bbox 1495 1914 1636 1985; x_wconf 90' lang='lat' dir='ltr'><strong>quod</strong></span> <span class='ocrx_word' id='word_1_280' title='bbox 1668 1914 1898 1969; x_wconf 88' lang='lat' dir='ltr'><strong>mundus</strong></span> 
     </span>
    </p>
   </div>
   <div class='ocr_carea' id='block_1_34' title="bbox 307 1999 1897 2078">
    <p class='ocr_par' dir='ltr' id='par_1_34' title="bbox 307 1999 1897 2078">
     <span class='ocr_line' id='line_1_34' title="bbox 307 1999 1897 2078; baseline 0.008 -26"><span class='ocrx_word' id='word_1_281' title='bbox 307 1999 542 2071; x_wconf 91' lang='lat' dir='ltr'><strong>undique</strong></span> <span class='ocrx_word' id='word_1_282' title='bbox 581 2004 799 2058; x_wconf 88' lang='lat' dir='ltr'><strong>clausus</strong></span> <span class='ocrx_word' id='word_1_283' title='bbox 840 2014 956 2070; x_wconf 89' lang='lat' dir='ltr'><strong>est;</strong></span> <span class='ocrx_word' id='word_1_284' title='bbox 1008 2004 1130 2061; x_wconf 83' lang='lat' dir='ltr'><strong>belli</strong></span> <span class='ocrx_word' id='word_1_285' title='bbox 1180 2015 1420 2076; x_wconf 77' lang='lat' dir='ltr'><strong>tempore</strong></span> <span class='ocrx_word' id='word_1_286' title='bbox 1464 2008 1779 2078; x_wconf 83' lang='lat' dir='ltr'><strong>aperiuntur</strong></span> <span class='ocrx_word' id='word_1_287' title='bbox 1830 2006 1897 2064; x_wconf 87' lang='lat' dir='ltr'><strong>ad</strong></span> 
     </span>
    </p>
   </div>
   <div class='ocr_carea' id='block_1_35' title="bbox 296 2092 1896 2172">
    <p class='ocr_par' dir='ltr' id='par_1_35' title="bbox 296 2092 1896 2172">
     <span class='ocr_line' id='line_1_35' title="bbox 296 2092 1896 2172; baseline 0.007 -28"><span class='ocrx_word' id='word_1_288' title='bbox 296 2092 556 2148; x_wconf 81' lang='lat' dir='ltr'><strong>auxilium</strong></span> <span class='ocrx_word' id='word_1_289' title='bbox 588 2098 901 2162; x_wconf 88' lang='lat' dir='ltr'><strong>petendum,</strong></span> <span class='ocrx_word' id='word_1_290' title='bbox 936 2104 989 2152; x_wconf 82' lang='lat' dir='ltr'><strong>ut</strong></span> <span class='ocrx_word' id='word_1_291' title='bbox 1021 2107 1254 2168; x_wconf 76' lang='lat' dir='ltr'><strong>pateant.</strong></span> <span class='ocrx_word' id='word_1_292' title='bbox 1301 2118 1320 2151; x_wconf 76' lang='grc' dir='ltr'><strong>ι</strong></span> <span class='ocrx_word' id='word_1_293' title='bbox 1364 2098 1560 2172; x_wconf 83' lang='lat' dir='ltr'><strong>(Serv.,</strong></span> <span class='ocrx_word' id='word_1_294' title='bbox 1605 2102 1657 2153; x_wconf 87' lang='lat' dir='ltr'><strong>in</strong></span> <span class='ocrx_word' id='word_1_295' title='bbox 1681 2098 1773 2155; x_wconf 87' lang='lat' dir='ltr'><strong>lib.</strong></span> <span class='ocrx_word' id='word_1_296' title='bbox 1804 2116 1896 2155; x_wconf 90' lang='lat' dir='ltr'><strong>vttt</strong></span> 
     </span>
    </p>
   </div>
   <div class='ocr_carea' id='block_1_36' title="bbox 294 2180 1895 2263">
    <p class='ocr_par' dir='ltr' id='par_1_36' title="bbox 294 2180 1895 2263">
     <span class='ocr_line' id='line_1_36' title="bbox 294 2180 1895 2263; baseline 0.009 -27"><span class='ocrx_word' id='word_1_297' title='bbox 294 2180 539 2249; x_wconf 82' lang='lat' dir='ltr'><strong>/Eneid.,</strong></span> <span class='ocrx_word' id='word_1_298' title='bbox 563 2200 694 2243; x_wconf 79' lang='lat' dir='ltr'><strong>vers.</strong></span> <span class='ocrx_word' id='word_1_299' title='bbox 725 2187 829 2245; x_wconf 79' lang='lat'><strong>605</strong></span> <span class='ocrx_word' id='word_1_300' title='bbox 861 2200 906 2243; x_wconf 87' lang='lat' dir='ltr'><strong>et</strong></span> <span class='ocrx_word' id='word_1_301' title='bbox 935 2207 1096 2261; x_wconf 63' lang='lat' dir='ltr'><strong>seqq,</strong></span> <span class='ocrx_word' id='word_1_302' title='bbox 1124 2208 1242 2263; x_wconf 85' lang='lat' dir='ltr'><strong>pag.</strong></span> <span class='ocrx_word' id='word_1_303' title='bbox 1278 2193 1427 2263; x_wconf 67' lang='grc'>474).</span> <span class='ocrx_word' id='word_1_304' title='bbox 1462 2193 1624 2248; x_wconf 78' lang='lat' dir='ltr'><strong>Addit</strong></span> <span class='ocrx_word' id='word_1_305' title='bbox 1652 2194 1799 2247; x_wconf 90' lang='lat' dir='ltr'><strong>illum</strong></span> <span class='ocrx_word' id='word_1_306' title='bbox 1826 2195 1895 2250; x_wconf 88' lang='lat' dir='ltr'><strong>ab</strong></span> 
     </span>
    </p>
   </div>
   <div class='ocr_carea' id='block_1_37' title="bbox 297 2275 1896 2354">
    <p class='ocr_par' dir='ltr' id='par_1_37' title="bbox 297 2275 1896 2354">
     <span class='ocr_line' id='line_1_37' title="bbox 297 2275 1896 2354; baseline 0.008 -26"><span class='ocrx_word' id='word_1_307' title='bbox 297 2275 442 2342; x_wconf 85' lang='lat' dir='ltr'><strong>aliis,</strong></span> <span class='ocrx_word' id='word_1_308' title='bbox 487 2280 940 2348; x_wconf 90' lang='lat' dir='ltr'><strong>quemadmodum</strong></span> <span class='ocrx_word' id='word_1_309' title='bbox 985 2299 1013 2337; x_wconf 89' lang='lat' dir='ltr'><strong>a</strong></span> <span class='ocrx_word' id='word_1_310' title='bbox 1059 2281 1321 2339; x_wconf 87' lang='lat' dir='ltr'><strong>Cicerone</strong></span> <span class='ocrx_word' id='word_1_311' title='bbox 1371 2284 1580 2354; x_wconf 86' lang='lat' dir='ltr'><strong>(Cicer.,</strong></span> <span class='ocrx_word' id='word_1_312' title='bbox 1629 2286 1718 2340; x_wconf 86' lang='lat' dir='ltr'><strong>lib.</strong></span> <span class='ocrx_word' id='word_1_313' title='bbox 1769 2302 1787 2341; x_wconf 97' lang='grc' dir='ltr'><strong>ι</strong></span> <span class='ocrx_word' id='word_1_314' title='bbox 1831 2286 1896 2340; x_wconf 84' lang='lat' dir='ltr'><strong>de</strong></span> 
     </span>
    </p>
   </div>
   <div class='ocr_carea' id='block_1_38' title="bbox 290 2365 1892 2445">
    <p class='ocr_par' dir='ltr' id='par_1_38' title="bbox 290 2365 1892 2445">
     <span class='ocr_line' id='line_1_38' title="bbox 290 2365 1892 2445; baseline 0.008 -24"><span class='ocrx_word' id='word_1_315' title='bbox 290 2365 490 2424; x_wconf 82' lang='lat' dir='ltr'><strong>Natur.</strong></span> <span class='ocrx_word' id='word_1_316' title='bbox 521 2371 690 2434; x_wconf 85' lang='lat' dir='ltr'><strong>deor..</strong></span> <span class='ocrx_word' id='word_1_317' title='bbox 716 2391 837 2445; x_wconf 87' lang='lat' dir='ltr'><strong>pag.</strong></span> <span class='ocrx_word' id='word_1_318' title='bbox 872 2375 1022 2445; x_wconf 71' lang='grc'>221),</span> <span class='ocrx_word' id='word_1_319' title='bbox 1055 2376 1249 2431; x_wconf 90' lang='lat' dir='ltr'><strong>Janum</strong></span> <span class='ocrx_word' id='word_1_320' title='bbox 1274 2393 1369 2432; x_wconf 89' lang='lat' dir='ltr'><strong>seu</strong></span> <span class='ocrx_word' id='word_1_321' title='bbox 1391 2378 1595 2432; x_wconf 84' lang='lat' dir='ltr'><strong>Eanum</strong></span> <span class='ocrx_word' id='word_1_322' title='bbox 1624 2378 1692 2433; x_wconf 85' lang='lat' dir='ltr'><strong>ab</strong></span> <span class='ocrx_word' id='word_1_323' title='bbox 1712 2378 1892 2434; x_wconf 91' lang='lat' dir='ltr'><strong>eundo</strong></span> 
     </span>
    </p>
   </div>
   <div class='ocr_carea' id='block_1_39' title="bbox 284 2464 1890 2539">
    <p class='ocr_par' dir='ltr' id='par_1_39' title="bbox 284 2464 1890 2539">
     <span class='ocr_line' id='line_1_39' title="bbox 284 2464 1890 2539; baseline 0.007 -22"><span class='ocrx_word' id='word_1_324' title='bbox 284 2464 534 2528; x_wconf 80' lang='lat' dir='ltr'><strong>vocitari,</strong></span> <span class='ocrx_word' id='word_1_325' title='bbox 566 2467 849 2539; x_wconf 88' lang='lat' dir='ltr'><strong>ipsumque</strong></span> <span class='ocrx_word' id='word_1_326' title='bbox 875 2486 995 2526; x_wconf 91' lang='lat' dir='ltr'><strong>esse</strong></span> <span class='ocrx_word' id='word_1_327' title='bbox 1022 2472 1269 2539; x_wconf 76' lang='lat' dir='ltr'><strong>Martem;</strong></span> <span class='ocrx_word' id='word_1_328' title='bbox 1316 2474 1383 2528; x_wconf 84' lang='lat' dir='ltr'><strong>ab</strong></span> <span class='ocrx_word' id='word_1_329' title='bbox 1409 2474 1530 2528; x_wconf 90' lang='lat' dir='ltr'><strong>aliis</strong></span> <span class='ocrx_word' id='word_1_330' title='bbox 1559 2489 1740 2528; x_wconf 85' lang='lat' dir='ltr'><strong>aerem</strong></span> <span class='ocrx_word' id='word_1_331' title='bbox 1769 2490 1890 2529; x_wconf 90' lang='lat' dir='ltr'><strong>cre-</strong></span> 
     </span>
    </p>
   </div>
   <div class='ocr_carea' id='block_1_40' title="bbox 287 2553 1885 2630">
    <p class='ocr_par' dir='ltr' id='par_1_40' title="bbox 287 2553 1885 2630">
     <span class='ocr_line' id='line_1_40' title="bbox 287 2553 1885 2630; baseline 0.008 -21"><span class='ocrx_word' id='word_1_332' title='bbox 287 2553 366 2619; x_wconf 90' lang='lat' dir='ltr'><strong>di,</strong></span> <span class='ocrx_word' id='word_1_333' title='bbox 397 2558 465 2611; x_wconf 89' lang='lat' dir='ltr'><strong>ab</strong></span> <span class='ocrx_word' id='word_1_334' title='bbox 486 2558 604 2613; x_wconf 90' lang='lat' dir='ltr'><strong>aliis</strong></span> <span class='ocrx_word' id='word_1_335' title='bbox 631 2576 760 2616; x_wconf 88' lang='lat' dir='ltr'><strong>vero</strong></span> <span class='ocrx_word' id='word_1_336' title='bbox 793 2564 1117 2630; x_wconf 89' lang='lat' dir='ltr'><strong>Clusivium,</strong></span> <span class='ocrx_word' id='word_1_337' title='bbox 1155 2574 1247 2620; x_wconf 85' lang='lat' dir='ltr'><strong>aut</strong></span> <span class='ocrx_word' id='word_1_338' title='bbox 1284 2565 1583 2630; x_wconf 81' lang='lat' dir='ltr'><strong>Patuleum,</strong></span> <span class='ocrx_word' id='word_1_339' title='bbox 1615 2577 1706 2623; x_wconf 90' lang='lat' dir='ltr'><strong>aut</strong></span> <span class='ocrx_word' id='word_1_340' title='bbox 1727 2568 1885 2623; x_wconf 87' lang='lat' dir='ltr'><strong>Jazo-</strong></span> 
     </span>
    </p>
   </div>
   <div class='ocr_carea' id='block_1_41' title="bbox 286 2646 1474 2729">
    <p class='ocr_par' dir='ltr' id='par_1_41' title="bbox 286 2646 1474 2729">
     <span class='ocr_line' id='line_1_41' title="bbox 286 2646 1474 2729; baseline 0.011 -29"><span class='ocrx_word' id='word_1_341' title='bbox 286 2646 467 2715; x_wconf 90' lang='lat' dir='ltr'><strong>nium,</strong></span> <span class='ocrx_word' id='word_1_342' title='bbox 501 2662 657 2719; x_wconf 86' lang='lat' dir='ltr'><strong>atque</strong></span> <span class='ocrx_word' id='word_1_343' title='bbox 688 2655 851 2709; x_wconf 88' lang='lat' dir='ltr'><strong>etiam</strong></span> <span class='ocrx_word' id='word_1_344' title='bbox 882 2656 1164 2725; x_wconf 84' lang='lat' dir='ltr'><strong>Quirinum</strong></span> <span class='ocrx_word' id='word_1_345' title='bbox 1194 2658 1474 2729; x_wconf 85' lang='lat' dir='ltr'><strong>appellari.</strong></span> 
     </span>
    </p>
   </div>
   <div class='ocr_carea' id='block_1_42' title="bbox 356 2742 1884 2826">
    <p class='ocr_par' dir='ltr' id='par_1_42' title="bbox 356 2742 1884 2826">
     <span class='ocr_line' id='line_1_42' title="bbox 356 2742 1884 2826; baseline 0.009 -30"><span class='ocrx_word' id='word_1_346' title='bbox 356 2742 664 2801; x_wconf 81' lang='lat' dir='ltr'><strong>Macrobius</strong></span> <span class='ocrx_word' id='word_1_347' title='bbox 692 2764 824 2804; x_wconf 86' lang='lat' dir='ltr'><strong>vero</strong></span> <span class='ocrx_word' id='word_1_348' title='bbox 851 2750 1092 2805; x_wconf 87' lang='lat' dir='ltr'><strong>ostendit</strong></span> <span class='ocrx_word' id='word_1_349' title='bbox 1112 2749 1253 2807; x_wconf 89' lang='lat' dir='ltr'><strong>hunc</strong></span> <span class='ocrx_word' id='word_1_350' title='bbox 1285 2753 1457 2826; x_wconf 92' lang='lat' dir='ltr'><strong>ipsum</strong></span> <span class='ocrx_word' id='word_1_351' title='bbox 1489 2770 1517 2809; x_wconf 90' lang='lat' dir='ltr'><strong>a</strong></span> <span class='ocrx_word' id='word_1_352' title='bbox 1540 2754 1884 2825; x_wconf 88' lang='lat' dir='ltr'><strong>quihusdam,</strong></span> 
     </span>
    </p>
   </div>
   <div class='ocr_carea' id='block_1_43' title="bbox 278 2835 1885 2919">
    <p class='ocr_par' dir='ltr' id='par_1_43' title="bbox 278 2835 1885 2919">
     <span class='ocr_line' id='line_1_43' title="bbox 278 2835 1885 2919; baseline 0.008 -28"><span class='ocrx_word' id='word_1_353' title='bbox 278 2836 362 2891; x_wconf 89' lang='lat' dir='ltr'><strong>uti</strong></span> <span class='ocrx_word' id='word_1_354' title='bbox 387 2835 454 2892; x_wconf 87' lang='lat' dir='ltr'><strong>ab</strong></span> <span class='ocrx_word' id='word_1_355' title='bbox 481 2838 716 2912; x_wconf 84' lang='lat' dir='ltr'><strong>Nigidio,</strong></span> <span class='ocrx_word' id='word_1_356' title='bbox 748 2844 996 2899; x_wconf 89' lang='lat' dir='ltr'><strong>eumdem</strong></span> <span class='ocrx_word' id='word_1_357' title='bbox 1039 2844 1144 2900; x_wconf 91' lang='lat' dir='ltr'><strong>dici</strong></span> <span class='ocrx_word' id='word_1_358' title='bbox 1172 2858 1333 2918; x_wconf 84' lang='lat' dir='ltr'><strong>atque</strong></span> <span class='ocrx_word' id='word_1_359' title='bbox 1364 2847 1533 2904; x_wconf 91' lang='lat' dir='ltr'><strong>solem</strong></span> <span class='ocrx_word' id='word_1_360' title='bbox 1555 2891 1568 2912; x_wconf 91' lang='lat'><strong>,</strong></span> <span class='ocrx_word' id='word_1_361' title='bbox 1603 2856 1658 2903; x_wconf 89' lang='lat' dir='ltr'><strong>et</strong></span> <span class='ocrx_word' id='word_1_362' title='bbox 1680 2849 1885 2919; x_wconf 87' lang='lat' dir='ltr'><strong>Apolli-</strong></span> 
     </span>
    </p>
   </div>
   <div class='ocr_carea' id='block_1_44' title="bbox 278 2937 1883 3014">
    <p class='ocr_par' dir='ltr' id='par_1_44' title="bbox 278 2937 1883 3014">
     <span class='ocr_line' id='line_1_44' title="bbox 278 2937 1883 3014; baseline 0.009 -30"><span class='ocrx_word' id='word_1_363' title='bbox 278 2945 431 2998; x_wconf 87' lang='lat' dir='ltr'><strong>nem,</strong></span> <span class='ocrx_word' id='word_1_364' title='bbox 459 2947 488 2987; x_wconf 93' lang='lat' dir='ltr'><strong>a</strong></span> <span class='ocrx_word' id='word_1_365' title='bbox 517 2937 795 2992; x_wconf 88' lang='lat' dir='ltr'><strong>nonnullis</strong></span> <span class='ocrx_word' id='word_1_366' title='bbox 823 2953 954 2993; x_wconf 89' lang='lat' dir='ltr'><strong>vero</strong></span> <span class='ocrx_word' id='word_1_367' title='bbox 975 2939 1233 2995; x_wconf 90' lang='lat' dir='ltr'><strong>mundum</strong></span> <span class='ocrx_word' id='word_1_368' title='bbox 1262 2950 1316 2997; x_wconf 88' lang='lat' dir='ltr'><strong>et</strong></span> <span class='ocrx_word' id='word_1_369' title='bbox 1352 2942 1568 3009; x_wconf 65' lang='lat' dir='ltr'><strong>malum,</strong></span> <span class='ocrx_word' id='word_1_370' title='bbox 1594 2952 1756 3014; x_wconf 88' lang='lat' dir='ltr'><strong>atque</strong></span> <span class='ocrx_word' id='word_1_371' title='bbox 1788 2944 1883 2999; x_wconf 85' lang='lat' dir='ltr'><strong>iis-</strong></span> 
     </span>
    </p>
   </div>
   <div class='ocr_carea' id='block_1_45' title="bbox 276 3021 1880 3101">
    <p class='ocr_par' dir='ltr' id='par_1_45' title="bbox 276 3021 1880 3101">
     <span class='ocr_line' id='line_1_45' title="bbox 276 3021 1880 3101; baseline 0.009 -25"><span class='ocrx_word' id='word_1_372' title='bbox 276 3021 428 3088; x_wconf 85' lang='lat' dir='ltr'><strong>dem,</strong></span> <span class='ocrx_word' id='word_1_373' title='bbox 460 3040 583 3095; x_wconf 66' lang='lat' dir='ltr'><strong>quae</strong></span> <span class='ocrx_word' id='word_1_374' title='bbox 622 3026 841 3084; x_wconf 86' lang='lat' dir='ltr'><strong>Servius</strong></span> <span class='ocrx_word' id='word_1_375' title='bbox 869 3041 1136 3099; x_wconf 86' lang='lat' dir='ltr'><strong>recenset,</strong></span> <span class='ocrx_word' id='word_1_376' title='bbox 1170 3034 1499 3101; x_wconf 91' lang='lat' dir='ltr'><strong>nominibus,</strong></span> <span class='ocrx_word' id='word_1_377' title='bbox 1532 3035 1600 3089; x_wconf 90' lang='lat' dir='ltr'><strong>ab</strong></span> <span class='ocrx_word' id='word_1_378' title='bbox 1625 3037 1746 3090; x_wconf 89' lang='lat' dir='ltr'><strong>aliis</strong></span> <span class='ocrx_word' id='word_1_379' title='bbox 1781 3053 1880 3091; x_wconf 84' lang='lat' dir='ltr'><strong>vo-</strong></span> 
     </span>
    </p>
   </div>
   <div class='ocr_carea' id='block_1_46' title="bbox 273 3119 1876 3201">
    <p class='ocr_par' dir='ltr' id='par_1_46' title="bbox 273 3119 1876 3201">
     <span class='ocr_line' id='line_1_46' title="bbox 273 3119 1876 3201; baseline 0.009 -30"><span class='ocrx_word' id='word_1_380' title='bbox 273 3126 483 3188; x_wconf 79' lang='lat' dir='ltr'><strong>catum,</strong></span> <span class='ocrx_word' id='word_1_381' title='bbox 532 3119 583 3173; x_wconf 91' lang='lat' dir='ltr'><strong>in</strong></span> <span class='ocrx_word' id='word_1_382' title='bbox 630 3122 926 3194; x_wconf 85' lang='lat' dir='ltr'><strong>primisque</strong></span> <span class='ocrx_word' id='word_1_383' title='bbox 969 3125 1279 3194; x_wconf 90' lang='lat' dir='ltr'><strong>Jauonium,</strong></span> <span class='ocrx_word' id='word_1_384' title='bbox 1330 3147 1349 3180; x_wconf 78' lang='grc' dir='ltr'><strong>ι</strong></span> <span class='ocrx_word' id='word_1_385' title='bbox 1396 3128 1569 3198; x_wconf 86' lang='lat' dir='ltr'><strong>quasi,</strong></span> <span class='ocrx_word' id='word_1_386' title='bbox 1610 3149 1628 3182; x_wconf 73' lang='grc' dir='ltr'><strong>ι</strong></span> <span class='ocrx_word' id='word_1_387' title='bbox 1683 3131 1876 3201; x_wconf 86' lang='lat' dir='ltr'><strong>inquit,</strong></span> 
     </span>
    </p>
   </div>
   <div class='ocr_carea' id='block_1_47' title="bbox 2003 1906 3592 1981">
    <p class='ocr_par' dir='ltr' id='par_1_47' title="bbox 2003 1906 3592 1981">
     <span class='ocr_line' id='line_1_47' title="bbox 2003 1906 3592 1981; baseline -0.004 -15"><span class='ocrx_word' id='word_1_388' title='bbox 2003 1910 2262 1967; x_wconf 88' lang='lat' dir='ltr'><strong>dicendus</strong></span> <span class='ocrx_word' id='word_1_389' title='bbox 2293 1922 2373 1966; x_wconf 91' lang='lat' dir='ltr'><strong>est</strong></span> <span class='ocrx_word' id='word_1_390' title='bbox 2401 1910 2644 1981; x_wconf 90' lang='lat' dir='ltr'><strong>ejusdem</strong></span> <span class='ocrx_word' id='word_1_391' title='bbox 2671 1910 2891 1966; x_wconf 88' lang='lat' dir='ltr'><strong>Saturni</strong></span> <span class='ocrx_word' id='word_1_392' title='bbox 2931 1917 2987 1964; x_wconf 88' lang='lat' dir='ltr'><strong>et</strong></span> <span class='ocrx_word' id='word_1_393' title='bbox 3033 1909 3163 1978; x_wconf 84' lang='lat' dir='ltr'><strong>Opis</strong></span> <span class='ocrx_word' id='word_1_394' title='bbox 3191 1908 3335 1963; x_wconf 88' lang='lat' dir='ltr'><strong>lilius</strong></span> <span class='ocrx_word' id='word_1_395' title='bbox 3363 1906 3592 1978; x_wconf 81' lang='lat' dir='ltr'><strong>Jupiter,</strong></span> 
     </span>
    </p>
   </div>
   <div class='ocr_carea' id='block_1_48' title="bbox 2000 2001 3596 2074">
    <p class='ocr_par' dir='ltr' id='par_1_48' title="bbox 2000 2001 3596 2074">
     <span class='ocr_line' id='line_1_48' title="bbox 2000 2001 3596 2074; baseline 0.001 -16"><span class='ocrx_word' id='word_1_396' title='bbox 2000 2005 2053 2058; x_wconf 91' lang='lat' dir='ltr'><strong>in</strong></span> <span class='ocrx_word' id='word_1_397' title='bbox 2088 2006 2285 2060; x_wconf 87' lang='lat' dir='ltr'><strong>ﬁnibus</strong></span> <span class='ocrx_word' id='word_1_398' title='bbox 2331 2006 2670 2061; x_wconf 85' lang='lat' dir='ltr'><strong>Cretensium</strong></span> <span class='ocrx_word' id='word_1_399' title='bbox 2714 2003 2998 2074; x_wconf 89' lang='lat' dir='ltr'><strong>sepultus?</strong></span> <span class='ocrx_word' id='word_1_400' title='bbox 3027 2002 3161 2057; x_wconf 84' lang='lat' dir='ltr'><strong>Nam</strong></span> <span class='ocrx_word' id='word_1_401' title='bbox 3204 2001 3346 2057; x_wconf 84' lang='lat' dir='ltr'><strong>hunc</strong></span> <span class='ocrx_word' id='word_1_402' title='bbox 3372 2002 3461 2057; x_wconf 90' lang='lat' dir='ltr'><strong>alii</strong></span> <span class='ocrx_word' id='word_1_403' title='bbox 3502 2017 3596 2059; x_wconf 86' lang='lat' dir='ltr'><strong>so-</strong></span> 
     </span>
    </p>
   </div>
   <div class='ocr_carea' id='block_1_49' title="bbox 1999 2094 3597 2161">
    <p class='ocr_par' dir='ltr' id='par_1_49' title="bbox 1999 2094 3597 2161">
     <span class='ocr_line' id='line_1_49' title="bbox 1999 2094 3597 2161; baseline 0.001 -12"><span class='ocrx_word' id='word_1_404' title='bbox 1999 2095 2127 2161; x_wconf 90' lang='lat' dir='ltr'><strong>lem,</strong></span> <span class='ocrx_word' id='word_1_405' title='bbox 2177 2096 2270 2151; x_wconf 81' lang='lat' dir='ltr'><strong>alii</strong></span> <span class='ocrx_word' id='word_1_406' title='bbox 2320 2096 2577 2152; x_wconf 65' lang='lat' dir='ltr'><strong>aetherem</strong></span> <span class='ocrx_word' id='word_1_407' title='bbox 2626 2111 2748 2152; x_wconf 89' lang='lat' dir='ltr'><strong>esse</strong></span> <span class='ocrx_word' id='word_1_408' title='bbox 2809 2094 3226 2150; x_wconf 87' lang='lat' dir='ltr'><strong>contendebant.</strong></span> <span class='ocrx_word' id='word_1_409' title='bbox 3288 2094 3597 2151; x_wconf 81' lang='lat' dir='ltr'><strong>Macrobius</strong></span> 
     </span>
    </p>
   </div>
   <div class='ocr_carea' id='block_1_50' title="bbox 1999 2186 3596 2257">
    <p class='ocr_par' dir='ltr' id='par_1_50' title="bbox 1999 2186 3596 2257">
     <span class='ocr_line' id='line_1_50' title="bbox 1999 2186 3596 2257; baseline -0.001 -13"><span class='ocrx_word' id='word_1_410' title='bbox 1999 2190 2142 2244; x_wconf 90' lang='lat' dir='ltr'><strong>enim</strong></span> <span class='ocrx_word' id='word_1_411' title='bbox 2192 2186 2357 2243; x_wconf 87' lang='lat' dir='ltr'><strong>variis</strong></span> <span class='ocrx_word' id='word_1_412' title='bbox 2400 2199 2641 2244; x_wconf 89' lang='lat' dir='ltr'><strong>veterum</strong></span> <span class='ocrx_word' id='word_1_413' title='bbox 2698 2199 2979 2243; x_wconf 89' lang='lat' dir='ltr'><strong>auctorum</strong></span> <span class='ocrx_word' id='word_1_414' title='bbox 3039 2188 3360 2242; x_wconf 88' lang='lat' dir='ltr'><strong>testimoniis</strong></span> <span class='ocrx_word' id='word_1_415' title='bbox 3403 2187 3596 2257; x_wconf 87' lang='lat' dir='ltr'><strong>probat</strong></span> 
     </span>
    </p>
   </div>
   <div class='ocr_carea' id='block_1_51' title="bbox 1995 2279 3592 2349">
    <p class='ocr_par' dir='ltr' id='par_1_51' title="bbox 1995 2279 3592 2349">
     <span class='ocr_line' id='line_1_51' title="bbox 1995 2279 3592 2349; baseline -0.001 -11"><span class='ocrx_word' id='word_1_416' title='bbox 1995 2298 2119 2338; x_wconf 90' lang='lat' dir='ltr'><strong>eum</strong></span> <span class='ocrx_word' id='word_1_417' title='bbox 2168 2296 2356 2338; x_wconf 82' lang='lat' dir='ltr'><strong>revera</strong></span> <span class='ocrx_word' id='word_1_418' title='bbox 2402 2296 2523 2337; x_wconf 89' lang='lat' dir='ltr'><strong>esse</strong></span> <span class='ocrx_word' id='word_1_419' title='bbox 2570 2282 2741 2337; x_wconf 89' lang='lat' dir='ltr'><strong>solem</strong></span> <span class='ocrx_word' id='word_1_420' title='bbox 2796 2280 3078 2349; x_wconf 61' lang='grc' dir='ltr'><strong>(Μαίη-σόη</strong></span> <span class='ocrx_word' id='word_1_421' title='bbox 3110 2280 3198 2334; x_wconf 83' lang='lat' dir='ltr'><strong>lib.</strong></span> <span class='ocrx_word' id='word_1_422' title='bbox 3234 2296 3253 2335; x_wconf 93' lang='grc' dir='ltr'><strong>ι</strong></span> <span class='ocrx_word' id='word_1_423' title='bbox 3292 2279 3592 2347; x_wconf 80' lang='lat' dir='ltr'><strong>Saturnal.,</strong></span> 
     </span>
    </p>
   </div>
   <div class='ocr_carea' id='block_1_52' title="bbox 1995 2374 3589 2446">
    <p class='ocr_par' dir='ltr' id='par_1_52' title="bbox 1995 2374 3589 2446">
     <span class='ocr_line' id='line_1_52' title="bbox 1995 2374 3589 2446; baseline -0.001 -16"><span class='ocrx_word' id='word_1_424' title='bbox 1995 2392 2115 2443; x_wconf 89' lang='lat' dir='ltr'><strong>cap.</strong></span> <span class='ocrx_word' id='word_1_425' title='bbox 2145 2376 2261 2446; x_wconf 75' lang='lat'><strong>‘25).</strong></span> <span class='ocrx_word' id='word_1_426' title='bbox 2290 2375 2481 2431; x_wconf 81' lang='lat' dir='ltr'><strong>Cicero</strong></span> <span class='ocrx_word' id='word_1_427' title='bbox 2509 2385 2687 2430; x_wconf 84' lang='lat' dir='ltr'><strong>autem</strong></span> <span class='ocrx_word' id='word_1_428' title='bbox 2711 2385 2897 2443; x_wconf 89' lang='lat' dir='ltr'><strong>aperte</strong></span> <span class='ocrx_word' id='word_1_429' title='bbox 2924 2374 3079 2429; x_wconf 92' lang='lat' dir='ltr'><strong>nobis</strong></span> <span class='ocrx_word' id='word_1_430' title='bbox 3118 2374 3356 2429; x_wconf 89' lang='lat' dir='ltr'><strong>declarat</strong></span> <span class='ocrx_word' id='word_1_431' title='bbox 3384 2374 3535 2429; x_wconf 92' lang='lat' dir='ltr'><strong>illum</strong></span> <span class='ocrx_word' id='word_1_432' title='bbox 3558 2391 3589 2428; x_wconf 78' lang='grc' dir='ltr'><strong>ιι</strong></span> 
     </span>
    </p>
   </div>
   <div class='ocr_carea' id='block_1_53' title="bbox 1994 2467 3590 2539">
    <p class='ocr_par' dir='ltr' id='par_1_53' title="bbox 1994 2467 3590 2539">
     <span class='ocr_line' id='line_1_53' title="bbox 1994 2467 3590 2539; baseline 0 -16"><span class='ocrx_word' id='word_1_433' title='bbox 1994 2468 2297 2539; x_wconf 69' lang='lat' dir='ltr'><strong>Chrysippo</strong></span> <span class='ocrx_word' id='word_1_434' title='bbox 2321 2468 2524 2523; x_wconf 81' lang='lat' dir='ltr'><strong>aethera</strong></span> <span class='ocrx_word' id='word_1_435' title='bbox 2555 2469 2786 2531; x_wconf 86' lang='lat' dir='ltr'><strong>censeri,</strong></span> <span class='ocrx_word' id='word_1_436' title='bbox 2809 2477 2974 2539; x_wconf 88' lang='lat' dir='ltr'><strong>atque</strong></span> <span class='ocrx_word' id='word_1_437' title='bbox 3005 2467 3264 2530; x_wconf 83' lang='lat' dir='ltr'><strong>Ennium,</strong></span> <span class='ocrx_word' id='word_1_438' title='bbox 3285 2468 3429 2537; x_wconf 81' lang='lat' dir='ltr'><strong>quia</strong></span> <span class='ocrx_word' id='word_1_439' title='bbox 3462 2468 3590 2523; x_wconf 73' lang='lat' dir='ltr'><strong>\‘ar-</strong></span> 
     </span>
    </p>
   </div>
   <div class='ocr_carea' id='block_1_54' title="bbox 1993 2558 3587 2632">
    <p class='ocr_par' dir='ltr' id='par_1_54' title="bbox 1993 2558 3587 2632">
     <span class='ocr_line' id='line_1_54' title="bbox 1993 2558 3587 2632; baseline 0 -18"><span class='ocrx_word' id='word_1_440' title='bbox 1993 2574 2129 2615; x_wconf 88' lang='lat' dir='ltr'><strong>roue</strong></span> <span class='ocrx_word' id='word_1_441' title='bbox 2156 2560 2317 2614; x_wconf 88' lang='lat' dir='ltr'><strong>etiam</strong></span> <span class='ocrx_word' id='word_1_442' title='bbox 2345 2562 2589 2616; x_wconf 84' lang='lat' dir='ltr'><strong>eamdem</strong></span> <span class='ocrx_word' id='word_1_443' title='bbox 2621 2562 2692 2616; x_wconf 89' lang='lat' dir='ltr'><strong>ob</strong></span> <span class='ocrx_word' id='word_1_444' title='bbox 2714 2576 2931 2616; x_wconf 83' lang='lat' dir='ltr'><strong>causam</strong></span> <span class='ocrx_word' id='word_1_445' title='bbox 2980 2562 3177 2615; x_wconf 90' lang='lat' dir='ltr'><strong>citatur</strong></span> <span class='ocrx_word' id='word_1_446' title='bbox 3208 2558 3419 2632; x_wconf 62' lang='lat' dir='ltr'><strong>(Cicera,</strong></span> <span class='ocrx_word' id='word_1_447' title='bbox 3448 2560 3535 2614; x_wconf 89' lang='lat' dir='ltr'><strong>lib.</strong></span> <span class='ocrx_word' id='word_1_448' title='bbox 3569 2576 3587 2615; x_wconf 91' lang='lat' dir='ltr'><strong>t</strong></span> 
     </span>
    </p>
   </div>
   <div class='ocr_carea' id='block_1_55' title="bbox 1993 2642 3583 2723">
    <p class='ocr_par' dir='ltr' id='par_1_55' title="bbox 1993 2642 3583 2723">
     <span class='ocr_line' id='line_1_55' title="bbox 1993 2642 3583 2723; baseline -0.001 -18"><span class='ocrx_word' id='word_1_449' title='bbox 1993 2653 2057 2705; x_wconf 85' lang='lat' dir='ltr'><strong>de</strong></span> <span class='ocrx_word' id='word_1_450' title='bbox 2075 2642 2275 2707; x_wconf 79' lang='lat' dir='ltr'><strong>Natur.</strong></span> <span class='ocrx_word' id='word_1_451' title='bbox 2300 2654 2467 2719; x_wconf 84' lang='lat' dir='ltr'><strong>deor.,</strong></span> <span class='ocrx_word' id='word_1_452' title='bbox 2499 2669 2620 2723; x_wconf 85' lang='lat' dir='ltr'><strong>pag.</strong></span> <span class='ocrx_word' id='word_1_453' title='bbox 2652 2654 2780 2716; x_wconf 76' lang='lat'><strong>201,</strong></span> <span class='ocrx_word' id='word_1_454' title='bbox 2808 2654 2904 2707; x_wconf 86' lang='lat' dir='ltr'><strong>lin.</strong></span> <span class='ocrx_word' id='word_1_455' title='bbox 2928 2653 3021 2715; x_wconf 71' lang='grc'><strong>56,</strong></span> <span class='ocrx_word' id='word_1_456' title='bbox 3045 2662 3090 2705; x_wconf 87' lang='lat' dir='ltr'><strong>et</strong></span> <span class='ocrx_word' id='word_1_457' title='bbox 3120 2652 3208 2707; x_wconf 89' lang='lat' dir='ltr'><strong>lib.</strong></span> <span class='ocrx_word' id='word_1_458' title='bbox 3233 2667 3290 2717; x_wconf 90' lang='lat' dir='ltr'><strong>tt,</strong></span> <span class='ocrx_word' id='word_1_459' title='bbox 3311 2668 3432 2723; x_wconf 85' lang='lat' dir='ltr'><strong>pag.</strong></span> <span class='ocrx_word' id='word_1_460' title='bbox 3454 2652 3583 2718; x_wconf 72' lang='grc'>214,</span> 
     </span>
    </p>
   </div>
   <div class='ocr_carea' id='block_1_56' title="bbox 1994 2743 3588 2816">
    <p class='ocr_par' dir='ltr' id='par_1_56' title="bbox 1994 2743 3588 2816">
     <span class='ocr_line' id='line_1_56' title="bbox 1994 2743 3588 2816; baseline 0.002 -19"><span class='ocrx_word' id='word_1_461' title='bbox 1994 2744 2087 2797; x_wconf 84' lang='lat' dir='ltr'><strong>lin.</strong></span> <span class='ocrx_word' id='word_1_462' title='bbox 2134 2744 2235 2811; x_wconf 69' lang='lat'><strong>12;</strong></span> <span class='ocrx_word' id='word_1_463' title='bbox 2270 2744 2434 2811; x_wconf 87' lang='lat' dir='ltr'><strong>lbid.,</strong></span> <span class='ocrx_word' id='word_1_464' title='bbox 2477 2762 2601 2816; x_wconf 83' lang='lat' dir='ltr'><strong>pag.</strong></span> <span class='ocrx_word' id='word_1_465' title='bbox 2641 2744 2768 2810; x_wconf 68' lang='grc'><strong>225,</strong></span> <span class='ocrx_word' id='word_1_466' title='bbox 2798 2746 2893 2799; x_wconf 86' lang='lat' dir='ltr'><strong>litt.</strong></span> <span class='ocrx_word' id='word_1_467' title='bbox 2936 2745 3036 2810; x_wconf 79' lang='lat'><strong>&#39;57;</strong></span> <span class='ocrx_word' id='word_1_468' title='bbox 3088 2743 3264 2811; x_wconf 85' lang='lat' dir='ltr'><strong>Varr.,</strong></span> <span class='ocrx_word' id='word_1_469' title='bbox 3294 2744 3385 2799; x_wconf 89' lang='lat' dir='ltr'><strong>lib.</strong></span> <span class='ocrx_word' id='word_1_470' title='bbox 3427 2760 3479 2800; x_wconf 82' lang='lat' dir='ltr'><strong>tv</strong></span> <span class='ocrx_word' id='word_1_471' title='bbox 3524 2746 3588 2800; x_wconf 81' lang='lat' dir='ltr'><strong>de</strong></span> 
     </span>
    </p>
   </div>
   <div class='ocr_carea' id='block_1_57' title="bbox 1989 2828 3399 2909">
    <p class='ocr_par' dir='ltr' id='par_1_57' title="bbox 1989 2828 3399 2909">
     <span class='ocr_line' id='line_1_57' title="bbox 1989 2828 3399 2909; baseline 0 -19"><span class='ocrx_word' id='word_1_472' title='bbox 1989 2836 2144 2909; x_wconf 83' lang='lat' dir='ltr'><strong>Ling.</strong></span> <span class='ocrx_word' id='word_1_473' title='bbox 2180 2838 2299 2903; x_wconf 88' lang='lat' dir='ltr'><strong>lat.,</strong></span> <span class='ocrx_word' id='word_1_474' title='bbox 2327 2853 2447 2909; x_wconf 88' lang='lat' dir='ltr'><strong>pag.</strong></span> <span class='ocrx_word' id='word_1_475' title='bbox 2473 2836 2588 2909; x_wconf 86' lang='lat'><strong>16),</strong></span> <span class='ocrx_word' id='word_1_476' title='bbox 2619 2828 2861 2893; x_wconf 86' lang='lat' dir='ltr'><strong>omnium</strong></span> <span class='ocrx_word' id='word_1_477' title='bbox 2889 2852 3115 2893; x_wconf 85' lang='lat' dir='ltr'><strong>assensu</strong></span> <span class='ocrx_word' id='word_1_478' title='bbox 3142 2837 3350 2892; x_wconf 79' lang='lat' dir='ltr'><strong>dixisse</strong></span> <span class='ocrx_word' id='word_1_479' title='bbox 3383 2855 3399 2890; x_wconf 91' lang='lat'><strong>:</strong></span> 
     </span>
    </p>
   </div>
   <div class='ocr_carea' id='block_1_58' title="bbox 2770 2966 3178 3001">
    <p class='ocr_par' dir='ltr' id='par_1_58' title="bbox 2770 2966 3178 3001">
     <span class='ocr_line' id='line_1_58' title="bbox 2770 2966 3178 3001; baseline 0 0"><span class='ocrx_word' id='word_1_480' title='bbox 2770 2972 2775 2979; x_wconf 93' lang='lat'>&#39;</span> <span class='ocrx_word' id='word_1_481' title='bbox 2850 2966 3062 3001; x_wconf 74' lang='lat' dir='ltr'><strong>AGSche</strong></span> <span class='ocrx_word' id='word_1_482' title='bbox 3086 2966 3178 3001; x_wconf 72' lang='lat'><strong>1101‘.</strong></span> 
     </span>
    </p>
   </div>
   <div class='ocr_carea' id='block_1_59' title="bbox 2082 2952 3391 3080">
    <p class='ocr_par' dir='ltr' id='par_1_59' title="bbox 2082 2952 3391 3080">
     <span class='ocr_line' id='line_1_59' title="bbox 2082 2952 3391 3080; baseline -0.002 -14"><span class='ocrx_word' id='word_1_483' title='bbox 2082 3015 2305 3067; x_wconf 88' lang='lat' dir='ltr'><strong>Sublime</strong></span> <span class='ocrx_word' id='word_1_484' title='bbox 2326 3017 2558 3074; x_wconf 86' lang='lat' dir='ltr'><strong>candens,</strong></span> <span class='ocrx_word' id='word_1_485' title='bbox 2586 3030 2734 3080; x_wconf 89' lang='lat' dir='ltr'><strong>quem</strong></span> <span class='ocrx_word' id='word_1_486' title='bbox 2760 2952 3179 3066; x_wconf 48' lang='grc' dir='ltr'><strong>ιηνέρὲῗιῖιὲῗιιῗιὲἓ</strong></span> <span class='ocrx_word' id='word_1_487' title='bbox 3198 3014 3391 3064; x_wconf 86' lang='lat' dir='ltr'><strong>Jovem.</strong></span> 
     </span>
    </p>
   </div>
   <div class='ocr_carea' id='block_1_60' title="bbox 1986 3096 3560 3194">
    <p class='ocr_par' dir='ltr' id='par_1_60' title="bbox 1986 3096 3560 3194">
     <span class='ocr_line' id='line_1_60' title="bbox 1986 3096 3560 3194; baseline 0 -17"><span class='ocrx_word' id='word_1_488' title='bbox 1986 3120 2161 3177; x_wconf 83' lang='lat' dir='ltr'><strong>Alium</strong></span> <span class='ocrx_word' id='word_1_489' title='bbox 2190 3124 2365 3177; x_wconf 91' lang='lat' dir='ltr'><strong>adhuc</strong></span> <span class='ocrx_word' id='word_1_490' title='bbox 2388 3132 2577 3178; x_wconf 88' lang='lat' dir='ltr'><strong>testem</strong></span> <span class='ocrx_word' id='word_1_491' title='bbox 2602 3096 2805 3194; x_wconf 73' lang='lat' dir='ltr'><strong>prolert</strong></span> <span class='ocrx_word' id='word_1_492' title='bbox 2832 3122 3166 3194; x_wconf 83' lang='lat' dir='ltr'><strong>Euripidem,</strong></span> <span class='ocrx_word' id='word_1_493' title='bbox 3188 3124 3297 3194; x_wconf 72' lang='lat' dir='ltr'><strong>qui,</strong></span> <span class='ocrx_word' id='word_1_494' title='bbox 3316 3133 3371 3177; x_wconf 86' lang='lat' dir='ltr'><strong>ut</strong></span> <span class='ocrx_word' id='word_1_495' title='bbox 3396 3124 3560 3177; x_wconf 74' lang='lat' dir='ltr'><strong>multa</strong></span> 
     </span>
    </p>
   </div>
   <div class='ocr_carea' id='block_1_61' title="bbox 281 3203 3578 3289">
    <p class='ocr_par' dir='ltr' id='par_1_61' title="bbox 281 3203 3578 3289">
     <span class='ocr_line' id='line_1_61' title="bbox 281 3203 3578 3289; baseline 0.003 -29"><span class='ocrx_word' id='word_1_496' title='bbox 281 3227 303 3262; x_wconf 71' lang='grc' dir='ltr'><strong>ι</strong></span> <span class='ocrx_word' id='word_1_497' title='bbox 341 3228 450 3267; x_wconf 88' lang='lat' dir='ltr'><strong>non</strong></span> <span class='ocrx_word' id='word_1_498' title='bbox 484 3215 659 3271; x_wconf 84' lang='lat' dir='ltr'><strong>solum</strong></span> <span class='ocrx_word' id='word_1_499' title='bbox 692 3219 893 3273; x_wconf 76' lang='lat' dir='ltr'><strong>mensis</strong></span> <span class='ocrx_word' id='word_1_500' title='bbox 918 3219 1177 3288; x_wconf 56' lang='lat' dir='ltr'><strong>Januarii,</strong></span> <span class='ocrx_word' id='word_1_501' title='bbox 1204 3222 1299 3278; x_wconf 49' lang='lat' dir='ltr'><strong>sed</strong></span> <span class='ocrx_word' id='word_1_502' title='bbox 1340 3224 1605 3279; x_wconf 71' lang='lat' dir='ltr'><strong>mensium</strong></span> <span class='ocrx_word' id='word_1_503' title='bbox 1635 3228 1874 3281; x_wconf 71' lang='lat' dir='ltr'><strong>omnium</strong></span> <span class='ocrx_word' id='word_1_504' title='bbox 1907 3203 1952 3267; x_wconf 86' lang='lat' dir='ltr'><strong>C</strong></span> <span class='ocrx_word' id='word_1_505' title='bbox 1985 3215 2251 3286; x_wconf 72' lang='lat' dir='ltr'><strong>prwclare,</strong></span> <span class='ocrx_word' id='word_1_506' title='bbox 2276 3216 2424 3271; x_wconf 87' lang='lat' dir='ltr'><strong>addit</strong></span> <span class='ocrx_word' id='word_1_507' title='bbox 2446 3214 2537 3271; x_wconf 92' lang='lat' dir='ltr'><strong>ille</strong></span> <span class='ocrx_word' id='word_1_508' title='bbox 2562 3216 2772 3289; x_wconf 75' lang='lat' dir='ltr'><strong>(Cicer.,</strong></span> <span class='ocrx_word' id='word_1_509' title='bbox 2797 3217 2897 3271; x_wconf 90' lang='lat' dir='ltr'><strong>loc.</strong></span> <span class='ocrx_word' id='word_1_510' title='bbox 2923 3215 3035 3287; x_wconf 86' lang='lat' dir='ltr'><strong>cit.)</strong></span> <span class='ocrx_word' id='word_1_511' title='bbox 3057 3256 3072 3283; x_wconf 91' lang='lat'><strong>,</strong></span> <span class='ocrx_word' id='word_1_512' title='bbox 3100 3217 3176 3271; x_wconf 74' lang='lat' dir='ltr'><strong>sic</strong></span> <span class='ocrx_word' id='word_1_513' title='bbox 3203 3216 3299 3271; x_wconf 82' lang='lat' dir='ltr'><strong>hoc</strong></span> <span class='ocrx_word' id='word_1_514' title='bbox 3326 3216 3538 3270; x_wconf 84' lang='lat' dir='ltr'><strong>breviter</strong></span> <span class='ocrx_word' id='word_1_515' title='bbox 3559 3234 3578 3271; x_wconf 91' lang='lat'><strong><em>:</em></strong></span> 
     </span>
    </p>
   </div>
   <div class='ocr_carea' id='block_1_62' title="bbox 271 3304 1871 3390">
    <p class='ocr_par' dir='ltr' id='par_1_62' title="bbox 271 3304 1871 3390">
     <span class='ocr_line' id='line_1_62' title="bbox 271 3304 1871 3390; baseline 0.012 -33"><span class='ocrx_word' id='word_1_516' title='bbox 271 3304 556 3375; x_wconf 82' lang='lat' dir='ltr'><strong>ingressus</strong></span> <span class='ocrx_word' id='word_1_517' title='bbox 604 3319 897 3368; x_wconf 89' lang='lat' dir='ltr'><strong>tenentem.</strong></span> <span class='ocrx_word' id='word_1_518' title='bbox 957 3333 977 3368; x_wconf 76' lang='grc' dir='ltr'><strong>ι</strong></span> <span class='ocrx_word' id='word_1_519' title='bbox 1034 3316 1315 3390; x_wconf 79' lang='lat' dir='ltr'><strong>(Macrob.,</strong></span> <span class='ocrx_word' id='word_1_520' title='bbox 1365 3320 1456 3373; x_wconf 79' lang='lat' dir='ltr'><strong>lib.</strong></span> <span class='ocrx_word' id='word_1_521' title='bbox 1511 3335 1526 3373; x_wconf 91' lang='lat' dir='ltr'><strong>t</strong></span> <span class='ocrx_word' id='word_1_522' title='bbox 1573 3318 1871 3388; x_wconf 84' lang='lat' dir='ltr'><strong>Satnmal.,</strong></span> 
     </span>
    </p>
   </div>
   <div class='ocr_carea' id='block_1_63' title="bbox 270 3399 518 3472">
    <p class='ocr_par' dir='ltr' id='par_1_63' title="bbox 270 3399 518 3472">
     <span class='ocr_line' id='line_1_63' title="bbox 270 3399 518 3472; baseline 0.016 -22"><span class='ocrx_word' id='word_1_523' title='bbox 270 3414 393 3467; x_wconf 85' lang='lat' dir='ltr'><strong>cap.</strong></span> <span class='ocrx_word' id='word_1_524' title='bbox 438 3399 518 3472; x_wconf 86' lang='lat'><strong>9).</strong></span> 
     </span>
    </p>
   </div>
   <div class='ocr_carea' id='block_1_64' title="bbox 346 3495 1869 3578">
    <p class='ocr_par' dir='ltr' id='par_1_64' title="bbox 346 3495 1869 3578">
     <span class='ocr_line' id='line_1_64' title="bbox 346 3495 1869 3578; baseline 0.012 -33"><span class='ocrx_word' id='word_1_525' title='bbox 346 3495 511 3563; x_wconf 83' lang='lat' dir='ltr'><strong>Atqui</strong></span> <span class='ocrx_word' id='word_1_526' title='bbox 536 3495 581 3550; x_wconf 90' lang='lat' dir='ltr'><strong>si</strong></span> <span class='ocrx_word' id='word_1_527' title='bbox 604 3511 691 3551; x_wconf 91' lang='lat' dir='ltr'><strong>res</strong></span> <span class='ocrx_word' id='word_1_528' title='bbox 714 3497 783 3553; x_wconf 86' lang='lat' dir='ltr'><strong>ita</strong></span> <span class='ocrx_word' id='word_1_529' title='bbox 801 3500 891 3565; x_wconf 87' lang='lat' dir='ltr'><strong>sit,</strong></span> <span class='ocrx_word' id='word_1_530' title='bbox 918 3502 1095 3573; x_wconf 84' lang='lat' dir='ltr'><strong>arguit</strong></span> <span class='ocrx_word' id='word_1_531' title='bbox 1117 3505 1387 3559; x_wconf 85' lang='lat' dir='ltr'><strong>Arnobius</strong></span> <span class='ocrx_word' id='word_1_532' title='bbox 1412 3505 1653 3578; x_wconf 83' lang='lat' dir='ltr'><strong>(Arnob.,</strong></span> <span class='ocrx_word' id='word_1_533' title='bbox 1674 3507 1765 3563; x_wconf 87' lang='lat' dir='ltr'><strong>lib.</strong></span> <span class='ocrx_word' id='word_1_534' title='bbox 1789 3524 1869 3576; x_wconf 91' lang='grc' dir='ltr'><strong>ιιι,</strong></span> 
     </span>
    </p>
   </div>
   <div class='ocr_carea' id='block_1_65' title="bbox 272 3586 1873 3668">
    <p class='ocr_par' dir='ltr' id='par_1_65' title="bbox 272 3586 1873 3668">
     <span class='ocr_line' id='line_1_65' title="bbox 272 3586 1873 3668; baseline 0.013 -30"><span class='ocrx_word' id='word_1_535' title='bbox 272 3602 406 3657; x_wconf 85' lang='lat' dir='ltr'><strong>pag.</strong></span> <span class='ocrx_word' id='word_1_536' title='bbox 439 3586 587 3663; x_wconf 91' lang='lat'><strong>117),</strong></span> <span class='ocrx_word' id='word_1_537' title='bbox 616 3602 766 3647; x_wconf 89' lang='lat' dir='ltr'><strong>certe</strong></span> <span class='ocrx_word' id='word_1_538' title='bbox 797 3595 978 3651; x_wconf 90' lang='lat' dir='ltr'><strong>nullus</strong></span> <span class='ocrx_word' id='word_1_539' title='bbox 1000 3598 1102 3651; x_wconf 89' lang='lat' dir='ltr'><strong>erit</strong></span> <span class='ocrx_word' id='word_1_540' title='bbox 1122 3595 1311 3665; x_wconf 84' lang='lat' dir='ltr'><strong>Janus,</strong></span> <span class='ocrx_word' id='word_1_541' title='bbox 1345 3614 1501 3668; x_wconf 86' lang='lat' dir='ltr'><strong>quem</strong></span> <span class='ocrx_word' id='word_1_542' title='bbox 1527 3601 1729 3657; x_wconf 83' lang='lat' dir='ltr'><strong>ethnici</strong></span> <span class='ocrx_word' id='word_1_543' title='bbox 1751 3610 1873 3658; x_wconf 85' lang='lat' dir='ltr'><strong>ven-</strong></span> 
     </span>
    </p>
   </div>
   <div class='ocr_carea' id='block_1_66' title="bbox 273 3676 1873 3758">
    <p class='ocr_par' dir='ltr' id='par_1_66' title="bbox 273 3676 1873 3758">
     <span class='ocr_line' id='line_1_66' title="bbox 273 3676 1873 3758; baseline 0.013 -28"><span class='ocrx_word' id='word_1_544' title='bbox 273 3676 522 3734; x_wconf 84' lang='lat' dir='ltr'><strong>ditabant</strong></span> <span class='ocrx_word' id='word_1_545' title='bbox 550 3681 700 3738; x_wconf 70' lang='lat' dir='ltr'><strong>leo</strong></span> <span class='ocrx_word' id='word_1_546' title='bbox 730 3693 785 3739; x_wconf 89' lang='lat' dir='ltr'><strong>et</strong></span> <span class='ocrx_word' id='word_1_547' title='bbox 814 3684 1008 3742; x_wconf 78' lang='lat' dir='ltr'><strong>Hecata</strong></span> <span class='ocrx_word' id='word_1_548' title='bbox 1054 3703 1413 3758; x_wconf 87' lang='lat' dir='ltr'><strong>procreatum,</strong></span> <span class='ocrx_word' id='word_1_549' title='bbox 1440 3692 1681 3752; x_wconf 72' lang='lat' dir='ltr'><strong>Juturnte</strong></span> <span class='ocrx_word' id='word_1_550' title='bbox 1711 3694 1873 3750; x_wconf 87' lang='lat' dir='ltr'><strong>mari-</strong></span> 
     </span>
    </p>
   </div>
   <div class='ocr_carea' id='block_1_67' title="bbox 276 3778 1868 3850">
    <p class='ocr_par' dir='ltr' id='par_1_67' title="bbox 276 3778 1868 3850">
     <span class='ocr_line' id='line_1_67' title="bbox 276 3778 1868 3850; baseline 0.013 -27"><span class='ocrx_word' id='word_1_551' title='bbox 276 3781 421 3833; x_wconf 89' lang='lat' dir='ltr'><strong>tum,</strong></span> <span class='ocrx_word' id='word_1_552' title='bbox 451 3788 699 3842; x_wconf 79' lang='lat' dir='ltr'><strong>generum</strong></span> <span class='ocrx_word' id='word_1_553' title='bbox 733 3778 999 3847; x_wconf 72' lang='lat' dir='ltr'><strong>Vulturni,</strong></span> <span class='ocrx_word' id='word_1_554' title='bbox 1034 3792 1236 3850; x_wconf 86' lang='lat' dir='ltr'><strong>patrem</strong></span> <span class='ocrx_word' id='word_1_555' title='bbox 1270 3783 1444 3848; x_wconf 83' lang='lat' dir='ltr'><strong>Fonti.</strong></span> <span class='ocrx_word' id='word_1_556' title='bbox 1484 3786 1713 3841; x_wconf 87' lang='lat' dir='ltr'><strong>Janiculi</strong></span> <span class='ocrx_word' id='word_1_557' title='bbox 1736 3803 1868 3843; x_wconf 85' lang='lat' dir='ltr'><strong>con—</strong></span> 
     </span>
    </p>
   </div>
   <div class='ocr_carea' id='block_1_68' title="bbox 274 3864 1868 3948">
    <p class='ocr_par' dir='ltr' id='par_1_68' title="bbox 274 3864 1868 3948">
     <span class='ocr_line' id='line_1_68' title="bbox 274 3864 1868 3948; baseline 0.009 -28"><span class='ocrx_word' id='word_1_558' title='bbox 274 3864 536 3931; x_wconf 82' lang='lat' dir='ltr'><strong>ditorem,</strong></span> <span class='ocrx_word' id='word_1_559' title='bbox 594 3870 759 3925; x_wconf 71' lang='lat' dir='ltr'><strong>Italia.-</strong></span> <span class='ocrx_word' id='word_1_560' title='bbox 801 3889 1003 3943; x_wconf 74' lang='lat' dir='ltr'><strong>regem,</strong></span> <span class='ocrx_word' id='word_1_561' title='bbox 1046 3877 1360 3948; x_wconf 81' lang='lat' dir='ltr'><strong>cunctisque</strong></span> <span class='ocrx_word' id='word_1_562' title='bbox 1405 3880 1671 3948; x_wconf 79' lang='lat' dir='ltr'><strong>precibus,</strong></span> <span class='ocrx_word' id='word_1_563' title='bbox 1719 3892 1772 3935; x_wconf 92' lang='lat' dir='ltr'><strong>ut</strong></span> <span class='ocrx_word' id='word_1_564' title='bbox 1803 3897 1868 3935; x_wconf 84' lang='lat' dir='ltr'><strong>ex</strong></span> 
     </span>
    </p>
   </div>
   <div class='ocr_carea' id='block_1_69' title="bbox 276 3957 1871 4035">
    <p class='ocr_par' dir='ltr' id='par_1_69' title="bbox 276 3957 1871 4035">
     <span class='ocr_line' id='line_1_69' title="bbox 276 3957 1871 4035; baseline 0.008 -21"><span class='ocrx_word' id='word_1_565' title='bbox 276 3957 478 4014; x_wconf 84' lang='lat' dir='ltr'><strong>Ovidio</strong></span> <span class='ocrx_word' id='word_1_566' title='bbox 509 3961 696 4031; x_wconf 90' lang='lat' dir='ltr'><strong>liquet,</strong></span> <span class='ocrx_word' id='word_1_567' title='bbox 727 3974 888 4035; x_wconf 90' lang='lat' dir='ltr'><strong>atque</strong></span> <span class='ocrx_word' id='word_1_568' title='bbox 910 3968 1092 4033; x_wconf 80' lang='lat' dir='ltr'><strong>etiam,</strong></span> <span class='ocrx_word' id='word_1_569' title='bbox 1125 3980 1182 4022; x_wconf 92' lang='grc' dir='ltr'><strong>ιιι</strong></span> <span class='ocrx_word' id='word_1_570' title='bbox 1215 3978 1394 4025; x_wconf 87' lang='lat' dir='ltr'><strong>monet</strong></span> <span class='ocrx_word' id='word_1_571' title='bbox 1423 3970 1631 4033; x_wconf 68' lang='lat' dir='ltr'><strong>CiClTO,</strong></span> <span class='ocrx_word' id='word_1_572' title='bbox 1663 3974 1871 4028; x_wconf 87' lang='lat' dir='ltr'><strong>sacriﬁ-</strong></span> 
     </span>
    </p>
   </div>
   <div class='ocr_carea' id='block_1_70' title="bbox 270 4052 1869 4141">
    <p class='ocr_par' dir='ltr' id='par_1_70' title="bbox 270 4052 1869 4141">
     <span class='ocr_line' id='line_1_70' title="bbox 270 4052 1869 4141; baseline 0.01 -33"><span class='ocrx_word' id='word_1_573' title='bbox 270 4052 378 4108; x_wconf 90' lang='lat' dir='ltr'><strong>ciis</strong></span> <span class='ocrx_word' id='word_1_574' title='bbox 400 4070 618 4125; x_wconf 88' lang='lat' dir='ltr'><strong>semper</strong></span> <span class='ocrx_word' id='word_1_575' title='bbox 647 4060 1066 4129; x_wconf 64' lang='lat' dir='ltr'><strong>praeponendum</strong></span> <span class='ocrx_word' id='word_1_576' title='bbox 1096 4064 1300 4131; x_wconf 83' lang='lat' dir='ltr'><strong>(0vid.,</strong></span> <span class='ocrx_word' id='word_1_577' title='bbox 1328 4064 1415 4120; x_wconf 87' lang='lat' dir='ltr'><strong>lib.</strong></span> <span class='ocrx_word' id='word_1_578' title='bbox 1451 4082 1464 4121; x_wconf 94' lang='grc' dir='ltr'><strong>ι</strong></span> <span class='ocrx_word' id='word_1_579' title='bbox 1494 4066 1727 4126; x_wconf 76' lang='lat' dir='ltr'><strong>Fastor..</strong></span> <span class='ocrx_word' id='word_1_580' title='bbox 1756 4064 1783 4141; x_wconf 58' lang='grc' dir='ltr'>ᾗ</span> <span class='ocrx_word' id='word_1_581' title='bbox 1809 4072 1869 4134; x_wconf 79' lang='lat'><strong>5;</strong></span> 
     </span>
    </p>
   </div>
   <div class='ocr_carea' id='block_1_71' title="bbox 268 4146 1865 4230">
    <p class='ocr_par' dir='ltr' id='par_1_71' title="bbox 268 4146 1865 4230">
     <span class='ocr_line' id='line_1_71' title="bbox 268 4146 1865 4230; baseline 0.009 -27"><span class='ocrx_word' id='word_1_582' title='bbox 268 4146 464 4215; x_wconf 82' lang='lat' dir='ltr'><strong>Cicer.,</strong></span> <span class='ocrx_word' id='word_1_583' title='bbox 492 4149 578 4203; x_wconf 85' lang='lat' dir='ltr'><strong>lib.</strong></span> <span class='ocrx_word' id='word_1_584' title='bbox 611 4167 646 4205; x_wconf 87' lang='lat' dir='ltr'><strong>tt</strong></span> <span class='ocrx_word' id='word_1_585' title='bbox 673 4152 736 4206; x_wconf 86' lang='lat' dir='ltr'><strong>de</strong></span> <span class='ocrx_word' id='word_1_586' title='bbox 760 4150 949 4209; x_wconf 83' lang='lat' dir='ltr'><strong>Natur.</strong></span> <span class='ocrx_word' id='word_1_587' title='bbox 977 4156 1141 4219; x_wconf 87' lang='lat' dir='ltr'><strong>deor.,</strong></span> <span class='ocrx_word' id='word_1_588' title='bbox 1168 4175 1285 4229; x_wconf 89' lang='lat' dir='ltr'><strong>pag.</strong></span> <span class='ocrx_word' id='word_1_589' title='bbox 1318 4158 1469 4230; x_wconf 42' lang='lat'><strong>9.2.5).</strong></span> <span class='ocrx_word' id='word_1_590' title='bbox 1500 4160 1609 4216; x_wconf 89' lang='lat' dir='ltr'><strong>Nec</strong></span> <span class='ocrx_word' id='word_1_591' title='bbox 1633 4161 1865 4217; x_wconf 88' lang='lat' dir='ltr'><strong>absimili</strong></span> 
     </span>
    </p>
   </div>
   <div class='ocr_carea' id='block_1_72' title="bbox 270 4244 1868 4321">
    <p class='ocr_par' dir='ltr' id='par_1_72' title="bbox 270 4244 1868 4321">
     <span class='ocr_line' id='line_1_72' title="bbox 270 4244 1868 4321; baseline 0.009 -27"><span class='ocrx_word' id='word_1_592' title='bbox 270 4255 499 4310; x_wconf 87' lang='lat' dir='ltr'><strong>prorsus</strong></span> <span class='ocrx_word' id='word_1_593' title='bbox 525 4244 683 4298; x_wconf 87' lang='lat' dir='ltr'><strong>modo</strong></span> <span class='ocrx_word' id='word_1_594' title='bbox 711 4247 1040 4317; x_wconf 76' lang='lat' dir='ltr'><strong>Augustinus</strong></span> <span class='ocrx_word' id='word_1_595' title='bbox 1073 4268 1086 4303; x_wconf 93' lang='lat'>:</span> <span class='ocrx_word' id='word_1_596' title='bbox 1116 4248 1169 4304; x_wconf 88' lang='lat' dir='ltr'><strong>Si</strong></span> <span class='ocrx_word' id='word_1_597' title='bbox 1192 4246 1379 4310; x_wconf 85' lang='lat' dir='ltr'><strong>Janus.</strong></span> <span class='ocrx_word' id='word_1_598' title='bbox 1416 4251 1605 4321; x_wconf 90' lang='lat' dir='ltr'><strong>inquit,</strong></span> <span class='ocrx_word' id='word_1_599' title='bbox 1632 4254 1868 4307; x_wconf 82' lang='lat' dir='ltr'><strong>sitmun-</strong></span> 
     </span>
    </p>
   </div>
   <div class='ocr_carea' id='block_1_73' title="bbox 268 4332 1868 4407">
    <p class='ocr_par' dir='ltr' id='par_1_73' title="bbox 268 4332 1868 4407">
     <span class='ocr_line' id='line_1_73' title="bbox 268 4332 1868 4407; baseline 0.008 -19"><span class='ocrx_word' id='word_1_600' title='bbox 268 4334 397 4399; x_wconf 88' lang='lat' dir='ltr'><strong>dus,</strong></span> <span class='ocrx_word' id='word_1_601' title='bbox 426 4352 522 4389; x_wconf 89' lang='lat' dir='ltr'><strong>cur</strong></span> <span class='ocrx_word' id='word_1_602' title='bbox 550 4339 781 4407; x_wconf 82' lang='lat' dir='ltr'><strong>gentiles</strong></span> <span class='ocrx_word' id='word_1_603' title='bbox 807 4332 940 4397; x_wconf 77' lang='lat' dir='ltr'><strong>falso</strong></span> <span class='ocrx_word' id='word_1_604' title='bbox 971 4341 1290 4396; x_wconf 83' lang='lat' dir='ltr'><strong>asserebant</strong></span> <span class='ocrx_word' id='word_1_605' title='bbox 1315 4341 1380 4397; x_wconf 87' lang='lat' dir='ltr'><strong>ad</strong></span> <span class='ocrx_word' id='word_1_606' title='bbox 1410 4359 1532 4399; x_wconf 89' lang='lat' dir='ltr'><strong>eum</strong></span> <span class='ocrx_word' id='word_1_607' title='bbox 1569 4361 1747 4400; x_wconf 89' lang='lat' dir='ltr'><strong>rerum</strong></span> <span class='ocrx_word' id='word_1_608' title='bbox 1774 4346 1868 4400; x_wconf 89' lang='lat' dir='ltr'><strong>ini-</strong></span> 
     </span>
    </p>
   </div>
   <div class='ocr_carea' id='block_1_74' title="bbox 268 4428 1861 4501">
    <p class='ocr_par' dir='ltr' id='par_1_74' title="bbox 268 4428 1861 4501">
     <span class='ocr_line' id='line_1_74' title="bbox 268 4428 1861 4501; baseline 0.006 -20"><span class='ocrx_word' id='word_1_609' title='bbox 268 4428 370 4492; x_wconf 87' lang='lat' dir='ltr'><strong>tia,</strong></span> <span class='ocrx_word' id='word_1_610' title='bbox 393 4428 548 4496; x_wconf 88' lang='lat' dir='ltr'><strong>ﬁnes,</strong></span> <span class='ocrx_word' id='word_1_611' title='bbox 574 4442 627 4486; x_wconf 87' lang='lat' dir='ltr'><strong>et</strong></span> <span class='ocrx_word' id='word_1_612' title='bbox 660 4433 944 4487; x_wconf 91' lang='lat' dir='ltr'><strong>terminum</strong></span> <span class='ocrx_word' id='word_1_613' title='bbox 978 4435 1201 4489; x_wconf 79' lang='lat' dir='ltr'><strong>referri?</strong></span> <span class='ocrx_word' id='word_1_614' title='bbox 1228 4434 1337 4489; x_wconf 91' lang='lat' dir='ltr'><strong>Cur</strong></span> <span class='ocrx_word' id='word_1_615' title='bbox 1364 4435 1655 4497; x_wconf 78' lang='lat' dir='ltr'><strong>bifrontem</strong></span> <span class='ocrx_word' id='word_1_616' title='bbox 1688 4437 1861 4501; x_wconf 84' lang='lat' dir='ltr'><strong>illum,</strong></span> 
     </span>
    </p>
   </div>
   <div class='ocr_carea' id='block_1_75' title="bbox 2074 3327 3279 3391">
    <p class='ocr_par' dir='ltr' id='par_1_75' title="bbox 2074 3327 3279 3391">
     <span class='ocr_line' id='line_1_75' title="bbox 2074 3327 3279 3391; baseline 0.002 -15"><span class='ocrx_word' id='word_1_617' title='bbox 2074 3327 2227 3378; x_wconf 79' lang='lat' dir='ltr'><strong>Vides</strong></span> <span class='ocrx_word' id='word_1_618' title='bbox 2244 3329 2454 3379; x_wconf 82' lang='lat' dir='ltr'><strong>sublime</strong></span> <span class='ocrx_word' id='word_1_619' title='bbox 2476 3328 2656 3389; x_wconf 87' lang='lat' dir='ltr'><strong>fusum,</strong></span> <span class='ocrx_word' id='word_1_620' title='bbox 2681 3330 3049 3380; x_wconf 89' lang='lat' dir='ltr'><strong>immoderatum</strong></span> <span class='ocrx_word' id='word_1_621' title='bbox 3072 3332 3279 3391; x_wconf 64' lang='lat' dir='ltr'><strong>aethera,</strong></span> 
     </span>
    </p>
   </div>
   <div class='ocr_carea' id='block_1_76' title="bbox 2074 3391 3258 3458">
    <p class='ocr_par' dir='ltr' id='par_1_76' title="bbox 2074 3391 3258 3458">
     <span class='ocr_line' id='line_1_76' title="bbox 2074 3391 3258 3458; baseline 0.004 -20"><span class='ocrx_word' id='word_1_622' title='bbox 2074 3391 2166 3458; x_wconf 66' lang='lat' dir='ltr'><strong>Qui</strong></span> <span class='ocrx_word' id='word_1_623' title='bbox 2194 3401 2369 3441; x_wconf 87' lang='lat' dir='ltr'><strong>tenero</strong></span> <span class='ocrx_word' id='word_1_624' title='bbox 2392 3400 2574 3458; x_wconf 80' lang='lat' dir='ltr'><strong>terrain</strong></span> <span class='ocrx_word' id='word_1_625' title='bbox 2598 3396 2929 3444; x_wconf 84' lang='lat' dir='ltr'><strong>circumvectu</strong></span> <span class='ocrx_word' id='word_1_626' title='bbox 2947 3395 3258 3458; x_wconf 80' lang='lat' dir='ltr'><strong>amplectitur</strong></span> 
     </span>
    </p>
   </div>
   <div class='ocr_carea' id='block_1_77' title="bbox 2070 3454 3529 3521">
    <p class='ocr_par' dir='ltr' id='par_1_77' title="bbox 2070 3454 3529 3521">
     <span class='ocr_line' id='line_1_77' title="bbox 2070 3454 3529 3521; baseline 0.001 -18"><span class='ocrx_word' id='word_1_627' title='bbox 2070 3454 2214 3504; x_wconf 84' lang='lat' dir='ltr'><strong>Hunc</strong></span> <span class='ocrx_word' id='word_1_628' title='bbox 2234 3469 2472 3504; x_wconf 86' lang='lat' dir='ltr'><strong>summum</strong></span> <span class='ocrx_word' id='word_1_629' title='bbox 2493 3456 2673 3506; x_wconf 87' lang='lat' dir='ltr'><strong>habeto</strong></span> <span class='ocrx_word' id='word_1_630' title='bbox 2694 3458 2875 3517; x_wconf 80' lang='lat' dir='ltr'><strong>divum,</strong></span> <span class='ocrx_word' id='word_1_631' title='bbox 2902 3454 3044 3507; x_wconf 63' lang='lat' dir='ltr'><strong>hunc&#39;</strong></span> <span class='ocrx_word' id='word_1_632' title='bbox 3052 3457 3315 3521; x_wconf 84' lang='lat' dir='ltr'><strong>perhibeto</strong></span> <span class='ocrx_word' id='word_1_633' title='bbox 3336 3456 3529 3507; x_wconf 87' lang='lat' dir='ltr'><strong>Jovem.</strong></span> 
     </span>
    </p>
   </div>
   <div class='ocr_carea' id='block_1_78' title="bbox 1976 3580 3567 3639">
    <p class='ocr_par' dir='ltr' id='par_1_78' title="bbox 1976 3580 3567 3639">
     <span class='ocr_line' id='line_1_78' title="bbox 1976 3580 3567 3639; baseline 0.001 -4"><span class='ocrx_word' id='word_1_634' title='bbox 1976 3580 2085 3635; x_wconf 90' lang='lat' dir='ltr'><strong>Nos</strong></span> <span class='ocrx_word' id='word_1_635' title='bbox 2111 3596 2239 3637; x_wconf 87' lang='lat' dir='ltr'><strong>vero</strong></span> <span class='ocrx_word' id='word_1_636' title='bbox 2264 3580 2529 3637; x_wconf 89' lang='lat' dir='ltr'><strong>Eusebius</strong></span> <span class='ocrx_word' id='word_1_637' title='bbox 2555 3584 2791 3638; x_wconf 90' lang='lat' dir='ltr'><strong>monitos</strong></span> <span class='ocrx_word' id='word_1_638' title='bbox 2814 3599 2935 3639; x_wconf 91' lang='lat' dir='ltr'><strong>esse</strong></span> <span class='ocrx_word' id='word_1_639' title='bbox 2963 3585 3129 3638; x_wconf 90' lang='lat' dir='ltr'><strong>voluit</strong></span> <span class='ocrx_word' id='word_1_640' title='bbox 3155 3583 3342 3639; x_wconf 86' lang='lat' dir='ltr'><strong>Jovem</strong></span> <span class='ocrx_word' id='word_1_641' title='bbox 3372 3583 3441 3638; x_wconf 88' lang='lat' dir='ltr'><strong>ab</strong></span> <span class='ocrx_word' id='word_1_642' title='bbox 3461 3582 3567 3638; x_wconf 89' lang='lat' dir='ltr'><strong>0r-</strong></span> 
     </span>
    </p>
   </div>
   <div class='ocr_carea' id='block_1_79' title="bbox 1976 3673 3564 3745">
    <p class='ocr_par' dir='ltr' id='par_1_79' title="bbox 1976 3673 3564 3745">
     <span class='ocr_line' id='line_1_79' title="bbox 1976 3673 3564 3745; baseline 0.002 -18"><span class='ocrx_word' id='word_1_643' title='bbox 1976 3673 2140 3744; x_wconf 84' lang='lat' dir='ltr'><strong>plteo,</strong></span> <span class='ocrx_word' id='word_1_644' title='bbox 2174 3675 2219 3728; x_wconf 89' lang='lat' dir='ltr'><strong>si</strong></span> <span class='ocrx_word' id='word_1_645' title='bbox 2251 3674 2550 3745; x_wconf 83' lang='lat' dir='ltr'><strong>Porphyrio</strong></span> <span class='ocrx_word' id='word_1_646' title='bbox 2574 3675 2727 3739; x_wconf 88' lang='lat' dir='ltr'><strong>ﬁdes,</strong></span> <span class='ocrx_word' id='word_1_647' title='bbox 2750 3687 2806 3731; x_wconf 92' lang='lat' dir='ltr'><strong>et</strong></span> <span class='ocrx_word' id='word_1_648' title='bbox 2826 3678 3083 3732; x_wconf 89' lang='lat' dir='ltr'><strong>mundum</strong></span> <span class='ocrx_word' id='word_1_649' title='bbox 3109 3678 3416 3732; x_wconf 87' lang='lat' dir='ltr'><strong>universum</strong></span> <span class='ocrx_word' id='word_1_650' title='bbox 3441 3676 3564 3742; x_wconf 87' lang='lat' dir='ltr'><strong>dici,</strong></span> 
     </span>
    </p>
   </div>
   <div class='ocr_carea' id='block_1_80' title="bbox 1976 3765 3562 3840">
    <p class='ocr_par' dir='ltr' id='par_1_80' title="bbox 1976 3765 3562 3840">
     <span class='ocr_line' id='line_1_80' title="bbox 1976 3765 3562 3840; baseline 0.001 -20"><span class='ocrx_word' id='word_1_651' title='bbox 1976 3774 2032 3820; x_wconf 87' lang='lat' dir='ltr'><strong>et</strong></span> <span class='ocrx_word' id='word_1_652' title='bbox 2071 3765 2305 3819; x_wconf 87' lang='lat' dir='ltr'><strong>animam</strong></span> <span class='ocrx_word' id='word_1_653' title='bbox 2355 3765 2473 3835; x_wconf 84' lang='lat' dir='ltr'><strong>ejus</strong></span> <span class='ocrx_word' id='word_1_654' title='bbox 2535 3767 2736 3821; x_wconf 71' lang='lat' dir='ltr'><strong>aethera</strong></span> <span class='ocrx_word' id='word_1_655' title='bbox 2788 3766 3026 3840; x_wconf 78' lang='lat' dir='ltr'><strong>(Euseb.,</strong></span> <span class='ocrx_word' id='word_1_656' title='bbox 3082 3768 3169 3822; x_wconf 87' lang='lat' dir='ltr'><strong>lib.</strong></span> <span class='ocrx_word' id='word_1_657' title='bbox 3216 3783 3278 3823; x_wconf 87' lang='grc' dir='ltr'><strong>ιιι</strong></span> <span class='ocrx_word' id='word_1_658' title='bbox 3318 3766 3562 3840; x_wconf 75' lang='lat' dir='ltr'><strong>Prtepar.</strong></span> 
     </span>
    </p>
   </div>
   <div class='ocr_carea' id='block_1_81' title="bbox 1975 3859 3036 3934">
    <p class='ocr_par' dir='ltr' id='par_1_81' title="bbox 1975 3859 3036 3934">
     <span class='ocr_line' id='line_1_81' title="bbox 1975 3859 3036 3934; baseline 0.005 -22"><span class='ocrx_word' id='word_1_659' title='bbox 1975 3859 2205 3931; x_wconf 64' lang='lat' dir='ltr'><strong>Erlang,</strong></span> <span class='ocrx_word' id='word_1_660' title='bbox 2237 3876 2353 3929; x_wconf 84' lang='lat' dir='ltr'><strong>cap.</strong></span> <span class='ocrx_word' id='word_1_661' title='bbox 2388 3862 2441 3926; x_wconf 86' lang='lat'><strong>9,</strong></span> <span class='ocrx_word' id='word_1_662' title='bbox 2472 3877 2591 3932; x_wconf 87' lang='lat' dir='ltr'><strong>pag.</strong></span> <span class='ocrx_word' id='word_1_663' title='bbox 2621 3862 2745 3927; x_wconf 84' lang='lat'><strong>100,</strong></span> <span class='ocrx_word' id='word_1_664' title='bbox 2774 3872 2823 3916; x_wconf 79' lang='lat' dir='ltr'><strong>et</strong></span> <span class='ocrx_word' id='word_1_665' title='bbox 2850 3862 3036 3934; x_wconf 68' lang='lat' dir='ltr'><strong>seqq).</strong></span> 
     </span>
    </p>
   </div>
   <div class='ocr_carea' id='block_1_82' title="bbox 2046 3952 3567 4027">
    <p class='ocr_par' dir='ltr' id='par_1_82' title="bbox 2046 3952 3567 4027">
     <span class='ocr_line' id='line_1_82' title="bbox 2046 3952 3567 4027; baseline 0.005 -21"><span class='ocrx_word' id='word_1_666' title='bbox 2046 3952 2203 4006; x_wconf 81' lang='lat' dir='ltr'><strong>Falsa</strong></span> <span class='ocrx_word' id='word_1_667' title='bbox 2234 3969 2362 4023; x_wconf 80' lang='lat' dir='ltr'><strong>ergo</strong></span> <span class='ocrx_word' id='word_1_668' title='bbox 2390 3964 2473 4008; x_wconf 90' lang='lat' dir='ltr'><strong>est</strong></span> <span class='ocrx_word' id='word_1_669' title='bbox 2501 3954 2664 4009; x_wconf 88' lang='lat' dir='ltr'><strong>etiam</strong></span> <span class='ocrx_word' id='word_1_670' title='bbox 2687 3955 2916 4011; x_wconf 89' lang='lat' dir='ltr'><strong>Junonis</strong></span> <span class='ocrx_word' id='word_1_671' title='bbox 2939 3958 3213 4023; x_wconf 91' lang='lat' dir='ltr'><strong>divinitas,</strong></span> <span class='ocrx_word' id='word_1_672' title='bbox 3236 3973 3403 4027; x_wconf 84' lang='lat' dir='ltr'><strong>quam</strong></span> <span class='ocrx_word' id='word_1_673' title='bbox 3428 3959 3567 4014; x_wconf 88' lang='lat' dir='ltr'><strong>sicut</strong></span> 
     </span>
    </p>
   </div>
   <div class='ocr_carea' id='block_1_83' title="bbox 1974 4047 3563 4123">
    <p class='ocr_par' dir='ltr' id='par_1_83' title="bbox 1974 4047 3563 4123">
     <span class='ocr_line' id='line_1_83' title="bbox 1974 4047 3563 4123; baseline 0.003 -22"><span class='ocrx_word' id='word_1_674' title='bbox 1974 4047 2149 4116; x_wconf 81' lang='lat' dir='ltr'><strong>arguit</strong></span> <span class='ocrx_word' id='word_1_675' title='bbox 2178 4047 2448 4101; x_wconf 87' lang='lat' dir='ltr'><strong>Arnobius</strong></span> <span class='ocrx_word' id='word_1_676' title='bbox 2479 4047 2734 4119; x_wconf 82' lang='lat' dir='ltr'><strong>(Arttob.,</strong></span> <span class='ocrx_word' id='word_1_677' title='bbox 2783 4050 2871 4104; x_wconf 89' lang='lat' dir='ltr'><strong>lib.</strong></span> <span class='ocrx_word' id='word_1_678' title='bbox 2904 4065 2997 4117; x_wconf 88' lang='grc' dir='ltr'><strong>ιιι,</strong></span> <span class='ocrx_word' id='word_1_679' title='bbox 3029 4067 3149 4121; x_wconf 84' lang='lat' dir='ltr'><strong>pag.</strong></span> <span class='ocrx_word' id='word_1_680' title='bbox 3184 4049 3351 4123; x_wconf 88' lang='grc'>118),</span> <span class='ocrx_word' id='word_1_681' title='bbox 3384 4066 3563 4106; x_wconf 83' lang='lat' dir='ltr'><strong>aerem</strong></span> 
     </span>
    </p>
   </div>
   <div class='ocr_carea' id='block_1_84' title="bbox 1975 4137 3562 4213">
    <p class='ocr_par' dir='ltr' id='par_1_84' title="bbox 1975 4137 3562 4213">
     <span class='ocr_line' id='line_1_84' title="bbox 1975 4137 3562 4213; baseline 0.004 -21"><span class='ocrx_word' id='word_1_682' title='bbox 1975 4138 2221 4209; x_wconf 88' lang='lat' dir='ltr'><strong>plerique</strong></span> <span class='ocrx_word' id='word_1_683' title='bbox 2263 4137 2549 4205; x_wconf 90' lang='lat' dir='ltr'><strong>dicebant,</strong></span> <span class='ocrx_word' id='word_1_684' title='bbox 2600 4155 2663 4194; x_wconf 89' lang='lat' dir='ltr'><strong>ac</strong></span> <span class='ocrx_word' id='word_1_685' title='bbox 2713 4142 3050 4210; x_wconf 89' lang='lat' dir='ltr'><strong>potissimum</strong></span> <span class='ocrx_word' id='word_1_686' title='bbox 3099 4143 3301 4209; x_wconf 85' lang='lat' dir='ltr'><strong>Stoici,</strong></span> <span class='ocrx_word' id='word_1_687' title='bbox 3334 4160 3562 4213; x_wconf 89' lang='lat' dir='ltr'><strong>quorum</strong></span> 
     </span>
    </p>
   </div>
   <div class='ocr_carea' id='block_1_85' title="bbox 1973 4232 3561 4305">
    <p class='ocr_par' dir='ltr' id='par_1_85' title="bbox 1973 4232 3561 4305">
     <span class='ocr_line' id='line_1_85' title="bbox 1973 4232 3561 4305; baseline 0.004 -19"><span class='ocrx_word' id='word_1_688' title='bbox 1973 4232 2280 4301; x_wconf 89' lang='lat' dir='ltr'><strong>opinionem</strong></span> <span class='ocrx_word' id='word_1_689' title='bbox 2311 4232 2502 4289; x_wconf 86' lang='lat' dir='ltr'><strong>Cicero</strong></span> <span class='ocrx_word' id='word_1_690' title='bbox 2532 4232 2616 4287; x_wconf 77' lang='lat' dir='ltr'><strong>his</strong></span> <span class='ocrx_word' id='word_1_691' title='bbox 2658 4233 2890 4303; x_wconf 68' lang='lat' dir='ltr'><strong>eXplicat</strong></span> <span class='ocrx_word' id='word_1_692' title='bbox 2919 4235 3138 4291; x_wconf 87' lang='lat' dir='ltr'><strong>verbis:</strong></span> <span class='ocrx_word' id='word_1_693' title='bbox 3168 4254 3187 4287; x_wconf 81' lang='grc' dir='ltr'><strong>ι</strong></span> <span class='ocrx_word' id='word_1_694' title='bbox 3223 4239 3334 4291; x_wconf 86' lang='lat' dir='ltr'><strong>Aer</strong></span> <span class='ocrx_word' id='word_1_695' title='bbox 3359 4247 3561 4305; x_wconf 90' lang='lat' dir='ltr'><strong>autem,</strong></span> 
     </span>
    </p>
   </div>
   <div class='ocr_carea' id='block_1_86' title="bbox 1974 4325 3558 4398">
    <p class='ocr_par' dir='ltr' id='par_1_86' title="bbox 1974 4325 3558 4398">
     <span class='ocr_line' id='line_1_86' title="bbox 1974 4325 3558 4398; baseline 0.004 -20"><span class='ocrx_word' id='word_1_696' title='bbox 1974 4338 2030 4379; x_wconf 92' lang='lat' dir='ltr'><strong>ut</strong></span> <span class='ocrx_word' id='word_1_697' title='bbox 2062 4326 2226 4380; x_wconf 88' lang='lat' dir='ltr'><strong>Stoici</strong></span> <span class='ocrx_word' id='word_1_698' title='bbox 2257 4325 2551 4394; x_wconf 89' lang='lat' dir='ltr'><strong>disputant,</strong></span> <span class='ocrx_word' id='word_1_699' title='bbox 2584 4326 2895 4395; x_wconf 83' lang='lat' dir='ltr'><strong>interjectus</strong></span> <span class='ocrx_word' id='word_1_700' title='bbox 2910 4326 3065 4382; x_wconf 86' lang='lat' dir='ltr'><strong>.inter</strong></span> <span class='ocrx_word' id='word_1_701' title='bbox 3086 4344 3239 4383; x_wconf 81' lang='lat' dir='ltr'><strong>mare</strong></span> <span class='ocrx_word' id='word_1_702' title='bbox 3261 4336 3316 4383; x_wconf 89' lang='lat' dir='ltr'><strong>et</strong></span> <span class='ocrx_word' id='word_1_703' title='bbox 3339 4328 3558 4398; x_wconf 63' lang='lat' dir='ltr'><strong>attalum,</strong></span> 
     </span>
    </p>
   </div>
   <div class='ocr_carea' id='block_1_87' title="bbox 1970 4416 3563 4491">
    <p class='ocr_par' dir='ltr' id='par_1_87' title="bbox 1970 4416 3563 4491">
     <span class='ocr_line' id='line_1_87' title="bbox 1970 4416 3563 4491; baseline 0.004 -19"><span class='ocrx_word' id='word_1_704' title='bbox 1970 4416 2198 4472; x_wconf 89' lang='lat' dir='ltr'><strong>Junonis</strong></span> <span class='ocrx_word' id='word_1_705' title='bbox 2229 4420 2446 4475; x_wconf 89' lang='lat' dir='ltr'><strong>nomine</strong></span> <span class='ocrx_word' id='word_1_706' title='bbox 2473 4429 2842 4487; x_wconf 86' lang='lat' dir='ltr'><strong>consecratur,</strong></span> <span class='ocrx_word' id='word_1_707' title='bbox 2875 4437 2996 4491; x_wconf 80' lang='lat' dir='ltr'><strong>quae</strong></span> <span class='ocrx_word' id='word_1_708' title='bbox 3026 4430 3111 4476; x_wconf 86' lang='lat' dir='ltr'><strong>est</strong></span> <span class='ocrx_word' id='word_1_709' title='bbox 3138 4437 3295 4478; x_wconf 88' lang='lat' dir='ltr'><strong>soror</strong></span> <span class='ocrx_word' id='word_1_710' title='bbox 3345 4432 3400 4478; x_wconf 83' lang='lat' dir='ltr'><strong>et</strong></span> <span class='ocrx_word' id='word_1_711' title='bbox 3427 4438 3563 4479; x_wconf 85' lang='lat' dir='ltr'><strong>con-</strong></span> 
     </span>
    </p>
   </div>
   <div class='ocr_carea' id='block_1_88' title="bbox 269 4513 3562 4601">
    <p class='ocr_par' dir='ltr' id='par_1_88' title="bbox 269 4513 3562 4601">
     <span class='ocr_line' id='line_1_88' title="bbox 269 4513 3562 4601; baseline 0.004 -40"><span class='ocrx_word' id='word_1_712' title='bbox 269 4520 431 4590; x_wconf 67' lang='grc' dir='ltr'><strong>ηυηεί</strong></span> <span class='ocrx_word' id='word_1_713' title='bbox 477 4523 595 4578; x_wconf 57' lang='lat' dir='ltr'><strong>dum</strong></span> <span class='ocrx_word' id='word_1_714' title='bbox 641 4534 847 4580; x_wconf 61' lang='lat' dir='ltr'><strong>mmum</strong></span> <span class='ocrx_word' id='word_1_715' title='bbox 890 4526 997 4581; x_wconf 68' lang='grc' dir='ltr'><strong>ειηι</strong></span> <span class='ocrx_word' id='word_1_716' title='bbox 1039 4527 1224 4581; x_wconf 70' lang='lat' dir='ltr'><strong>mum“</strong></span> <span class='ocrx_word' id='word_1_717' title='bbox 1275 4538 1474 4597; x_wconf 53' lang='lat' dir='ltr'><strong>partes,</strong></span> <span class='ocrx_word' id='word_1_718' title='bbox 1522 4538 1611 4583; x_wconf 64' lang='lat' dir='ltr'><strong>am</strong></span> <span class='ocrx_word' id='word_1_719' title='bbox 1641 4531 1859 4601; x_wconf 65' lang='lat' dir='ltr'><strong>qm,er</strong></span> <span class='ocrx_word' id='word_1_720' title='bbox 1891 4566 1943 4601; x_wconf 40' lang='lat' dir='ltr'><strong>ﬁ,</strong></span> <span class='ocrx_word' id='word_1_721' title='bbox 1965 4514 2063 4583; x_wconf 86' lang='lat' dir='ltr'><strong>jux</strong></span> <span class='ocrx_word' id='word_1_722' title='bbox 2093 4513 2277 4580; x_wconf 86' lang='lat' dir='ltr'><strong>Jovis;</strong></span> <span class='ocrx_word' id='word_1_723' title='bbox 2311 4516 2454 4586; x_wconf 87' lang='lat' dir='ltr'><strong>quod</strong></span> <span class='ocrx_word' id='word_1_724' title='bbox 2480 4527 2533 4572; x_wconf 90' lang='lat' dir='ltr'><strong>et</strong></span> <span class='ocrx_word' id='word_1_725' title='bbox 2553 4516 2852 4572; x_wconf 88' lang='lat' dir='ltr'><strong>similitudo</strong></span> <span class='ocrx_word' id='word_1_726' title='bbox 2873 4527 2957 4572; x_wconf 89' lang='lat' dir='ltr'><strong>est</strong></span> <span class='ocrx_word' id='word_1_727' title='bbox 2986 4518 3227 4584; x_wconf 63' lang='lat' dir='ltr'><strong>aetheris,</strong></span> <span class='ocrx_word' id='word_1_728' title='bbox 3263 4530 3319 4575; x_wconf 91' lang='lat' dir='ltr'><strong>et</strong></span> <span class='ocrx_word' id='word_1_729' title='bbox 3347 4534 3469 4574; x_wconf 92' lang='lat' dir='ltr'><strong>cum</strong></span> <span class='ocrx_word' id='word_1_730' title='bbox 3496 4534 3562 4574; x_wconf 91' lang='lat' dir='ltr'><strong>eo</strong></span> 
     </span>
    </p>
   </div>
   <div class='ocr_carea' id='block_1_89' title="bbox 266 4582 3561 4691">
    <p class='ocr_par' dir='ltr' id='par_1_89' title="bbox 266 4582 3561 4691">
     <span class='ocr_line' id='line_1_89' title="bbox 266 4582 3561 4691; baseline 0.003 -35"><span class='ocrx_word' id='word_1_731' title='bbox 266 4614 530 4681; x_wconf 66' lang='grc' dir='ltr'><strong>πτοηιρπι,</strong></span> <span class='ocrx_word' id='word_1_732' title='bbox 565 4618 718 4685; x_wconf 68' lang='lat' dir='ltr'><strong>quasi</strong></span> <span class='ocrx_word' id='word_1_733' title='bbox 772 4618 886 4688; x_wconf 62' lang='lat' dir='ltr'><strong>ipse</strong></span> <span class='ocrx_word' id='word_1_734' title='bbox 934 4629 986 4674; x_wconf 69' lang='grc' dir='ltr'><strong>οι</strong></span> <span class='ocrx_word' id='word_1_735' title='bbox 1028 4619 1257 4673; x_wconf 68' lang='lat' dir='ltr'><strong>mundus</strong></span> <span class='ocrx_word' id='word_1_736' title='bbox 1286 4622 1532 4691; x_wconf 67' lang='lat' dir='ltr'><strong>geminus</strong></span> <span class='ocrx_word' id='word_1_737' title='bbox 1573 4582 1672 4685; x_wconf 52' lang='grc' dir='ltr'><strong>είι,ι</strong></span> <span class='ocrx_word' id='word_1_738' title='bbox 1699 4624 1861 4691; x_wconf 72' lang='lat' dir='ltr'><strong>ﬁnge-</strong></span> <span class='ocrx_word' id='word_1_739' title='bbox 1890 4582 1944 4645; x_wconf 84' lang='grc' dir='ltr'><strong>Ῑ)</strong></span> <span class='ocrx_word' id='word_1_740' title='bbox 1970 4623 2180 4663; x_wconf 89' lang='lat' dir='ltr'><strong>summa</strong></span> <span class='ocrx_word' id='word_1_741' title='bbox 2207 4608 2535 4679; x_wconf 81' lang='lat' dir='ltr'><strong>conjunctio.</strong></span> <span class='ocrx_word' id='word_1_742' title='bbox 2565 4607 2961 4666; x_wconf 77' lang='lat' dir='ltr'><strong>Eﬂeminarunt</strong></span> <span class='ocrx_word' id='word_1_743' title='bbox 2984 4621 3164 4666; x_wconf 86' lang='lat' dir='ltr'><strong>autem</strong></span> <span class='ocrx_word' id='word_1_744' title='bbox 3198 4626 3319 4667; x_wconf 92' lang='lat' dir='ltr'><strong>eum</strong></span> <span class='ocrx_word' id='word_1_745' title='bbox 3346 4654 3361 4678; x_wconf 92' lang='lat'><strong>,</strong></span> <span class='ocrx_word' id='word_1_746' title='bbox 3389 4610 3561 4667; x_wconf 90' lang='lat' dir='ltr'><strong>Juno-</strong></span> 
     </span>
    </p>
   </div>
   <div class='ocr_carea' id='block_1_90' title="bbox 276 4706 1864 4783">
    <p class='ocr_par' dir='ltr' id='par_1_90' title="bbox 276 4706 1864 4783">
     <span class='ocr_line' id='line_1_90' title="bbox 276 4706 1864 4783; baseline 0.006 -22"><span class='ocrx_word' id='word_1_747' title='bbox 276 4706 447 4761; x_wconf 85' lang='lat' dir='ltr'><strong>bant?</strong></span> <span class='ocrx_word' id='word_1_748' title='bbox 472 4709 577 4761; x_wconf 80' lang='lat' dir='ltr'><strong>Cur</strong></span> <span class='ocrx_word' id='word_1_749' title='bbox 608 4709 953 4765; x_wconf 66' lang='lat' dir='ltr'><strong>venditabant</strong></span> <span class='ocrx_word' id='word_1_750' title='bbox 999 4727 1163 4781; x_wconf 89' lang='lat' dir='ltr'><strong>penes</strong></span> <span class='ocrx_word' id='word_1_751' title='bbox 1208 4728 1328 4767; x_wconf 90' lang='lat' dir='ltr'><strong>eum</strong></span> <span class='ocrx_word' id='word_1_752' title='bbox 1360 4728 1480 4768; x_wconf 90' lang='lat' dir='ltr'><strong>esse</strong></span> <span class='ocrx_word' id='word_1_753' title='bbox 1532 4715 1719 4783; x_wconf 89' lang='lat' dir='ltr'><strong>prima,</strong></span> <span class='ocrx_word' id='word_1_754' title='bbox 1749 4714 1864 4770; x_wconf 88' lang='lat' dir='ltr'><strong>sive</strong></span> 
     </span>
    </p>
   </div>
   <div class='ocr_carea' id='block_1_91' title="bbox 266 4799 1862 4876">
    <p class='ocr_par' dir='ltr' id='par_1_91' title="bbox 266 4799 1862 4876">
     <span class='ocr_line' id='line_1_91' title="bbox 266 4799 1862 4876; baseline 0.004 -22"><span class='ocrx_word' id='word_1_755' title='bbox 266 4799 426 4854; x_wconf 86' lang='lat' dir='ltr'><strong>initia</strong></span> <span class='ocrx_word' id='word_1_756' title='bbox 482 4801 780 4866; x_wconf 79' lang='lat' dir='ltr'><strong>laetorum,</strong></span> <span class='ocrx_word' id='word_1_757' title='bbox 834 4816 887 4858; x_wconf 90' lang='lat' dir='ltr'><strong>et</strong></span> <span class='ocrx_word' id='word_1_758' title='bbox 952 4819 1159 4858; x_wconf 89' lang='lat' dir='ltr'><strong>summa</strong></span> <span class='ocrx_word' id='word_1_759' title='bbox 1213 4820 1379 4874; x_wconf 87' lang='lat' dir='ltr'><strong>penes</strong></span> <span class='ocrx_word' id='word_1_760' title='bbox 1436 4806 1651 4869; x_wconf 88' lang='lat' dir='ltr'><strong>Jovem,</strong></span> <span class='ocrx_word' id='word_1_761' title='bbox 1710 4808 1862 4876; x_wconf 88' lang='lat' dir='ltr'><strong>quasi</strong></span> 
     </span>
    </p>
   </div>
   <div class='ocr_carea' id='block_1_92' title="bbox 265 4893 1860 4967">
    <p class='ocr_par' dir='ltr' id='par_1_92' title="bbox 265 4893 1860 4967">
     <span class='ocr_line' id='line_1_92' title="bbox 265 4893 1860 4967; baseline 0.006 -22"><span class='ocrx_word' id='word_1_762' title='bbox 265 4893 513 4947; x_wconf 89' lang='lat' dir='ltr'><strong>omnium</strong></span> <span class='ocrx_word' id='word_1_763' title='bbox 543 4896 763 4965; x_wconf 80' lang='lat' dir='ltr'><strong>regem?</strong></span> <span class='ocrx_word' id='word_1_764' title='bbox 798 4896 933 4964; x_wconf 81' lang='lat' dir='ltr'><strong>Quid</strong></span> <span class='ocrx_word' id='word_1_765' title='bbox 964 4914 1091 4967; x_wconf 80' lang='lat' dir='ltr'><strong>ergo</strong></span> <span class='ocrx_word' id='word_1_766' title='bbox 1137 4899 1334 4953; x_wconf 83' lang='lat' dir='ltr'><strong>factum</strong></span> <span class='ocrx_word' id='word_1_767' title='bbox 1364 4906 1447 4953; x_wconf 89' lang='lat' dir='ltr'><strong>est</strong></span> <span class='ocrx_word' id='word_1_768' title='bbox 1475 4898 1542 4952; x_wconf 90' lang='lat' dir='ltr'><strong>de</strong></span> <span class='ocrx_word' id='word_1_769' title='bbox 1583 4899 1684 4953; x_wconf 89' lang='lat' dir='ltr'><strong>hoc</strong></span> <span class='ocrx_word' id='word_1_770' title='bbox 1726 4899 1860 4955; x_wconf 86' lang='lat' dir='ltr'><strong>Jove</strong></span> 
     </span>
    </p>
   </div>
   <div class='ocr_carea' id='block_1_93' title="bbox 264 4986 1863 5061">
    <p class='ocr_par' dir='ltr' id='par_1_93' title="bbox 264 4986 1863 5061">
     <span class='ocr_line' id='line_1_93' title="bbox 264 4986 1863 5061; baseline 0.006 -22"><span class='ocrx_word' id='word_1_771' title='bbox 264 4986 552 5041; x_wconf 86' lang='lat' dir='ltr'><strong>hominum</strong></span> <span class='ocrx_word' id='word_1_772' title='bbox 600 4988 932 5060; x_wconf 86' lang='lat' dir='ltr'><strong>deorumque</strong></span> <span class='ocrx_word' id='word_1_773' title='bbox 963 5007 1108 5061; x_wconf 71' lang='lat' dir='ltr'><strong>rege,</strong></span> <span class='ocrx_word' id='word_1_774' title='bbox 1161 4993 1203 5046; x_wconf 91' lang='lat' dir='ltr'><strong>si</strong></span> <span class='ocrx_word' id='word_1_775' title='bbox 1250 4988 1415 5046; x_wconf 88' lang='lat' dir='ltr'><strong>Janus</strong></span> <span class='ocrx_word' id='word_1_776' title='bbox 1466 4992 1696 5047; x_wconf 89' lang='lat' dir='ltr'><strong>mundus</strong></span> <span class='ocrx_word' id='word_1_777' title='bbox 1739 5008 1863 5049; x_wconf 89' lang='lat' dir='ltr'><strong>esse</strong></span> 
     </span>
    </p>
   </div>
   <div class='ocr_carea' id='block_1_94' title="bbox 263 5079 1859 5156">
    <p class='ocr_par' dir='ltr' id='par_1_94' title="bbox 263 5079 1859 5156">
     <span class='ocr_line' id='line_1_94' title="bbox 263 5079 1859 5156; baseline 0.006 -26"><span class='ocrx_word' id='word_1_778' title='bbox 263 5079 516 5133; x_wconf 85' lang='lat' dir='ltr'><strong>dicatur?</strong></span> <span class='ocrx_word' id='word_1_779' title='bbox 558 5081 818 5152; x_wconf 80' lang='lat' dir='ltr'><strong>(August.,</strong></span> <span class='ocrx_word' id='word_1_780' title='bbox 853 5082 940 5137; x_wconf 87' lang='lat' dir='ltr'><strong>lib.</strong></span> <span class='ocrx_word' id='word_1_781' title='bbox 984 5100 1057 5138; x_wconf 82' lang='lat' dir='ltr'><strong>vtt</strong></span> <span class='ocrx_word' id='word_1_782' title='bbox 1084 5084 1145 5137; x_wconf 84' lang='lat' dir='ltr'><strong>de</strong></span> <span class='ocrx_word' id='word_1_783' title='bbox 1190 5082 1364 5149; x_wconf 82' lang='lat' dir='ltr'><strong>Civit.,</strong></span> <span class='ocrx_word' id='word_1_784' title='bbox 1408 5102 1522 5155; x_wconf 86' lang='lat' dir='ltr'><strong>cap.</strong></span> <span class='ocrx_word' id='word_1_785' title='bbox 1562 5086 1592 5138; x_wconf 89' lang='lat'><strong>7</strong></span> <span class='ocrx_word' id='word_1_786' title='bbox 1621 5096 1669 5139; x_wconf 82' lang='lat' dir='ltr'><strong>et</strong></span> <span class='ocrx_word' id='word_1_787' title='bbox 1697 5103 1859 5156; x_wconf 81' lang='lat' dir='ltr'><strong>seqq.,</strong></span> 
     </span>
    </p>
   </div>
   <div class='ocr_carea' id='block_1_95' title="bbox 263 5171 1858 5246">
    <p class='ocr_par' dir='ltr' id='par_1_95' title="bbox 263 5171 1858 5246">
     <span class='ocr_line' id='line_1_95' title="bbox 263 5171 1858 5246; baseline 0.007 -25"><span class='ocrx_word' id='word_1_788' title='bbox 263 5186 395 5239; x_wconf 86' lang='lat' dir='ltr'><strong>pag.</strong></span> <span class='ocrx_word' id='word_1_789' title='bbox 447 5171 548 5227; x_wconf 88' lang='grc'><strong>168</strong></span> <span class='ocrx_word' id='word_1_790' title='bbox 601 5183 647 5227; x_wconf 82' lang='grc' dir='ltr'><strong>ει</strong></span> <span class='ocrx_word' id='word_1_791' title='bbox 694 5189 831 5245; x_wconf 78' lang='lat' dir='ltr'><strong>seqq.</strong></span> <span class='ocrx_word' id='word_1_792' title='bbox 859 5192 878 5239; x_wconf 90' lang='lat'><strong><em>;</em></strong></span> <span class='ocrx_word' id='word_1_793' title='bbox 922 5173 1138 5230; x_wconf 75' lang='lat' dir='ltr'><strong>Disserl.</strong></span> <span class='ocrx_word' id='word_1_794' title='bbox 1186 5177 1241 5229; x_wconf 89' lang='lat' dir='ltr'><strong>in</strong></span> <span class='ocrx_word' id='word_1_795' title='bbox 1301 5175 1537 5241; x_wconf 62' lang='grc' dir='ltr'><strong>Μίνωα,</strong></span> <span class='ocrx_word' id='word_1_796' title='bbox 1587 5190 1701 5246; x_wconf 85' lang='lat' dir='ltr'><strong>cap.</strong></span> <span class='ocrx_word' id='word_1_797' title='bbox 1755 5178 1858 5241; x_wconf 84' lang='lat'><strong>15,</strong></span> 
     </span>
    </p>
   </div>
   <div class='ocr_carea' id='block_1_96' title="bbox 261 5263 495 5334">
    <p class='ocr_par' dir='ltr' id='par_1_96' title="bbox 261 5263 495 5334">
     <span class='ocr_line' id='line_1_96' title="bbox 261 5263 495 5334; baseline 0.021 -21"><span class='ocrx_word' id='word_1_798' title='bbox 261 5269 369 5313; x_wconf 80' lang='lat' dir='ltr'><strong>art.</strong></span> <span class='ocrx_word' id='word_1_799' title='bbox 414 5263 495 5334; x_wconf 87' lang='lat'><strong>1.)</strong></span> 
     </span>
    </p>
   </div>
   <div class='ocr_carea' id='block_1_97' title="bbox 346 5357 1858 5429">
    <p class='ocr_par' dir='ltr' id='par_1_97' title="bbox 346 5357 1858 5429">
     <span class='ocr_line' id='line_1_97' title="bbox 346 5357 1858 5429; baseline 0.004 -19"><span class='ocrx_word' id='word_1_800' title='bbox 346 5357 459 5411; x_wconf 75' lang='lat' dir='ltr'><strong>Alia</strong></span> <span class='ocrx_word' id='word_1_801' title='bbox 483 5359 707 5429; x_wconf 85' lang='lat' dir='ltr'><strong>insuper</strong></span> <span class='ocrx_word' id='word_1_802' title='bbox 728 5362 941 5417; x_wconf 87' lang='lat' dir='ltr'><strong>ratione</strong></span> <span class='ocrx_word' id='word_1_803' title='bbox 971 5363 1240 5419; x_wconf 86' lang='lat' dir='ltr'><strong>Arnobius</strong></span> <span class='ocrx_word' id='word_1_804' title='bbox 1267 5362 1506 5418; x_wconf 90' lang='lat' dir='ltr'><strong>ostendit</strong></span> <span class='ocrx_word' id='word_1_805' title='bbox 1535 5363 1735 5417; x_wconf 78' lang='lat' dir='ltr'><strong>nullam</strong></span> <span class='ocrx_word' id='word_1_806' title='bbox 1777 5364 1858 5418; x_wconf 84' lang='lat' dir='ltr'><strong>ei-</strong></span> 
     </span>
    </p>
   </div>
   <div class='ocr_carea' id='block_1_98' title="bbox 261 5449 1854 5526">
    <p class='ocr_par' dir='ltr' id='par_1_98' title="bbox 261 5449 1854 5526">
     <span class='ocr_line' id='line_1_98' title="bbox 261 5449 1854 5526; baseline 0.005 -21"><span class='ocrx_word' id='word_1_807' title='bbox 261 5449 392 5505; x_wconf 87' lang='lat' dir='ltr'><strong>dem</strong></span> <span class='ocrx_word' id='word_1_808' title='bbox 444 5450 599 5517; x_wconf 88' lang='lat' dir='ltr'><strong>Jano,</strong></span> <span class='ocrx_word' id='word_1_809' title='bbox 648 5454 690 5507; x_wconf 91' lang='lat' dir='ltr'><strong>si</strong></span> <span class='ocrx_word' id='word_1_810' title='bbox 722 5468 896 5508; x_wconf 87' lang='lat' dir='ltr'><strong>annus</strong></span> <span class='ocrx_word' id='word_1_811' title='bbox 940 5456 1030 5515; x_wconf 89' lang='lat' dir='ltr'><strong>sit.</strong></span> <span class='ocrx_word' id='word_1_812' title='bbox 1082 5457 1240 5512; x_wconf 89' lang='lat' dir='ltr'><strong>tribui</strong></span> <span class='ocrx_word' id='word_1_813' title='bbox 1298 5472 1455 5526; x_wconf 65' lang='lat' dir='ltr'><strong>posse</strong></span> <span class='ocrx_word' id='word_1_814' title='bbox 1500 5456 1854 5512; x_wconf 76' lang='lat' dir='ltr'><strong>divinitatem.</strong></span> 
     </span>
    </p>
   </div>
   <div class='ocr_carea' id='block_1_99' title="bbox 262 5536 1854 5619">
    <p class='ocr_par' dir='ltr' id='par_1_99' title="bbox 262 5536 1854 5619">
     <span class='ocr_line' id='line_1_99' title="bbox 262 5536 1854 5619; baseline 0.008 -26"><span class='ocrx_word' id='word_1_815' title='bbox 262 5541 410 5610; x_wconf 86' lang='lat' dir='ltr'><strong>Quid</strong></span> <span class='ocrx_word' id='word_1_816' title='bbox 443 5544 584 5598; x_wconf 86' lang='lat' dir='ltr'><strong>enim</strong></span> <span class='ocrx_word' id='word_1_817' title='bbox 618 5556 699 5601; x_wconf 91' lang='lat' dir='ltr'><strong>est</strong></span> <span class='ocrx_word' id='word_1_818' title='bbox 723 5561 918 5612; x_wconf 88' lang='lat' dir='ltr'><strong>annus,</strong></span> <span class='ocrx_word' id='word_1_819' title='bbox 952 5548 1053 5602; x_wconf 90' lang='lat' dir='ltr'><strong>nisi</strong></span> <span class='ocrx_word' id='word_1_820' title='bbox 1082 5548 1297 5618; x_wconf 88' lang='lat' dir='ltr'><strong>aliquod</strong></span> <span class='ocrx_word' id='word_1_821' title='bbox 1322 5550 1549 5618; x_wconf 79' lang='lat' dir='ltr'><strong>Spatium</strong></span> <span class='ocrx_word' id='word_1_822' title='bbox 1580 5536 1854 5619; x_wconf 73' lang='lat' dir='ltr'><strong>tcinporis.</strong></span> 
     </span>
    </p>
   </div>
   <div class='ocr_carea' id='block_1_100' title="bbox 260 5637 1858 5713">
    <p class='ocr_par' dir='ltr' id='par_1_100' title="bbox 260 5637 1858 5713">
     <span class='ocr_line' id='line_1_100' title="bbox 260 5637 1858 5713; baseline 0.004 -25"><span class='ocrx_word' id='word_1_823' title='bbox 260 5647 421 5689; x_wconf 76' lang='lat' dir='ltr'><strong>certo</strong></span> <span class='ocrx_word' id='word_1_824' title='bbox 445 5637 646 5693; x_wconf 89' lang='lat' dir='ltr'><strong>dierum</strong></span> <span class='ocrx_word' id='word_1_825' title='bbox 679 5645 1054 5711; x_wconf 84' lang='lat' dir='ltr'><strong>mensiumque</strong></span> <span class='ocrx_word' id='word_1_826' title='bbox 1089 5658 1313 5697; x_wconf 76' lang='lat' dir='ltr'><strong>numero</strong></span> <span class='ocrx_word' id='word_1_827' title='bbox 1357 5643 1858 5713; x_wconf 73' lang='lat' dir='ltr'><strong>circumscriptum?</strong></span> 
     </span>
    </p>
   </div>
   <div class='ocr_carea' id='block_1_101' title="bbox 259 5730 1857 5801">
    <p class='ocr_par' dir='ltr' id='par_1_101' title="bbox 259 5730 1857 5801">
     <span class='ocr_line' id='line_1_101' title="bbox 259 5730 1857 5801; baseline 0.004 -20"><span class='ocrx_word' id='word_1_828' title='bbox 259 5730 402 5796; x_wconf 66' lang='lat' dir='ltr'><strong>Quis</strong></span> <span class='ocrx_word' id='word_1_829' title='bbox 427 5745 554 5784; x_wconf 85' lang='lat' dir='ltr'><strong>vero</strong></span> <span class='ocrx_word' id='word_1_830' title='bbox 580 5731 728 5795; x_wconf 86' lang='lat' dir='ltr'><strong>illud,</strong></span> <span class='ocrx_word' id='word_1_831' title='bbox 758 5733 899 5801; x_wconf 84' lang='lat' dir='ltr'><strong>quod</strong></span> <span class='ocrx_word' id='word_1_832' title='bbox 935 5734 1127 5787; x_wconf 69' lang='lat' dir='ltr'><strong>transit</strong></span> <span class='ocrx_word' id='word_1_833' title='bbox 1152 5746 1215 5787; x_wconf 90' lang='lat' dir='ltr'><strong>ac</strong></span> <span class='ocrx_word' id='word_1_834' title='bbox 1238 5733 1451 5799; x_wconf 85' lang='lat' dir='ltr'><strong>labitur,</strong></span> <span class='ocrx_word' id='word_1_835' title='bbox 1484 5736 1590 5789; x_wconf 87' lang='lat' dir='ltr'><strong>vim</strong></span> <span class='ocrx_word' id='word_1_836' title='bbox 1621 5735 1857 5789; x_wconf 86' lang='lat' dir='ltr'><strong>divinam</strong></span> 
     </span>
    </p>
   </div>
   <div class='ocr_carea' id='block_1_102' title="bbox 266 5823 1866 5905">
    <p class='ocr_par' dir='ltr' id='par_1_102' title="bbox 266 5823 1866 5905">
     <span class='ocr_line' id='line_1_102' title="bbox 266 5823 1866 5905; baseline 0.002 -24"><span class='ocrx_word' id='word_1_837' title='bbox 266 5823 479 5885; x_wconf 79' lang='lat' dir='ltr'><strong>habere</strong></span> <span class='ocrx_word' id='word_1_838' title='bbox 508 5824 613 5889; x_wconf 79' lang='lat' dir='ltr'><strong>sibi</strong></span> <span class='ocrx_word' id='word_1_839' title='bbox 658 5825 1007 5898; x_wconf 80' lang='lat' dir='ltr'><strong>persuadebit</strong></span> <span class='ocrx_word' id='word_1_840' title='bbox 1064 5826 1306 5902; x_wconf 83' lang='lat' dir='ltr'><strong>(Arnob.,</strong></span> <span class='ocrx_word' id='word_1_841' title='bbox 1334 5827 1423 5890; x_wconf 87' lang='lat' dir='ltr'><strong>lib.</strong></span> <span class='ocrx_word' id='word_1_842' title='bbox 1451 5842 1531 5903; x_wconf 85' lang='grc' dir='ltr'><strong>ιιι,</strong></span> <span class='ocrx_word' id='word_1_843' title='bbox 1556 5840 1679 5901; x_wconf 81' lang='lat' dir='ltr'><strong>pag.</strong></span> <span class='ocrx_word' id='word_1_844' title='bbox 1712 5826 1866 5905; x_wconf 69' lang='grc' dir='ltr'><strong>ιιι).</strong></span> 
     </span>
    </p>
   </div>
   <div class='ocr_carea' id='block_1_103' title="bbox 1971 4699 3558 4773">
    <p class='ocr_par' dir='ltr' id='par_1_103' title="bbox 1971 4699 3558 4773">
     <span class='ocr_line' id='line_1_103' title="bbox 1971 4699 3558 4773; baseline 0.004 -22"><span class='ocrx_word' id='word_1_845' title='bbox 1971 4699 2133 4769; x_wconf 88' lang='lat' dir='ltr'><strong>nique</strong></span> <span class='ocrx_word' id='word_1_846' title='bbox 2161 4701 2497 4763; x_wconf 89' lang='lat' dir='ltr'><strong>tribuerunt;</strong></span> <span class='ocrx_word' id='word_1_847' title='bbox 2526 4701 2670 4770; x_wconf 86' lang='lat' dir='ltr'><strong>quod</strong></span> <span class='ocrx_word' id='word_1_848' title='bbox 2710 4701 2843 4756; x_wconf 88' lang='lat' dir='ltr'><strong>nihil</strong></span> <span class='ocrx_word' id='word_1_849' title='bbox 2879 4711 2963 4757; x_wconf 90' lang='lat' dir='ltr'><strong>est</strong></span> <span class='ocrx_word' id='word_1_850' title='bbox 2992 4718 3058 4757; x_wconf 92' lang='lat' dir='ltr'><strong>eo</strong></span> <span class='ocrx_word' id='word_1_851' title='bbox 3089 4704 3305 4758; x_wconf 92' lang='lat' dir='ltr'><strong>mollius</strong></span> <span class='ocrx_word' id='word_1_852' title='bbox 3336 4702 3558 4773; x_wconf 60' lang='lat' dir='ltr'><strong>(Civem,</strong></span> 
     </span>
    </p>
   </div>
   <div class='ocr_carea' id='block_1_104' title="bbox 1970 4791 3272 4866">
    <p class='ocr_par' dir='ltr' id='par_1_104' title="bbox 1970 4791 3272 4866">
     <span class='ocr_line' id='line_1_104' title="bbox 1970 4791 3272 4866; baseline 0.003 -23"><span class='ocrx_word' id='word_1_853' title='bbox 1970 4791 2058 4844; x_wconf 88' lang='lat' dir='ltr'><strong>lib.</strong></span> <span class='ocrx_word' id='word_1_854' title='bbox 2090 4807 2124 4844; x_wconf 92' lang='grc' dir='ltr'><strong>ιι</strong></span> <span class='ocrx_word' id='word_1_855' title='bbox 2153 4792 2216 4845; x_wconf 81' lang='lat' dir='ltr'><strong>de</strong></span> <span class='ocrx_word' id='word_1_856' title='bbox 2246 4791 2437 4847; x_wconf 83' lang='lat' dir='ltr'><strong>Natnr.</strong></span> <span class='ocrx_word' id='word_1_857' title='bbox 2467 4792 2635 4860; x_wconf 86' lang='lat' dir='ltr'><strong>deor.,</strong></span> <span class='ocrx_word' id='word_1_858' title='bbox 2662 4810 2783 4865; x_wconf 87' lang='lat' dir='ltr'><strong>pag.</strong></span> <span class='ocrx_word' id='word_1_859' title='bbox 2812 4792 2942 4860; x_wconf 72' lang='lat'><strong>225,</strong></span> <span class='ocrx_word' id='word_1_860' title='bbox 2977 4793 3068 4849; x_wconf 87' lang='lat' dir='ltr'><strong>lin.</strong></span> <span class='ocrx_word' id='word_1_861' title='bbox 3098 4794 3212 4866; x_wconf 70' lang='lat'><strong>«17).</strong></span> <span class='ocrx_word' id='word_1_862' title='bbox 3252 4815 3272 4847; x_wconf 72' lang='grc' dir='ltr'><strong>ι</strong></span> 
     </span>
    </p>
   </div>
   <div class='ocr_carea' id='block_1_105' title="bbox 2041 4884 3563 4955">
    <p class='ocr_par' dir='ltr' id='par_1_105' title="bbox 2041 4884 3563 4955">
     <span class='ocr_line' id='line_1_105' title="bbox 2041 4884 3563 4955; baseline 0.004 -16"><span class='ocrx_word' id='word_1_863' title='bbox 2041 4884 2252 4940; x_wconf 84' lang='lat' dir='ltr'><strong>Oratori</strong></span> <span class='ocrx_word' id='word_1_864' title='bbox 2292 4896 2509 4953; x_wconf 89' lang='lat' dir='ltr'><strong>autem,</strong></span> <span class='ocrx_word' id='word_1_865' title='bbox 2553 4896 2678 4941; x_wconf 90' lang='lat' dir='ltr'><strong>ante</strong></span> <span class='ocrx_word' id='word_1_866' title='bbox 2707 4888 3101 4955; x_wconf 78' lang='lat' dir='ltr'><strong>Augustinum,</strong></span> <span class='ocrx_word' id='word_1_867' title='bbox 3145 4887 3443 4944; x_wconf 77' lang='lat' dir='ltr'><strong>Macrobius</strong></span> <span class='ocrx_word' id='word_1_868' title='bbox 3483 4890 3563 4945; x_wconf 88' lang='lat' dir='ltr'><strong>sic</strong></span> 
     </span>
    </p>
   </div>
   <div class='ocr_carea' id='block_1_106' title="bbox 1967 4979 3563 5053">
    <p class='ocr_par' dir='ltr' id='par_1_106' title="bbox 1967 4979 3563 5053">
     <span class='ocr_line' id='line_1_106' title="bbox 1967 4979 3563 5053; baseline 0.003 -19"><span class='ocrx_word' id='word_1_869' title='bbox 1967 4980 2289 5051; x_wconf 87' lang='lat' dir='ltr'><strong>subscripsit</strong></span> <span class='ocrx_word' id='word_1_870' title='bbox 2317 5001 2331 5037; x_wconf 88' lang='lat'><strong>:</strong></span> <span class='ocrx_word' id='word_1_871' title='bbox 2364 4998 2383 5032; x_wconf 80' lang='grc' dir='ltr'><strong>ι</strong></span> <span class='ocrx_word' id='word_1_872' title='bbox 2420 4980 2562 5036; x_wconf 90' lang='lat' dir='ltr'><strong>Juno</strong></span> <span class='ocrx_word' id='word_1_873' title='bbox 2586 4995 2743 5036; x_wconf 88' lang='lat' dir='ltr'><strong>soror</strong></span> <span class='ocrx_word' id='word_1_874' title='bbox 2770 4979 2908 5049; x_wconf 87' lang='lat' dir='ltr'><strong>ejus,</strong></span> <span class='ocrx_word' id='word_1_875' title='bbox 2937 4979 3107 5047; x_wconf 91' lang='lat' dir='ltr'><strong>Jovis,</strong></span> <span class='ocrx_word' id='word_1_876' title='bbox 3140 4992 3195 5036; x_wconf 91' lang='lat' dir='ltr'><strong>et</strong></span> <span class='ocrx_word' id='word_1_877' title='bbox 3224 4982 3419 5053; x_wconf 82' lang='lat' dir='ltr'><strong>conjux</strong></span> <span class='ocrx_word' id='word_1_878' title='bbox 3461 4997 3563 5039; x_wconf 35' lang='lat' dir='ltr'><strong>vos</strong></span> 
     </span>
    </p>
   </div>
   <div class='ocr_carea' id='block_1_107' title="bbox 1968 5072 3561 5145">
    <p class='ocr_par' dir='ltr' id='par_1_107' title="bbox 1968 5072 3561 5145">
     <span class='ocr_line' id='line_1_107' title="bbox 1968 5072 3561 5145; baseline 0.004 -21"><span class='ocrx_word' id='word_1_879' title='bbox 1968 5082 2140 5127; x_wconf 83' lang='lat' dir='ltr'><strong>catur.</strong></span> <span class='ocrx_word' id='word_1_880' title='bbox 2172 5073 2271 5128; x_wconf 85' lang='lat' dir='ltr'><strong>Est</strong></span> <span class='ocrx_word' id='word_1_881' title='bbox 2314 5083 2493 5127; x_wconf 86' lang='lat' dir='ltr'><strong>autem</strong></span> <span class='ocrx_word' id='word_1_882' title='bbox 2538 5072 2678 5127; x_wconf 85' lang='lat' dir='ltr'><strong>Juno</strong></span> <span class='ocrx_word' id='word_1_883' title='bbox 2725 5087 2852 5134; x_wconf 84' lang='lat' dir='ltr'><strong>aer;</strong></span> <span class='ocrx_word' id='word_1_884' title='bbox 2896 5082 2951 5126; x_wconf 88' lang='lat' dir='ltr'><strong>et</strong></span> <span class='ocrx_word' id='word_1_885' title='bbox 2989 5072 3185 5128; x_wconf 87' lang='lat' dir='ltr'><strong>dicitur</strong></span> <span class='ocrx_word' id='word_1_886' title='bbox 3228 5089 3405 5141; x_wconf 83' lang='lat' dir='ltr'><strong>soror,</strong></span> <span class='ocrx_word' id='word_1_887' title='bbox 3435 5078 3561 5145; x_wconf 85' lang='lat' dir='ltr'><strong>quia</strong></span> 
     </span>
    </p>
   </div>
   <div class='ocr_carea' id='block_1_108' title="bbox 1968 5164 3559 5237">
    <p class='ocr_par' dir='ltr' id='par_1_108' title="bbox 1968 5164 3559 5237">
     <span class='ocr_line' id='line_1_108' title="bbox 1968 5164 3559 5237; baseline 0.003 -18"><span class='ocrx_word' id='word_1_888' title='bbox 1968 5165 2161 5222; x_wconf 89' lang='lat' dir='ltr'><strong>iisdem</strong></span> <span class='ocrx_word' id='word_1_889' title='bbox 2192 5167 2514 5233; x_wconf 89' lang='lat' dir='ltr'><strong>seminibus,</strong></span> <span class='ocrx_word' id='word_1_890' title='bbox 2544 5164 2739 5235; x_wconf 86' lang='lat' dir='ltr'><strong>quibus</strong></span> <span class='ocrx_word' id='word_1_891' title='bbox 2767 5166 2986 5231; x_wconf 63' lang='lat' dir='ltr'><strong>caelum,</strong></span> <span class='ocrx_word' id='word_1_892' title='bbox 3016 5168 3177 5220; x_wconf 88' lang='lat' dir='ltr'><strong>etiam</strong></span> <span class='ocrx_word' id='word_1_893' title='bbox 3204 5182 3298 5220; x_wconf 85' lang='lat' dir='ltr'><strong>uer</strong></span> <span class='ocrx_word' id='word_1_894' title='bbox 3326 5177 3409 5222; x_wconf 89' lang='lat' dir='ltr'><strong>est</strong></span> <span class='ocrx_word' id='word_1_895' title='bbox 3435 5182 3559 5237; x_wconf 88' lang='lat' dir='ltr'><strong>pro-</strong></span> 
     </span>
    </p>
   </div>
   <div class='ocr_carea' id='block_1_109' title="bbox 1967 5257 3559 5331">
    <p class='ocr_par' dir='ltr' id='par_1_109' title="bbox 1967 5257 3559 5331">
     <span class='ocr_line' id='line_1_109' title="bbox 1967 5257 3559 5331; baseline 0 -15"><span class='ocrx_word' id='word_1_896' title='bbox 1967 5272 2209 5324; x_wconf 82' lang='lat' dir='ltr'><strong>creatus;</strong></span> <span class='ocrx_word' id='word_1_897' title='bbox 2227 5259 2444 5330; x_wconf 87' lang='lat' dir='ltr'><strong>conjux,</strong></span> <span class='ocrx_word' id='word_1_898' title='bbox 2460 5260 2585 5331; x_wconf 86' lang='lat' dir='ltr'><strong>quia</strong></span> <span class='ocrx_word' id='word_1_899' title='bbox 2601 5259 2841 5328; x_wconf 86' lang='lat' dir='ltr'><strong>subjecta</strong></span> <span class='ocrx_word' id='word_1_900' title='bbox 2857 5267 2941 5314; x_wconf 88' lang='lat' dir='ltr'><strong>est</strong></span> <span class='ocrx_word' id='word_1_901' title='bbox 2960 5258 3101 5313; x_wconf 65' lang='lat' dir='ltr'><strong>caelo</strong></span> <span class='ocrx_word' id='word_1_902' title='bbox 3116 5257 3377 5330; x_wconf 79' lang='lat' dir='ltr'><strong>(August.,</strong></span> <span class='ocrx_word' id='word_1_903' title='bbox 3393 5259 3483 5314; x_wconf 88' lang='lat' dir='ltr'><strong>lib.</strong></span> <span class='ocrx_word' id='word_1_904' title='bbox 3503 5274 3559 5316; x_wconf 87' lang='lat' dir='ltr'><strong>tv</strong></span> 
     </span>
    </p>
   </div>
   <div class='ocr_carea' id='block_1_110' title="bbox 1966 5350 3558 5423">
    <p class='ocr_par' dir='ltr' id='par_1_110' title="bbox 1966 5350 3558 5423">
     <span class='ocr_line' id='line_1_110' title="bbox 1966 5350 3558 5423; baseline -0.001 -14"><span class='ocrx_word' id='word_1_905' title='bbox 1966 5354 2030 5409; x_wconf 86' lang='lat' dir='ltr'><strong>de</strong></span> <span class='ocrx_word' id='word_1_906' title='bbox 2055 5352 2228 5419; x_wconf 84' lang='lat' dir='ltr'><strong>Civit.,</strong></span> <span class='ocrx_word' id='word_1_907' title='bbox 2277 5368 2393 5423; x_wconf 85' lang='lat' dir='ltr'><strong>cap.</strong></span> <span class='ocrx_word' id='word_1_908' title='bbox 2442 5353 2531 5419; x_wconf 88' lang='lat'><strong>10,</strong></span> <span class='ocrx_word' id='word_1_909' title='bbox 2575 5370 2626 5420; x_wconf 90' lang='lat' dir='ltr'><strong>p.</strong></span> <span class='ocrx_word' id='word_1_910' title='bbox 2651 5352 2740 5419; x_wconf 82' lang='lat'><strong>95,</strong></span> <span class='ocrx_word' id='word_1_911' title='bbox 2769 5361 2817 5406; x_wconf 82' lang='lat' dir='ltr'><strong>et</strong></span> <span class='ocrx_word' id='word_1_912' title='bbox 2837 5351 2924 5405; x_wconf 89' lang='lat' dir='ltr'><strong>tib.</strong></span> <span class='ocrx_word' id='word_1_913' title='bbox 2948 5366 3040 5415; x_wconf 92' lang='lat' dir='ltr'><strong>vtt,</strong></span> <span class='ocrx_word' id='word_1_914' title='bbox 3074 5367 3194 5420; x_wconf 85' lang='lat' dir='ltr'><strong>cap.</strong></span> <span class='ocrx_word' id='word_1_915' title='bbox 3222 5352 3309 5417; x_wconf 83' lang='grc'>16,</span> <span class='ocrx_word' id='word_1_916' title='bbox 3340 5368 3393 5421; x_wconf 91' lang='lat' dir='ltr'><strong>p.</strong></span> <span class='ocrx_word' id='word_1_917' title='bbox 3419 5350 3558 5420; x_wconf 86' lang='lat'><strong>175;</strong></span> 
     </span>
    </p>
   </div>
   <div class='ocr_carea' id='block_1_111' title="bbox 1965 5441 3560 5517">
    <p class='ocr_par' dir='ltr' id='par_1_111' title="bbox 1965 5441 3560 5517">
     <span class='ocr_line' id='line_1_111' title="bbox 1965 5441 3560 5517; baseline -0.002 -17"><span class='ocrx_word' id='word_1_918' title='bbox 1965 5444 2225 5509; x_wconf 80' lang='lat' dir='ltr'><strong>Macrob.,</strong></span> <span class='ocrx_word' id='word_1_919' title='bbox 2254 5445 2343 5499; x_wconf 89' lang='lat' dir='ltr'><strong>lib.</strong></span> <span class='ocrx_word' id='word_1_920' title='bbox 2378 5461 2394 5500; x_wconf 94' lang='grc' dir='ltr'><strong>ι</strong></span> <span class='ocrx_word' id='word_1_921' title='bbox 2423 5445 2476 5498; x_wconf 84' lang='lat' dir='ltr'><strong>in</strong></span> <span class='ocrx_word' id='word_1_922' title='bbox 2510 5446 2693 5501; x_wconf 84' lang='lat' dir='ltr'><strong>Somn.</strong></span> <span class='ocrx_word' id='word_1_923' title='bbox 2723 5443 2896 5514; x_wconf 85' lang='lat' dir='ltr'><strong>Scip.,</strong></span> <span class='ocrx_word' id='word_1_924' title='bbox 2950 5460 3069 5513; x_wconf 88' lang='lat' dir='ltr'><strong>cap.</strong></span> <span class='ocrx_word' id='word_1_925' title='bbox 3102 5441 3215 5516; x_wconf 87' lang='lat'><strong>17).</strong></span> <span class='ocrx_word' id='word_1_926' title='bbox 3256 5461 3277 5495; x_wconf 71' lang='grc' dir='ltr'><strong>ι</strong></span> <span class='ocrx_word' id='word_1_927' title='bbox 3311 5442 3560 5517; x_wconf 79' lang='lat' dir='ltr'><strong>Porphy-</strong></span> 
     </span>
    </p>
   </div>
   <div class='ocr_carea' id='block_1_112' title="bbox 1962 5534 3564 5605">
    <p class='ocr_par' dir='ltr' id='par_1_112' title="bbox 1962 5534 3564 5605">
     <span class='ocr_line' id='line_1_112' title="bbox 1962 5534 3564 5605; baseline 0.002 -16"><span class='ocrx_word' id='word_1_928' title='bbox 1962 5537 2075 5591; x_wconf 91' lang='lat' dir='ltr'><strong>rius</strong></span> <span class='ocrx_word' id='word_1_929' title='bbox 2104 5550 2234 5589; x_wconf 89' lang='lat' dir='ltr'><strong>vero</strong></span> <span class='ocrx_word' id='word_1_930' title='bbox 2264 5535 2380 5590; x_wconf 65' lang='lat' dir='ltr'><strong>haec</strong></span> <span class='ocrx_word' id='word_1_931' title='bbox 2428 5537 2623 5592; x_wconf 86' lang='lat' dir='ltr'><strong>litteris</strong></span> <span class='ocrx_word' id='word_1_932' title='bbox 2655 5537 3022 5600; x_wconf 86' lang='lat' dir='ltr'><strong>mandaverat,</strong></span> <span class='ocrx_word' id='word_1_933' title='bbox 3066 5549 3185 5605; x_wconf 79' lang='lat' dir='ltr'><strong>qua:</strong></span> <span class='ocrx_word' id='word_1_934' title='bbox 3227 5536 3294 5589; x_wconf 90' lang='lat' dir='ltr'><strong>ab</strong></span> <span class='ocrx_word' id='word_1_935' title='bbox 3329 5534 3564 5593; x_wconf 86' lang='lat' dir='ltr'><strong>Eusebio</strong></span> 
     </span>
    </p>
   </div>
   <div class='ocr_carea' id='block_1_113' title="bbox 1962 5624 3565 5699">
    <p class='ocr_par' dir='ltr' id='par_1_113' title="bbox 1962 5624 3565 5699">
     <span class='ocr_line' id='line_1_113' title="bbox 1962 5624 3565 5699; baseline 0.001 -18"><span class='ocrx_word' id='word_1_936' title='bbox 1962 5627 2039 5683; x_wconf 86' lang='lat' dir='ltr'><strong>sic</strong></span> <span class='ocrx_word' id='word_1_937' title='bbox 2071 5628 2394 5699; x_wconf 82' lang='lat' dir='ltr'><strong>transcripta</strong></span> <span class='ocrx_word' id='word_1_938' title='bbox 2427 5638 2554 5683; x_wconf 83' lang='lat' dir='ltr'><strong>sunt</strong></span> <span class='ocrx_word' id='word_1_939' title='bbox 2583 5626 2903 5698; x_wconf 71' lang='lat' dir='ltr'><strong>(Porphyn,</strong></span> <span class='ocrx_word' id='word_1_940' title='bbox 2932 5625 3072 5696; x_wconf 80' lang='lat' dir='ltr'><strong>apud</strong></span> <span class='ocrx_word' id='word_1_941' title='bbox 3115 5624 3332 5693; x_wconf 77' lang='lat' dir='ltr'><strong>Euseb.,</strong></span> <span class='ocrx_word' id='word_1_942' title='bbox 3369 5626 3455 5681; x_wconf 87' lang='lat' dir='ltr'><strong>lib.</strong></span> <span class='ocrx_word' id='word_1_943' title='bbox 3504 5644 3565 5686; x_wconf 82' lang='grc' dir='ltr'><strong>ιιι</strong></span> 
     </span>
    </p>
   </div>
   <div class='ocr_carea' id='block_1_114' title="bbox 1969 5716 3580 5793">
    <p class='ocr_par' dir='ltr' id='par_1_114' title="bbox 1969 5716 3580 5793">
     <span class='ocr_line' id='line_1_114' title="bbox 1969 5716 3580 5793; baseline 0.003 -21"><span class='ocrx_word' id='word_1_944' title='bbox 1969 5719 2206 5791; x_wconf 74' lang='lat' dir='ltr'><strong>l’rwpar.</strong></span> <span class='ocrx_word' id='word_1_945' title='bbox 2240 5736 2445 5793; x_wconf 83' lang='lat' dir='ltr'><strong>evang.,</strong></span> <span class='ocrx_word' id='word_1_946' title='bbox 2497 5738 2613 5793; x_wconf 87' lang='lat' dir='ltr'><strong>cap.</strong></span> <span class='ocrx_word' id='word_1_947' title='bbox 2659 5719 2759 5784; x_wconf 89' lang='grc'><strong>11,</strong></span> <span class='ocrx_word' id='word_1_948' title='bbox 2812 5735 2935 5788; x_wconf 86' lang='lat' dir='ltr'><strong>pag.</strong></span> <span class='ocrx_word' id='word_1_949' title='bbox 2984 5719 3109 5790; x_wconf 80' lang='lat'><strong>108)</strong></span> <span class='ocrx_word' id='word_1_950' title='bbox 3139 5724 3278 5779; x_wconf 70' lang='lat' dir='ltr'><strong>:Triv</strong></span> <span class='ocrx_word' id='word_1_951' title='bbox 3320 5716 3374 5775; x_wconf 75' lang='grc' dir='ltr'><strong>δὲ</strong></span> <span class='ocrx_word' id='word_1_952' title='bbox 3406 5716 3580 5793; x_wconf 68' lang='grc' dir='ltr'><strong>Ἥραν</strong></span> 
     </span>
    </p>
   </div>
   <div class='ocr_carea' id='block_1_115' title="bbox 1968 5809 3583 5892">
    <p class='ocr_par' dir='ltr' id='par_1_115' title="bbox 1968 5809 3583 5892">
     <span class='ocr_line' id='line_1_115' title="bbox 1968 5809 3583 5892; baseline 0.001 -17"><span class='ocrx_word' id='word_1_953' title='bbox 1968 5818 2203 5879; x_wconf 77' lang='grc' dir='ltr'><strong>σὺνοικον</strong></span> <span class='ocrx_word' id='word_1_954' title='bbox 2216 5822 2292 5892; x_wconf 77' lang='grc' dir='ltr'><strong>τῷ</strong></span> <span class='ocrx_word' id='word_1_955' title='bbox 2308 5821 2385 5877; x_wconf 74' lang='grc' dir='ltr'><strong>Διὶ</strong></span> <span class='ocrx_word' id='word_1_956' title='bbox 2409 5819 2771 5885; x_wconf 62' lang='grc' dir='ltr'><strong>πεποιήκεισαν,</strong></span> <span class='ocrx_word' id='word_1_957' title='bbox 2800 5817 2891 5880; x_wconf 65' lang='grc' dir='ltr'><strong>τήν</strong></span> <span class='ocrx_word' id='word_1_958' title='bbox 2920 5812 3134 5891; x_wconf 69' lang='grc' dir='ltr'><strong>ριίθέριον</strong></span> <span class='ocrx_word' id='word_1_959' title='bbox 3164 5814 3256 5882; x_wconf 71' lang='grc' dir='ltr'><strong>κριί</strong></span> <span class='ocrx_word' id='word_1_960' title='bbox 3279 5813 3443 5892; x_wconf 75' lang='grc' dir='ltr'><strong>ἀέριον</strong></span> <span class='ocrx_word' id='word_1_961' title='bbox 3482 5809 3583 5877; x_wconf 67' lang='grc' dir='ltr'><strong>ὃν</strong></span> 
     </span>
    </p>
   </div>
  </div>
