4166 6256
596 291 700 346 567

1881 281 2335 342 DISSEBTATIO
2374 281 2660 339 PIUEVIA

3783 272 3899 328 568

591 436 742 485 ναμιν
785 411 940 484 Ἦραν
970 415 1356 484 προσείποντες.
1389 409 1502 466 ἔστι
1554 411 1653 483 γὰρ
1681 407 1809 462 καὶὸ
1838 409 2004 484 αἰθήρ,
2035 406 2133 475 ἀήρ
2160 402 2187 456 ὁ

2294 403 2381 462 lib.
2427 417 2477 456 tv
2509 402 2574 456 de
2605 400 2758 473 Ling.
2819 402 2938 466 lat.,
2985 416 3106 472 pag.
3150 401 3250 466 l7;
3297 400 3538 469 August.,
3582 397 3670 452 lib.
3713 411 3784 451 vtt
3828 398 3895 454 de

592 507 1082 582 λεπτομερέστατος.
1098 503 1127 555 J
1137 519 1351 557 unouem
1363 513 1530 555 autem
1544 501 1575 554 ,Ι
1583 503 1688 556 ovis
1701 515 1906 554 uxorem
1920 514 2026 553 esse
2041 497 2196 566 ﬁnxe-

591 610 731 655 runt.
763 599 898 669 quod
933 599 1194 652 (rt/ieriam
1232 598 1424 651 scilicet
1468 597 1759 664 aeriamque
1798 595 1896 647 aint
1933 592 2192 646 Juuonem

590 692 930 763 appellarem.
966 689 1158 744 ,ίΕιΙιρν
1197 690 1331 743 enim
1361 688 1724 743 subtilissimus
1758 703 1817 739 ac
1871 684 2193 738 tenuissimus

595 802 686 839 aer
712 796 805 839 est.
836 785 992 840 Addit
1050 785 1136 838 ille
1168 799 1283 838 eam
1316 786 1417 839 ἀπὸ
1446 790 1538 839 τοῦ
1578 785 1728 860 ἀέρος
1759 780 1925 854 Ἥρα,
1959 779 2026 834 ab
2067 793 2194 833 aere

592 877 857 933 Juuonem
878 878 1040 932 fuisse
1057 877 1375 948 appellatam
1431 877 1726 932 Macrobius
1759 875 1997 938 tandem,
2031 889 2192 942 quem

593 972 754 1040 paulo
783 980 908 1025 ante
932 967 1245 1035 citavimus,
1277 970 1400 1024 alibi
1431 981 1611 1024 narrat
1641 969 1908 1024 Juuonem
1950 981 2070 1022 esse
2101 967 2187 1022 in-

593 1064 775 1118 ﬁmum
803 1079 1005 1126 acrem,
1031 1064 1104 1118 uti
1134 1063 1289 1132 paulo
1320 1073 1438 1131 post
1465 1061 1870 1117 observabimus
1897 1058 2188 1131 (Macrob.,

593 1159 682 1213 lib.
717 1175 772 1213 ιιι
807 1157 1104 1220 Saturnal.,
1137 1173 1254 1227 cap.
1285 1157 1364 1226 ⁸5).

669 1255 734 1306 At
768 1251 890 1306 inde
920 1251 1188 1304 Arnobius
1214 1251 1293 1304 sic
1334 1257 1781 1320 argumentatur:
1812 1265 1831 1297 ι
1866 1246 1924 1301 Si
1963 1261 2057 1300 aer
2099 1245 2190 1300 illa

593 1355 677 1399 est
725 1344 1176 1415 quemadmodum
1195 1359 1289 1397 vos
1308 1343 1492 1398 ludere
1519 1357 1581 1397 ac
1605 1340 1849 1396 dielitare
1869 1338 2190 1403 consuestis,

593 1439 750 1508 graeci
800 1438 1032 1491 nominis
1072 1436 1386 1490 austeritate
1450 1436 1712 1504 repetita,
1761 1433 1902 1488 nulla
1942 1447 2095 1488 soror
2139 1442 2194 1487 et

595 1531 786 1600 conjux
810 1531 1194 1599 omnipotentis
1222 1531 1520 1600 reperietur
1542 1529 1710 1596 Jovis,
1747 1529 1884 1582 nulla
1910 1526 2189 1589 Fluviona,

594 1624 740 1678 nulla
772 1625 1031 1689 Pomona,
1064 1625 1205 1678 nulla
1235 1623 1570 1692 Ossipagina,
1606 1621 1750 1675 nulla
1781 1619 2052 1684 Fehrutis,
2085 1617 2187 1671 Po-

594 1715 809 1784 pulonia
834 1758 846 1778 ,
876 1714 1063 1769 Cinxia
1086 1756 1100 1780 ,
1133 1727 1185 1768 et
1215 1714 1502 1784 Caprotina
1551 1712 1792 1784 (Arnob.,
1825 1710 1911 1765 lib.
1945 1727 2000 1765 ιιι
2024 1751 2039 1777 ,
2068 1727 2189 1781 pag.

2299 492 2473 559 Ciril.,
2503 511 2553 550 c.
2584 493 2674 560 16,
2708 512 2828 566 pag.
2858 494 3008 564 174).
3037 493 3142 549 Sed
3169 493 3236 549 de
3261 493 3358 548 hac
3377 491 3684 562 conjectura
3714 498 3899 546 nostra

2299 589 2526 643 aliorum
2555 599 2670 642 esto
2687 589 2969 658 judicium.

2372 681 2727 752 Depravatum
2749 698 2964 754 quoque
2986 681 3228 736 nonnulli
3249 681 3536 752 apinantttr
3555 681 3902 752 subsequens

2297 775 2538 845 ejusdem
2564 775 2792 832 Junonis
2818 792 3035 842 nomen,
3068 791 3176 848 quo
3202 774 3270 830 ab
3305 774 3542 830 Arnobio
3585 773 3900 844 Ossipagina

2298 879 2539 934 vocatur,
2574 869 3078 941 emendandumque
3125 869 3326 924 vellent
3372 868 3641 940 Opigena,
3679 867 3750 924 de
3793 883 3901 940 qua

2298 959 2442 1016 hunc
2473 960 2666 1017 Festus
2696 961 2934 1034 loquitur
2965 962 3018 1016 itt
3053 961 3266 1016 modum
3298 978 3312 1014 :
3349 979 3367 1012 ι
3405 961 3700 1032 Opigenam
3731 959 3901 1016 Juuo-

2300 1069 2423 1110 nem
2454 1064 2715 1109 matrona:
2739 1055 3010 1127 colebant.
3027 1055 3169 1122 quod
3190 1054 3329 1109 ferre
3347 1069 3466 1110 eam
3487 1069 3644 1122 Opem
3665 1055 3716 1108 in
3744 1065 3901 1124 partu

2295 1149 2664 1204 laborantibus
2679 1147 2975 1205 credebant
3012 1168 3030 1201 ι
3048 1146 3283 1222 (Festus,
3307 1147 3375 1200 ad
3391 1145 3594 1201 verbum
3621 1147 3898 1218 omnem).

2297 1241 2403 1296 Sed
2440 1241 2565 1295 inde
2615 1256 2722 1294 non
2767 1241 2899 1295 satis
2946 1239 3179 1295 dilucide
3222 1240 3507 1294 coniicitur
3555 1249 3730 1294 utrum
3784 1237 3903 1293 ba-c

2294 1337 2483 1390 eadem
2512 1334 2600 1399 sit,
2627 1344 2789 1403 atque
2810 1333 3144 1405 Ossipagina,
3175 1347 3315 1403 quae,
3340 1343 3398 1386 ut
3421 1341 3605 1402 postea
3627 1331 3902 1388 Arnobius

2295 1429 2548 1498 scripsit,
2601 1427 2875 1482 salutatrix
2923 1428 3168 1492 ossium,
3222 1434 3386 1496 atque
3438 1425 3718 1480 infantium
3777 1439 3900 1480 ossa

2295 1522 2486 1575 durare
2513 1531 2563 1575 et
2600 1521 2824 1576 solidare
2865 1519 3156 1592 putabatur
3184 1519 3423 1590 (Arnob,
3451 1517 3539 1572 lib.
3569 1533 3642 1583 tv,
3669 1537 3721 1588 p.
3750 1518 3896 1588 151).

2294 1611 2520 1667 Vossius
2571 1629 2704 1668 vero
2748 1613 2997 1668 lubenter
3035 1626 3292 1668 assensus
3332 1621 3415 1666 est
3445 1609 3774 1672 Stevvechio,
3808 1611 3900 1681 qui

2299 1707 2553 1782 Ossipaga
2616 1709 2702 1764 vel
2771 1707 3062 1780 Ossipanga
3130 1705 3523 1762 restituendum
3589 1704 3905 1761 autumabat

595 1808 746 1876 118).
779 1825 796 1857 ι
827 1807 1037 1861 Ethnici
1061 1807 1323 1877 siqnidetn
1355 1815 1431 1860 tot
1455 1807 1696 1876 aliasque
1719 1806 1899 1874 plures
1925 1803 2185 1869 Junones,
2219 1791 2266 1852 B
2295 1800 2569 1874 (Voss.,iu
2597 1799 2915 1873 Etgmolog.,
2949 1800 3018 1854 ad
3042 1800 3248 1855 verbum
3274 1798 3409 1872 os.).
3437 1799 3568 1854 Eam
3595 1800 3796 1854 etenim
3821 1798 3904 1854 sic

595 1899 816 1968 ejusque
840 1900 1054 1952 nomina
1075 1909 1129 1952 et
1149 1898 1364 1952 numina
1390 1901 1674 1952 linxeraut.
1700 1901 1766 1950 At
1789 1895 1857 1950 de
1880 1893 2062 1948 Cinxia
2081 1893 2191 1964 jam

595 2007 625 2044 a
659 1991 815 2046 nobis
843 1991 1000 2061 paulo
1027 2001 1182 2045 antea
1214 1999 1391 2044 actum
1417 2000 1521 2045 est.
1567 1991 1696 2055 Qure
1723 2000 1900 2042 autem
1933 1987 2192 2041 Fluviona

595 2087 690 2150 sit,
726 2085 879 2140 docet
923 2086 1152 2140 Festus:
1189 2104 1205 2136 ι
1246 2086 1560 2140 Fluvionam
1589 2083 1853 2138 Juuonem
1878 2078 1909 2149 ,'
1933 2102 1953 2136 ι
1987 2081 2190 2153 inquit,

602 2199 620 2228 ι
665 2178 918 2233 mulieres
947 2177 1215 2243 colebant,
1248 2177 1390 2247 quod
1417 2193 1534 2232 eam
1563 2176 1843 2247 sanguinis
1881 2175 2108 2229 lluorem
2139 2175 2194 2229 in

594 2284 854 2342 conceptu
891 2273 1125 2328 retinere
1158 2272 1410 2342 ptttabant
1443 2269 1670 2342 (Festus,
1701 2271 1770 2324 ad
1795 2269 1930 2324 verb.
1963 2268 2191 2324 FLuwo-

594 2367 747 2436 seu).
789 2385 807 2420 ι
842 2366 1012 2436 Quam
1059 2366 1273 2436 quidem
1326 2366 1811 2420 nomenclationem
1861 2364 2192 2434 Augustinus

595 2459 856 2515 Varronis
876 2461 1194 2515 auctoritate
1223 2462 1298 2515 sic
1318 2462 1603 2514 continuat
1633 2477 1644 2513 :
1678 2478 1696 2511 ι
1735 2460 1839 2515 Dea
1867 2458 2019 2514 Mena
2043 2474 2193 2514 men-

595 2556 760 2609 struis
801 2553 1058 2608 ﬂuoribus
1090 2563 1318 2622 praeest.
1349 2553 1592 2623 quamvis
1635 2551 1784 2607 Jovis
1834 2552 1941 2606 lilia
1969 2594 1982 2613 .
2012 2561 2190 2606 tamen

598 2644 868 2715 ignobilis.
902 2644 966 2698 Et
993 2644 1130 2699 hanc
1164 2645 1493 2714 provinciam
1533 2644 1762 2700 lluorum
1793 2652 2190 2699 menstruorum

595 2739 650 2794 in
683 2739 816 2793 libro
846 2738 1168 2794 selectorum
1197 2738 1419 2793 deorum
1451 2739 1548 2808 ipsi
1575 2737 1772 2792 Junoni
1800 2738 1941 2792 idetu
1973 2745 2189 2802 auctor,

596 2829 788 2895 Varro,
813 2829 1069 2899 assignat,
1099 2846 1217 2897 qua:
1240 2830 1290 2883 in
1315 2829 1418 2884 dtis
1443 2830 1658 2884 selectis
1683 2830 1842 2884 etiam
1875 2830 2056 2899 regina
2086 2840 2190 2893 est,

597 2932 653 2977 et
683 2921 768 2977 hic
799 2932 1066 2992 tamquam
1096 2922 1236 2977 Jttno
1267 2921 1469 2977 Lucina
1495 2939 1618 2978 cum
1649 2922 1839 2977 eadem
1867 2922 2049 2987 Mena,
2079 2921 2190 2992 pri-

597 3015 756 3083 vigna
786 3029 879 3068 sua
907 3056 921 3081 ,
953 3014 1126 3069 eidem
1170 3011 1348 3070 cruori
1407 3015 1659 3085 pra-sidat
1706 3015 1966 3086 (August.,
2001 3015 2089 3069 lib.
2121 3030 2195 3069 vtt

598 3108 663 3162 de
702 3105 874 3173 Civil.,
903 3125 1019 3178 ευρ.
1050 3108 1117 3174 2,
1154 3125 1272 3180 pag.
1306 3107 1453 3180 163).
1494 3127 1514 3161 ι
1564 3108 1668 3164 Sed
1712 3108 1766 3162 id
1795 3107 1863 3163 ab
1891 3108 1985 3162 illo
2032 3109 2192 3180 paulo

2297 1906 2656 1967 nuncupatam
2685 1905 2892 1961 censet,
2926 1894 3067 1966 quod
3100 1903 3309 1965 pangat,
3335 1895 3470 1962 sive,
3502 1902 3562 1949 ut
3587 1892 3795 1964 antiqui
3825 1892 3902 1947 lo-

2295 1989 2617 2060 quebantur,
2646 1999 2794 2060 paget
2826 2004 3100 2059 puerorum
3123 2003 3258 2042 ossa.

2368 2079 2609 2136 Februtis
2636 2089 2836 2146 autem,
2863 2079 2978 2136 sive
3006 2077 3243 2134 Febralis
3267 2077 3409 2133 Juno
3438 2093 3467 2131 a
3495 2077 3758 2132 Romanis
3776 2120 3790 2144 ,
3825 2078 3901 2132 uti

2295 2175 2472 2232 adhuc
2497 2175 2749 2232 observat
2770 2175 2982 2238 Fesms,
3005 2177 3074 2228 ab
3095 2173 3215 2226 aliis
3243 2171 3491 2237 Februta,
3520 2173 3601 2226 vel
3628 2169 3901 2225 Februalis

2295 2267 2775 2340 cognominabatur
2788 2265 2958 2336 (Fest.
2976 2265 3044 2319 ad
3059 2265 3263 2320 verbum
3283 2264 3633 2335 FEBRUARIUS)
3645 2303 3659 2316 .
3693 2261 3901 2317 Nomen

2297 2377 2458 2433 porro
2489 2361 2617 2416 illud
2651 2361 2839 2416 sortita
2867 2368 2952 2415 est
2976 2375 3005 2414 a
3041 2374 3227 2414 mense
3274 2356 3548 2412 februario
3568 2398 3583 2423 ,
3615 2371 3724 2426 quo
3748 2369 3901 2410 sacra

2296 2457 2413 2526 ejus
2446 2455 2560 2511 fieri
2593 2454 2859 2521 solebant,
2890 2463 3050 2522 atque
3084 2463 3141 2508 ttt
3185 2453 3326 2508 idem
3366 2451 3558 2507 Festus
3584 2451 3697 2504 ait:
3733 2447 3903 2503 Feriis

2297 2560 2440 2605 erant
2480 2549 2825 2622 Lupercalia,
2871 2564 2968 2619 quo
3013 2551 3095 2604 die
3139 2549 3379 2603 mulieres
3429 2547 3817 2616 {ebruabuutur,
3850 2547 3902 2600 id

2296 2653 2401 2711 est,
2431 2644 2795 2698 lustrabantur
2826 2653 2881 2697 et
2911 2642 3296 2713 purgabantur,
3327 2658 3359 2694 a
3386 2639 3658 2712 Lupercis,
3681 2640 3904 2695 amiculo

2296 2740 2560 2805 Junonis,
2589 2739 2641 2791 id
2687 2749 2758 2792 est
2782 2780 2799 2804 ,
2836 2739 2969 2807 pelle
3018 2737 3252 2801 caprina.
3301 2736 3523 2806 Legesis
3564 2729 3900 2799 Varronem,

2297 2831 2684 2903 AuguSIinum,
2716 2842 2770 2886 et
2810 2830 3006 2886 Lilium
3055 2830 3332 2887 Giraldum
3377 2827 3594 2901 (Varr.,
3628 2829 3718 2883 lib.
3751 2844 3781 2882 v
3839 2828 3904 2882 de

2296 2926 2449 2997 Ling.
2484 2928 2599 2992 lat.,
2636 2926 2664 2998 §
2694 2927 2758 2991 5;
2794 2927 3036 2998 August.,
3063 2926 3104 2980 l.
3131 2941 3204 2980 vtt
3234 2927 3297 2979 de
3324 2925 3496 2991 Civit.,
3517 2938 3564 2980 c.
3600 2925 3653 2990 7,
3684 2942 3740 2995 p.
3765 2924 3902 2992 168;

2299 3021 2528 3082 (iirald.,
2561 3022 2837 3094 Sgntognt.
2866 3023 2922 3088 ’5,
2954 3041 3008 3092 p.
3043 3021 3195 3092 119).

2369 3114 2680 3184 Populonia:
2713 3129 2844 3170 vero
2869 3113 3132 3179 Junonis,
3161 3123 3215 3169 et
3247 3113 3433 3185 templi
3465 3113 3517 3168 in
3549 3111 3695 3168 illius
3728 3113 3903 3167 hono-

597 3213 757 3273 post,
793 3203 886 3257 sed
916 3202 1130 3258 brevius
1176 3179 1459 3274 repetitum
1481 3247 1494 3268 ,
1529 3213 1583 3258 et
1625 3220 1652 3256 a
1687 3202 1880 3259 Vossio
1910 3179 2189 3258 tractatum
2220 3179 2265 3241 (ἶ
2298 3222 2414 3263 rem
2453 3179 2646 3273 dicati,
2680 3208 2928 3262 meminit
2975 3206 3116 3277 apud
3161 3179 3488 3262 Macrobium
3534 3204 3596 3259 P.
3643 3204 3901 3260 Tertius:

597 3294 835 3364 reperies
883 3293 1070 3367 (Ibid.,
1113 3311 1229 3364 cap.
1276 3297 1347 3361 5;
1398 3295 1567 3363 Voss,
1623 3297 1712 3350 lib.
1761 3313 1809 3350 vt
1853 3295 1914 3351 de
1961 3295 2109 3369 Orig.
2148 3310 2194 3354 et

597 3404 747 3458 prog.
785 3386 948 3455 ldol.,
981 3404 1097 3456 cap.
1127 3387 1218 3452 26,
1247 3405 1367 3460 pag.
1395 3389 1546 3460 221).

671 3480 923 3548 Quamvis
952 3492 1131 3538 autem
1162 3482 1333 3538 Varro
1380 3484 1611 3538 nominis
1642 3483 1890 3538 Pomonae
1927 3486 2191 3556 originem

600 3572 768 3630 latere
797 3574 1059 3637 fateatur.
1090 3591 1210 3630 eam
1241 3587 1417 3631 tamen
1451 3578 1558 3642 ille,
1585 3588 1641 3632 et
1665 3577 1912 3644 Ovidius,
1948 3580 2190 3648 Servius,

599 3669 1186 3739 Augustiuus,aliique
1227 3669 1441 3739 pluriuti
1484 3685 1764 3740 pomorum
1809 3681 1864 3724 et
1910 3671 2190 3726 hortorum

599 3760 754 3816 deam
779 3763 846 3815 ab
871 3761 1393 3833 ethnicSSprzedicat-i
1423 3765 1777 3820 teSIilicantur
1794 3772 1809 3835 (
1829 3764 1999 3833 Varr.,
2027 3767 2115 3822 lib.
2143 3785 2192 3824 Vl

600 3857 664 3910 de
689 3855 838 3927 Ling.
873 3857 965 3911 lat.
986 3897 1002 3922 ,
1035 3874 1155 3928 pag.
1185 3857 1288 3923 80;
1321 3856 1495 3924 0vid.,
1523 3857 1610 3913 lib.
1643 3875 1729 3913 xw
1764 3859 1995 3928 Melana,
2032 3861 2061 3934 ᾗ
2092 3863 2190 3927 17;

600 3947 773 4015 Serm,
805 3949 858 4003 in
895 3949 984 4004 lib.
1021 3966 1074 4003 vt
1115 3948 1361 4017 jEneid.,
1399 3968 1520 4022 pag.
1555 3951 1703 4016 457;
1736 3953 1980 4024 August.,
2009 3955 2100 4009 lib.
2134 3971 2191 4010 tv

600 4043 664 4096 de
689 4042 862 4106 Civit.,
892 4059 1008 4115 cap.
1041 4045 1130 4109 34,
1160 4062 1280 4116 pag.
1313 4046 1448 4111 Hd;
1482 4045 1687 4102 Fabric.
1713 4048 1765 4101 in
1794 4047 2046 4118 Descript.
2075 4051 2191 4108 urb.

597 4135 778 4202 Rana,
830 4147 950 4191 tom.
986 4153 1043 4192 ιιι
1076 4139 1323 4209 Antiquit.
1369 4139 1544 4205 Rom.,
1590 4157 1708 4212 pag.
1749 4141 1901 4213 452).
1942 4145 2012 4197 At
2054 4160 2190 4215 quo-

599 4231 762 4285 modo
787 4247 849 4287 ea
880 4231 1023 4287 Juno
1053 4233 1157 4288 dici
1203 4234 1459 4303 potuerit,
1490 4234 1630 4290 haud
1664 4236 1818 4294 facile
1850 4240 2189 4310 perspicitur.

599 4325 943 4398 Quapropter
971 4327 1316 4397 suspicantur
1343 4328 1587 4383 nonnulli
1623 4330 1725 4386 hoc
1756 4347 1954 4388 nomen
1985 4333 2192 4390 librarii

598 4421 801 4476 incuria
835 4435 956 4476 esse
991 4433 1326 4488 corruptum,
1347 4424 1470 4478 etei
1506 4423 1905 4497 subrogandum
1931 4427 2192 4496 Sororiw;

597 4515 1033 4586 quandoquidem
1067 4515 1207 4570 Juno
1255 4516 1529 4572 ferebatur
1575 4533 1696 4574 esse
1739 4519 1892 4576 Jovis
1939 4536 2094 4577 soror
2137 4533 2192 4579 et

597 4607 814 4678 conjux.
867 4607 922 4661 In
981 4607 1138 4678 hujus
1182 4617 1361 4664 autem
1408 4609 1676 4679 opinionis
1725 4613 2189 4671 confirmationem

595 4701 811 4772 adjungi
843 4710 1022 4774 potest
1050 4702 1234 4756 Roma:
1269 4718 1300 4758 a
1334 4703 1554 4759 Sororio
1591 4704 1787 4776 Tigillo
1824 4716 2188 4764 constructum

595 4798 792 4854 Junoni
825 4799 1104 4874 templum.
1135 4798 1276 4870 quod
1310 4799 1506 4854 idcirco
1533 4799 1762 4856 Junonis
1790 4801 2018 4858 Sororia:
2048 4819 2186 4859 nun-

595 4903 846 4957 cupatum
893 4891 1010 4946 fuit.
1041 4891 1148 4948 Sed
1195 4892 1317 4946 huic
1365 4893 1691 4962 conjectura:
1742 4895 1941 4950 nullius
1984 4895 2188 4954 codicis

592 4985 901 5042 testimonio
929 4986 1178 5054 firmata},
1202 4987 1245 5041 si
1271 4986 1432 5041 aliam
1457 4987 1694 5057 adjicere
1736 4987 1913 5055 liceat,
1945 4989 2186 5046 dicemus

591 5087 648 5134 et
676 5093 831 5147 poma
857 5088 911 5133 et
941 5077 1146 5132 fructus
1175 5078 1241 5132 ad
1275 5089 1496 5144 terram,
1527 5078 1641 5134 sive
1673 5078 1920 5135 tellurem
1941 5080 2185 5151 quando-

589 5173 808 5245 quidem
848 5175 1142 5244 pertiueut,
1175 5172 1288 5228 fieri
1318 5175 1556 5242 potuisse
1583 5183 1640 5227 ιιι
1666 5172 1830 5240 Juno,
1858 5188 1978 5244 qua:
2023 5174 2183 5230 tellus

590 5281 733 5334 esse,
750 5278 804 5323 et
833 5266 1108 5322 terrestria
1138 5280 1325 5338 regere
1340 5265 1680 5331 credebatur,
1700 5265 1969 5334 Pomona,
1990 5283 2182 5339 quem-

587 5359 876 5416 admodum
923 5369 978 5415 et
1027 5368 1107 5414 tot
1151 5360 1272 5413 aliis
1330 5359 1639 5413 nominibus
1686 5360 1954 5430 appellata
2001 5361 2177 5416 fuerit.

587 5453 740 5520 Quod
771 5462 946 5507 autem
976 5452 1119 5508 Juno
1160 5461 1304 5507 terra
1347 5461 1681 5516 censeretur,
1721 5451 1804 5506 his
1847 5452 2054 5522 Varro,
2095 5455 2179 5509 cui

587 5548 919 5618 Augustinus
949 5547 1294 5618 astipttlatur,
1325 5543 1507 5600 verbis
1555 5557 1654 5597 nos
1689 5543 2006 5602 admonuit:
2041 5566 2060 5599 ι
2089 5547 2181 5603 Jo-

583 5633 665 5695 vis
688 5640 830 5696 Juno
859 5641 1075 5711 conjux,
1100 5650 1154 5695 et
1186 5642 1230 5694 is
1256 5640 1476 5706 coelum,
1507 5635 1623 5691 btec
1651 5643 1815 5703 terra,
1838 5653 1959 5706 quae
1989 5639 2176 5696 eadem

582 5734 773 5800 tellus;
808 5739 865 5786 et
892 5748 954 5788 ea
981 5733 1117 5790 dicta
1150 5734 1292 5800 quod
1323 5748 1425 5792 una
1456 5746 1580 5787 cum
1623 5728 1761 5786 Jove
1800 5729 1950 5798 juvat
1996 5730 2175 5799 Juno;

576 5833 630 5878 et
653 5825 866 5897 regina,
896 5825 1040 5899 quod
1067 5827 1188 5884 haec
1211 5827 1399 5890 omnia
1432 5821 1713 5884 terrestria
1738 5822 1875 5894 regit
1907 5847 1930 5887 ι
1963 5821 2177 5899 (Varr.,

2303 3321 2322 3352 ε
2359 3302 2415 3356 ltt
2444 3301 2750 3374 Papyriauo
2779 3305 2926 3358 enim
2964 3304 3119 3372 jure,
3156 3321 3175 3352 ι
3210 3302 3417 3369 aiebat,
3453 3321 3471 3352 ι
3505 3300 3788 3358 evidenter
3813 3317 3903 3357 reo

2298 3398 2464 3453 latum
2487 3409 2691 3453 estarre
2713 3401 2886 3454 vicem
2908 3411 3167 3469 praemare
3191 3412 3353 3468 posse
3378 3412 3617 3453 mensam
3634 3397 3901 3460 dicatam;

2297 3498 2356 3544 ut
2381 3489 2432 3544 itt
2468 3490 2693 3559 templo,
2722 3491 2914 3561 inquit,
2935 3489 3165 3544 Junonis
3183 3489 3495 3560 Populuuize
3513 3505 3699 3544 mensa
3722 3489 3902 3543 dicata

2294 3591 2378 3635 est
2409 3600 2427 3632 ι
2468 3580 2752 3651 (Macrob.,
2777 3585 2814 3636 ι.
2846 3598 2904 3636 ιιι
2939 3581 3229 3648 Saturual.,
3258 3598 3306 3636 c.
3343 3579 3456 3654 11).
3481 3587 3549 3636 At
3577 3582 3679 3636 hoc
3706 3595 3906 3637 nomen

2295 3673 2374 3728 illi
2416 3674 2642 3729 inditum
2686 3674 3010 3744 perhibent,
3038 3675 3161 3744 quia
3205 3674 3371 3729 maris
3413 3684 3468 3728 et
3512 3672 3727 3730 femina:
3767 3689 3901 3728 con-

2290 3769 2578 3839 junctioui,
2597 3785 2665 3824 ex
2694 3785 2796 3836 qua
2815 3772 2936 3826 novi
2962 3769 3140 3840 populi
3167 3779 3439 3835 creantur,
3467 3767 3734 3823 Juuonem
3763 3783 3903 3838 pra:-

2296 3861 2384 3917 lici
2442 3862 2843 3918 existimabant.
2904 3862 3112 3918 Seneca
3166 3877 3294 3916 vero
3346 3861 3487 3931 apud
3545 3861 3898 3942 Augustinum

2296 3958 2627 4013 mentionem
2680 3958 2958 4029 cujusdam
3011 3957 3321 4031 P0puloniae
3372 3957 3543 4012 vidua:
3596 3957 3757 4023 fecit,
3807 3957 3896 4011 cui

2293 4050 2579 4120 petitorem
2627 4051 2861 4108 defuisse
2918 4068 3022 4107 non
3070 4053 3295 4106 miratur
3338 4051 3617 4124 (August.,
3658 4053 3694 4106 ι.
3734 4067 3786 4105 vt
3828 4053 3898 4105 de

2297 4140 2473 4208 Civit.,
2505 4160 2554 4198 c.
2589 4145 2678 4209 10,
2708 4162 2762 4215 p.
2793 4143 3066 4217 160).Sed
3098 4143 3215 4200 haec
3247 4144 3598 4214 proculdubio
3625 4143 3760 4198 Juno
3786 4141 3896 4198 Po-

2297 4239 2510 4308 pulonia
2548 4253 2652 4294 n0n
2695 4249 2832 4294 erat.
2864 4240 2938 4294 De
2966 4238 3067 4293 hac
3103 4248 3304 4305 autem,
3347 4248 3403 4293 et
3444 4236 3679 4303 Februti,
3711 4237 3894 4291 itidem

2295 4329 2525 4385 Juuonia
2557 4330 2816 4402 legendus
2845 4330 3138 4386 Martiauus
3159 4329 3378 4403 Capella
3405 4329 3497 4386 lib.
3528 4346 3565 4384 tt
3607 4330 3674 4384 de
3715 4327 3881 4400 Nupt.

2295 4422 2561 4494 l’ltilolog.
2783 4485 2810 4502 ‘-

2367 4516 2682 4588 Caprotiuce,
2726 4519 2831 4584 vel,
2875 4526 2934 4574 ut
2959 4518 3079 4574 aliis
3109 4517 3305 4588 placet,
3349 4517 3643 4587 Capt-atina:
3682 4516 3882 4572 Junoni

2297 4613 2552 4669 mulieres
2595 4613 2722 4668 olim
2769 4614 3143 4669 sacrificabant
3180 4614 3252 4669 ob
3290 4623 3555 4668 servatam
3588 4613 3892 4684 puellarum

2293 4714 2349 4760 et
2395 4714 2763 4760 matronarum
2809 4705 3138 4776 pudicitiam,
3168 4721 3232 4760 ac
3271 4703 3594 4770 Fidenates,
3634 4706 3724 4776 qui
3768 4719 3890 4760 eam

2292 4797 2504 4869 eripere
2553 4797 2843 4865 volebant,
2892 4809 3196 4868 superatos.
3243 4797 3415 4853 Varro
3459 4808 3635 4854 autem
3679 4798 3747 4853 de
3789 4797 3894 4852 hoc

2291 4891 2561 4947 sacrificio
2603 4893 2681 4947 sic
2725 4891 2996 4962 loquitur:
3033 4909 3052 4942 ι
3093 4891 3257 4946 Nona:
3284 4892 3620 4961 Caprotinae.
3647 4891 3792 4963 quod
3821 4907 3891 4947 eo

2294 4986 2381 5040 die
2408 4984 2460 5038 itt
2491 4983 2646 5038 Latio
2675 4983 2869 5039 Junoni
2898 4983 3206 5054 Caprotinae
3250 4985 3508 5039 mulieres
3547 4984 3885 5049 sacrificant.

2291 5088 2346 5134 et
2375 5077 2476 5132 sub
2505 5077 2760 5148 caprifice
2789 5077 3006 5139 faciunt,
3037 5086 3092 5131 et
3122 5093 3153 5132 e
3181 5076 3436 5147 capriﬁco
3476 5075 3735 5132 adhibent
3779 5077 3889 5130 vir-

2289 5187 2410 5242 gam
2445 5190 2464 5224 ι
2504 5169 2710 5245 (Varr.,
2736 5173 2774 5225 l.
2799 5186 2828 5224 v
2856 5171 2919 5225 de
2947 5169 3102 5242 Ling.
3131 5170 3248 5235 lat.,
3277 5189 3331 5240 p.
3362 5170 3475 5237 50).
3504 5170 3676 5240 llttjus
3726 5185 3889 5240 porro

2289 5266 2572 5334 sacrificii,
2603 5275 2761 5334 atque
2813 5265 2970 5329 festi,
3001 5264 3145 5336 quod
3193 5265 3522 5320 Ancillarum
3569 5266 3884 5328 vocabatur,

2288 5374 2505 5415 causam
2553 5367 2609 5414 et
2659 5358 3053 5413 institutionem
3116 5356 3418 5412 Macrobius
3473 5358 3676 5412 retulit.
3736 5358 3887 5413 lllius

2287 5454 2449 5508 etiam
2503 5451 2749 5506 meminit
2795 5450 3146 5517 Plutarchus,
3178 5460 3232 5505 et
3275 5450 3388 5505 alii.
3421 5451 3686 5505 Caeterum
3728 5450 3883 5520 plura

2286 5546 2497 5611 adhuc,
2546 5556 2604 5599 ut
2648 5545 2869 5602 Servius
2915 5546 3022 5611 ait,
3065 5555 3220 5601 erant
3263 5544 3490 5600 Junonis
3539 5546 3791 5611 tntmiua,
3824 5555 3885 5599 ut

2287 5640 2434 5695 Curis
2462 5649 2517 5696 et
2543 5637 2759 5706 Lucina,
2791 5657 2909 5712 quae
2943 5642 3213 5698 Arnobius
3234 5684 3250 5708 ,
3279 5641 3710 5713 quandoquidem
3751 5641 3883 5695 satis

2283 5733 2451 5790 multa
2481 5741 2903 5800 memoraverat,
2936 5733 3152 5788 silentio
3193 5734 3473 5805 preterire
3516 5734 3702 5789 maluit
3728 5731 3883 5804 (Ma-

2283 5828 2444 5898 crob.,
2470 5827 2508 5884 l.
2539 5842 2558 5882 ι
2589 5825 2881 5902 Salurnal.,
2925 5847 2972 5885 c.
3018 5829 3108 5898 11,
3156 5848 3208 5902 p.
3252 5828 3391 5898 223;
3433 5829 3730 5897 Plutarch,
3773 5827 3882 5885 Pa-
