4166 6256
274 338 380 394 569

1544 341 1609 397 lN
1647 339 2020 412 ARNOBIUM,
2063 342 2216 401 CAP.
2256 345 2395 405 XVI.

3445 349 3551 409 570

266 453 463 519 rallel.,
492 462 620 510 tom.
649 470 708 522 ιι,
739 472 793 527 p.
819 456 956 525 3l‘5;
988 456 1133 514 Serv.
1162 460 1216 515 in
1237 458 1275 513 l.
1304 474 1319 514 ι
1360 458 1602 527 dinem,
1634 476 1748 516 vera
1786 459 1858 515 ιε
1883 463 1936 524 Α
1958 460 2305 535 Tritogeniam
2324 507 2341 533 ,
2368 466 2503 535 quod
2540 474 2616 520 ter
2654 471 2708 520 in
2753 481 2890 522 anno
2915 475 3152 523 naturam
3180 472 3368 536 mutet,
3400 481 3550 536 vere,

273 560 321 606 et
348 550 460 623 l3).

342 642 474 700 Cum
519 653 599 701 tot
643 661 773 719 ergo
817 648 1015 705 ethnici
1065 649 1346 708 habuerint
1386 649 1658 717 Junones,
1689 651 1862 707 velut

269 734 491 793 Servius
516 738 620 798 ait.
649 737 919 796 Junonum
952 743 1171 798 numina
1192 785 1209 811 ,
1250 742 1375 798 inde
1406 742 1646 813 pro‘ecto
1673 753 1862 798 auctor

270 836 459 883 noster
484 829 703 885 conﬁcit
733 831 852 887 illas
870 847 1079 901 omnes,
1107 845 1266 906 atque
1292 836 1461 907 ipsam
1483 850 1716 907 quoque,
1740 851 1859 907 quae

266 917 424 977 Jovis
452 935 607 978 soror
632 933 687 979 et
714 924 909 993 conjux
943 925 1138 995 ubique
1168 927 1574 997 prmdicabatur,
1602 928 1732 983 deas
1753 929 1857 984 dici

269 1028 385 1068 non
415 1029 589 1084 posse,
613 1016 658 1070 si
689 1016 829 1072 Juno
853 1018 1002 1089 juxta
1023 1020 1184 1091 graeci
1211 1022 1441 1078 nominis
1462 1022 1857 1095 etymologiam,

266 1114 326 1161 et
348 1107 575 1177 plurium
604 1109 941 1180 Opinionem,
960 1127 1053 1167 aer
1074 1112 1255 1181 fuerit,
1286 1128 1409 1169 nam
1440 1130 1653 1170 aernou
1679 1125 1859 1186 p0test

264 1215 389 1258 esse
408 1203 574 1270 deus;
598 1219 724 1277 ergo
750 1207 898 1263 nulla
923 1207 1065 1264 Juno
1092 1209 1194 1265 dea
1222 1221 1327 1267 εει.

866 1342 1154 1385 Αιιτιουιοε
1196 1342 1256 1385 ll.

264 1455 517 1519 Quomodo
537 1459 783 1512 Arnobius
803 1464 1029 1515 ostendat
1050 1465 1194 1516 deam
1220 1480 1395 1519 revera
1420 1480 1514 1518 non
1535 1481 1648 1520 esse
1673 1469 1858 1520 Miner-

332 1535 440 1590 vam
463 1536 524 1573 ex
549 1526 693 1590 variis
713 1524 971 1590 gentilium
992 1530 1298 1590 Opinionihns
1318 1531 1383 1580 de
1406 1530 1485 1582 illa
1505 1546 1533 1581 e
1558 1531 1694 1582 Jovis
1714 1545 1859 1582 cere-

330 1584 421 1656 bro
434 1593 557 1656 orta,
577 1584 757 1656 Mentis
778 1595 832 1639 et
848 1584 1076 1641 Victoria:
1092 1590 1207 1656 lilia,
1222 1595 1303 1644 ubi
1324 1594 1388 1643 de
1399 1596 1605 1645 nominis
1622 1595 1857 1647 Minervae

332 1645 638 1712 etymologia.

336 1772 494 1830 Venit
525 1777 795 1836 Arnobius
824 1780 891 1836 ad
919 1781 1235 1850 Minervam,
1254 1799 1319 1840 ac
1341 1783 1522 1841 Granii
1548 1786 1856 1842 testimonio

1960 567 2165 625 testate,
2195 558 2413 629 hyeme;
2438 568 2484 614 et
2511 558 2796 633 Glaucopin
2840 560 2974 629 dici,
3017 578 3120 617 non
3164 561 3300 634 quod
3342 546 3580 633 glaucoa‘

1960 651 2134 706 oculos
2174 653 2355 707 habeat
2379 654 2663 727 (insulsum
2689 655 2823 710 enim
2848 657 2946 711 hoc
2971 655 3147 726 esse),
3178 655 3269 710 sed
3299 654 3423 723 quia
3463 669 3553 709 aer

1959 748 2144 819 glauco
2171 747 2235 801 sit
2260 759 2487 821 aspectu.

2032 839 2280 897 Servium
2313 842 2435 897 huic
2464 840 2838 913 adjunganms,
2866 842 2956 913 qui
2991 841 3043 897 in
3075 841 3188 896 suis
3229 841 3296 896 ad
3341 839 3549 912 Virgilii

1960 934 2226 991 IEueiden
2272 937 2679 993 commentariis
2722 937 2986 1009 scripsit:
3034 955 3053 988 ι
3106 936 3406 993 Potestates
3458 943 3551 990 aut

1962 1044 2193 1092 terrenae
2220 1044 2379 1096 sunt.
2408 1044 2502 1089 aut
2529 1034 2692 1090 aeriae
2724 1051 2737 1087 :
2767 1034 2861 1091 sed
2891 1035 3015 1105 quia
3053 1032 3225 1087 aether
3260 1031 3399 1101 ignis
3430 1040 3546 1097 est,

1961 1130 2082 1186 ideo
2112 1131 2168 1186 in
2193 1130 2534 1185 aetheriarum
2580 1136 2906 1200 potestatum
2928 1125 3140 1197 templis
3176 1125 3313 1196 ignis
3341 1136 3456 1191 est;
3490 1132 3550 1179 ut

1959 1221 2219 1278 reddatur
2255 1224 2334 1278 eis
2364 1221 2540 1294 imago
2567 1222 2651 1298 sui
2679 1222 2952 1277 elementi.
2980 1219 3077 1275 Est
3104 1229 3282 1274 autem
3314 1215 3366 1273 in
3406 1223 3548 1272 tem-

1959 1315 2049 1387 plo
2074 1315 2244 1379 lovis,
2271 1316 2395 1387 quia
2423 1316 2593 1371 tether
2621 1325 2703 1371 est
2729 1315 3002 1382 Minervm,
3035 1329 3155 1386 qua:
3180 1326 3341 1383 supra
3373 1310 3547 1367 aethe-

1958 1424 2073 1463 rem
2096 1419 2199 1465 est.
2228 1409 2378 1466 Unde
2403 1410 2569 1478 patris
2592 1408 2661 1465 de
2676 1411 2851 1479 capite
2875 1416 3151 1481 procreata
3172 1420 3291 1463 esse
3306 1406 3501 1462 dicitur
3519 1423 3540 1458 ι

1959 1503 2156 1578 (εει-υ..
2185 1506 2240 1559 in
2286 1507 2325 1561 ι.
2374 1521 2428 1561 tv
2479 1504 2722 1569 IEneid.,
2767 1523 2821 1576 ρ.
2863 1505 3011 1576 326).
3056 1503 3293 1575 Denique
3338 1502 3546 1559 Macro-

1959 1595 2080 1651 bius
2109 1606 2292 1651 narrat
2322 1598 2391 1654 ab
2418 1598 2507 1664 iis,
2537 1598 2626 1668 qui
2654 1596 2986 1668 diligentius,
3020 1597 3094 1651 uti
3128 1596 3368 1666 putabat,
3399 1594 3547 1650 veri-

1961 1698 2123 1744 tatem
2152 1693 2503 1761 quaerebant,
2534 1691 2672 1745 hanc
2714 1689 2892 1744 datam
2940 1689 3105 1745 fuisse
3151 1689 3412 1743 rationem
3452 1701 3549 1743 cur

1957 1779 2196 1838 Minerva
2251 1781 2389 1838 dicta
2443 1783 2606 1837 interit
2656 1796 2923 1837 summum
2975 1780 3195 1837 aetheris
3242 1794 3545 1835 cacumen:

262 1866 458 1938 probat
502 1869 848 1928 Aristotelem
896 1872 1145 1931 docuisse
1185 1892 1303 1932 eam
1345 1892 1466 1933 esse
1494 1876 1720 1934 Lunam.
1748 1878 1855 1934 Alii
1883 1862 1932 1923 Β
1964 1892 1984 1927 ι
2018 1873 2186 1943 Esse,-
2207 1894 2227 1926 ι
2262 1875 2453 1946 inquit,
2491 1893 2510 1926 ι
2548 1874 2783 1930 medium
2813 1872 3013 1929 arthera
3044 1871 3254 1934 Jovem.
3281 1870 3549 1928 lunonem

263 1970 442 2017 tamen
470 1964 539 2021 ab
569 1964 724 2036 hujus
748 1968 1002 2039 opinione
1046 1982 1423 2040 recesserunt,
1458 1975 1736 2045 palamque
1769 1990 1859 2029 as-

260 2066 549 2110 seruerunt
574 2056 722 2113 illam
754 2075 876 2116 esse
902 2061 1181 2118 aetherium
1231 2066 1486 2120 verticem
1511 2104 1529 2132 ,
1562 2077 1617 2122 et
1644 2067 1858 2120 summi-

263 2150 406 2216 tatis,
430 2160 488 2206 ut
511 2152 588 2208 ait
612 2154 903 2222 Arnobius,
934 2158 1074 2213 illius
1100 2176 1370 2214 summam.
1404 2160 1507 2215 Alii
1539 2162 1855 2217 memoriam

263 2258 389 2300 esse
417 2245 735 2303 voluerunt:
772 2269 790 2301 ι
819 2248 995 2317 Unde,
1032 2271 1051 2303 ι
1087 2252 1279 2324 inquit,
1310 2272 1329 2305 ι
1370 2269 1566 2310 nomen
1591 2253 1853 2321 Minerva,

260 2337 416 2411 quasi
455 2339 698 2409 quaedam
737 2341 1061 2400 Meminerva
1103 2345 1392 2402 formatum
1438 2359 1521 2403 est
1563 2369 1581 2400 ι
1617 2347 1856 2422 (Arnob.,

258 2431 298 2484 Ι.
320 2446 403 2497 ιιι,
420 2450 475 2501 p.
508 2433 655 2503 H8).
676 2433 759 2490 Ad
790 2437 1095 2494 Aristotelis
1139 2454 1267 2496 vero
1292 2441 1612 2509 sententiam
1635 2444 1857 2513 propius

256 2526 493 2581 accessit
520 2525 850 2600 Porphyrius
873 2571 889 2596 ,
921 2540 976 2587 ut
1008 2532 1175 2603 liquet
1203 2548 1267 2589 ex
1297 2534 1476 2590 verbis
1502 2534 1619 2605 ejus
1645 2538 1715 2590 ab
1745 2536 1856 2591 Eu-

256 2617 419 2674 sebio
452 2619 531 2674 sic
572 2623 909 2693 transcriptis
938 2623 1177 2695 (Euseb.,
1209 2627 1247 2681 ι.
1290 2642 1347 2682 ιιι
1379 2625 1616 2699 Ρνωραν.
1647 2644 1853 2701 evang.,

256 2726 306 2765 c.
342 2712 432 2774 Η,
461 2730 515 2783 ρ.
549 2715 673 2786 115)
696 2714 886 2793 εὈπερ
917 2718 972 2775 δὲ
998 2718 1240 2777 Ἀπόλλων
1268 2723 1319 2776 ἐν
1347 2723 1487 2795 ἡλίῳ.
1514 2730 1669 2781 τοῦτο
1687 2723 1856 2784 ’Λθήνη

252 2808 307 2863 ἐν
330 2808 531 2884 σελήνῃ.
564 2808 681 2869 ἔστι
706 2814 807 2889 γὰρ
835 2822 928 2875 τῆς
957 2818 1249 2891 φρονήσεως
1277 2816 1555 2889 σύμϐολον,
1577 2817 1752 2876 Ἀθηνᾶ
1777 2838 1855 2879 τις

254 2896 411 2959 οὖσα.
444 2901 594 2970 Quod
624 2916 794 2960 autem
818 2907 873 2961 in
912 2907 1021 2962 sole
1049 2908 1264 2978 Apollo,
1294 2909 1391 2963 hoc
1413 2911 1579 2979 ipsum
1624 2909 1857 2966 Minerua

252 2993 308 3049 in
333 2994 462 3050 luna
485 3006 583 3063 est,
609 2996 746 3068 quod
782 2998 875 3053 illa
910 2998 1196 3069 prudentia:
1240 3001 1525 3071 symbolum
1565 3001 1728 3056 instar
1767 3020 1856 3058 cu-

245 3086 461 3160 jusdam
499 3086 746 3145 Minerva:
784 3090 867 3147 ait.
911 3091 1245 3162 Augustinus
1272 3108 1401 3149 vero
1431 3102 1711 3165 utramque
1741 3097 1856 3168 opi-

253 3185 497 3252 nionem,
522 3186 593 3242 ab
614 3186 737 3242 aliis
758 3188 1056 3254 defensam.
1083 3199 1138 3247 et
1160 3203 1421 3247 assertam
1447 3192 1588 3249 hunc
1620 3195 1854 3266 explicat

252 3279 310 3336 in
346 3280 564 3335 modum
598 3299 612 3335 :
653 3300 673 3334 ι
704 3282 1030 3351 Minervam,
1056 3286 1179 3355 quia
1217 3301 1334 3342 eam
1376 3287 1624 3344 humanis
1649 3291 1853 3347 artibus

247 3387 692 3448 prmposuerunt,
724 3396 825 3437 nec
866 3383 1190 3439 invenerunt
1217 3385 1451 3453 stellam,
1493 3388 1584 3444 ubi
1607 3404 1724 3444 eam
1752 3405 1851 3463 po-

247 3479 473 3535 nerent,
492 3470 736 3528 eamdem
760 3472 843 3530 vel
859 3490 1126 3530 summum
1149 3479 1371 3545 aethera,
1393 3480 1474 3536 vel
1497 3481 1656 3536 etiam
1671 3483 1852 3539 lunam

246 3562 531 3621 dixerunt.
568 3585 587 3618 ι
621 3567 686 3622 Et
715 3569 873 3637 paulo
903 3570 1058 3640 post’:
1084 3589 1103 3623 ι
1136 3570 1366 3627 Minerva
1395 3588 1636 3631 summus
1658 3576 1848 3644 aether,

246 3667 310 3714 et
339 3657 575 3715 Minerva
606 3659 791 3716 itidem
821 3660 969 3726 luna,
999 3678 1161 3734 quam
1189 3680 1311 3721 esse
1338 3666 1390 3721 in
1416 3667 1637 3724 aetheris
1667 3670 1853 3726 intimo

250 3753 434 3810 limite
470 3756 775 3811 existimant
805 3777 824 3809 ι
865 3757 1287 3832 (Ληθνειηινιι
1312 3765 1374 3817 de
1399 3761 1575 3831 Civit.,
1607 3782 1721 3838 cap.
1760 3767 1848 3833 lli,

247 3865 312 3917 ρ.
352 3848 492 3917 174).
522 3849 791 3906 Diodorus
836 3861 1016 3906 autem
1065 3851 1299 3922 Siculus,
1332 3855 1418 3910 tibi
1471 3857 1539 3913 de
1569 3856 1852 3930 Egyptio-

244 3956 377 3998 rum
398 3941 684 4014 theologia,
702 3945 979 4000 memoriae
998 3946 1215 4002 tradidit
1250 3950 1362 4003 aeti
1386 3964 1581 4006 nomen
1598 3951 1850 4007 Minerva:

244 4032 477 4100 datum,
507 4043 564 4090 et
609 4035 735 4092 inde
778 4034 1001 4104 factum,
1033 4048 1088 4092 ut
1115 4039 1300 4109 virgo,
1343 4056 1410 4095 ex
1452 4040 1605 4096 Jovis
1649 4044 1852 4099 vertice

245 4137 372 4183 orta
397 4169 412 4192 ,
442 4142 506 4185 ac
533 4127 840 4201 Tritogenia
865 4171 880 4194 ,
912 4140 968 4186 et
995 4129 1283 4201 Glaucopis
1321 4133 1462 4189 dicta
1506 4135 1597 4189 sit.
1631 4135 1851 4192 Diodori

246 4235 418 4291 porro
449 4222 610 4278 verba
642 4224 685 4278 si
716 4223 898 4295 legere
923 4225 1080 4290 velis,
1114 4225 1183 4280 ab
1208 4224 1445 4282 Eusebio
1472 4228 1551 4282 sic
1577 4227 1848 4300 descripta

246 4313 496 4370 invenies
542 4313 803 4386 (Diodor.
859 4315 1052 4381 Sicul.,
1103 4316 1193 4371 lib.
1241 4333 1260 4373 ι
1301 4317 1573 4385 Bibliotli.,
1612 4338 1732 4393 pag.
1782 4325 1847 4389 8;

249 4405 467 4473 Euseb.,
496 4408 536 4463 l.
566 4423 625 4463 ιιι
666 4407 959 4479 Praeparat.
993 4425 1170 4480 evang.
1200 4426 1248 4463 ε.
1277 4410 1333 4478 3,
1358 4429 1482 4484 pag.
1506 4412 1598 4484 89)
1629 4432 1643 4468 :
1670 4417 1763 4469 Τὸν
1793 4413 1850 4471 δὲ

244 4502 379 4580 ἀέρα
426 4504 851 4579 προσαγορεῦσαί
894 4523 1045 4575 φασιν
1070 4501 1301 4568 ’Δθηνᾶν,
1331 4505 1850 4593 ’θερμηνευομένης

242 4603 345 4654 τῆς
365 4595 562 4660 λέξεως
600 4599 685 4649 καὶ
712 4596 822 4656 Διὸς
848 4597 1110 4670 θυγατέρα
1137 4598 1343 4667 νομίσαι
1368 4599 1581 4664 ταύτην,
1612 4602 1698 4653 καὶ
1716 4620 1847 4673 παρ·
1870 4644 1924 4704 D

245 4687 295 4704 ,υ
423 4686 436 4701 .
602 4690 611 4703 .
729 4688 753 4704 ,η
843 4684 870 4704 .
904 4689 913 4702 .
1082 4689 1092 4703 ε
1148 4684 1174 4704 η
1211 4689 1234 4704 ,ι
1451 4684 1477 4704 υ
1633 4693 1643 4704 ,
1801 4692 1810 4704 .

243 4687 381 4740 Θένον
410 4686 813 4746 ὑποστήσασθαι
839 4684 923 4742 διά
950 4707 1006 4741 τε
1044 4689 1101 4742 τὸ
1141 4684 1393 4765 ἄφθαρτον
1429 4684 1556 4745 εἶναι
1584 4693 1733 4762 φύσει
1761 4692 1846 4746 τὸν

242 4781 424 4857 ἀέρα,,
455 4781 640 4835 καὶτὸν
659 4781 940 4851 ἀκρότατον
967 4781 1176 4851 ἕπὲχειν
1217 4780 1371 4836 τόπον
1408 4787 1501 4836 τοῦ
1545 4784 1848 4853 σύμπαντος

242 4871 467 4942 κόσμου.
495 4869 668 4951 διόπερ
693 4874 749 4928 ἐκ
778 4882 870 4934 τῆς·
899 4881 1120 4948 κορυφῆς
1172 4879 1265 4928 τοῦ
1310 4874 1418 4936 Διὸς
1460 4874 1850 4948 μυθολογηθῆναι

243 4963 437 5023 συνέϐη
454 4965 644 5025 ταύτην
663 4966 917 5037 γενέσθαι.
938 4967 1230 5039 ὠνομάσθαι
1241 4964 1293 5021 δὲ
1305 4968 1464 5026 αὐτὴν
1480 4970 1847 5043 Τριτογένειαν,

242 5060 355 5113 ἀπὸ
378 5065 471 5115 τοῦ
514 5064 625 5136 τρὶς
669 5060 1001 5133 μεταϐάλλειν
1027 5062 1161 5136 αὐτῇ
1204 5065 1294 5120 τήν
1344 5063 1494 5134 φύσιν
1535 5062 1648 5116 κατ’
1675 5064 1846 5117 ἐνιαυ-

242 5152 355 5212 τόν,
387 5150 556 5228 ἔαρος,
582 5157 669 5207 καὶ
694 5154 871 5228 θέρους
895 5156 981 5208 καὶ
1005 5159 1282 5226 χειμῶνος
1310 5154 1546 5225 λέγεσθαι
1591 5151 1645 5208 δὲ
1685 5155 1843 5214 αὐτήν

242 5248 338 5300 καὶ
353 5246 659 5318 γλαυκῶπιν,
685 5247 791 5318 οὐχ
817 5247 995 5321 ὥσπερ
1039 5244 1157 5302 ἔνιοι
1194 5253 1295 5302 τῶν
1337 5246 1545 5305 ἇλλήνων
1564 5246 1841 5311 ὑπέλαϐον,

242 5340 353 5394 ἀπὸ
372 5345 464 5393 τοῦ
492 5343 611 5400 τοὺς
635 5340 917 5412 ὀφθαλμοὺς
936 5339 1190 5413 γλαυκοὺς
1230 5340 1404 5407 (τοῦτο
1431 5341 1522 5412 μὲν
1547 5342 1649 5411 ’γὰρ
1676 5340 1845 5400 εὐανθὲς

245 5433 545 5509 ὑπάρχει),
578 5435 683 5489 ἀλλ’
713 5436 815 5489 ἀπὸ
852 5439 947 5489 τοῦ
986 5435 1068 5489 τόν
1110 5435 1237 5509 ἀέρα
1276 5438 1364 5492 τὴν
1405 5432 1659 5510 πρόσοψιν
1701 5431 1844 5505 ἔχειν

241 5525 547 5601 ἔγγλαυκον.
578 5527 699 5582 Aeri
727 5536 916 5589 autem,
950 5525 1195 5582 Minerva:
1224 5543 1404 5580 nomen
1443 5528 1668 5598 quadam
1708 5529 1845 5583 vocis

242 5620 665 5689 interpretatione
690 5620 979 5675 attribuisse
997 5662 1012 5685 ,
1040 5619 1285 5691 Javisque
1312 5619 1474 5689 ﬁliam
1517 5621 1651 5675 hanc
1677 5630 1721 5676 et
1741 5624 1844 5676 vir-

241 5712 416 5784 ginem
442 5714 633 5782 putari,
665 5729 723 5768 eo
748 5714 887 5785 quod
906 5730 995 5768 aer
1020 5724 1204 5769 natura
1249 5696 1569 5785 corruptioni
1610 5733 1713 5771 non
1747 5717 1840 5771 ob-

243 5805 435 5857 noxius
462 5805 548 5870 sit,
578 5814 625 5857 et
648 5821 904 5860 summum
949 5806 1174 5861 universi
1221 5805 1390 5860 locum
1432 5819 1659 5879 occupet.
1693 5808 1842 5864 Unde

244 5900 402 5954 etiam
428 5899 603 5970 fabula
624 5916 651 5954 e
668 5899 812 5956 Iouis
835 5901 1019 5958 uertice
1035 5900 1181 5957 illam
1203 5909 1424 5959 enatant.
1456 5899 1644 5958 νοσανὶ
1668 5913 1836 5959 antem

1959 1980 2087 2020 vero
2132 1966 2365 2021 medium
2410 1967 2612 2022 aethera
2639 1982 2761 2023 cum
2795 1977 2934 2021 terra
2956 2007 2972 2030 ,
3000 1974 3055 2020 et
3079 1963 3373 2020 Minervam
3403 1977 3550 2018 sum-

1960 2076 2105 2115 mum
2137 2060 2358 2117 aetheris
2384 2076 2667 2129 cacumen,
2699 2078 2766 2117 eo
2789 2070 3108 2133 argumento
3138 2068 3380 2127 utuntur,
3407 2056 3549 2130 quod

1958 2152 2311 2223 Tarquinius,
2348 2155 2613 2209 Demarati
2644 2154 2909 2209 Corinthii
2955 2154 3095 2209 ﬁlius
3118 2194 3134 2219 ,
3162 2150 3551 2209 Sammhraciis

1959 2248 2306 2320 religionibus
2348 2249 2573 2317 mystice
2612 2247 2884 2312 imbutus,
2915 2263 3024 2304 uno
3072 2248 3303 2316 templo,
3343 2261 3406 2301 ac
3449 2245 3551 2301 sub

1958 2342 2147 2399 eodem
2174 2352 2320 2399 tecto
2349 2349 2566 2400 numina
2594 2354 2886 2399 memorata
2908 2342 3188 2413 conjungit
3216 2364 3235 2396 ι
3264 2340 3546 2417 (Maerob.,

1960 2436 1998 2490 ι.
2029 2453 2086 2492 ιιι
2114 2436 2384 2493 Saturnal.
2436 2456 2484 2492 c.
2513 2437 2594 2511 4).
2624 2437 2731 2494 Sed
2787 2436 2933 2503 vide,
2981 2451 3188 2508 qmeso,
3234 2435 3421 2507 quanti
3456 2449 3548 2491 ro-

1958 2530 2105 2587 boris
2129 2532 2198 2586 sit
2223 2531 2325 2586 hoc
2354 2541 2748 2603 argumentum.

2031 2623 2199 2678 Porro
2229 2633 2405 2679 autem
2437 2622 2661 2679 Vossius
2689 2632 2840 2695 putat
2880 2621 3131 2678 ethnicos
3169 2621 3421 2677 Minervae
3448 2635 3550 2677 no-

1959 2717 2104 2773 mine
2148 2717 2478 2774 intellexisse
2506 2717 2726 2773 actheris
2757 2716 2956 2787 Deique
2982 2716 3089 2770 vim
3115 2716 3167 2769 in
3198 2713 3417 2770 homine
3440 2755 3458 2782 ,
3485 2728 3551 2770 ac

1958 2813 2295 2883 potissimum
2345 2813 2658 2868 memoriam
2688 2811 2910 2884 ejusque
2936 2809 3127 2866 fretum
3157 2853 3174 2878 ,
3210 2808 3548 2879 prudentiam

1959 2903 2162 2978 (Vasa,
2196 2906 2236 2960 l.
2275 2923 2313 2961 ιι
2334 2892 2398 2961 de
2420 2906 2567 2978 Orig.
2593 2916 2640 2960 et
2670 2905 2830 2977 Prog.
2863 2904 3070 2971 idolol.,
3098 2920 3145 2958 c.
3183 2902 3277 2965 4‘2,
3311 2919 3365 2972 ρ.
3393 2901 3545 2976 ΞῚΞ).

1958 2999 2029 3055 At
2059 2998 2111 3054 id
2130 3042 2144 3064 ,
2173 3015 2236 3054 ac
2265 2998 2512 3055 eamdem
2549 3014 2763 3071 quoque
2802 2998 3092 3053 Minervam
3138 2995 3361 3062 Mentis,
3389 2996 3551 3052 sicuti

1956 3092 2035 3146 ait
2076 3092 2348 3147 Arnobius
2372 3133 2387 3157 ,
2416 3092 2576 3146 ﬁliam
2622 3102 2981 3162 nuncupatam
3012 3090 3175 3145 fuisse
3194 3132 3208 3155 ,
3239 3089 3550 3147 conﬁrmari

1960 3200 2118 3256 posse
2151 3186 2441 3241 arbitratur
2470 3186 2553 3241 his
2596 3185 2739 3257 apud
2774 3185 2839 3241 A.
2872 3184 3102 3241 Gellium
3133 3183 3338 3239 Afranii
3375 3184 3548 3239 versi-

1956 3283 2077 3351 bus,
2132 3283 2326 3355 quibus
2376 3283 2704 3355 Sapientiam
2762 3298 2891 3338 usus
2947 3291 3002 3337 ct
3055 3282 3331 3337 memoriae
3380 3279 3546 3337 ﬁliam

1953 3377 2180 3433 cecinit:

2046 3494 2176 3559 Usus
2193 3507 2275 3546 me
2292 3496 2489 3559 genuit,
2510 3500 2671 3559 mater
2694 3494 2891 3559 peperit
2909 3494 3165 3559 memoria,

2045 3557 2279 3621 Sophiam
2298 3556 2473 3614 vocant
2490 3570 2570 3607 me
2595 3556 2773 3616 Graeci,
2797 3569 2884 3606 vos
2904 3556 3211 3618 sapientiam.

2481 3640 2647 3707 (Gell.,
2668 3638 2748 3692 lib.
2776 3654 2859 3690 xm
2884 3641 3026 3691 Noct.
3049 3637 3353 3701 Attic.,'cap.
3375 3634 3452 3699 8.)

1951 3748 2219 3807 Caeterum
2251 3748 2460 3805 tametsi
2487 3747 2841 3821 Porphyrius,
2860 3746 2933 3801 uti
2966 3745 3125 3816 paulo
3142 3755 3270 3800 ante
3290 3741 3543 3810 vidimus,

1953 3845 2184 3913 dixerit,
2231 3843 2685 3914 quemadmodum
2734 3841 2928 3914 Apollo
2972 3841 3026 3896 in
3070 3839 3187 3897 sole
3229 3848 3352 3906 est,
3381 3838 3459 3895 sic
3488 3838 3544 3894 iu

1952 3940 2077 3994 luna
2103 3978 2117 4005 ,
2148 3937 2447 4007 prudentiae
2490 3936 2740 4009 symbolo
2762 3978 2779 4003 ,
2805 3950 2927 3991 esse
2973 3933 3267 3990 Minervam
3289 3976 3305 4002 ,
3340 3932 3546 3988 Macro-

1951 4032 2071 4089 bius
2098 4043 2277 4087 tamen
2308 4030 2454 4086 aliud
2493 4028 2698 4101 profert
2736 4029 2879 4083 illius
2906 4028 3271 4083 testimonium
3292 4069 3307 4092 ,
3335 4042 3443 4098 quo
3472 4027 3548 4082 si-

1951 4124 2222 4197 gnilicavit
2253 4124 2391 4179 hanc
2418 4125 2587 4195 ipsam
2617 4122 2911 4177 Minervam
2942 4126 3065 4177 esse
3104 4120 3234 4175 solis
3258 4119 3541 4186 virtutem,
3570 4106 3578 4115 ”

1951 4235 2071 4291 qua:
2098 4217 2436 4290 prudentiam
2465 4215 2771 4271 lunninibus
2808 4214 3065 4284 impertit.
3100 4211 3224 4268 Haec
3248 4212 3391 4268 enim
3422 4223 3548 4267 sunt

1951 4312 2207 4368 Maerobii
2228 4311 2390 4367 verba
2415 4330 2429 4366 :
2460 4328 2478 4362 ι
2510 4308 2843 4380 Porphyrius
2864 4313 3090 4361 testatur
3110 4304 3401 4360 Minervam
3422 4318 3546 4360 esse

1952 4407 2203 4461 virtutem
2234 4403 2398 4471 solis,
2431 4418 2549 4470 quae
2590 4401 2841 4456 humanis
2889 4398 3160 4455 mentibus
3198 4397 3542 4469 prudentiam

1952 4499 2343 4556 subministrat.
2376 4495 2506 4551 Nam
2537 4494 2663 4550 ideo
2697 4494 2811 4548 hmo
2839 4492 2975 4559 dea,
3006 4491 3156 4546 lovis
3196 4491 3375 4562 capite
3414 4506 3543 4563 pro-

1951 4602 2112 4666 gnata
2146 4603 2497 4655 memoratur,
2528 4589 2579 4645 id
2620 4598 2743 4654 est,
2781 4586 2848 4643 de
2894 4602 3101 4642 summa
3128 4586 3348 4641 :etheris
3395 4595 3548 4656 parte

1950 4686 2124 4751 edita;
2149 4683 2290 4739 unde
2317 4684 2467 4755 origo
2493 4682 2625 4737 solis
2649 4688 2734 4737 est
2765 4700 2785 4733 ι
2823 4678 3105 4753 (Μαστοὺ.,
3134 4680 3172 4735 ι.
3203 4696 3221 4735 ι
3249 4678 3545 4749 Satnrnal.,

1952 4794 1999 4832 c.
2032 4777 2120 4840 l7,
2152 4793 2205 4847 p.
2233 4774 2385 4848 262).

2025 4871 2385 4927 'l'antumdem
2411 4884 2541 4941 ergo
2567 4869 2769 4924 ethnici
2797 4868 2865 4923 de
2892 4866 3052 4938 hujus
3081 4865 3314 4921 nominis
3340 4873 3547 4935 etymo-

1954 4969 2128 5040 logia,
2158 4976 2422 5039 quautum
2452 4964 2520 5020 de
2549 4965 2662 5034 ipsa
2689 4963 2991 5019 variabant.
3021 4960 3246 5029 Quidam
3274 4960 3419 5015 enim
3444 5002 3461 5026 ,
3491 4967 3550 5014 ut

1951 5063 2027 5117 ait
2069 5061 2360 5123 Arnobius,
2396 5073 2591 5113 nomen
2639 5073 2669 5110 a
2711 5056 3002 5122 memoria,
3032 5065 3209 5109 ortum
3238 5055 3545 5117 voluerunt,

1950 5158 2097 5226 quasi
2126 5154 2361 5227 quantum
2408 5151 2743 5207 Meminerva.
2772 5148 3019 5205 Ciceroni
3063 5156 3240 5203 autem
3285 5147 3363 5202 sic
3403 5145 3546 5201 dicta

1951 5251 2185 5315 videtur,
2227 5248 2364 5320 quod
2401 5248 2478 5301 vel
2518 5246 2797 5310 minueret,
2836 5245 2914 5299 vel
2961 5244 3271 5307 minaretur;
3316 5239 3544 5307 Isidoro,

1951 5342 2105 5414 quasi
2133 5340 2227 5394 dea
2255 5350 2310 5395 et
2338 5355 2523 5394 munus
2548 5339 2745 5392 artium
2770 5337 3063 5400 variarum,
3095 5350 3215 5405 quae
3238 5334 3306 5389 ab
3335 5332 3421 5388 illa
3457 5333 3546 5387 in-

1948 5444 2124 5491 ventre
2171 5434 2587 5489 venditabautur
2623 5432 2849 5505 (Cicer.,
2881 5432 2919 5488 ι.
2954 5448 2988 5486 ιι
3034 5433 3097 5484 de
3138 5428 3332 5484 Natur.
3373 5429 3542 5493 deor.,

1954 5546 2007 5598 p.
2035 5527 2143 5582 224
2165 5568 2180 5595 ,
2212 5526 2305 5581 lin.
2335 5526 2446 5592 20;
2485 5527 2645 5595 lsid.,
2677 5528 2715 5581 ι.
2743 5542 2835 5581 VIII
2884 5524 3108 5597 Origin.,
3138 5541 3184 5578 c.
3220 5523 3308 5590 ll)
3339 5542 3352 5579 :
3380 5522 3548 5578 Festo

1949 5622 2215 5692 denique,
2244 5622 2385 5693 quod
2417 5622 2557 5678 bene
2586 5629 2821 5677 tnoncat.
2858 5638 2877 5672 ι
2912 5620 3062 5674 llauc
3087 5619 3262 5679 enim.
3295 5638 3314 5671 ι
3348 5617 3544 5689 inquit,

1955 5732 1976 5767 ι
2012 5713 2199 5784 pagani
2249 5728 2346 5783 pro
2390 5714 2657 5783 sapientia
2702 5711 2994 5782 pnnehaut.
3028 5710 3355 5767 Corniﬁcius
3379 5724 3545 5779 vero,

1948 5810 2088 5883 quod
2122 5809 2374 5879 ﬁngatur,
2409 5811 2763 5883 pingaturque
2791 5807 3051 5863 minitans
3078 5806 3270 5870 armis,
3299 5804 3552 5862 eamdem

1945 5904 2145 5962 dictam
2168 5909 2321 5974 putat
2350 5920 2369 5955 ι
2400 5901 2592 5974 (Fest,
2626 5900 2833 5956 adverb.
2866 5899 3302 5976 llNRRVA).QlI€B
3330 5897 3556 5971 quidem
