4166 6256
613 316 712 377 571

1814 303 2260 369 DISSERTATIO
2297 294 2576 364 PBEVIA

3773 290 3883 350 572

612 432 880 494 Corniﬁcii
920 436 1109 493 eadem
1140 452 1203 493 ac
1231 433 1506 492 Ciceronis
1529 439 1613 489 est
1634 471 1648 499 ,
1678 427 1999 503 etymologia
2020 469 2034 492 ,
2069 438 2189 498 qua:
2214 426 2269 485 Α
2292 437 2393 493 qua
2448 423 2587 478 hanc
2612 421 2857 493 aliosque
2885 419 3037 477 ﬁctos
3086 433 3117 474 a
3135 414 3426 490 gentilibus
3452 413 3584 470 deos
3604 411 3841 481 explodit
3863 453 3878 476 ,

612 528 677 585 ab
698 529 795 584 illo
808 530 1139 601 explicatur.

681 625 752 678 At
798 622 1018 679 Vossius
1065 625 1120 679 in
1172 623 1314 678 Festi
1365 622 1687 677 sententiam
1733 621 1901 691 magis
1932 618 2190 678 inclinat,

610 729 900 790 censetque
930 719 1149 774 verbum
1200 734 1377 771 moneo
1397 760 1410 781 ,
1442 715 1510 771 ab
1535 710 1817 786 antiquiori
1849 730 2020 768 meneo
2044 711 2191 768 deri.

608 816 829 870 vatum:
883 820 938 868 et
970 828 998 866 a
1039 827 1234 875 meneo,
1272 811 1490 874 mentio,
1519 811 1743 873 memini,
1787 824 1996 874 memor,
2037 809 2189 861 renti-

609 908 797 973 m’scor,
831 917 992 977 atque
1018 908 1089 963 ita
1120 908 1314 964 factum
1344 923 1537 963 nomen
1575 906 1818 962 Menerva
1842 950 1857 973 ,
1905 921 1968 961 ac
1996 905 2191 962 deinde

607 988 841 1056 Minerva
896 998 1118 1070 (Voss.,
1175 1004 1261 1056 lib.
1293 1013 1328 1057 ιι
1381 1002 1443 1055 de
1474 994 1617 1073 Orig.
1668 1010 1710 1055 et
1741 998 1927 1069 Progr.
1973 1000 2187 1065 πλοισι,

609 1113 723 1166 cap.
782 1095 882 1164 42,
938 1114 1060 1169 pag.
1103 1096 1205 1152 271
1246 1108 1292 1152 et
1337 1099 1519 1168 seqq)
1568 1097 1645 1152 lbi
1694 1113 1855 1167 porro
1899 1097 1990 1150 ille
2039 1094 2190 1165 plura

608 1190 911 1261 congessit,
966 1191 1158 1260 quibus
1196 1208 1257 1246 ea
1317 1206 1435 1261 quae
1481 1190 1551 1244 ab
1600 1189 1836 1244 Arnobio
1865 1190 2005 1244 dicta
2050 1188 2189 1243 vidi-

608 1294 727 1337 mus
748 1325 763 1347 ,
807 1282 1007 1339 diserte
1042 1285 1390 1339 enucleantur
1413 1292 1466 1339 et
1492 1282 1854 1339 stabiliuntur.

676 1374 791 1429 Jatn
818 1384 947 1430 vero
970 1377 1068 1431 etsi
1100 1378 1308 1446 penitus
1332 1387 1629 1433 taceremus
1650 1418 1665 1442 ,
1704 1377 1823 1448 quis
1857 1383 1957 1443 est,
1983 1392 2185 1446 qttteso,

607 1469 697 1537 qui
741 1483 845 1522 non
896 1469 1041 1523 videt
1078 1486 1184 1539 quo
1218 1471 1339 1540 jure
1388 1472 1528 1526 idem
1561 1471 1828 1526 Arnobius
1856 1480 2039 1524 noster
2070 1469 2192 1523 hinc

606 1560 855 1616 conficiat
892 1562 1087 1621 nullam
1145 1580 1364 1633 prorsus
1410 1563 1577 1619 fuisse
1623 1562 1956 1628 Minervam,
1998 1559 2190 1617 Mentis

606 1664 699 1709 aut
724 1654 975 1710 Victorite
1022 1656 1222 1723 tiliam,
1275 1658 1472 1712 ttullatn
1517 1674 1584 1712 ex
1624 1657 1772 1712 Jovis
1829 1667 2007 1711 natam
2032 1671 2189 1712 cere-

605 1746 726 1813 bro,
779 1748 1128 1806 inventricem
1177 1752 1341 1815 Dicte,
1399 1752 1669 1820 variisque
1698 1752 1904 1805 artibus
1934 1760 1988 1804 ct
2028 1751 2191 1805 disci-

606 1840 767 1911 plinis
793 1840 1097 1911 praefectam
1138 1853 1192 1898 et
1230 1844 1522 1911 eruditam,
1564 1844 1657 1899 sed
1703 1860 1816 1898 rem
1857 1845 2191 1910 naturalem,
2222 1821 2271 1881 Β

606 1951 726 2006 qua:
750 1936 849 1990 dea
873 1938 1054 2008 utique
1079 1954 1201 1994 esse
1233 1938 1456 2009 nequit?
1484 1938 1723 2007 (Arnob,
1752 1937 1841 1992 lib.
1859 1953 1933 2002 ιιι,
1956 1955 2009 2006 p.
2042 1937 2194 2006 118.)

678 2036 749 2087 At
769 2048 873 2103 quo
901 2034 1098 2089 clarius
1119 2076 1134 2099 ,
1182 2050 1245 2089 ex
1290 2035 1550 2089 hactenus
1596 2034 1756 2088 dictis
1779 2045 1992 2088 constat
2020 2033 2195 2086 etimi-

607 2140 699 2182 cos
752 2128 1048 2184 credidisse
1075 2130 1220 2183 illam
1269 2129 1459 2183 Mentis
1515 2120 1716 2193 ﬁliam,
1748 2136 1907 2197 atque
1936 2141 2003 2181 ex
2047 2126 2195 2181 Jovis

605 2222 831 2278 cerebro
871 2234 1086 2291 natam,
1130 2240 1195 2279 eo
1234 2222 1509 2278 difﬁcilius
1539 2222 1796 2291 probatu,
1844 2237 1947 2293 qua
1990 2222 2197 2277 ratione

580 2315 714 2371 lilia
782 2315 1028 2375 Victoriae
1092 2318 1159 2373 ab
1210 2317 1450 2371 Arnobio
1509 2316 1736 2370 dicatur.
1794 2315 2076 2385 Dionysius
2117 2315 2193 2367 si-

606 2408 821 2479 quidem
850 2410 1293 2466 Halicarnasseus
1332 2420 1515 2464 narrat
1549 2408 1728 2480 (Dion.
1785 2408 1991 2475 Halic.,
2026 2409 2095 2461 lib
2140 2424 2192 2471 ι,

605 2519 724 2572 pag.
778 2502 871 2572 26)
915 2521 928 2556 :
974 2507 1123 2563 Νίκην
1169 2503 1223 2559 δὲ
1267 2502 1502 2578 Ἀρκάδες
1551 2503 1891 2576 μυθολογοῦσι
1942 2502 2197 2563 Πάλαντος

605 2590 729 2651 εἶναι
781 2598 1035 2673 θυγατέρα
1080 2603 1169 2652 τοῦ
1218 2599 1494 2658 Λυκάονος.
1525 2598 1676 2669 τιμὰς
1698 2595 1752 2651 δὲ
1770 2596 1895 2673 παρ’
1926 2598 2196 2671 ἀνθρώπων

605 2688 666 2750 ἃς
710 2694 796 2744 καὶ
828 2688 945 2761 ἔχει
969 2697 1077 2756 νῦν,
1103 2690 1305 2750 Ἀθηνᾶς
1343 2690 1581 2761 βουλήσει
1605 2689 1795 2753 λαϐεῖν,
1816 2691 2079 2761 γενομένην
2104 2697 2198 2747 τῆς·

606 2785 720 2838 θεοῦ
746 2786 1051 2859 σύντροφον,
1074 2784 1275 2845 δοθῆναι
1302 2788 1402 2861 γὰρ
1431 2786 1578 2844 εὐθὺς
1594 2785 1694 2838 ἀπὸ
1713 2792 1860 2856 γονῆς
1889 2789 1978 2841 τήν
1998 2782 2197 2839 Ἀθηνᾶν

605 2877 816 2931 Πάλαντι
845 2878 947 2931 ἀπὸ
977 2880 1106 2939 Διὸς,
1135 2882 1221 2931 καὶ
1248 2878 1372 2953 παρ’
1404 2879 1593 2948 ἐκείνῳ,
1621 2877 1747 2936 τέως
1795 2878 1866 2937 εἰς
1913 2877 2051 2951 ὥραν
2080 2877 2195 2948 ἀφί-

611 2990 747 3036 κετο,
771 2979 1040 3043 τραφῆναι.
1091 2968 1367 3024 Victoriam
1417 2981 1587 3023 autem
1626 2969 1850 3023 Arcades
1895 2969 2199 3038 fabulantur

609 3064 773 3132 ﬁliam
793 3063 1051 3127 Pulantis,
1071 3067 1308 3133 prognati
1323 3064 1562 3135 Lgcaone
1580 3080 1598 3117 :
1614 3076 1660 3119 et
1685 3066 1900 3119 honores
1918 3080 2045 3135 quos
2061 3079 2197 3116 nunc

610 3159 749 3228 apud
790 3158 1019 3212 homines
1057 3158 1237 3219 habet,
1290 3170 1652 3222 consecutam,
1691 3157 1925 3211 Minerva
1942 3158 2190 3226 jubente,

607 3250 743 3319 quod
768 3267 883 3303 cum
911 3250 1007 3303 hac
1036 3251 1132 3303 dea
1160 3250 1313 3305 simul
1343 3251 1560 3304 educata
1586 3253 1671 3305 sit.
1715 3252 1756 3303 A
1783 3248 1913 3305 Jove
1938 3252 2071 3303 enim
2116 3267 2194 3305 re-

608 3358 726 3395 cens
756 3353 931 3396 nutant
955 3343 1369 3397 commendatum
1400 3361 1508 3398 esse
1539 3344 1753 3400 Palanti
1775 3388 1788 3409 ,
1819 3358 1865 3399 et
1891 3346 2030 3414 apud
2052 3346 2199 3401 illum

607 3437 893 3499 educatam,
912 3439 1035 3501 dum
1057 3440 1351 3493 adoleverit.
1383 3438 1586 3507 Quibus
1606 3450 1748 3511 certe
1778 3441 1952 3509 verbis
1983 3442 2197 3509 planum

607 3529 699 3584 ille
724 3530 849 3583 facit
876 3530 1164 3586 Minervam
1198 3547 1303 3586 non
1327 3548 1448 3588 esse
1481 3532 1643 3586 tiliam
1673 3520 1940 3599 Victoriae,
1960 3535 2053 3587 sed
2077 3543 2198 3587 tan-

608 3623 887 3679 tummodo
919 3612 1039 3679 cum
1066 3620 1153 3679 illa
1181 3615 1485 3680 educatam.
1532 3612 1795 3680 Praevium
1846 3626 2198 3681 nihilominus

607 3718 879 3787 opinionis
926 3733 1041 3773 sua:
1086 3731 1411 3774 assertorem
1446 3720 1713 3773 Arnobius
1750 3720 1947 3773 'babuit
1992 3720 2200 3775 Pansa-

609 3814 783 3878 niam,
842 3815 932 3879 Qui
982 3813 1188 3868 dixerat
1249 3812 1567 3879 (Pansam,
1618 3815 1708 3867 lib.
1760 3831 1808 3879 ι,
1853 3832 1972 3885 pag.
2024 3813 2136 3883 40)
2186 3830 2199 3867 :

605 3910 700 3959 Καὶ
728 3906 899 3977 ἕτερον
929 3908 1144 3961 ἐνταῦθα
1188 3907 1320 3982 ἱερὸν
1349 3906 1551 3965 Ἀθηνᾶς
1576 3908 1871 3967 πεποίηται,
1898 3906 2205 3977 καλουμένης

605 4000 777 4059 Νίκης.
818 3998 1052 4051 Alterum
1102 3998 1289 4052 ibidem
1311 4008 1386 4053 est
1432 3996 1704 4052 delubrum
1756 3997 2036 4062 Mineruw,
2092 3998 2196 4063 cui,

614 4089 858 4146 Victoria:
906 4102 1317 4163 cognomentum.
1372 4090 1431 4145 In
1473 4093 1705 4162 quodam
1761 4102 1938 4146 autem
1965 4091 2202 4159 Orphei,

608 4189 682 4239 uti
732 4187 1069 4249 inscribitur,
1103 4188 1301 4258 hymno
1333 4186 1422 4240 illa
1456 4194 1676 4239 Vocatur
1713 4185 1946 4263 νικηφόρε
1990 4182 2199 4255 δαῖμον,

615 4278 898 4334 Victoriam
957 4286 1126 4353 ferens
1172 4280 1373 4333 damon
1429 4278 1728 4350 (Orpheus,
1807 4288 1929 4330 toni.
1981 4293 1996 4331 ι
2051 4277 2199 4333 Poet.

605 4389 798 4445 graec,
853 4392 974 4445 pag.
1017 4374 1165 4445 509).
1193 4376 1261 4428 At
1316 4373 1437 4427 hinc
1488 4372 1712 4428 Arnobii
1757 4374 1994 4428 narratio
2046 4373 2206 4443 plane

606 4468 892 4534 ﬁrmatur,
936 4470 979 4522 si
1034 4469 1150 4538 ejus
1191 4469 1242 4523 in
1292 4476 1439 4521 textu
1501 4468 1768 4537 legeretur
1810 4487 1822 4521 :
1857 4485 1875 4518 ι
1912 4465 2068 4521 Nulla
2123 4475 2207 4521 est

607 4574 739 4629 ergo
770 4559 965 4614 Mentis
1011 4560 1148 4623 lilia,
1198 4559 1340 4613 nulla
1394 4559 1653 4614 Victoria.
1689 4577 1708 4610 ι
1737 4558 1791 4613 Si
1846 4573 1975 4614 vero
2016 4559 2203 4627 legen-

607 4652 734 4707 dum
779 4653 883 4716 sit,
930 4650 1096 4706 Nulla
1142 4651 1413 4717 Victoriw,
1462 4651 1717 4707 videlicet
1746 4652 1883 4716 tilia,
1923 4651 2198 4722 expende,

608 4762 823 4818 quaeso,
883 4756 1060 4800 utrum
1104 4745 1221 4800 hinc
1268 4746 1451 4814 opinio
1503 4745 1628 4800 inde
1669 4722 1932 4807 imminit,
1983 4744 2123 4816 quod
2171 4759 2202 4799 a

608 4840 814 4909 templo
865 4838 1067 4908 ipsius,
1098 4853 1217 4908 qua:
1252 4832 1485 4891 Victoria
1517 4839 1949 4906 nuncupabatur,
2004 4851 2207 4907 cogno-

609 4933 810 4986 minata
858 4941 971 4997 est,
1003 4940 1096 4984 aut
1138 4931 1263 5001 quia
1309 4941 1607 4999 pugnantes
1646 4933 1765 5000 ejus
1792 4930 1995 4985 auxilio
2035 4931 2204 4985 victo-

606 5028 740 5079 riam
785 5034 1067 5093 reportare
1130 5023 1461 5077 ferebantur.

678 5118 865 5187 Longe
902 5132 1067 5186 porro
1097 5118 1363 5187 vulgatius
1387 5127 1442 5171 et
1472 5117 1652 5172 notius
1700 5127 1783 5170 est
1812 5116 1979 5182 illam,
2018 5131 2207 5186 quem-

607 5211 901 5266 admodum
944 5210 1074 5264 alibi
1105 5209 1440 5265 ostendimus
1471 5211 1685 5281 (Supr.,
1715 5227 1833 5281 cap.
1876 5209 1930 5277 9,
1979 5221 2078 5264 art.
2124 5207 2205 5282 Ξ),

543 5282 553 5296 ’
607 5306 741 5360 olere
776 5314 832 5361 et
882 5304 1152 5367 aliarum,
1192 5305 1331 5359 sicut
1383 5304 1647 5359 Diodorus
1694 5305 1907 5359 Siculus
1953 5314 2205 5369 testatur,

607 5400 962 5469 plurimarum
992 5399 1188 5453 artium
1218 5400 1410 5453 dictam
1439 5399 1608 5456 fuisse
1654 5400 2028 5457 inventricem.
2076 5400 2206 5456 Nam

608 5493 735 5548 inde
770 5493 860 5547 ille
916 5492 1193 5549 concludit
1223 5512 1234 5547 :
1265 5494 1364 5569 Ἀφ’
1392 5492 1458 5549 ὧν
1478 5495 1713 5570 Ἐργάνην
1754 5499 1913 5555 αὐτὴν
1938 5518 2208 5572 προσαγο-

607 5590 851 5666 ρεύεσθαι
879 5586 1121 5661 (Diodor.
1159 5589 1323 5645 Sicut.
1353 5632 1368 5654 ,
1419 5592 1506 5643 lib.
1543 5606 1627 5655 ιιι,
1676 5587 1923 5645 Bibliotlt.
1949 5633 1963 5653 ,
1996 5610 2043 5659 ῃ.
2080 5594 2204 5658 142,

606 5692 653 5734 et
699 5679 791 5735 lib.
840 5695 904 5744 v,
949 5696 1067 5750 pag.
1094 5681 1261 5753 255),
1298 5682 1441 5738 unde
1493 5697 1716 5752 ergatta,
1755 5695 1850 5735 seu
1890 5683 2070 5754 opifex
2120 5700 2209 5738 uo-

602 5776 812 5828 citatur.

591 5915 619 5937 ι
669 5866 943 5923 Caeterum
966 5874 1222 5938 quantum
1242 5869 1299 5932 in
1324 5872 1432 5929 hoc
1461 5866 1685 5929 Arnobii
1710 5868 2180 5938 argumentatione
2197 5911 2213 5941 ,

2294 515 2552 586 ponderis
2597 515 2666 569 sit
2715 529 2777 568 ac
2835 512 3063 577 virium,
3113 511 3232 580 quis
3287 518 3407 574 est,
3451 506 3543 577 qui
3594 504 3882 560 confestim

2293 624 2405 663 non
2453 605 2887 667 animadvertat?
2950 606 3021 659 At
3089 600 3217 655 illud
3274 608 3533 670 praeterea
3602 597 3886 666 perspicue

2297 701 2553 771 probatur
2604 699 2673 754 ab
2732 698 2963 753 Eusebio
3013 705 3069 752 et
3112 694 3459 765 Augustino,
3502 691 3592 760 qui
3663 704 3732 744 ex
3789 688 3889 742 iis-

2293 794 2415 850 dem
2458 794 2620 848 variis
2660 791 3000 848 ethnicorum
3036 788 3104 845 de
3136 790 3403 851 Saturno,
3439 783 3602 850 Jove,
3646 781 3884 844 Junone,

2295 897 2347 949 et
2382 887 2617 942 Minerva
2660 883 3039 953 opinionibus,
3092 896 3188 936 eos
3233 893 3502 948 nunquam
3540 874 3675 931 deos
3724 874 3890 927 fuisse

2292 979 2665 1034 demonstrant
2690 976 2933 1050 (Euseb.,
2956 976 3046 1030 lib.
3080 990 3141 1029 ιιι
3178 972 3420 1043 Ρνωραν.
3458 987 3665 1041 evang.,
3694 985 3743 1022 c.
3795 967 3887 1032 il),

2293 1087 2411 1144 pag.
2446 1070 2547 1127 107
2571 1088 2584 1137 ;
2621 1069 2841 1142 August.
2869 1108 2885 1136 ,
2919 1069 3004 1122 lib.
3034 1082 3084 1121 tv
3113 1066 3177 1120 de
3203 1063 3352 1120 Civil.
3376 1105 3392 1130 ,
3418 1072 3520 1117 art.
3552 1062 3618 1118 tt)
3639 1101 3655 1127 ,
3684 1077 3741 1129 p.
3768 1057 3886 1127 95).

2883 1198 3171 1241 Αιιτιουιυε
3208 1199 3289 1238 ιιι.

2292 1328 2540 1389 Quomodo
2563 1325 2807 1375 Arnobius
2830 1320 2945 1374 illud
2971 1324 3127 1373 adhuc
3144 1322 3371 1372 ostendat
3394 1334 3455 1370 ex
3476 1319 3708 1389 Neptuno
3729 1316 3889 1389 Stygii

2351 1390 2523 1449 fratre,
2551 1391 2798 1456 pistricutn
2824 1389 3037 1456 domino“,
3066 1399 3328 1456 magnarum
3363 1392 3415 1456 et
3439 1383 3701 1456 gurgitum
3721 1388 3890 1456 'motaf

2352 1461 2462 1503 tore
2486 1445 2637 1502 :it'em
2664 1465 2730 1500 ex
2749 1452 2990 1499 Mercurio
3006 1450 3353 1503 Caduceatore,
3373 1445 3605 1509 Cyllenia,
3627 1446 3893 1491 verborum

2354 1524 2406 1565 et
2442 1518 2690 1563 tmminum
2730 1510 3005 1573 inventore,
3034 1527 3087 1560 ac
3113 1518 3355 1565 mutatore
3380 1508 3697 1557 nundinarum
3715 1518 3892 1573 _,__mer-

2353 1579 2497 1634 clum.
2517 1587 2570 1629 et
2590 1569 3014 1633 commerciorum;
3041 1582 3187 1637 atque
3200 1575 3345 1622 etiam
3358 1572 3565 1628 Cerere,
3583 1582 3691 1635 qua:
3714 1569 3885 1637 :l'erra,

2353 1632 2528 1703 Magna
2554 1642 2726 1703 Mater,
2752 1638 2902 1687 Vesta
2922 1673 2936 1696 ,
2968 1637 3069 1700 Ops
3089 1632 3197 1703 ,'_et
3220 1637 3571 1703 Saturttj_uxor
3596 1632 3891 1703 rogabatur:

2352 1694 2523 1754 ubivde
2549 1694 2841 1767 etymologia
2864 1694 3108 1752 nominum
3130 1700 3378 1763 Neptuni,
3400 1696 3645 1756 Mercurii,
3668 1694 3893 1753 Cereris,

2359 1774 2411 1817 et
2434 1766 2617 1817 Vestae.

2358 1893 2535 1951 .Nobis
2588 1892 2884 1947 Arnobium
2926 1874 3062 1945 alios
3085 1886 3361 1957 gentilium
3416 1886 3546 1941 deos
3599 1898 3893 1938 recensen-

2301 2002 2407 2043 tem
2437 1970 2788 2057 sequentibus
2819 1982 3053 2042 occurrit
3083 1983 3395 2054 Neptunus,
3447 1995 3605 2051 quem
3653 1977 3890 2044 ethnici,

2298 2068 2471 2152 inquit
2516 2081 2640 2145 ille,
2697 2079 2833 2151 quod
2886 2095 3021 2146 aqua
3075 2077 3231 2131 nubat
3273 2086 3623 2155 terramheo
3678 2071 3895 2125 nomine

2298 2174 2702 2247 appellaverunt
2755 2172 2968 2240 (Arnob.
2998 2213 3012 2237 ,
3059 2171 3149 2226 lib.
3198 2186 3286 2233 ιιι.
3336 2186 3452 2238 pag.
3510 2164 3657 2235 “8).
3713 2164 3896 2234 Neque

2298 2279 2444 2324 certe
2487 2267 2603 2322 haec
2627 2266 2952 2340 etymologia
2997 2274 3221 2334 patrono
3258 2258 3652 2328 defensoreque
3696 2256 3891 2311 caruit.

2298 2361 2556 2430 Quamvis
2587 2361 2728 2414 enim
2761 2357 2952 2412 Cicero
2997 2342 3228 2427 Neptuni
3262 2371 3457 2433 nomen
3483 2368 3510 2405 a
3544 2350 3745 2416 nando,
3775 2349 3896 2429 qui-

2296 2452 2521 2510 husdam
2554 2452 2745 2506 litteris
2774 2442 3044 2519 paululum
3070 2449 3365 2503 immutatis
3385 2490 3399 2513 ,
3424 2445 3662 2501 Isidorus
3685 2461 3716 2498 a
3753 2442 3896 2497 nube

2296 2530 2448 2618 quasi
2474 2556 2717 2611 tonante,
2774 2532 2861 2599 alii
2904 2560 2932 2596 a
2980 2544 3147 2598 verbo
3174 2528 3336 2597 etiam
3386 2556 3563 2610 grmco
3598 2542 3792 2595 νίπτειν
3821 2536 3898 2591 la-

2299 2622 2459 2702 vare,
2514 2639 2753 2704 abluere,
2787 2638 3070 2693 deductum
3127 2636 3321 2709 velint;
3375 2634 3548 2689 Varro
3591 2644 3772 2687 tamen
3812 2630 3898 2685 di-

2298 2712 2443 2788 Serle
2469 2732 2603 2785 dixit
2636 2749 2647 2782 :
2692 2749 2709 2783 ι
2746 2714 3028 2799 Neptunus
3065 2712 3205 2798 quod
3261 2744 3408 2781 mare
3436 2736 3611 2782 terras
3638 2722 3895 2793 obnubit,

2298 2811 2356 2880 ut
2404 2824 2572 2879 nubes
2620 2823 2853 2887 caelum,
2901 2838 2931 2877 a
2985 2810 3183 2890 nuptu,
3214 2808 3266 2874 id
3305 2827 3423 2885 est,
3481 2806 3808 2889 opertione,
3838 2800 3898 2869 ut.

2298 2917 2538 2987 antiqui,
2589 2932 2617 2969 a
2649 2932 2754 2985 quo
2783 2914 3007 2982 nuptim,
3062 2900 3367 2983 nuptusque
3391 2910 3563 2965 dit-tus
3610 2930 3628 2963 ι
3667 2909 3855 2982 (Cicer.
3878 2951 3896 2974 ,

2299 3009 2387 3077 lib.
2436 2986 2469 3064 ll
2514 3009 2576 3063 de
2628 3008 2821 3062 Natur.
2856 3007 3000 3060 deor.
3023 3045 3038 3071 ,
3073 3008 3195 3078 pag.
3226 3004 3368 3068 21°24;
3406 2986 3596 3057 Isidor.
3618 3044 3632 3070 ,
3659 2990 3749 3055 lib.
3780 3017 3896 3067 vtu,

2303 3098 2481 3173 Origin
2508 3118 2522 3167 ;
2563 3096 2712 3155 Varr.
2736 3143 2749 3166 ,
2782 3100 2871 3154 lib.
2906 3115 2959 3154 tv
2987 3099 3049 3153 de
3091 3096 3246 3167 Ling.
3302 3083 3394 3150 lat.
3421 3140 3436 3164 ,
3468 3114 3592 3168 pag.
3624 3095 3739 3166 18).

2372 3172 2531 3262 Atqui
2583 3194 2627 3249 si
2680 3194 2732 3249 id
2781 3208 2966 3248 verum
3018 3184 3121 3259 sit,
3172 3192 3249 3245 ait
3295 3178 3608 3256 Arnobius,
3657 3172 3899 3243 eoncidii

2299 3289 2542 3361 profecto
2579 3286 2711 3342 deus
2770 3286 3085 3361 Neptunus,
3134 3280 3200 3339 ab
3250 3280 3480 3338 ethnicis
3527 3285 3704 3336 dictus
3734 3268 3901 3337 frater

2302 3360 2489 3455 Styga,
2536 3383 2585 3436 id
2640 3393 2756 3443 est,
2802 3360 3079 3445 Plutonis,
3142 3372 3195 3434 et
3246 3376 3397 3434 Jovis
3445 3392 3775 3450 germanus,
3832 3366 3901 3430 de

2300 3479 2493 3550 quibus
2519 3476 2626 3548 jam
2669 3472 3045 3531 disseruimus.
3098 3464 3262 3530 Addit
3311 3464 3515 3528 ironice
3561 3482 3751 3526 auctor
3798 3486 3899 3525 no-

2302 3585 2448 3629 ster:
2479 3591 2497 3623 ι
2535 3569 2772 3625 Tridenti
2826 3550 3065 3623 arinaius
3089 3610 3103 3633 ,
3140 3560 3417 3637 pistricum
3465 3566 3720 3620 dominus
3744 3606 3758 3627 ,
3813 3575 3895 3643 at-

2303 3683 2442 3737 que,
2480 3682 2771 3721 macnarum
2793 3708 2808 3733 ,
2845 3680 2939 3719 rex
2966 3663 3231 3717 salsorum
3263 3662 3532 3734 gurgitum
3583 3678 3602 3712 ι
3641 3658 3857 3731 (Arnob.
3881 3700 3898 3724 ,

2306 3750 2403 3816 loc.
2436 3759 2552 3835 cit.)
2575 3803 2589 3827 ,
2621 3760 2671 3814 id
2699 3770 2814 3823 est,
2849 3758 3014 3813 maris
3034 3743 3090 3813 et
3122 3755 3329 3826 pelagi,
3360 3750 3433 3809 uti
3457 3754 3620 3824 liquet
3650 3746 3737 3807 his
3778 3768 3899 3806 car-

2285 3844 2541 3910 ‘minibus
2568 3896 2583 3920 ,
2635 3853 2825 3921 quibus
2848 3849 3104 3921 Virgilius
3133 3848 3284 3903 illum
3329 3847 3406 3901 sic
3453 3844 3763 3916 loquentem
3817 3844 3902 3899 in«

2306 3948 2492 4004 duxit:

2400 4030 2509 4115 Non
2531 4063 2596 4113 illi
2623 4064 2883 4125 imperium
2906 4061 3068 4126 pelagi
3092 4056 3373 4124 saevumque
3398 4030 3685 4118 tridentem,

2402 4127 2501 4176 Sed
2526 4126 2644 4175 mihi
2666 4134 2801 4175 sorte
2824 4126 3007 4175 datum.

2670 4206 2897 4275 (Virgil.,
2916 4204 3003 4260 lib.
3028 4223 3046 4258 ι
3070 4207 3286 4270 zEneid.,
3314 4220 3441 4259 vers.
3470 4206 3563 4257 142
3583 4211 3631 4257 et
3650 4216 3766 4269 seqq
3789 4204 3803 4267 )

2308 4320 2502 4377 Pistrix
2551 4330 2754 4381 autem,
2805 4318 2965 4388 piscis
3019 4326 3101 4372 est
3137 4333 3361 4389 magnus
3421 4330 3514 4370 seu
3564 4314 3740 4370 bellua
3786 4327 3908 4365 ma-

2306 4417 2460 4480 rina,
2494 4429 2653 4484 quam
2686 4411 2923 4484 non_nulli
2970 4410 3215 4465 balenam
3262 4424 3381 4466 esse
3421 4406 3769 4463 arbitrantur.
3824 4404 3908 4460 De

2307 4482 2529 4581 pistrice
2558 4498 2710 4577 plura
2750 4482 2987 4563 .Arati
3019 4502 3425 4575 phoenomenis,
3458 4516 3525 4557 ex
3550 4498 3747 4572 quibus
3787 4497 3905 4554 haec

2231 4604 2285 4664 D
2309 4601 2601 4672 selegimus
2632 4616 2647 4653 :

2396 4714 2754 4765 Andromedam
2778 4722 2941 4778 tamen
2967 4710 3230 4778 esplorans
3251 4711 3606 4778 feraquterere
3630 4711 3805 4773 pistrix

2400 4779 2593 4840 Pergit,
2620 4786 2670 4827 et
2692 4789 2850 4839 usque
2865 4777 3013 4840 sitam
3039 4774 3222 4840 validas
3247 4774 3487 4840 aquilonis
3511 4775 3571 4824 ad
3594 4787 3737 4824 auras

2400 4838 2586 4893 Caeritis
2611 4838 2822 4902 vestigat
2846 4839 2978 4889 ﬁnita
3001 4839 3051 4887 in
3077 4838 3295 4902 partibus
3316 4839 3485 4887 austri.

2826 4922 2914 4986 (In
2939 4922 3097 4973 Cicer.
3124 4923 3344 4986 Fragm,
3364 4934 3479 4984 pag.
3504 4921 3567 4970 33
3588 4926 3634 4972 et
3656 4921 3815 4986 seqq.)

2310 5029 2477 5084 Μίεηει
2521 5042 2734 5099 quoque
2768 5028 3007 5083 marinus
3036 5027 3199 5097 piscis
3227 5035 3309 5081 est
3330 5068 3343 5088 ,
3377 5026 3467 5095 qui
3508 5040 3685 5096 grzece
3714 5027 3911 5096 μαίνις,

2315 5137 2344 5177 a
2372 5122 2633 5177 Romanis
2676 5122 2835 5177 hodie
2864 5120 3085 5175 mwnola
3118 5128 3359 5174 vocatur.
3389 5119 3582 5174 Cicero
3611 5127 3791 5173 autem
3824 5118 3915 5172 his

2315 5216 2494 5270 verbis
2532 5216 2672 5271 illius
2704 5215 2989 5269 meminit:
3024 5232 3043 5265 ι
3081 5212 3183 5280 Qui
3210 5213 3542 5281 voluptatem
3574 5211 3744 5281 ipsam
3773 5225 3912 5266 con-

2318 5316 2590 5375 temnunt,
2636 5308 2702 5361 iis
2750 5306 2877 5361 licet
2925 5305 3106 5361 dicere
3154 5319 3215 5360 se
3258 5306 3671 5375 ancipenserem
3719 5319 3916 5360 maenae

2319 5414 2424 5453 non
2472 5411 2801 5468 anteponere
2837 5417 2855 5450 ι
2914 5395 3141 5472 (Cicer.,
3170 5397 3258 5451 lib.
3296 5413 3335 5452 ιι
3372 5398 3437 5452 de
3464 5394 3638 5452 Finib.
3671 5439 3686 5459 ,
3718 5415 3774 5468 p.
3815 5395 3915 5460 66.

2316 5492 2408 5545 lin.
2444 5494 2556 5563 5i).
2595 5491 2921 5547 Mentionem
2964 5491 3125 5544 etiam
3155 5492 3272 5558 ejus
3308 5489 3440 5545 facit
3474 5489 3769 5545 Athenaeus
3791 5530 3805 5553 .
3860 5500 3917 5547 et

2315 5584 2511 5655 smpius
2544 5584 2790 5650 Plinius,
2833 5582 2921 5653 qui
2973 5598 3070 5636 nos
3126 5582 3284 5637 docet
3321 5581 3518 5652 quibus
3570 5580 3808 5646 morbis,
3857 5588 3917 5635 et

2314 5675 2586 5748 quomodo
2613 5675 2850 5730 remedia
2881 5689 2945 5729 ex
2975 5675 3077 5729 hoc
3104 5675 3249 5743 pisce
3269 5674 3625 5729 conﬁciantur
3656 5671 3866 5744 (Athen.
3894 5713 3913 5739 ,

2317 5770 2404 5825 lib.
2438 5784 2508 5823 vn
2538 5766 2852 5836 DeinosOph.
2874 5810 2887 5828 .
2918 5784 3037 5839 pag.
3069 5767 3205 5831 513;
3241 5765 3384 5821 Plin.
3405 5809 3420 5832 ,
3447 5766 3535 5821 lib.
3566 5780 3717 5830 XXVI,
3765 5762 3907 5817 Hist.

2325 5873 2539 5929 natur.,
2592 5877 2708 5933 cap.
2761 5874 2839 5929 tv,
2869 5876 2989 5932 pag.
3051 5859 3199 5928 MS;
3256 5859 3346 5916 lib.
3407 5872 3588 5929 xxvn,
3627 5872 3744 5927 cap.
3786 5854 3915 5927 ιθι,
