4166 6256
299 363 406 430 δπ.

1465 379 1534 435 IN
1573 357 1945 447 annuatim,
1985 358 2138 435 cur.
2177 355 2318 434 im.

3469 384 3574 443 574

295 499 419 559 pag.
447 483 575 554 542,
606 498 656 544 et
684 489 772 546 lib.
796 505 982 558 χχιιι,
1028 495 1142 566 cap.
1181 493 1215 550 8
1251 477 1305 550 et
1348 511 1488 565 δίᾳ..
1537 507 1657 564 pag.
1686 489 1792 550 858
1839 503 1884 550 et
1911 479 2177 558 AClcero
2220 497 2447 570 (Ciam,
2491 501 2581 558 lib.
2613 502 2782 587 nt‘de
2837 499 3030 586 ﬂatur.
3074 503 3216 560 deor.
3257 489 3382 589 pag,
3435 503 3571 570 248,

297 579 484 652 seqq.).
511 580 725 638 Videsis
747 583 1104 641 Bo'ndeletum
1153 586 1246 642 lib.
1290 587 1356 652 v,
1405 599 1524 657 cap.
1557 586 1644 641 15.
1695 585 1888 640 Aldro-

293 674 529 730 vandum
554 717 570 740 ,
611 689 670 734 et
720 677 853 735 alios
899 676 970 736 de
997 680 1204 738 duobus
1233 680 1336 737 illis
1354 673 1628 753 'piscibus,
1669 681 1889 753 piStrice

293 774 351 822 et
400 782 596 824 matria.

363 857 629 918 Ethnicos
659 851 836 934 igitur,
869 862 1008 921 haud
1039 865 1254 938 illepide
1278 869 1415 924 ridet
1444 859 1734 933 Arnobius,
1755 863 1884 927 dum

297 941 608 1024 Neptunum
670 959 949 1028 pistricum
1001 971 1055 1016 et
1111 977 1405 1018 mzenarum
1459 965 1765 1030 dominum,
1825 981 1887 1021 ac

294 1049 562 1104 salsorum
609 1051 916 1122 gurgitum,
957 1051 1409 1126 tremebundique
1437 1056 1536 1111 sali
1565 1065 1885 1112 motatorem

295 1153 494 1209 vocat,
567 1144 688 1216 quia
749 1147 918 1222 illum,
959 1150 1132 1202 insani
1181 1149 1258 1206 illi
1311 1149 1556 1206 homines
1611 1151 1783 1222 pelagi
1832 1138 1888 1207 et

291 1235 462 1291 maris
485 1238 669 1307 regem
710 1239 853 1294 serio
883 1221 1244 1312 appellabant.
1275 1241 1410 1298 Nam
1455 1254 1652 1316 praeter
1694 1221 1887 1300 citatos

293 1324 502 1400 Virgilii
531 1345 739 1398 versus,
783 1327 1039 1402 scriptum
1065 1349 1095 1389 a
1132 1335 1392 1392 Cicerone
1419 1337 1648 1408 legimus
1680 1357 1694 1393 :
1730 1357 1750 1391 1
1783 1339 1885 1392 Da-

289 1429 409 1477 tum
435 1433 518 1478 est
543 1421 794 1496 Neptuno
823 1427 1082 1496 alterum,
1109 1427 1294 1497 Jovis,
1329 1441 1387 1486 ut
1432 1431 1652 1500 volunt,
1694 1431 1878 1500 fratri,

289 1515 620 1570 maritimum
673 1531 834 1573 omne
875 1517 1130 1590 regnum,
1175 1535 1481 1594 nomenque
1529 1526 1879 1594 productum,

289 1616 355 1661 ut
381 1606 648 1664 Portunus
677 1625 704 1663 a
735 1621 895 1680 portu
920 1655 934 1680 ,
978 1613 1058 1668 sic
1081 1614 1358 1685 Neptunus
1381 1603 1414 1670 a
1447 1607 1626 1672 nando
1646 1659 1661 1684 ,
1693 1621 1882 1689 paulu-

291 1698 403 1754 lum
454 1701 648 1770 primis
695 1702 890 1760 litteris
943 1707 1238 1763 immutatis
1275 1727 1295 1762 1
1337 1707 1558 1778 (Cicer.,
1613 1709 1703 1766 lib.
1757 1729 1794 1768 11
1823 1713 1887 1766 de

291 1791 487 1848 Natur.
519 1793 662 1850 deor.
684 1839 699 1862 ,
745 1813 868 1869 pag.
899 1798 1042 1866 221,
1090 1799 1182 1854 lin.
1230 1800 1305 1872 1).
1339 1801 1510 1870 Quam
1545 1795 1714 1859 bellus
1753 1795 1882 1876 ergo

284 1888 382 1945 ille
407 1889 543 1945 deus
563 1931 580 1957 ,
609 1891 698 1961 qui
725 1903 874 1947 natat
901 1908 996 1964 per
1026 1892 1221 1950 fluctus
1245 1897 1436 1963 maris,
1469 1898 1754 1970 solumque
1793 1875 1878 1956 re-
1907 1875 1956 1950 Β

285 1981 368 2051 git
391 1981 536 2037 illius
565 1983 892 2052 imperium?

360 2073 499 2128 Tum
542 2074 739 2131 deinde
766 2075 1037 2134 Arnobius
1079 2077 1157 2134 Sic
1193 2081 1535 2153 prosequitur
1565 2099 1578 2136 :
1613 2101 1633 2135 1
1670 2083 1879 2140 Mercu-

291 2167 408 2222 rius
445 2167 607 2224 etiam
656 2171 811 2240 quasi
858 2172 1075 2242 quidam
1129 2169 1486 2232 medicnrrius
1531 2177 1708 2240 dictus
1757 2187 1876 2245 est,

291 2271 348 2316 et
377 2259 516 2332 quod
536 2264 680 2331 inter
709 2263 994 2336 loquentes
1034 2267 1167 2322 duos
1193 2269 1368 2324 media
1401 2280 1616 2337 currat,
1657 2281 1713 2326 et
1741 2273 1881 2327 reei-

289 2367 552 2437 procetur
573 2361 746 2415 oratio
768 2403 782 2426 ,
817 2361 1047 2416 nominis
1077 2361 1236 2434 hujus
1279 2353 1598 2422 concinnata
1627 2377 1712 2422 est
1749 2383 1882 2437 qua-

283 2450 412 2505 litas
445 2469 466 2504 1
500 2433 716 2524 (Arnob.
741 2495 756 2518 ,
786 2453 876 2509 lib.
903 2470 994 2520 111,
1046 2433 1166 2527 pag.
1219 2450 1368 2526 118).
1427 2457 1590 2514 Favet
1641 2433 1881 2515 Arnobio

281 2546 654 2614 AllgtlSlinus,
725 2547 815 2618 qui
873 2544 928 2602 id
991 2536 1148 2618 paulo
1195 2551 1514 2626 explicatius
1571 2553 1880 2610 edisserit:

295 2657 315 2690 1
370 2636 729 2711 Μετευνὶυελ
764 2659 784 2694 1
842 2643 1046 2712 inquit,
1116 2661 1136 2694 1
1190 2645 1341 2715 quasi
1393 2645 1604 2700 medius
1655 2661 1881 2703 currens

282 2732 495 2788 dicitur
540 2736 880 2805 appellatus,
932 2739 1076 2808 quod
1127 2754 1306 2794 sermo
1364 2728 1549 2795 currat
1593 2742 1734 2798 inlcl'
1779 2741 1878 2798 bo-

279 2824 463 2880 mines
513 2828 760 2895 medius;
817 2813 940 2884 ideo
982 2831 1168 2910 Ε’ρμῆς
1215 2847 1424 2901 graece,
1475 2834 1616 2903 quod
1657 2850 1877 2905 sermo,

279 2918 370 2973 vel
419 2918 794 2988 interpretatio
820 2963 834 2987 ,
885 2936 1005 2993 quae
1041 2926 1226 2994 utique
1267 2924 1334 2979 ad
1383 2939 1686 2982 sermonem
1717 2932 1882 2998 perti-

276 3011 450 3078 tinet,
500 3013 740 3088 ἑρμηνεία
788 3007 1006 3082 dicitur,
1053 3017 1176 3074 ideo
1223 3028 1279 3074 et
1335 3020 1605 3076 mercibus
1636 3039 1875 3094 praesse,

277 3104 407 3175 quia
435 3105 574 3162 inter
609 3107 910 3164 vendentes
941 3120 997 3165 et
1027 3121 1272 3168 ementes
1319 3129 1498 3169 sermo
1531 3113 1584 3170 111
1615 3115 1822 3172 medius
1853 3137 1874 3172 1

1991 590 2084 646 lin.
2139 590 2232 662 9),
2290 593 2435 663 leges
2479 603 2534 649 et
2576 579 2778 650 litteras
2827 579 3108 653 tradidisse
3161 579 3466 662 ferebatur,
3506 597 3576 654 de

1988 699 2095 754 quo
2123 699 2222 740 nos
2249 687 2412 742 ailibi.
2460 687 2695 759 Denique
2717 729 2734 756 ,
2783 707 2801 739 1
2845 689 3238 754 nundinarum,
3273 691 3531 746 mercium
3557 725 3604 758 ,κ

1987 778 2543 848 commerciorumque
2595 790 2858 845 n'ntlator;
2938 800 2958 834 1
3009 781 3130 848 quia
3195 781 3415 850 ethnici,
3473 781 3578 837 sic-

1988 869 2063 923 uti
2117 885 2183 924 ex
2228 869 2524 942 Augustino
2551 883 2603 928 et
2653 859 2860 928 Isidoro
2913 855 3068 944 paulo
3109 885 3234 930 ante
3299 873 3576 929 annotavi-

1989 976 2108 1017 mus
2129 1003 2148 1040 .I
2185 951 2564 1021 existimabant
2619 981 2738 1021 eum
2793 965 3058 1024 mercibus
3117 983 3369 1040 praeesse.
3423 965 3577 1024 Unde

1988 1055 2207 1139 Servius
2241 1075 2254 1112 :
2291 1077 2308 1111 1
2343 1057 2438 1139 Hic
2459 1061 2616 1116 etiam
2639 1102 2654 1130 ,
2692 1081 2710 1114 1
2743 1063 2948 1134 inquit,
2989 1084 3028 1139 1
3077 1064 3408 1120 mercimonii
3441 1063 3575 1119 deus

1986 1129 2126 1206 esti
2171 1152 2344 1226 (Serv.
2378 1132 2480 1208 loc.
2533 1157 2668 1227 cit.).
2733 1129 2868 1224 Quin
2911 1129 3074 1212 immo
3113 1155 3305 1213 Festus
3349 1173 3378 1212 a
3423 1148 3576 1212 nobis

1987 1244 2150 1312 paulo
2191 1255 2316 1300 ante
2358 1247 2551 1302 citatus
2573 1292 2586 1311 ,
2620 1229 2912 1305 arbitratur
2954 1239 3084 1306 inde
3115 1251 3399 1306 formatum
3431 1249 3574 1306 illius

1987 1355 2226 1426 nomen,
2284 1322 2437 1426 cujus
2475 1324 2620 1398 lianc
2666 1331 2836 1399 reddit
2900 1348 3164 1425 rationem
3199 1364 3212 1398 :
3251 1363 3270 1396 1
3305 1345 3456 1400 Hunc
3499 1355 3578 1400 et-

1984 1419 2127 1486 enim
2160 1419 2494 1516 negotiorum
2517 1437 2751 1516 omnimn
2781 1434 3154 1494 existimabant
3183 1453 3302 1492 esse
3327 1437 3505 1492 deum.
3548 1457 3568 1491 1

1984 1523 2153 1598 (Fest.
2179 1569 2194 1590 ,
2221 1505 2290 1580 ad
2317 1505 2518 1582 verbum
2544 1507 2902 1604 Mencemos.)
2923 1529 3094 1586 Porro
3123 1542 3302 1586 autem
3325 1517 3575 1600 Augusti-‘-

1987 1633 2086 1673 nus
2115 1633 2178 1698 ex
2207 1605 2492 1698 illapriori
2507 1600 2848 1698 etymologia,
2879 1635 2932 1679 et
2953 1605 3290 1679 ethnicorum
3320 1619 3572 1694 opinione

1983 1686 2227 1770 eamdem
2253 1754 2268 1781 ,
2301 1697 2460 1783 atque
2489 1700 2758 1772 Arnobius
2778 1759 2792 1782 ,
2819 1717 3216 1774 conclusionem
3245 1718 3386 1772 elicit
3417 1734 3430 1770 :
3470 1735 3488 1768 1
3517 1717 3573 1772 Si

1984 1787 2114 1874 ergo
2161 1801 2453 1862 Mercurius
2501 1807 2648 1880 ipse,
2691 1829 2710 1862 1
2745 1789 2951 1881 inquit,
3004 1829 3022 1862 1
3060 1793 3240 1864 sermo
3281 1821 3363 1866 est
3411 1809 3570 1864 etiam

1984 1888 2113 1970 ipsis
2146 1902 2524 1960 confitentibus
2546 1948 2560 1971 ,
2591 1883 2722 1969 deus
2768 1921 2872 1960 non
2915 1889 2998 1961 est
3042 1925 3061 1958 1
3097 1888 3338 1978 (August.
3361 1944 3375 1970 ,
3423 1903 3512 1958 lib.
3541 1919 3573 1958 v

1983 1996 2046 2050 de
2067 1995 2218 2052 Civil.
2250 2015 2366 2070 cap.
2399 2000 2498 2064 12,
2535 1981 2651 2082 pag.
2685 2000 2831 2080 175).
2861 2073 2868 2080 _
2897 2073 2922 2082 Η
3298 2067 3305 2076 .

2055 2091 2226 2147 Simili
2257 2092 2414 2163 plane
2443 2076 2766 2174 argumento
2793 2076 2982 2150 auctor
3025 2102 3212 2176 noster
3254 2095 3470 2168 Cereris
3493 2091 3574 2150 di-

1981 2183 2252 2242 vinitatem
2280 2186 2358 2241 sic
2401 2189 2636 2243 evertit:
2671 2208 2689 2240 1
2719 2185 2945 2268 ςΓενηιιι]
2991 2181 3205 2268 quidam
3253 2203 3286 2244 e
3324 2187 3506 2258 vobis,
3548 2208 3568 2242 1

1983 2275 2053 2364 ita
2087 2273 2175 2332 ille
2205 2277 2462 2355 loquitur,
2523 2299 2544 2357 1
2595 2263 2736 2350 quod
2787 2263 3283 2364 cnne'tis'sufliciat
3323 2281 3573 2334 animau-

1981 2353 2126 2422 libus
2159 2353 2356 2424 victum
2380 2413 2393 2435 ,
2422 2353 2643 2426 Matrem
2675 2387 2798 2427 esse
2827 2353 3080 2428 dixerunt
3113 2387 3382 2448 magnam;
3427 2387 3574 2427 eam-

1982 2461 2106 2516 dem
2143 2461 2286 2546 bane
2333 2465 2533 2532 aliquot
2553 2508 2576 2546 ,Ι
2619 2467 2762 2537 quod
2794 2448 3105 2546 salutarium
3150 2469 3414 2522 seminum
3454 2465 3572 2521 fru-

1982 2572 2102 2627 gem
2133 2539 2318 2640 gerat,
2349 2559 2603 2633 Cererem
2630 2542 3163 2640 esseIpronuntiant;
3193 2559 3433 2616 neunulli
3473 2577 3572 2616 an-

1984 2657 2091 2704 tem
2123 2629 2339 2705 Vestain
2363 2693 2376 2716 ,
2407 2653 2548 2722 quod
2585 2635 2873 2726 inmundo
2903 2664 3008 2710 stet
3046 2635 3182 2724 sola,
3213 2655 3424 2711 caeteris
3454 2653 3572 2726 ejus

1983 2725 2228 2810 partibus
2253 2731 2552 2799 mobilitate
2577 2745 2627 2800 in
2655 2725 2912 2816 perpetua
2937 2746 3263 2801 constitutis.
3288 2766 3307 2800 1
3327 2725 3568 2820 (Arnob,

1983 2833 2071 2889 lib.
2101 2852 2190 2898 tn,
2239 2854 2358 2909 pag.
2401 2834 2548 2912 “9.)
2598 2839 2822 2896 Terram
2864 2857 2992 2926 vero
3022 2857 3144 2919 esse
3183 2840 3434 2920 Cererem
3452 2885 3478 2938 ,1
3518 2853 3573 2898 et

1979 2927 2144 2998 paulo
2161 2929 2308 3012 infra
2335 2931 2736 3018 ~observandum
2761 2977 2776 3000 ,
2821 2945 2873 3020 et
2912 2935 2995 2990 his
3024 2953 3165 3018 nunc
3207 2937 3423 3008 probari
3469 2927 3568 3024 'poT

1985 3005 2378 3080 testCiceronis
2396 3005 2592 3093 verbis,
2616 3028 2810 3098 quibus
2831 3005 2986 3084 allata
3010 3011 3076 3084 ab
3096 3017 3334 3085 Arnobio
3355 3012 3569 3109 cereris

1983 3104 2302 3188 etymologia
2333 3105 2684 3210 conﬁrmatur
2713 3139 2726 3202 ς
2763 3140 2781 3173 1
2819 3121 2988 3178 Mater
3021 3133 3196 3210 autem
3227 3133 3330 3210 est,
3358 3116 3376 3175 1
3401 3104 3572 3197 inquit

281 3197 552 3269 (Angust.,
587 3199 676 3256 lib.
704 3217 778 3256 vn
815 3205 880 3258 de
914 3201 1086 3271 Civit.,
1143 3195 1258 3276 cui).
1279 3199 1378 3294 111,
1415 3225 1535 3280 pag.
1569 3207 1714 3282 175).
1747 3209 1878 3278 Qua:
1907 3276 1949 3298 Π
1981 3212 2090 3274 ille,
2126 3231 2147 3298 _¢
2180 3229 2208 3267 a
2257 3200 2507 3298 gerendis
2548 3195 2798 3298 frugibus.
2821 3219 3015 3291 ceres,
3061 3195 3354 3298 tonitrua-riu
3377 3195 3567 3286 geres.

1415 3276 1422 3279 _
1485 3276 1501 3280 -
1673 3276 1682 3282 ,
1771 3276 1786 3278 _
2257 3276 2285 3285 ν
2639 3276 2706 3293 υ,
2793 3291 2798 3298 ι
2867 3281 2876 3291 ,
3006 3276 3015 3282 ,
3190 3276 3202 3289 ,
3344 3276 3406 3298 μ,
3556 3276 3565 3282 .

278 3290 500 3360 quidem
551 3293 833 3363 Augustini
883 3295 1066 3360 verba,
1122 3294 1188 3352 ad
1239 3287 1608 3371 eitplteandam
1655 3293 1878 3371 hujusce
1905 3276 1950 3340 Ο
1983 3293 2216 3374 easuque
2249 3295 2416 3383 prima
2451 3291 2624 3362 littera
2655 3309 2839 3363 itidem
2867 3307 3166 3375 immutata,
3208 3321 3318 3396 uta
3343 3301 3565 3365 Graecis.

273 3387 522 3442 nominis
571 3389 953 3460 etymologiam
1001 3377 1236 3448 lsidorus
1278 3404 1465 3465 postea
1517 3399 1872 3466 transcripsit.

277 3479 480 3534 Festus
520 3494 651 3536 vero
675 3497 703 3535 a
737 3479 1006 3538 mercibus
1055 3482 1158 3540 hoc
1204 3476 1400 3542 nomen
1433 3487 1508 3542 illi
1565 3481 1874 3561 impositum

276 3575 554 3642 Opinatur.
614 3571 786 3631 Aliter
836 3587 1012 3633 tamen
1068 3577 1286 3638 Servius
1334 3600 1347 3636 :
1407 3603 1426 3637 1
1490 3583 1627 3652 Alii,
1685 3605 1706 3638 1
1759 3588 1871 3653 ait,

287 3682 310 3714 ι
349 3661 665 3721 Mercurium
695 3667 847 3740 quasi
896 3669 1278 3728 medicnrrium
1306 3717 1320 3742 ,
1347 3667 1380 3729 'a
1427 3677 1631 3732 Latinis
1673 3679 1874 3735 dictum

284 3755 505 3821 volunt,
535 3761 677 3828 quod
717 3759 858 3818 inter
897 3765 1092 3820 ccelnm
1125 3777 1178 3820 et
1210 3768 1408 3825 inferos
1438 3786 1654 3842 semper
1693 3773 1873 3827 incur-

283 3855 377 3901 rat
410 3866 430 3899 1
464 3847 676 3922 (Isidor.
697 3895 711 3919 ,
745 3855 831 3908 lib.
865 3871 954 3910 vnt
1008 3859 1151 3928 Orig.
1181 3877 1296 3931 cap.
1331 3862 1418 3928 li;
1451 3861 1594 3920 Fest.
1635 3867 1702 3918 ad
1733 3865 1870 3922 verb.

275 3939 612 4010 MERCURIUS;
643 3945 788 4000 Serv.
811 3949 861 4001 in
885 3950 972 4003 lib.
997 3967 1086 4006 vnt
1108 3951 1324 4010 neid.
1347 3949 1458 4009 vers
1484 3946 1584 4012 158
1609 3968 1654 4010 et
1680 3957 1869 4030 seqq.).

274 4031 366 4089 Ab
405 4034 500 4089 illo
543 4047 722 4094 autem
761 4039 862 4096 iSIa
915 4044 1198 4101 observata
1232 4057 1386 4112 sunt,
1419 4051 1471 4104 in
1515 4035 1614 4106 hos
1661 4043 1872 4124 Virgilii

273 4141 502 4196 versus,
535 4132 730 4202 quibus
776 4151 874 4202 ea,
926 4154 1046 4210 qure
1084 4152 1273 4198 auctor
1314 4153 1499 4201 noster
1543 4146 1861 4220 subjungit,

270 4222 633 4292 explicantur.
675 4227 832 4284 Canit
876 4233 1074 4304 quippe
1106 4234 1260 4308 'poetu
1293 4256 1307 4292 :

365 4313 522 4393 Vobis
545 4318 816 4393 mercurius
835 4333 974 4388 pater
999 4333 1093 4386 est,
1116 4343 1264 4393 quem
1287 4332 1487 4384 candida
1510 4333 1636 4386 Maia

367 4376 587 4444 Cyllene,
612 4382 780 4446 gelido
803 4376 1096 4452 conceptum
1123 4376 1474 4446 iéiii'cé‘r'naiii

345 4519 370 4535 __
433 4521 440 4535 ε
679 4453 908 4524 (Virgil.,
936 4457 1018 4510 lib.
1044 4476 1124 4514 vm
1149 4465 1520 4530 xEneid.,,,vers.
1547 4469 1681 4535 158.)

343 4533 482 4603 Quid
501 4546 678 4593 autem
703 4582 720 4606 ,
742 4543 816 4594 uti
833 4543 950 4598 loco
968 4546 1133 4600 citato
1155 4549 1337 4603 subdit
1352 4549 1642 4618 Arnobius,
1659 4533 1732 4610 ex
1764 4555 1866 4614 hac

1978 3397 2110 3452 Nam
2143 3399 2208 3454 ab
2237 3401 2308 3484 illi
2338 3417 2549 3474 quoque
2575 3409 2811 3484 Δημήτηρ
2832 3446 2845 3467 ,
2878 3403 3029 3467 quasi
3064 3409 3296 3482 γημήτηρ
3329 3403 3568 3458 nomina-

1979 3499 2030 3571 ta
2053 3477 2135 3544 est
2157 3509 2178 3544 1
2221 3477 2404 3560 (Cicer.
2431 3535 2442 3556 ,
2469 3495 2530 3547 de
2560 3493 2686 3549 Nat.
2715 3477 2879 3566 deon,
2899 3495 2986 3571 lib.
3014 3477 3210 3571 tt.pag.
3232 3477 3393 3563 2111-
3415 3495 3568 3552 Atde

1980 3565 2154 3636 Vestae
2187 3579 2402 3638 nomine
2430 3585 2625 3640 ibidem
2657 3581 2828 3662 paulo.
2847 3567 2964 3656 post
2987 3585 3100 3663 inec
3118 3586 3312 3642 habet:
3342 3605 3360 3638 1
3391 3585 3568 3640 Vestae

1977 3690 2172 3730 nomen
2199 3691 2228 3728 a
2259 3675 2494 3744 Graecis;
2531 3661 2591 3732 ea
2622 3690 2702 3759 est
2730 3681 2874 3741 enim
2901 3721 2914 3741 ,
2968 3695 3087 3759 quze
3135 3681 3204 3734 ab
3253 3678 3356 3733 illis
3387 3677 3566 3734 Ἐστία

1977 3767 2171 3824 dicitur
2219 3789 2238 3822 1
2270 3770 2431 3844 (Ibid.
2456 3814 2470 3835 ,
2520 3754 2610 3826 1111.
2648 3754 2758 3844 15).
2794 3757 2883 3829 Sic
2915 3755 3090 3828 autem
3129 3789 3304 3844 graece
3349 3791 3376 3825 a
3418 3783 3566 3828 vete-

1975 3861 2122 3915 ribus
2154 3843 2356 3940 ‘vocat'a
2403 3873 2518 3929 est,
2565 3865 2637 3919 ait
2671 3843 2974 3920 l’uarnuttts
3023 3864 3302 3940 (Phor-aut.
3329 3907 3344 3932 ,
3389 3863 3559 3919 Cet-er.

1973 3964 2021 4007 et
2052 3928 2217 4026 Veii.)
2239 3997 2254 4022 ,
2280 3957 2382 4012 ἀπὸ
2410 3963 2503 4012 τοῦ
2533 3957 2740 4012 ἑστάναι
2762 3999 2776 4022 ,
2806 3957 2949 4028 quod
2977 3969 3058 4037 est
3084 3965 3229 4012 stare
3258 3972 3320 4011 ac
3347 3955 3563 4037 Sistcrei

1973 4045 2092 4120 qttia
2125 4037 2231 4104 stat
2259 4033 2355 4120 per
2384 4068 2474 4106 res
2501 4037 2796 4107 universas.
2824 4049 2891 4106 Et
2919 4051 2970 4106 id
2997 4033 3212 4123 quidem
3233 4047 3455 4106 Ovidius
3481 4033 3564 4104 his

1973 4144 2218 4199 versibus
2245 4131 2568 4214 signiﬁcavit
2595 4163 2609 4200 :

2066 4255 2174 4322 Sta_t
2196 4259 2245 4308 vi
2268 4263 2402 4306 terra
2424 4271 2538 4322 sua,
2562 4259 2609 4308 vi
2633 4258 2804 4308 stando
2827 4258 2978 4310 Vesta
3004 4265 3219 4322 vocatur,

2126 4319 2377 4384 Causaque
2401 4335 2490 4384 per
2512 4321 2648 4372 Graii
2673 4323 2878 4371 nominis
2900 4329 3010 4372 esse
3037 4319 3214 4385 potest.

2549 4392 2732 4452 (0vid.,
2760 4389 2843 4442 lib.
2870 4408 2918 4442 v1
2941 4395 3153 4454 Fastor.,
3181 4406 3304 4446 vers.
3330 4395 3465 4461 551.)

1971 4467 2048 4528 ibi
2075 4464 2252 4530 autem
2282 4464 2369 4530 ille
2403 4492 2507 4530 non
2536 4477 2710 4557 solum
2745 4476 2923 4556 Vestae
2952 4479 3332 4563 etymologiam
3362 4479 3560 4534 confir-

1970 4577 2113 4633 mat,
2157 4567 2252 4623 sed
2280 4584 2398 4623 eam
2434 4585 2646 4640 quoque
2675 4571 2920 4626 eamdem
2963 4587 3082 4626 esse
3107 4587 3170 4626 ac
3219 4585 3414 4628 terram
3463 4588 3560 4628 seu

259 4627 582 4734 opinionum
630 4635 925 4704 varietate.
971 4651 1026 4694 οι
1071 4639 1402 4702 dissentioue
1427 4648 1570 4704 aliud
1598 4652 1860 4722 sequitur,
1888 4655 1941 4720 ι)
1970 4659 2236 4715 tellurem.
2257 4661 2411 4730 Quod
2441 4653 2662 4734 quidem
2683 4665 2830 4734 prius
2855 4665 2938 4720 his
2959 4665 3286 4721 carminibus
3312 4667 3556 4721 dixerat:

259 4721 371 4776 nisi
402 4715 545 4792 quod
565 4725 798 4781 aboletur
839 4739 886 4784 et
910 4734 1223 4804 extinguitur
1266 4737 1526 4794 caducitor
1571 4742 1658 4796 ille
1677 4715 1858 4814 Cylle;

257 4815 382 4872 nius
410 4817 463 4870 in
502 4819 676 4891 algida
703 4824 851 4892 [usus
878 4835 1072 4892 monte,
1119 4831 1566 4898 quemadmodum
1618 4845 1762 4906 patet
1789 4852 1857 4893 ex

253 4925 391 4964 mox
421 4912 597 4968 citatis
627 4913 834 4986 Virgilii
861 4919 1191 4976 carminibus
1214 4964 1230 4989 ,
1283 4924 1350 4979 ad
1380 4941 1516 4994 quos
1543 4927 1692 4998 illum
1739 4931 1856 4986 col-

251 5001 498 5060 lineasse
534 5005 674 5060 haud
705 5003 978 5064 immerito
1005 5011 1108 5066 dici
1138 5018 1348 5084 potest?
1390 5016 1666 5074 Caducitor
1700 5039 1850 5092 vero,

247 5095 350 5149 vel
401 5097 578 5165 potius
647 5099 973 5157 caduceator
1038 5103 1349 5179 dicebatur,
1421 5111 1574 5184 quia,
1626 5123 1686 5169 ut
1737 5119 1854 5172 ani—

249 5183 547 5246 madvertit
596 5191 846 5260 Servius,
913 5198 1110 5268 aliique
1156 5200 1294 5258 bene
1340 5205 1488 5260 multi
1549 5224 1562 5260 :
1620 5226 1639 5261 1
1675 5209 1853 5266 Cadu-

247 5298 419 5339 ceum
471 5285 595 5340 illia
622 5287 724 5342 deo
749 5289 1074 5359 assignatur,
1099 5293 1239 5358 quod
1274 5279 1377 5351 fide
1417 5298 1622 5367 media,
1667 5300 1853 5358 hostes

247 5377 313 5431 in
356 5377 644 5433 amicitiam
674 5381 978 5452 conducat,
1011 5399 1132 5456 qua:
1164 5387 1313 5459 virga
1342 5388 1462 5444 ideo
1510 5394 1852 5462 serpentibus

247 5467 461 5539 illigata
512 5480 626 5539 est,
681 5481 737 5527 ut
789 5473 928 5530 sicut
972 5477 1044 5530 illi
1106 5477 1260 5534 obliti
1306 5483 1496 5536 veneni
1545 5485 1626 5539 sui
1685 5489 1736 5540 in
1788 5500 1850 5542 se

242 5574 493 5632 coeunt,
537 5566 605 5620 ita
637 5567 840 5636 hostes,
883 5573 1202 5642 contemptis
1229 5584 1283 5630 et
1327 5575 1586 5645 depositis
1614 5579 1846 5636 inimici-
1933 5617 1937 5624 -

247 5657 368 5724 tiis,
399 5659 466 5712 ad
483 5660 780 5743 amicitiam
824 5674 1164 5719 revertantur
1199 5686 1219 5720 1
1257 5668 1432 5738 (Serv.
1485 5671 1585 5728 loc.
1617 5675 1754 5743 cit.).

243 5733 494 5834 :‘Addii
539 5764 724 5808 auctor
763 5765 949 5812 noster
981 5775 995 5812 :
1035 5776 1054 5810 1
1091 5757 1386 5816 Verborum
1436 5767 1767 5837 eergitator
1792 5777 1846 5825 et

243 5823 540 5901 11011111111111
595 5863 616 5898 1
673 5846 818 5905 idem
871 5847 1184 5912 Mercurius.
1235 5853 1369 5914 Nam
1413 5855 1551 5916 sicut
1593 5858 1846 5920 observat

2051 4774 2204 4847 Vesta
2228 4777 2400 4847 eadem
2426 4783 2522 4847 est,
2539 4791 2650 4841 quae
2675 4784 2826 4847 terra.
2851 4779 3023 4829 subest
3041 4779 3161 4837 vigil
3186 4783 3318 4844 ignis
3334 4783 3556 4847 utrique,

2116 4839 2400 4902 Significant
2420 4839 2592 4890 sedem
2617 4853 2747 4891 terra
2769 4839 3003 4900 focusque
3029 4855 3184 4893 suam.

1961 4922 2028 4978 Et
2051 4922 2189 4979 infra
2225 4943 2240 4980 :

2442 4995 2505 5047 Et
2527 4994 2676 5047 tellus
2692 4996 2944 5061 Vestaque
2968 5012 3149 5048 numen
3172 5002 3303 5052 idem
3331 5011 3424 5053 est.

2970 5081 3152 5144 (Ibid.,
3176 5097 3300 5136 vers.
3323 5085 3456 5150 271.)

1962 5161 2154 5220 Ovidio
2205 5173 2383 5220 autem
2427 5163 2848 5233 adstipulatores
2903 5167 3167 5222 accedunt
3207 5167 3429 5225 Servius
3499 5181 3554 5226 et

1960 5259 2326 5329 Augustinus,
2375 5273 2511 5328 quos
2551 5257 2702 5312 adire
2739 5257 2891 5314 facile
2932 5261 3166 5330 poteris,
3201 5273 3360 5332 atque
3385 5266 3547 5320 etiam

1959 5349 2264 5416 Giraldum,
2297 5347 2540 5420 Lipsium
2561 5391 2577 5417 ,
2625 5365 2688 5404 ac
2729 5350 2976 5407 Vossium
3029 5351 3202 5428 (Serv.
3230 5398 3244 5423 ,
3290 5357 3342 5409 in
3374 5357 3462 5412 lib.
3496 5375 3550 5414 tv

1959 5441 2211 5508 ιΕηεὶᾱη
2251 5443 2393 5507 297;
2441 5442 2690 5514 August,
2721 5443 2812 5498 lib.
2865 5461 2940 5500 vn
2984 5445 3046 5500 de
3093 5445 3268 5514 Civit.,
3311 5465 3410 5522 cap
3456 5452 3544 5520 16,

1956 5539 2078 5606 pag'.
2105 5535 2242 5601 174;
2275 5533 2479 5590 Girald.
2503 5579 2518 5601 ,
2549 5536 2821 5618 Sgntagm.
2853 5539 2922 5602 6;
2951 5537 3097 5611 Lips.
3123 5584 3138 5608 ,
3171 5541 3238 5596 lib
3269 5546 3332 5598 de
3371 5544 3506 5604 Vest,
3529 5591 3546 5618 ,

1952 5641 2068 5693 cup.
2103 5630 2154 5693 i;
2188 5625 2331 5683 Voss.
2367 5627 2455 5683 lib.
2483 5645 2519 5684 11
2553 5611 2739 5700 Progr.
2771 5629 2897 5685 ἰάσι.
2919 5672 2932 5690 ,
2963 5649 3080 5704 cap.
3103 5633 3230 5713 5e),
3257 5637 3366 5707 qui,
3404 5611 3550 5710 prie;

1953 5728 2035 5774 ter
2061 5719 2163 5774 alia
2195 5720 2347 5787 plura
2370 5764 2384 5787 ,
2419 5722 2518 5774 bos
2544 5721 2708 5774 citant
2755 5719 3030 5791 Euripidis
3063 5741 3301 5786 versus:

2169 5823 2244 5864 Καὶ
2264 5827 2357 5862 Γαῖα
2377 5827 2502 5878 using,
2525 5815 2658 5865 ἑστὶαν
2679 5819 2722 5863 δί
2745 5826 2782 5862 θ’
2805 5827 2840 5865 ol
2861 5831 2968 5880 σοφοὶ

2169 5886 2302 5939 Daorsi
2321 5889 2493 5931 MIon
2511 5889 2640 5942 ἠᾳὰγην
2664 5890 2699 5929 ιν
2723 5888 2857 5943 amet.
