4166 6256
590 345 694 403 575

772 467 836 519 Et
857 472 990 517 terra
1013 468 1189 526 mater,
1216 461 1469 525 Vestaque
1484 457 1809 526 sapientibus,

776 530 997 585 Vocaris,
1025 528 1131 592 ipso
1153 524 1412 577 considens
1435 526 1484 575 in
1509 524 1721 574 aethere.

591 635 754 707 Atqui
800 635 993 691 horum
1016 636 1333 706 scriptorum
1357 645 1515 703 atque
1537 630 1697 687 etiam
1728 627 1957 685 Lucretii
1978 669 1993 688 ,
2025 641 2186 697 quem

590 728 743 785 adire
794 729 995 799 poteris
1027 727 1283 799 (Lucret.,
1336 726 1424 781 lib.
1463 742 1529 790 ιι,
1585 741 1715 779 vers.
1747 723 1852 779 597
1906 732 1953 776 et
2006 737 2181 792 seqq,

595 838 729 877 vers.
762 821 870 879 995
919 832 966 877 et
1006 818 1174 893 seqq.)
1198 861 1213 888 ,
1253 820 1542 875 auloritate
1586 830 1639 873 et
1685 814 1991 872 testimonio
2023 814 2189 883 liquet

591 916 776 989 utique
802 915 938 972 illud
962 915 1301 972 verissimum
1329 929 1449 969 esse
1472 955 1487 977 ,
1511 911 1654 983 quod
1679 911 1745 966 ab
1775 908 2013 966 Arnobio
2038 922 2188 963 assu-

591 1012 798 1078 mitur,
853 1011 990 1066 trina
1039 1010 1154 1064 haec
1196 1008 1414 1063 numina
1455 1005 1601 1061 nulla
1653 1019 1807 1069 esse,
1856 1000 2186 1072 quandoqui-

591 1103 715 1160 dem
762 1104 829 1159 iis
884 1112 1055 1167 terra,
1116 1118 1235 1173 qua:
1284 1100 1480 1157 divina:
1536 1096 1925 1170 proculdubio,
1980 1105 2187 1150 naturas

594 1212 701 1254 non
734 1207 857 1263 est,
890 1197 1004 1251 sola
1030 1195 1379 1268 significatur.

664 1287 1028 1357 Quamobrem
1092 1286 1363 1342 Arnobius
1434 1294 1617 1341 noster
1658 1284 1780 1354 jure
1828 1282 2021 1339 merito
2072 1281 2189 1336 haec

498 1384 509 1399 ‘
592 1382 936 1435 continenter
973 1378 1168 1449 adjecit
1200 1396 1214 1432 :
1253 1397 1272 1429 (
1305 1377 1421 1434 Non
1444 1378 1557 1448 ipsa
1588 1377 1758 1433 Mater
1784 1374 1946 1431 deum
1971 1416 1987 1439 ,
2029 1389 2188 1446 quam

591 1471 832 1543 Nigidius
876 1481 1120 1528 autumat
1169 1472 1570 1527 matrimonium
1634 1472 1869 1527 tenuisse
1928 1469 2187 1536 Saturni,

593 1566 694 1623 dea
714 1575 859 1623 recte
898 1568 1099 1639 poterit
1140 1567 1473 1637 nuncupari;
1520 1565 1784 1637 siquidem
1829 1564 1986 1620 unius
2030 1573 2189 1619 terra:

593 1658 712 1715 haec
738 1670 864 1714 sunt
894 1659 1072 1715 omnia
1103 1660 1320 1715 nomina
1379 1678 1399 1712 ι
1429 1658 1644 1731 (Arnob.
1668 1699 1684 1723 ,
1707 1658 1800 1715 lib.
1833 1673 1921 1723 ιιι,
1954 1675 2006 1726 p.
2037 1654 2186 1728 119).

592 1751 783 1808 Nonne
803 1762 980 1806 autem
1029 1752 1170 1807 idem
1208 1753 1368 1807 etiam
1400 1750 1691 1807 aVarrone
1720 1751 1870 1807 hisce
1901 1750 2079 1806 verbis
2102 1764 2193 1805 as-

1798 334 2248 394 DlSSERTATlO
2276 333 2559 391 PREVIA

2212 458 2261 519 Λ
2286 469 2317 508 e
2340 452 2567 507 nubibus
2616 451 2872 507 nascitur.
2901 448 3056 507 Unde
3082 447 3244 504 etiam
3274 446 3540 503 Homerus
3584 441 3715 499 dicit
3760 455 3888 496 eum

3775 322 3887 380 576

2288 544 2357 601 de
2384 558 2510 601 aere
2541 545 2929 615 praecipitatum
2961 543 3016 599 in
3046 551 3255 610 terras,
3281 539 3424 611 quod
3469 550 3632 594 omne
3681 533 3891 590 fulmen

2288 637 2358 693 de
2387 653 2514 693 aere
2569 636 2713 693 cadit
2750 657 2770 689 ι
2803 636 3013 706 (Serm,
3065 637 3119 689 in
3187 633 3275 689 lib.
3321 648 3412 687 vm
3469 628 3712 695 Αἳιιεὶάη
3769 644 3894 698 pag.

2287 730 2434 801 5l2).
2464 729 2614 785 Hunc
2640 745 2780 801 pone
2804 729 3048 801 sequitur
3072 727 3307 783 Isidorus
3326 767 3341 792 ,
3374 724 3463 795 qui
3490 722 3678 779 eadem
3712 721 3897 792 priora

2290 837 2426 895 pene
2467 822 2643 878 omnia
2695 822 2840 876 illius
2886 820 3048 876 verba
3104 818 3315 889 repetit.
3365 814 3504 884 Quid
3536 828 3696 880 vero,
3743 810 3894 883 quod

2289 916 2428 971 idem
2457 916 2674 973 Servius
2712 925 2870 971 antea
2898 916 3105 971 dixerat
3134 931 3149 969 :
3194 933 3215 965 ι
3248 912 3569 982 Plerumque
3595 908 3899 964 Vulcanum

2292 1009 2541 1080 ponimus
2573 1024 2667 1079 pro
2699 1009 2862 1080 igne?
2900 1028 2919 1061 ι
2959 1008 3284 1079 Augustinus
3330 1020 3458 1059 vero
3490 1023 3503 1058 :
3541 1021 3560 1054 ι
3596 1000 3898 1057 Vulcanum

2288 1102 2475 1156 volunt
2527 1103 2701 1173 ignem
2750 1102 2933 1156 mundi
2972 1121 2991 1155 ι
3067 1099 3327 1174 (Isidem,
3386 1097 3470 1152 lib.
3515 1110 3610 1150 vtlt
3663 1092 3898 1164 0rigin.,

2289 1210 2404 1266 cap.
2430 1195 2515 1261 11,
2541 1210 2556 1259 ;
2608 1193 2782 1262 Serv.,
2811 1194 2864 1248 in
2893 1192 2983 1247 lib.
3014 1209 3032 1248 1
3061 1190 3304 1254 ίΕιιθίά..
3329 1206 3451 1261 pag.
3483 1187 3619 1254 180;
3651 1185 3895 1257 August,

2290 1288 2377 1345 lib.
2411 1304 2485 1343 vn
2512 1288 2575 1342 de
2598 1287 2772 1351 Civit.,
2801 1285 3156 1357 rap.16,pag.
3190 1280 3342 1353 164).

2363 1382 2545 1455 Neque
2573 1384 2623 1438 id
2655 1383 2880 1453 probatu
2906 1381 3208 1448 difficilius,
3239 1377 3383 1451 quod
3404 1375 3680 1448 subjuugit
3717 1383 3906 1430 auctor

2291 1484 2497 1543 noster,
2529 1475 2791 1531 Venerem
2812 1516 2829 1539 ,
2862 1494 2881 1528 ι
2914 1474 3054 1545 quod
3084 1474 3149 1528 ad
3195 1480 3417 1528 cunctos
3447 1469 3661 1536 veniat,
3701 1487 3721 1520 ι
3761 1483 3897 1521 ιιιιιι-

2293 1578 2543 1640 cupatam
2590 1569 2852 1643 (Arnob.,
2893 1568 2981 1623 lib.
3012 1583 3105 1633 ιιι,
3158 1583 3279 1638 pag.
3312 1563 3461 1636 219).
3512 1563 3591 1619 Ex
3636 1560 3903 1618 Cicerone

2292 1661 2555 1732 siquidem
2584 1662 2712 1717 illud
2742 1661 3086 1731 desumptum
3116 1659 3362 1725 videtur,
3404 1656 3495 1728 qui
3521 1656 3719 1711 diserte
3765 1669 3901 1724 pro-

2301 1755 2512 1809 nuntiat
2543 1774 2557 1809 :
2595 1774 2614 1807 ι
2651 1754 2783 1822 Qua:
2814 1764 2990 1810 autem
3019 1754 3084 1806 ad
3114 1766 3202 1807 res
3227 1765 3415 1805 omnes
3442 1748 3678 1814 veniret,
3720 1744 3908 1801 Vene-

593 1846 795 1903 seritur
821 1864 835 1899 :
872 1864 893 1898 ι
929 1846 1095 1901 Terra
1126 1845 1259 1917 Ops,
1309 1845 1452 1916 quod
1485 1845 1575 1900 hic
1604 1860 1764 1900 omne
1791 1858 1947 1915 opus,
1992 1852 2047 1898 et
2091 1841 2193 1898 hac
2223 1850 2270 1911 Β
2299 1863 2411 1903 rem
2436 1849 2603 1902 nostri
2637 1848 3048 1904 nominaverunt
3068 1889 3083 1913 ,
3111 1856 3272 1916 atque
3298 1859 3467 1900 exea
3494 1844 3669 1914 potius
3708 1857 3910 1896 venus-

594 1954 732 2008 0pus
758 1941 824 1993 ad
856 1938 1177 2005 vivendum;
1225 1948 1281 1994 et
1307 1938 1428 1995 ideo
1457 1938 1653 1994 dicitur
1679 1938 1789 2010 Ops
1812 1948 1983 1993 mater
2003 1979 2019 2004 ,
2051 1935 2196 2008 quod

595 2044 741 2092 terra
767 2034 987 2091 nutriat.
1021 2034 1147 2089 Haec
1174 2034 1317 2090 enim
1346 2033 1504 2090 terris
1532 2043 1719 2105 gentes
1750 2047 1940 2088 names
1969 2032 2194 2103 peperit,

596 2139 652 2185 et
679 2129 906 2185 resumit
934 2127 1146 2195 denuo,
1178 2143 1300 2199 qua:
1328 2127 1421 2182 dat
1463 2127 1703 2194 cibaria,
1737 2135 1793 2180 ut
1835 2127 1911 2180 ait
1955 2124 2194 2190 Ennius,

596 2237 716 2291 quae
747 2219 889 2292 quod
911 2220 1049 2292 gerit
1071 2217 1271 2291 fruges,
1297 2216 1464 2275 Ceres
1490 2238 1508 2271 ι
1528 2217 1739 2291 (Varr.,
1770 2216 1859 2272 lib.
1891 2216 2024 2272 tvde
2040 2214 2193 2287 Ling.

597 2314 724 2381 (aL,
771 2330 895 2384 pag.
943 2310 1057 2385 16).
1109 2312 1241 2381 Quis
1287 2320 1468 2367 autem
1516 2311 1721 2378 nescit,
1756 2309 1899 2380 quod
1952 2309 2114 2364 etiam
2167 2325 2200 2364 a

598 2405 757 2461 nobis
804 2419 968 2476 supra
1016 2413 1257 2460 notatum
1306 2413 1391 2459 est
1435 2402 1646 2476 (Supr.,
1685 2418 1803 2470 cap.
1866 2400 1931 2467 9,
1966 2410 2066 2455 art.
2100 2400 2196 2471 5),

596 2496 769 2569 Opem
799 2498 867 2553 ab
911 2497 1143 2552 ethnicis
1180 2496 1378 2552 dictam
1406 2495 1627 2552 Saturni
1657 2496 1920 2554 uxorem?

671 2593 743 2648 At
767 2607 985 2663 quoquo
1013 2592 1234 2647 nomine
1277 2602 1541 2659 vocetur,
1572 2591 1615 2644 si
1647 2601 1789 2646 terra
1817 2598 1929 2655 est,
1961 2604 2061 2645 nec
2102 2589 2200 2645 dea

605 2696 725 2754 est,
775 2702 843 2742 ne
892 2701 1016 2742 esse
1062 2695 1260 2757 potest.
1305 2684 1474 2740 Recte
1511 2700 1640 2756 ergo
1679 2685 2012 2756 Augustinus
2059 2693 2204 2755 post—

604 2795 767 2853 quam
821 2779 943 2835 aliis
994 2778 1237 2850 ejusdem
1282 2778 1543 2834 Varronis
1591 2779 1775 2834 verbis
1836 2778 2205 2847 comprobavit

605 2875 851 2931 eamdem
883 2889 1005 2929 esse
1030 2874 1278 2929 tellurem
1300 2913 1317 2941 ,
1346 2871 1568 2928 Matrem
1599 2879 1845 2942 magnam
1865 2914 1881 2939 ,
1904 2882 1960 2927 et
1996 2871 2164 2942 Opem
2184 2912 2201 2938 ,

613 2982 739 3023 cum
769 2965 1010 3022 Aruobio
1039 2975 1227 3021 nostro
1273 2965 1582 3021 concludit:
1620 2984 1640 3017 ι
1675 2965 1732 3022 Si
1772 2981 1902 3036 ergo
1954 2980 2059 3020 una
2103 2964 2203 3021 dea

2297 1949 2413 2005 tas,
2441 1957 2605 2011 quam,
2646 1941 2826 1996 Venus
2854 1957 2918 1997 ex
2965 1947 3249 1997 venustate
3284 1957 3304 1991 ι
3365 1937 3593 2005 (Cicer.,
3625 1934 3718 1991 lib.
3749 1949 3789 1990 ιι
3846 1934 3912 1988 de

2301 2031 2492 2088 Natur.
2523 2034 2693 2103 deum,
2723 2052 2843 2106 pag.
2867 2032 2997 2100 224,
3024 2033 3117 2088 lin.
3153 2030 3271 2101 27).
3306 2030 3444 2085 Aliis
3486 2039 3663 2084 tamen
3694 2028 3763 2083 de
3806 2027 3910 2081 ιιιι-

2295 2126 2382 2199 jus
2420 2128 2566 2183 vocis
2610 2139 2792 2200 etymo
2850 2128 3229 2183 alitervisum.
3258 2124 3392 2181 Nam
3440 2122 3616 2179 Varro
3668 2137 3697 2177 a
3745 2120 3911 2177 verbo

2301 2222 2519 2292 antiquo
2543 2221 2673 2276 vicre
2692 2262 2707 2288 ,
2739 2236 2834 2275 seu
2862 2221 3083 2285 vincire,
3115 2217 3243 2274 illud
3274 2215 3526 2281 deducit,
3548 2213 3690 2286 quod
3720 2212 3904 2268 Venus

2306 2332 2413 2370 non
2444 2314 2659 2386 quidem
2703 2315 2919 2370 vincere
2939 2356 2954 2370 .
2983 2313 3078 2370 sed
3107 2312 3312 2368 vincire
3339 2320 3394 2367 et
3422 2296 3627 2365 vinciri“
3643 2306 3909 2381 pudendis

2301 2411 2507 2466 scilicet
2524 2410 2751 2465 vinculis
2775 2409 2889 2479 ipsa
2918 2407 3046 2463 velit
3068 2406 3280 2480 (Varr.,
3311 2406 3403 2461 lib.
3435 2420 3487 2460 IV
3513 2404 3577 2458 de
3605 2402 3761 2475 Ling.
3791 2403 3908 2476 lat,

2302 2502 2544 2576 pag.l2).
2590 2502 2823 2557 Isidorus
2852 2515 3025 2557 vero:
3072 2517 3092 2552 ι
3140 2498 3352 2565 Venus,
3402 2518 3422 2551 ι
3467 2496 3671 2569 inquit,
3721 2512 3741 2547 ‹
3789 2493 3914 2549 inde

2303 2598 2466 2661 dicta,
2499 2597 2641 2668 quod
2672 2598 2788 2651 sine
2810 2595 2862 2649 vi
2908 2593 3103 2667 (aliter
3148 2592 3295 2663 viro)
3348 2590 3546 2647 femina
3593 2603 3718 2645 esse
3761 2588 3915 2657 virgo

2304 2706 2412 2745 non
2437 2689 2649 2744 desinat
2682 2709 2700 2741 ι
2733 2686 2989 2760 (Ιδὶάοι·.,
3019 2686 3111 2741 lib.
3139 2701 3231 2741 vm
3291 2682 3494 2756 Origin.
3521 2698 3638 2753 cap.
3668 2680 3783 2752 11).
3807 2678 3916 2735 Sed

2306 2782 2544 2837 Arnobio
2574 2781 2713 2837 haud
2746 2781 2968 2836 forsitan
3008 2779 3280 2836 inunerito
3311 2776 3641 2850 probabilior
3677 2779 3789 2830 visa
3828 2782 3912 2831 est

2307 2873 2588 2930 Ciceronis
2616 2873 2815 2943 opinio.

2380 2966 2576 3022 Verum
2602 2982 2707 3037 quo
2730 2966 2951 3037 propius
2979 2964 3055 3020 ibi
3093 2963 3158 3020 ad
3182 2980 3305 3020 eum
3327 2962 3533 3019 accedit
3551 3004 3567 3029 ,
3600 2978 3666 3018 eo
3695 2960 3911 3031 longius

616 3070 733 3146 est,
763 3074 884 3129 quae
938 3058 1155 3129 quidem
1199 3058 1443 3113 consulta
1486 3058 1747 3123 veritate,
1794 3072 1893 3112 nec
1934 3056 2047 3129 ipsa
2087 3065 2204 3126 est,
2310 3060 2361 3115 in
2391 3061 2491 3115 hoc
2518 3059 2771 3115 recedere
2797 3059 3043 3121 videtur,
3076 3058 3218 3128 quod
3249 3057 3514 3113 subnectit
3539 3055 3665 3112 inde
3710 3070 3919 3127 cogno-

612 3151 831 3209 interim
866 3150 995 3223 quid
1034 3152 1141 3206 itur
1186 3151 1238 3205 in
1281 3150 1477 3205 multas
1521 3169 1540 3202 ι
1598 3148 1838 3223 (August.
1884 3149 1973 3204 lib.
2024 3165 2092 3204 vn
2144 3149 2208 3204 de
2311 3154 2565 3208 minatam
2619 3151 3019 3222 Proserpinam,
3049 3152 3173 3221 quia
3203 3161 3320 3205 sata
3369 3151 3423 3205 in
3473 3150 3646 3205 lucem
3700 3166 3920 3221 proser—

602 3244 754 3301 Civit.
775 3288 790 3312 ,
820 3261 937 3317 cap.
968 3243 1073 3309 24,
1105 3260 1225 3316 pag.
1261 3242 1423 3315 180)?
1447 3242 1631 3313 Neque
1669 3244 1772 3298 sibi
1807 3242 1939 3297 sinit
1972 3258 2197 3312 respon-
2224 3239 2269 3302 C
2300 3256 2434 3318 punt
2462 3245 2715 3315 (Arnob,
2749 3245 2837 3299 lib.
2869 3260 2957 3311 ιιι,
2990 3260 3113 3315 pag.
3140 3244 3291 3315 119).
3328 3241 3449 3297 Vult
3475 3243 3674 3313 quippe
3705 3242 3912 3300 latinus

604 3336 723 3394 deri
749 3336 997 3392 ethnicos
1022 3350 1129 3392 non
1160 3336 1393 3415 absurde
1425 3336 1705 3391 censuisse
1730 3350 1823 3390 eas
1860 3334 2043 3405 plures
2082 3350 2204 3392 esse

604 3429 767 3494 deas,
799 3430 1053 3501 quoniam
1086 3430 1138 3484 in
1169 3444 1274 3484 una
1296 3427 1594 3498 eademque
1622 3426 1721 3482 dea
1752 3442 1841 3482 res
1868 3429 2051 3498 plures
2078 3443 2201 3483 esse

605 3531 851 3595 possunt.
896 3520 1028 3577 Nam
1077 3522 1161 3577 his
1205 3521 1350 3579 illico
1390 3519 1674 3578 occurrit:
1708 3538 1727 3571 σ
1769 3519 1837 3575 Ει
1867 3520 2138 3590 concedo,
2178 3541 2197 3574 ι

606 3617 824 3688 inquit,
863 3635 883 3669 ι
920 3617 973 3671 ἰιι
1006 3633 1113 3671 uno
1141 3616 1362 3671 homine
1404 3630 1526 3670 esse
1570 3629 1658 3670 res
1696 3614 1904 3686 plures,
1948 3616 2205 3685 numquid

608 3711 731 3767 ideo
781 3720 837 3767 et
884 3711 1131 3766 homines
1170 3710 1388 3780 plures?
1439 3709 1528 3766 Sic
1573 3710 1628 3764 in
1673 3725 1776 3764 una
1805 3708 1907 3764 dea
1949 3723 2069 3765 esse
2120 3724 2207 3766 res

609 3806 830 3877 plures,
860 3804 1118 3875 numquid
1161 3803 1283 3860 ideo
1327 3814 1381 3858 et
1414 3803 1547 3859 deas
1578 3804 1798 3872 plures?
1837 3803 2035 3859 Verum
2072 3805 2210 3860 sicut

611 3899 831 3968 volunt,
878 3898 1156 3965 dividant,
1189 3895 1462 3964 confleot,
1494 3897 1882 3967 multiplicent,
1920 3896 2203 3967 replicent,

611 3991 888 4062 implicent
923 4010 942 4043 ι
980 3987 1193 4061 (Ibid.).
1250 3989 1425 4045 Tanto
1450 3990 1592 4045 enim
1624 3990 1825 4045 certius
1845 3998 2090 4046 evertent
2113 3990 2211 4044 ali-

613 4082 769 4153 cujus
793 4081 1131 4139 divinitatem
1152 4124 1168 4150 ,
1197 4090 1399 4153 quanto
1434 4083 1604 4154 magis
1643 4098 1761 4139 eam
1800 4081 2211 4155 multiplicatam

618 4177 909 4234 voluerint.

1211 4310 1505 4353 Αιιτιουιιιε
1543 4310 1615 4350 ιν.

618 4428 723 4488 Qua
764 4430 954 4480 ratione
995 4432 1245 4481 Arnobius
1294 4432 1521 4483 ostendat
1553 4430 1721 4482 falsam
1759 4443 1871 4482 esse
1909 4431 2216 4482 divinitatem

678 4488 881 4557 Vulcani
897 4532 910 4551 ,
936 4494 1019 4557 qui
1040 4494 1197 4557 ignis;
1223 4494 1455 4552 Veneris,
1478 4507 1589 4557 (piae
1612 4493 1936 4557 Proserpina;
1961 4493 2106 4555 Solis,
2132 4497 2217 4555 qui

680 4552 833 4604 Liber
855 4563 909 4619 et_
929 4552 1133 4617 Apollo;
1161 4556 1350 4615 Dianae,
1369 4570 1480 4619 qua:
1497 4552 1652 4607 Ceres
1674 4564 1728 4606 et
1746 4552 1882 4605 Luna
1903 4552 2213 4615 dicebantur;

679 4622 828 4683 atque
866 4615 1070 4668 aliorum
1112 4615 1325 4683 omnium
1352 4615 1602 4683 numinum
1624 4658 1637 4674 .
1662 4621 1777 4683 quia
1819 4620 1984 4681 plures
2025 4620 2209 4683 ethnici

614 4684 623 4737 ἶ
679 4678 908 4745 mundum
928 4692 1046 4745 esse
1069 4679 1247 4745 animal
1268 4681 1524 4745 quoddam,
1550 4695 1606 4731 ac
1635 4678 1781 4745 deum
1819 4678 1930 4731 esse
1956 4682 2211 4745 existima—

679 4741 831 4807 bant:
855 4744 1042 4807 ubihde
1070 4741 1365 4807 etymologia
1404 4741 1651 4794 nummum
1675 4744 1878 4795 Vulcani
1906 4751 1959 4793 et
1982 4744 2211 4806 Veneris,

681 4817 739 4855 ac
757 4803 822 4855 de
841 4804 1068 4869 Apolline
1092 4803 1309 4856 murium
1331 4808 1572 4871 pernicie.

695 4931 818 4987 Tria
844 4932 946 4987 alia
968 4932 1308 4991 ethnicorum
1348 4935 1566 4991 numina
1605 4977 1621 5003 ,
1652 4933 1949 4993 Vulcanum
1971 4978 1986 5002 ,
2040 4936 2215 4993 Vene-

618 5038 735 5078 rem
785 5036 839 5081 et
882 5025 1261 5097 Proserpinam
1318 5028 1509 5084 eodem
1554 5028 1966 5098 argumentandi
2014 5044 2215 5101 genere

620 5119 891 5176 Arnobius
912 5135 979 5175 ex
1003 5120 1229 5176 deorum
1250 5120 1379 5177 albo
1398 5119 1699 5177 eradendos
1726 5135 1847 5177 esse
1867 5120 2071 5192 liquido
2091 5137 2221 5177 con-

619 5214 787 5269 vincit
838 5215 1097 5284 (Arnab.,
1126 5216 1213 5271 lib.
1246 5231 1323 5280 ιιι.
1351 5233 1472 5285 pag.
1504 5215 1650 5289 119).
1704 5215 1995 5271 Vulcanum
2044 5216 2219 5271 enim-

622 5324 751 5364 vero
778 5311 955 5379 ignem
980 5323 1103 5365 esse
1127 5308 1470 5365 adserebant.
1495 5310 1655 5364 Visne
1674 5310 1726 5364 id
1749 5311 1843 5365 tibi
1866 5311 2089 5366 testibus
2110 5310 2217 5366 sal-

622 5413 730 5456 tem
774 5401 1094 5473 quibusdam
1127 5402 1384 5470 probari?
1414 5401 1492 5458 En
1518 5402 1670 5458 adest
1688 5402 1861 5459 Varro
1881 5443 1899 5473 ,
1929 5388 2082 5474 cujus
2103 5407 2217 5459 haec

620 5496 736 5565 ipsa
758 5504 884 5549 sunt
912 5496 1073 5551 verba
1100 5512 1114 5549 :
1144 5514 1164 5548 ι
1204 5497 1285 5551 Ab
1316 5497 1453 5567 ignis
1473 5494 1582 5565 jam
1610 5495 1813 5566 majore
1845 5497 1892 5551 vi
1914 5511 1978 5551 ac
2008 5498 2219 5555 violen-

624 5589 696 5644 tia
748 5586 1023 5646 Vulcanus
1065 5590 1240 5647 dictus
1277 5612 1295 5643 ι
1333 5589 1527 5668 (Van,
1560 5590 1650 5645 lib.
1697 5606 1746 5644 ιν
1800 5591 1864 5645 de
1904 5590 2058 5663 Ling.
2101 5594 2220 5657 lat.,

618 5699 740 5753 pag.
780 5679 890 5751 18).
939 5683 1167 5739 Accedit
1190 5682 1428 5749 Servius,
1479 5683 1571 5753 qui
1619 5682 1795 5739 adhuc
1819 5683 2131 5754 expressius
2170 5684 2223 5740 id

619 5768 841 5829 tradidit
874 5788 887 5824 :
928 5792 947 5826 ι
985 5773 1253 5832 Vulcanus
1307 5778 1449 5855 ignis
1488 5786 1606 5847 est,
1637 5786 1692 5834 et
1716 5776 1891 5832 dictus
1922 5776 2222 5843 Vulcanus,

607 5864 770 5934 quasi
825 5860 1135 5938 Volcianos,
1170 5875 1316 5936 quod
1346 5885 1452 5949 per
1477 5884 1662 5931 aerem
1691 5868 1857 5927 volet.
1882 5869 2035 5951 Ignis
2083 5867 2225 5925 enim

2306 3350 2486 3394 orator
2532 3338 2913 3409 Proserpinam
2972 3352 3271 3409 graecorum
3322 3352 3443 3392 esse
3488 3351 3728 3402 nomen;
3774 3356 3794 3389 ς
3841 3337 3919 3394 Ea

2306 3444 2389 3491 est
2417 3434 2558 3489 enim
2580 3475 2595 3498 ,
2637 3453 2656 3484 ι
2688 3432 2794 3500 ait,
2842 3452 2861 3484 ‹
2889 3448 3007 3504 qua:
3038 3433 3318 3509 Περσεφόνη
3337 3446 3514 3503 grxece
3566 3431 3876 3487 nominatur
3896 3474 3914 3497 ,

2307 3541 2467 3597 quam
2517 3525 2725 3593 frugum
2769 3538 2953 3580 semen
2998 3539 3120 3580 esse
3177 3523 3402 3590 volunt,
3435 3522 3919 3595 absconditamque

2308 3617 2478 3688 qumri
2506 3634 2533 3669 a
2565 3627 2735 3671 matre
2771 3636 2789 3668 ι
2828 3615 3054 3689 (Cicer.,
3109 3614 3233 3679 loc.,
3284 3617 3398 3680 cit..
3423 3616 3519 3670 lin.
3549 3614 3628 3687 6).
3662 3617 3919 3671 Attamen

2310 3712 2444 3766 alios
2487 3710 2758 3765 Arnobius
2809 3708 2994 3764 habuit
3054 3710 3335 3765 sententize
3388 3725 3499 3764 sua:
3550 3710 3821 3777 asseclas,
3863 3720 3923 3765 et

2313 3805 2569 3860 fautores.
2640 3803 2773 3858 Nam
2807 3819 2837 3857 a
2886 3802 3130 3859 Varrone
3170 3803 3274 3859 hoc
3306 3802 3496 3858 litteris
3544 3804 3921 3875 consignatum

2314 3897 2561 3968 legimus.
2599 3917 2617 3949 ι
2653 3895 2972 3965 Proserpina
3008 3896 3181 3961 dicta,
3210 3894 3352 3966 quod
3381 3907 3439 3950 ut
3463 3911 3709 3966 serpens,
3755 3895 3922 3952 modo

2314 3995 2366 4051 in
2395 3994 2660 4060 dextram,
2685 3990 2845 4047 modo
2882 3993 2933 4045 in
2963 3990 3235 4045 sinistram
3263 4001 3470 4060 partem
3499 3990 3605 4046 late
3648 4002 3917 4046 movetur.

2317 4089 2546 4159 Serpere
2590 4095 2646 4142 et
2696 4099 3012 4156 proserpere
3057 4083 3197 4139 idem
3252 4082 3522 4151 dicebant,
3565 4093 3624 4139 ut
3655 4084 3870 4140 Plautus
3900 4128 3919 4150 ,

2316 4185 2405 4254 qui
2433 4181 2617 4239 scribit
2642 4199 2657 4235 :
2680 4181 2828 4251 quasi
2854 4194 3179 4251 proserpens
3220 4178 3392 4233 bestia
3427 4198 3447 4231 ι
3500 4177 3723 4248 (Varr.,
3747 4179 3836 4234 lib.
3863 4196 3925 4235 Iv

2317 4278 2381 4331 de
2409 4275 2561 4348 Ling.
2590 4275 2709 4341 lat.,
2736 4289 2859 4345 pag.
2897 4272 3007 4343 17).
3054 4271 3279 4326 Brevius
3298 4271 3546 4342 quidem,
3577 4274 3673 4328 sed
3699 4273 3920 4340 clarius,

2318 4370 2385 4425 ad
2412 4368 2754 4439 auctorisque
2783 4366 2949 4421 nostri
2984 4374 3218 4419 mentem
3256 4363 3715 4419 accommodatius
3745 4363 3922 4419 Isido-

2318 4478 2412 4519 rus
2431 4462 2565 4517 dixit
2605 4480 2619 4516 :
2659 4480 2677 4511 ι
2718 4459 3034 4528 Proserpina
3056 4499 3070 4523 ,
3099 4456 3241 4527 quod
3268 4471 3333 4512 ex
3372 4472 3433 4511 ea
3467 4466 3781 4527 proserpenti
3811 4454 3926 4512 fru-

2318 4570 2433 4628 ges.
2471 4574 2489 4606 ι
2516 4555 2689 4609 Antea
2710 4565 2839 4606 vero
2865 4549 3188 4618 Augustinus
3218 4566 3233 4603 :
3272 4567 3290 4599 ι
3325 4549 3370 4602 Α
3395 4549 3759 4619 proserpendo
3789 4546 3927 4602 Pro-

2238 4633 2530 4718 Dserpiua
2577 4645 2719 4699 dicta
2766 4663 2785 4695 ι
2829 4640 3083 4712 (ιεεαονη
3139 4641 3230 4695 lib.
3282 4655 3373 4695 vin
3431 4639 3656 4711 0rigin.,
3711 4641 3922 4710 cap.8;

2321 4743 2566 4811 August.,
2594 4738 2683 4794 lib.
2705 4753 2778 4793 vu
2820 4735 2883 4791 de
2923 4734 3095 4803 Civit.,
3128 4752 3245 4805 cap.
3276 4735 3368 4802 20,
3402 4752 3524 4806 pag.
3560 4734 3709 4807 177).
3743 4736 3928 4806 Atque

2322 4836 2513 4892 borum
2545 4832 2808 4890 sententia
2837 4830 3157 4901 quibusdam
3177 4871 3191 4895 ,
3227 4829 3386 4884 etiam
3417 4828 3729 4885 Ciceronem
3755 4846 3921 4884 num-

2323 4947 2482 5003 quam
2509 4946 2616 4986 non
2640 4927 3045 4992 admirantibus,
3081 4925 3248 4996 magis
3269 4940 3424 4995 quam
3446 4926 3673 4997 ipsamet
3696 4922 3924 4981 Cicero-

2325 5024 2479 5081 niana
2503 5023 2716 5095 placuit.

2398 5117 2535 5174 Cum
2564 5116 2753 5172 eodem
2788 5129 2949 5183 porro
2978 5113 3274 5183 Augustino
3319 5112 3443 5167 hinc
3469 5113 3604 5168 scite
3652 5110 3925 5167 Arnobius

2328 5210 2489 5268 infert
2530 5210 2597 5265 ab
2623 5208 2851 5264 ethnicis
2879 5206 2989 5261 tolli
3018 5206 3085 5262 de
3113 5205 3290 5260 medio
3319 5205 3418 5258 tria
3462 5205 3700 5274 ipsorum
3747 5206 3925 5259 numi-

2328 5320 2393 5361 na
2432 5323 2452 5357 ι
2504 5301 2757 5375 (Arnob,
2807 5300 2894 5354 lib.
2926 5315 3020 5364 ιιι,
3054 5315 3174 5368 pag.
3206 5297 3356 5369 519).
3405 5298 3731 5365 Vulcanum,
3760 5314 3923 5367 quem

2327 5412 2516 5453 omnes
2547 5395 2682 5466 ignis
2707 5395 3063 5459 elementum;
3097 5390 3401 5457 Venerem,
3443 5407 3600 5462 quam
3644 5391 3923 5447 libidinem

2328 5505 2424 5561 per
2451 5500 2641 5544 cuncta
2664 5486 2952 5540 animantia
2985 5481 3267 5549 diffusam;
3298 5492 3353 5538 et
3377 5482 3793 5553 Proserpinam,
3817 5500 3925 5552 qua

2328 5582 2507 5651 fruges
2538 5595 2598 5634 ac
2626 5580 2865 5649 germina
2894 5576 3288 5631 subcrescentia
3323 5576 3525 5629 moveri
3555 5574 3923 5630 venditabant.

2327 5672 2593 5744 Quidquid
2621 5672 2897 5727 enimvero
2921 5669 2989 5724 de
3010 5668 3114 5723 illis
3152 5668 3240 5722 alii
3281 5668 3438 5724 aliter
3456 5667 3754 5733 sentirent,
3787 5665 3926 5722 falso

2329 5767 2514 5824 falsius
2543 5772 2660 5819 erat
2703 5764 2849 5829 illos,
2905 5777 3040 5835 riuos
3072 5777 3159 5818 res
3208 5772 3421 5818 creatas
3464 5776 3584 5819 esse
3633 5760 3924 5830 dicebant,

2330 5872 2576 5933 suprema
2600 5856 2775 5927 aliqua
2802 5855 3080 5913 divinitate
3105 5853 3321 5912 donari.
3346 5912 3351 5923 ,
3582 5851 3591 5857 ”
3716 5850 3739 5857 ”
