4166 6256
273 308 375 365 577

1468 303 1531 361 IN
1572 295 1944 370 AIINOBIUM,
1984 296 2140 362 CAP.
2173 294 2334 362 Χνιι.

3457 306 3564 369 578

342 423 695 496 Prosequitur
724 424 989 481 Arnobius
1024 422 1254 497 (Ibid),
1280 438 1333 478 et
1358 424 1522 478 instat
1548 425 1615 476 ah
1635 423 1862 478 ethnicis
1890 420 1943 480 A
1968 421 2059 475 lib.
2111 439 2191 485 IV,
2219 440 2337 493 pag.
2374 422 2509 484 195;
2559 421 2817 487 Pansam,
2862 424 2951 480 lib.
2997 439 3072 490 ιιι,
3108 441 3225 497 pag.
3255 426 3394 495 285;
3433 427 3560 484 Nat.

267 520 466 591 passim
489 519 724 589 jactilari
752 517 999 572 eumdem
1023 534 1142 572 esse
1165 517 1374 583 Solem,
1400 527 1559 587 atque
1589 516 1861 580 Liberum,

269 624 321 666 et
353 609 674 680 Apollinem.
718 608 1017 664 Macrobius
1045 610 1240 678 quippe
1273 608 1321 662 id
1353 623 1457 662 non
1503 608 1674 661 solum
1707 607 1866 661 Euri-

270 706 406 776 pidis
445 714 499 760 et
529 703 772 774 Esrhyli
800 703 1136 764 testimonio,
1158 702 1251 757 sed
1282 702 1443 756 variis
1466 717 1679 772 quoque
1700 701 1866 754 ratio-

271 799 426 853 nibus
455 797 680 867 probare
709 805 931 850 conatus
957 806 1037 851 est
1066 795 1344 867 (Macrob,
1373 795 1459 849 lib.
1494 813 1528 850 II
1573 796 1864 862 Satnrnal.,

269 894 486 964 cap.18,
520 910 640 962 pag.
668 890 820 961 265).
851 891 1120 946 Memoria.-
1150 898 1326 945 autem
1371 890 1588 946 Servius
1638 889 1869 959 prodidit

268 985 398 1041 illttd
429 986 592 1040 I'uiSse
615 985 683 1038 ab
714 981 910 1038 Stoicis
929 995 982 1037 et
1009 981 1305 1052 Porphyrio
1326 981 1596 1036 adsertum
1633 999 1645 1034 :
1682 1001 1699 1032 ι
1727 979 1868 1036 Stoi-

265 1081 350 1144 ci,
394 1098 412 1131 )
447 1079 650 1149 inquit,
704 1096 724 1129 ι
759 1076 1009 1132 eumdem
1037 1076 1254 1139 Solem,
1285 1079 1532 1132 eumdem
1578 1076 1865 1140 Liberum,

267 1171 523 1227 eumdem
552 1172 853 1241 Apollinem
901 1180 1112 1225 vocant.
1154 1191 1171 1220 ι
1204 1171 1358 1226 Prius
1395 1187 1524 1226 vero
1554 1189 1566 1224 :
1597 1191 1614 1222 ι
1649 1171 1872 1226 Constat

263 1266 561 1323 secundum
595 1264 872 1337 Porphyrii
899 1265 1090 1318 librtttn
1118 1307 1134 1330 ,
1165 1279 1324 1334 quem
1347 1263 1528 1320 Solem
1559 1265 1867 1335 appellavit,

265 1360 532 1431 triplicem
559 1374 684 1414 esse
712 1358 977 1429 Apollinis
1009 1367 1330 1428 potestatem
1351 1401 1364 1423 ,
1395 1369 1450 1414 et
1471 1359 1718 1414 eumdem
1751 1374 1872 1414 esse

263 1453 446 1509 Solem
472 1454 610 1525 apud
633 1469 882 1523 superos,
907 1453 1157 1508 Liberum
1187 1463 1392 1522 patrem
1416 1455 1470 1508 in
1500 1454 1678 1515 terris,
1709 1453 1875 1523 Apol-

265 1546 430 1602 linem
483 1546 624 1616 apud
662 1545 864 1600 inferos
901 1565 918 1597 ι
971 1547 1178 1616 (Serv.,
1208 1546 1260 1598 in
1302 1546 1387 1599 lib.
1431 1563 1447 1600 ι
1481 1546 1692 1616 Georg.,
1741 1563 1874 1600 verso

265 1645 358 1711 17,
386 1661 504 1715 pag.
545 1643 644 1706 59;
673 1642 727 1696 in
752 1643 916 1708 quint.
950 1640 1093 1714 Virg.
1125 1641 1312 1713 eclog.,
1341 1659 1473 1699 vero.
1503 1642 1591 1709 64,
1617 1659 1736 1714 pag.
1757 1641 1873 1712 '27).

336 1739 607 1794 Arnobius
638 1739 818 1808 itaque
855 1753 922 1792 ex
955 1735 1054 1790 hac
1087 1738 1286 1807 vulgari
1313 1738 1593 1808 gentilium
1642 1753 1864 1806 persua-

1970 513 2138 580 Com.,
2174 515 2260 567 lib.
2287 530 2335 568 vt
2367 513 2612 584 Mytliol.,
2637 533 2751 585 cap.
2775 514 2896 588 24).

2042 609 2321 663 Postremo
2354 610 2616 665 Arnobius
2641 611 2744 665 alia
2785 614 3020 681 generali
3051 615 3258 670 ratione
3302 626 3549 683 cunctos,

1966 701 2075 771 jam
2103 717 2130 754 a
2161 703 2313 758 nobis
2339 714 2696 771 memoratos,
2740 707 3014 776 gentilium
3036 709 3104 764 de
3131 710 3232 764 diis
3257 711 3370 766 suis
3412 727 3564 767 erro-

1971 809 2059 849 res
2087 797 2326 850 concutit
2353 812 2414 849 ac
2441 795 2667 852 destruit
2697 796 2922 868 (Arnob.
2947 841 2959 864 ,
2994 801 3081 856 lib.
3114 817 3190 866 III,
3239 819 3360 874 pag,
3415 803 3560 875 1‘20).

1972 887 2416 958 Philosophorum
2462 891 2604 945 enim
2627 934 2641 952 .
2693 892 2890 962 inquit,
2921 893 3215 951 doctissimi
3243 906 3298 952 et
3323 897 3568 955 credide-

1971 990 2124 1046 runt,
2147 991 2199 1036 et
2228 982 2583 1037 deliuiveruut
2631 986 2884 1040 mundum
2912 1001 3033 1044 esse
3061 989 3258 1044 animal
3298 991 3566 1047 rationale

1973 1084 2025 1127 et
2049 1075 2282 1142 sapiens.
2316 1075 2419 1130 Sed
2451 1077 2591 1131 itane
2630 1090 2815 1148 arguet
2859 1080 3070 1149 aliquis,
3097 1098 3184 1137 res
3205 1098 3265 1138 se
3291 1082 3471 1152 habet,
3503 1100 3567 1141 ac

1973 1167 2188 1235 quinam
2222 1169 2293 1222 illi
2322 1168 2450 1233 sint,
2485 1169 2638 1224 nobis
2658 1169 2876 1224 indica?
2915 1171 3057 1226 Nihil
3081 1173 3224 1228 dictu
3249 1176 3566 1243 promptius.

1973 1257 2104 1312 Nam
2137 1258 2252 1315 hare
2297 1275 2402 1315 non
2430 1261 2604 1316 solum
2634 1263 2894 1324 Platonis,
2924 1266 2998 1319 ttti
3021 1281 3086 1320 ex
3115 1265 3394 1323 Ciceronis
3421 1268 3569 1324 libris

1977 1350 2166 1420 liquet,
2221 1369 2405 1408 verum
2459 1354 2616 1409 etiam
2671 1356 2923 1424 Zenonis,
2971 1359 3380 1432 Stoicorumque
3426 1361 3570 1418 illius

1975 1455 2324 1513 sectatorum,
2358 1449 2512 1503 siculi
2552 1465 2618 1504 ex
2645 1449 2906 1505 Cicerone
2928 1493 2942 1517 ,
2973 1450 3279 1516 Lactantio,
3312 1452 3527 1510 Laertia
3550 1495 3566 1520 ,

1977 1539 2181 1610 Lipsio,
2212 1542 2436 1612 aliisque
2461 1542 2715 1597 discimus
2741 1585 2756 1608 ,
2794 1545 3021 1615 genuina
3051 1554 3412 1617 constansque
3440 1563 3569 1602 sen-

1981 1634 2142 1688 tentia
2161 1634 2257 1688 fuit
2283 1633 2482 1706 (Plato,
2513 1637 2564 1689 in
2593 1635 2808 1701 Timwo,
2862 1647 2982 1691 toni.
3015 1652 3094 1701 ttt,
3125 1654 3242 1708 pag.
3272 1640 3338 1706 0;
3381 1639 3569 1708 Cicer.,

1981 1725 2068 1780 lib.
2095 1742 2111 1780 ι
2139 1726 2202 1780 de
2233 1725 2422 1781 Natur.
2444 1730 2746 1801 deor.,pag.
2776 1730 2911 1798 199;
2942 1732 3082 1797 item,
3104 1715 3238 1785 idem
3259 1732 3389 1800 στα,
3408 1733 3494 1788 lib.
3532 1749 3568 1789 II

261 1833 413 1888 sione
461 1833 620 1902 plane
649 1829 864 1886 coniicit
888 1829 956 1884 ab
986 1829 1090 1884 illis
1115 1829 1354 1884 imminui
1383 1830 1606 1884 deorum
1675 1845 1863 1884 nurne-

1973 1822 2035 1873 de
2077 1818 2204 1873 Nat.
2232 1820 2397 1885 deor.,
2429 1840 2549 1893 pag.
2573 1821 2701 1887 216,
2725 1834 2771 1876 et
2796 1839 2956 1893 seqq.;
2982 1833 3029 1878 et
3053 1823 3140 1878 lib.
3168 1841 3244 1892 ιιι,
3272 1843 3393 1899 pag.
3429 1827 3566 1894 245;

262 1941 416 1992 rum,
450 1940 511 1978 ac
534 1924 739 1979 nullum
762 1938 1010 1992 umquam
1042 1922 1093 1976 in
1123 1938 1300 1978 rerum
1333 1933 1519 1976 natura
1560 1923 1830 1977 exstitisse
1854 1965 1869 1989 ,

259 2034 440 2088 neque
491 2017 780 2079 Liberum,
838 2031 904 2070 ex
954 2014 1207 2080 Semele,
1262 2016 1336 2069 ttti
1383 2031 1542 2084 supra
1595 2014 1867 2081 diximus,

257 2110 580 2174 oriundum;
635 2123 807 2177 neque
855 2108 1160 2178 Apollinem
1196 2107 1480 2179 Pythium,
1511 2116 1565 2162 et
1609 2108 1863 2172 murium,

257 2214 320 2257 ut
364 2203 504 2259 idem
556 2213 746 2256 auctor
793 2209 975 2256 noster
1001 2201 1266 2270 loquitur,
1310 2201 1615 2271 perniciem,
1648 2201 1716 2256 de
1764 2215 1871 2270 quo

257 2309 360 2349 nos
391 2294 512 2350 alibi
542 2294 750 2365 egimus
806 2291 958 2362 (tam.
995 2309 1030 2347 ιι
1055 2293 1334 2364 Apparat.,
1380 2291 1470 2346 lib.
1504 2308 1558 2345 III
1590 2309 1604 2357 ;
1638 2293 1867 2359 dissert.,

257 2406 379 2457 cap.
406 2389 462 2455 9,
511 2398 610 2442 art.
639 2389 690 2450 1,
727 2405 845 2458 pag.
882 2387 1032 2456 751).
1058 2387 1384 2457 Augustinus
1416 2401 1544 2442 vero
1573 2402 1638 2440 ex
1677 2385 1869 2441 iisdem

252 2483 536 2553 gentilium
589 2480 931 2551 opinionibus
981 2480 1183 2550 colligit
1213 2496 1277 2535 ex
1322 2496 1425 2534 una
1464 2480 1757 2552 eademque
1811 2497 1870 2537 re

253 2575 498 2630 naturali
531 2575 707 2644 plures
729 2573 943 2644 quidem
987 2572 1056 2627 ab
1102 2570 1208 2626 illis
1234 2573 1404 2627 laetos
1429 2587 1549 2628 esse
1569 2572 1698 2627 deos
1718 2614 1734 2640 ,
1773 2572 1868 2627 sed

268 2667 449 2724 falsos
475 2668 627 2740 plane
663 2677 719 2722 et
739 2666 1159 2722 commentitios.

332 2761 472 2829 Quid
500 2761 686 2830 plura?
711 2759 827 2814 Non
859 2760 1080 2826 indocti,
1107 2758 1180 2812 uti
1211 2757 1288 2812 ait
1318 2758 1588 2813 Arnobius
1613 2758 1862 2829 (Arnob.,

251 2856 347 2910 lib.
382 2870 460 2918 ιιι,
493 2872 612 2925 pug.
653 2852 804 2923 119),
834 2852 976 2922 apud
1021 2851 1250 2922 gentiles
1284 2851 1379 2904 viri
1423 2851 1690 2906 docebant
1747 2851 1866 2904 Dia-

253 2965 404 3012 nam,
433 2947 711 3012 Cereretn,
767 2956 822 3000 et
868 2945 1072 3000 Lunam
1122 2954 1232 2999 tres
1272 2959 1379 2998 non
1412 2960 1533 3000 esse
1567 2961 1824 3014 personas
1847 2988 1862 3012 ,

251 3056 284 3094 a
315 3056 374 3096 se
400 3041 628 3096 invicem
669 3040 969 3104 distinctas,
1025 3037 1120 3092 sed
1150 3038 1343 3107 triplici
1369 3037 1469 3092 hoc
1492 3039 1706 3094 nomine
1759 3038 1865 3092 Lu-

253 3153 381 3192 nam
403 3135 680 3206 app-«llari.
705 3135 775 3189 At
803 3133 943 3188 docti
976 3132 1048 3186 illi
1082 3132 1324 3186 homines
1351 3142 1502 3187 erant
1529 3132 1669 3186 haud
1702 3133 1864 3187 dubio

1987 1913 2249 1981 Lactant.,
2282 1913 2368 1968 lib.
2395 1931 2465 1983 tt,
2511 1933 2628 1984 cap.
2660 1917 2711 1983 5’,
2751 1935 2870 1989 pag.
2920 1919 3060 1984 166;
3092 1919 3291 1987 Laert.,
3337 1920 3425 1976 lib.
3461 1939 3566 1991 vn,

1977 2008 2004 2081 §
2031 2007 2132 2063 M9.
2150 2020 2194 2062 et
2221 2025 2358 2079 seqq.
2380 2027 2394 2077 ;
2417 2008 2557 2080 Lips.
2585 2011 2839 2065 dissertet.
2867 2012 3007 2068 10de
3039 2012 3202 2083 Pitys.
3231 2012 3418 2078 Stoic.,
3442 2025 3568 2069 tam.

1974 2118 2043 2166 tv,
2073 2119 2194 2172 pag.
2229 2101 2332 2156 569
2359 2114 2406 2155 et
2435 2100 2623 2172 καφ).
2651 2105 2814 2174 Atqui
2841 2105 2888 2159 si
2920 2104 3152 2160 mundus
3197 2105 3457 2162 rationale
3498 2107 3570 2163 sit

1971 2195 2192 2260 animal,
2215 2195 2340 2249 inde
2368 2197 2674 2251 necessario
2719 2198 2962 2268 sequitur
3007 2199 3199 2264 solem,
3231 2199 3435 2265 lunam,
3464 2201 3567 2256 tel-

1972 2279 2141 2335 lurem
2163 2321 2178 2346 ,
2211 2281 2446 2352 aliasque
2474 2283 2654 2338 tuuttdi
2678 2293 2855 2353 partes
2874 2325 2888 2348 ,
2919 2285 3034 2338 sive
3053 2299 3151 2340 suo
3174 2325 3188 2349 ,
3230 2287 3344 2341 sive
3361 2286 3467 2340 alio
3511 2294 3570 2342 ut

1970 2373 2219 2438 vidinmr,
2249 2377 2465 2432 nomine
2495 2389 2883 2448 nuncupentur,
2914 2377 3052 2434 falso
3069 2389 3123 2434 et
3147 2379 3339 2435 frustra
3363 2381 3432 2437 ab
3463 2381 3567 2437 illis

1971 2469 2024 2524 in
2054 2470 2275 2524 deorum
2305 2486 2584 2526 numerum
2608 2472 2906 2543 adgregari.
2926 2473 3027 2540 Qui
3051 2473 3164 2528 lieri
3191 2475 3331 2528 enim
3364 2483 3564 2545 potest,

1971 2573 2030 2618 ut
2059 2564 2103 2618 si
2145 2563 2376 2620 mundus
2399 2582 2561 2620 unum
2585 2566 2655 2620 sit
2680 2568 2898 2631 animal,
2930 2568 3068 2622 sicut
3095 2568 3379 2639 singularis
3407 2569 3566 2639 QUIli‘

1971 2657 2060 2712 bet
2114 2657 2312 2726 homo,
2347 2659 2398 2714 in
2447 2660 2621 2714 varias
2667 2660 2937 2715 scindatur
2989 2670 3200 2731 partes,
3251 2662 3567 2734 diversaque

1971 2751 2234 2817 membra,
2265 2767 2383 2820 qua:
2409 2751 2614 2823 singula
2646 2752 2753 2807 sint
2778 2753 2993 2824 aliquod
3015 2753 3084 2808 ab
3106 2755 3228 2809 aliis
3255 2755 3566 2812 distinctum

1970 2841 2199 2908 animal,
2254 2853 2434 2913 atque,
2481 2855 2537 2898 ut
2575 2845 2798 2912 volunt,
2829 2861 2966 2902 unus
2993 2857 3048 2900 et
3068 2848 3354 2918 singularis
3401 2849 3564 2905 Deus.

1968 2932 2144 2989 Simili
2189 2951 2401 3005 quoque
2432 2937 2592 2991 modo
2634 2948 3037 3007 argumentatur
3066 2938 3374 2996 Lactantius
3404 2958 3418 2995 :
3453 2959 3471 2992 ι
3509 2941 3564 2997 Si

1969 3028 2104 3084 deus
2130 3029 2359 3085 mundus
2401 3041 2510 3099 est;
2561 3047 2692 3104 ergo
2720 3034 2896 3088 omnia
2921 3033 3007 3088 illa
3031 3075 3046 3098 ,
3077 3050 3196 3104 qua
3231 3045 3359 3090 sunt
3387 3037 3438 3090 in
3461 3051 3526 3092 eo
3547 3077 3563 3102 ,

1968 3121 2041 3177 dii
2074 3138 2177 3178 non
2208 3135 2353 3191 sunt,
2410 3125 2505 3180 sed
2555 3125 2640 3181 dei
2694 3129 2968 3193 membra;
3000 3143 3120 3199 quae
3172 3130 3354 3200 utique
3400 3131 3567 3185 solius

255 3230 423 3285 Stoici
529 3227 723 3299 quibus
748 3225 864 3281 haec
883 3227 1101 3282 Servius
1119 3235 1298 3279 narrat
1322 3241 1336 3278 :
1374 3245 1392 3276 ι
1429 3225 1594 3281 Stoici
1617 3226 1861 3280 eumdem

1970 3216 2062 3271 Dei
2121 3233 2316 3273 nomen
2373 3219 2621 3288 accipere
2665 3235 2773 3274 non
2801 3231 3041 3291 possunt.
3083 3221 3193 3279 Nec
3232 3223 3374 3278 enim
3421 3233 3568 3282 recte

254 3321 558 3378 Solem.....
619 3319 748 3374 Item
777 3317 980 3373 Lunam
1010 3317 1255 3374 eamdem
1313 3317 1566 3384 Dianam,
1619 3316 1864 3372 eamdem

258 3419 517 3474 Cererem
541 3458 557 3484 ,
585 3414 831 3470 eamdem
860 3412 1156 3480 Junouetn,
1203 3413 1446 3468 eamdem
1490 3413 1864 3482 Proserpinam

255 3513 480 3577 dicunt;
531 3507 824 3565 secundum
853 3523 988 3578 quos
1042 3505 1294 3577 Virgilius
1335 3523 1432 3577 pro
1462 3507 1577 3562 sole
1606 3515 1661 3562 et
1709 3508 1864 3573 luna,

255 3605 511 3661 Liberum
551 3613 608 3657 et
645 3603 898 3658 Cererem
941 3601 1209 3655 invocant
1254 3619 1271 3648 ι
1319 3600 1515 3670 (Serv.
1541 3643 1555 3668 ,
1608 3601 1660 3654 in
1709 3601 1800 3655 lib.
1848 3616 1865 3655 I

260 3697 474 3768 Georg,
503 3712 634 3750 vers.
665 3695 719 3764 7)
749 3711 762 3759 ;
794 3703 849 3748 at
888 3692 990 3747 hoc
1029 3707 1242 3763 quoque
1272 3694 1515 3748 ultimum
1566 3692 1866 3748 Macrobius

263 3791 590 3847 observavit.
618 3791 946 3860 Augustinus
973 3803 1102 3842 vero
1137 3807 1149 3843 :
1185 3807 1204 3840 ι
1240 3790 1662 3860 Apollinem..,..
1686 3791 1865 3846 Solem

260 3901 394 3942 esse
439 3885 721 3951 dixerunt,
758 3885 1084 3952 Dianamque
1107 3899 1415 3954 germanam
1461 3885 1575 3954 ejus
1621 3885 1868 3940 similiter

255 3981 564 4046 Lunam,et
585 3979 789 4034 viarum
817 3975 1098 4049 praesidem
1123 3997 1142 4028 ι
1175 3977 1548 4048 (Macrob..lib
1589 3994 1602 4031 ι
1646 3977 1861 4034 Saturn.

254 4093 376 4139 cap.
412 4077 498 4141 18,
530 4092 646 4145 pag.
668 4073 814 4138 9.66;
845 4073 1083 4142 August,
1105 4071 1195 4126 lib.
1229 4085 1301 4125 vn
1349 4071 1412 4124 de
1436 4070 1609 4138 σιω,
1634 4090 1749 4142 cap.
1780 4072 1863 4138 16,

256 4185 378 4240 pag.
416 4167 565 4240 174).

332 4262 493 4330 Atqui
523 4261 567 4314 si
602 4259 764 4314 Diana
795 4268 846 4314 et
873 4259 1036 4314 Ceres
1059 4257 1190 4314 illud
1236 4273 1423 4313 revera
1473 4260 1582 4312 sint
1621 4267 1859 4326 astrum,

259 4355 401 4428 quod
426 4355 552 4408 luna
581 4362 801 4409 vocatur
824 4394 839 4420 ,
869 4353 992 4408 inde
1042 4353 1311 4408 Arnobius
1338 4352 1540 4421 optime
1569 4354 1744 4422 arguit
1769 4369 1855 4408 ex-

259 4449 606 4521 tiuguendam
657 4448 876 4502 omnino
901 4487 915 4511 ,
945 4457 999 4501 et
1026 4448 1237 4516 penitus
1278 4445 1559 4500 delendam
1588 4461 1711 4502 esse
1758 4462 1862 4502 non

253 4546 433 4600 solum
474 4543 764 4608 Cererem,
814 4539 1057 4610 frugum,
1105 4540 1179 4593 uti
1231 4539 1605 4609 opinabantur,
1660 4549 1710 4594 et
1735 4539 1859 4593 alibi

255 4637 662 4693 observavimus
707 4634 956 4706 (Uissert.
1009 4634 1062 4687 in
1108 4631 1332 4699 Minuc.,
1377 4650 1493 4702 cap.
1529 4633 1614 4694 15,
1646 4643 1744 4685 art.
1778 4634 1851 4702 1),

255 4731 648 4790 inventricem;
679 4727 774 4784 sed
840 4727 1062 4781 Dianam
1109 4741 1354 4795 quoque,
1406 4725 1671 4794 Apollinis
1719 4740 1856 4795 ger-

253 4841 490 4888 manam,
526 4825 597 4879 uti
625 4824 815 4878 citatus
853 4819 1008 4889 paulo
1053 4831 1179 4873 ante
1220 4817 1570 4889 Augustinus,
1609 4819 1854 4872 animad-

253 4920 437 4976 vertit.
469 4917 652 4972 Solum
681 4915 956 4969 enimvero
989 4921 1236 4982 superest
1265 4923 1492 4978 astrum,
1546 4911 1686 4982 quod
1732 4913 1853 4966 luna

250 5013 470 5088 quidem
497 5010 832 5082 appellatur,
879 5007 972 5062 sed
1001 5022 1107 5062 non
1155 5017 1329 5077 potest
1372 5022 1492 5062 esse
1537 5007 1691 5060 deus.
1725 5006 1851 5060 Tol-

251 5109 412 5164 Ienda
431 5109 590 5162 etiam
622 5103 853 5161 emediu
898 5102 1060 5156 Diana
1110 5101 1221 5169 illa,
1261 5121 1279 5152 ‹
1316 5117 1498 5172 quam,
1540 5121 1559 5152 ι
1593 5100 1734 5155 sicut
1778 5101 1852 5155 ait

257 5203 546 5266 Arnobius,
583 5221 602 5253 ‹
662 5197 928 5270 quondam
978 5198 1125 5266 puris
1173 5198 1224 5250 in
1268 5195 1502 5250 fontibus
1547 5195 1852 5249 abluentem

250 5295 620 5352 membrorum
649 5292 836 5346 sordes
856 5293 1103 5360 corniger
1127 5289 1217 5343 ille
1265 5299 1484 5344 venator
1527 5287 1760 5357 inspexit
1805 5296 1857 5342 et

254 5404 472 5461 pmuam
516 5385 840 5442 curiositatis
870 5384 1073 5438 invenit
1110 5400 1128 5432 ι
1171 5381 1356 5454 (Ibid.,
1388 5398 1508 5453 pag.
1558 5380 1699 5450 1‘20).
1727 5381 1856 5447 Qui-

251 5484 362 5540 bus
393 5497 519 5537 sane
546 5481 721 5536 verbis
741 5478 972 5534 fabulam
989 5477 1176 5548 adtigit
1196 5476 1485 5539 Acta‘onis,
1506 5476 1592 5544 qui
1617 5485 1860 5546 prepter-

250 5594 324 5635 ea
347 5578 488 5650 quod
521 5577 738 5631 Dianam
770 5576 1032 5630 lavantem
1080 5572 1332 5639 vidisset,
1366 5571 1420 5626 in
1470 5587 1687 5626 cervum
1727 5588 1860 5626 con-

249 5687 453 5726 versus
513 5685 632 5726 esse
682 5669 873 5724 fertur.
939 5667 1144 5722 \‘idesis
1210 5665 1499 5732 Ovidium,
1569 5665 1862 5722 Diodorum

251 5765 534 5829 Siculum,
613 5763 963 5828 Pausaniam,
1019 5760 1259 5815 Natalem
1319 5759 1582 5816 Comitem
1630 5771 1685 5816 et
1731 5761 1864 5817 alios

241 5859 469 5938 (Ovid,
501 5858 584 5912 lib.
637 5872 692 5911 ιιι
739 5853 1110 5925 Metamorph.,
1160 5853 1263 5924 fab.
1311 5853 1378 5920 2;
1429 5851 1862 5924 Diodor.Sicttl.,

1967 3311 2088 3380 quis
2133 3310 2328 3365 dixerit
2354 3313 2594 3367 membra
2624 3312 2858 3368 hominis
2902 3316 3058 3370 unitts
3090 3317 3290 3372 multos
3321 3319 3567 3374 homines

1967 3417 2108 3458 esse.
2159 3422 2178 3454 ι
2223 3403 2361 3471 Quin
2394 3405 2555 3461 etiam
2603 3407 2792 3463 Cicero
2847 3407 2991 3464 hunc
3038 3425 3276 3467 errorem
3329 3411 3568 3469 funditus

1969 3497 2182 3552 evertit.
2212 3498 2351 3568 Lege
2395 3501 2440 3555 si
2489 3500 2622 3556 velis
2644 3545 2658 3569 ,
2688 3518 2808 3573 qua:
2835 3503 2902 3559 ab
2929 3519 3028 3568 eo,
3057 3515 3110 3560 et
3135 3508 3178 3560 si
3201 3506 3414 3562 animus
3449 3516 3563 3573 est,

1967 3605 2088 3659 quae
2116 3591 2185 3645 ab
2212 3591 2444 3648 Eusebio
2468 3593 2738 3664 disputata
2764 3606 2888 3651 sunt
2916 3595 3199 3669 (Lactant.,
3227 3600 3318 3656 lib.
3347 3617 3418 3665 tt,
3445 3617 3564 3671 cap.

1968 3685 2033 3753 5,
2060 3704 2180 3758 pag.
2206 3689 2337 3752 168;
2368 3688 2556 3755 Cicer.,
2607 3690 2698 3745 lib.
2729 3707 2764 3745 ιι
2787 3692 2850 3746 de
2876 3690 3071 3746 Natur.
3100 3695 3269 3758 deor.,
3291 3695 3563 3766 pag.115,

1967 3787 2012 3832 et
2043 3778 2255 3844 Eureb.,
2285 3779 2373 3835 lib.
2420 3797 2477 3836 ιιι
2517 3782 2581 3838 de
2619 3781 2914 3855 Prwparat.
2959 3782 3238 3858 Evangel.,
3287 3803 3402 3858 cap.
3460 3788 3561 3857 10,

1968 3893 2087 3948 pag.
2115 3877 2219 3932 103
2244 3887 2290 3930 et
2317 3877 2502 3949 seqq.).

2538 4023 2764 4082 CAPUT
2823 4026 2989 4083 XVII.

1971 4137 2238 4204 Quomodo
2268 4137 2522 4194 Arnobius
2564 4157 2694 4194 vana
2723 4142 2786 4195 de
2813 4144 3083 4212 gentilium
3122 4144 3220 4200 diis
3265 4147 3564 4216 opinionttm

2039 4246 2320 4290 commenta
2347 4252 2409 4290 ea:
2433 4236 2549 4290 aliis
2577 4236 2782 4290 illorum
2805 4237 2868 4290 de
2888 4237 3068 4293 iisdem
3093 4239 3194 4295 diis
3219 4241 3324 4296 suis
3351 4241 3562 4298 dissen-

2427 4327 2652 4381 sionibus
2677 4328 2848 4383 adhuc
2887 4339 3098 4384 evertat.

2499 4460 2790 4503 ARTICULUS
2816 4462 3026 4504 PRIMUS.

1884 4588 1939 4650 D
1965 4575 2600 4650 Excutituruargttmentum
2639 4583 2874 4650 Arnohii,
2916 4585 3124 4650 petitum
3151 4599 3214 4637 ex
3240 4586 3449 4640 diversis
3471 4630 3484 4650 ,
3510 4598 3564 4642 et.

2031 4643 2298 4714 contrariis
2313 4645 2615 4714 ethnicorum
2639 4643 2953 4714 opinimlbus
2973 4649 3042 4714 de
3056 4649 3309 4714 Musarum
3345 4643 3560 4714 parenti-

2026 4704 2136 4771 bus,
2162 4707 2442 4771 conditione
2480 4716 2532 4771 et
2556 4704 2783 4771 agmero,
2819 4723 2878 4759 ac
2896 4711 2960 4761 de
2997 4712 3095 4762 diis
3132 4704 3486 4766 Novensilibus
3509 4724 3562 4766 et

2025 4766 2352 4830 Indigetibus,
2375 4772 2458 4820 ubi
2479 4769 2544 4819 de
2568 4770 2734 4820 λ’ΕοΘέ
2758 4766 2936 4824 morte.

2033 4913 2235 4984 Magna:
2263 4914 2598 4970 ethnicorum
2637 4915 2705 4970 de
2734 4931 2842 4970 uno
2868 4917 3168 4987 eodemque
3199 4919 3418 4975 numine
3447 4919 3558 4975 dis-

1959 5007 2236 5063 sensiones
2263 5009 2405 5062 aliud
2437 5007 2893 5063 evidentissimum
2924 5011 3162 5066 Arnobio
3205 5022 3390 5069 nostro
3432 5029 3560 5084 sup-

1959 5100 2198 5168 peditant
2253 5111 2654 5172 argumentum,
2708 5116 2814 5171 quo
2866 5102 2993 5156 Ialsa
3051 5103 3265 5160 illorum
3315 5109 3557 5164 omnium

1958 5193 2205 5248 divinitas
2223 5209 2406 5248 rursus
2429 5193 2777 5249 invictissime
2800 5193 3215 5252 demonstratur.
3231 5198 3364 5266 Quid
3385 5202 3553 5268 enim,

1959 5306 2162 5360 qua-so,
2195 5298 2339 5344 tanta
2369 5291 2452 5344 illa
2483 5288 2704 5345 dissidia
2736 5290 2876 5345 aliud
2913 5291 3157 5362 probant,
3195 5293 3297 5348 nisi
3337 5294 3557 5351 eosdem

1961 5384 2207 5439 ethnicos
2230 5382 2361 5436 nihil
2391 5383 2457 5438 de
2478 5399 2856 5454 quoquumque
2881 5384 2983 5440 deo
3011 5402 3110 5441 suo
3143 5385 3395 5442 habuisse
3420 5387 3557 5444 certi

1965 5485 2020 5531 et
2040 5477 2302 5543 eXptorati
2327 5476 2349 5528 ?
2374 5477 2489 5541 Quo
2517 5491 2646 5546 ergo
2670 5476 2790 5544 jure
2820 5492 2913 5531 eos
2947 5487 3212 5549 tamquam
3239 5495 3396 5536 veros
3427 5481 3559 5536 deos

1965 5569 2164 5631 eolcre,
2197 5571 2423 5639 precari,
2455 5580 2509 5624 et
2534 5569 2763 5624 adorare
2791 5580 3064 5640 poterant,
3093 5572 3163 5628 de
3189 5574 3384 5644 quibus
3426 5576 3561 5634 nihil

1968 5662 2308 5719 manifestum
2340 5674 2394 5720 et
2422 5663 2775 5719 ittdubitatum
2800 5679 3049 5735 umquam
3084 5682 3144 5723 se
3172 5669 3448 5739 accepisse
3472 5687 3564 5741 pa-

1969 5759 2075 5812 lam
2108 5756 2536 5828 profitebantur?
2561 5756 2691 5824 Quis
2719 5765 2900 5812 autem
2929 5775 3034 5814 non
3063 5761 3346 5817 mirabitur
3369 5775 3570 5832 quanta

1971 5857 2176 5915 l'uerint
2195 5854 2408 5912 illorum
2433 5854 2501 5910 de
2531 5853 2806 5911 Musarum
2836 5853 2989 5910 verbi
3040 5853 3214 5929 gratia
3257 5856 3575 5929 parentibus
