4166 6256
613 264 720 335 5⁵19

1817 256 2267 329 DISSERTATIQ
2302 256 2583 329 PRAEVIA

3795 254 3902 317 580

613 392 937 458 conditione,
958 394 1011 446 et
1026 401 1249 447 numero
1286 384 1513 443 divortia
1556 396 1765 454 pugnae,
1808 394 1862 438 et
1895 382 2187 437 contentio
2226 382 2277 447 Α
2301 380 2523 447 Quando
2547 388 2725 437 autem
2758 379 2950 438 Decius
2975 382 3208 453 seipsum
3239 397 3338 455 pro
3365 384 3623 443 Romanis
3663 386 3897 458 legioni-

614 488 743 541 nos?
773 486 1012 540 Mnaseas
1042 484 1256 552 quippe,
1284 481 1358 535 uti
1387 480 1460 535 ait
1493 479 1757 533 Arnobius
1809 476 2064 549 (Arnob.,
2108 475 2199 530 lib.

615 596 691 642 ιιι,
722 596 839 648 pag.
876 576 1034 647 121),
1068 576 1183 635 illas
1223 590 1285 631 ex
1312 572 1465 627 C(elo
1489 582 1542 626 et
1572 570 1807 631 Tellure.
1839 569 1928 623 alii
1967 584 2034 625 ex
2073 567 2205 625 Jove

613 682 666 726 et
687 672 941 733 Memoria
972 670 1055 725 vel
1078 668 1254 723 Mente
1276 677 1422 727 ortas
1452 665 1618 721 fuisse
1649 663 1999 725 tradiderunt.
2031 662 2205 732 Aliqui

612 780 704 825 eas
727 764 957 835 virgines
978 763 1182 823 dixere,
1212 763 1297 817 alii
1328 770 1558 820 matres;
1591 759 1687 817 has
1705 756 1956 826 Ephorus
1983 769 2206 811 numero

614 870 746 920 tres,
773 856 1016 913 Mnaseas
1037 864 1282 924 quatuor,
1315 851 1573 923 ilyrtillus
1594 860 1821 921 septem,
1851 848 2039 905 Crates
2062 858 2204 915 octo,

614 962 667 1006 et
692 949 955 1007 IIesiodus
996 962 1209 1011 novem,
1238 960 1465 1015 quarum
1509 943 1726 998 nomina
1774 940 2077 1011 singulatim
2124 955 2208 996 re-

612 1054 817 1103 censet.
852 1043 1072 1099 Servius
1101 1051 1278 1101 tamen
1304 1038 1402 1093 has
1429 1052 1618 1092 omnes
1660 1036 1901 1091 diversas
1924 1034 2209 1105 opiniones

613 1137 679 1191 ad
706 1147 814 1195 tres
833 1134 1169 1207 potissimum
1198 1130 1426 1201 redigit:
1458 1147 1477 1180 (
1507 1129 1704 1190 Musas,
1737 1146 1757 1177 ›
1786 1127 1974 1196 inquit,
2007 1144 2026 1177 ι
2055 1123 2209 1180 multi

615 1245 827 1293 novem,
880 1227 1027 1285 multi
1073 1234 1216 1289 octo,
1249 1224 1399 1278 multi
1429 1231 1635 1290 septem
1666 1220 1936 1277 dixerunt.
1974 1236 1995 1270 ι
2025 1217 2096 1273 At
2123 1217 2209 1271 Ci-

617 1338 744 1377 rcro
766 1322 1072 1391 expressius
1092 1319 1251 1372 docet
1280 1316 1478 1386 primas
1495 1324 1727 1384 quatuor
1750 1311 1883 1367 Jove
1903 1311 2094 1377 altero,
2125 1323 2210 1365 se-

614 1414 815 1469 cundas
842 1413 974 1468 Jove
998 1411 1173 1477 tertio,
1210 1410 1327 1463 sive
1352 1407 1591 1462 Cretensi
1620 1411 1674 1463 et
1708 1403 2075 1473 Mnemosyne,
2105 1412 2211 1456 ter-

614 1509 715 1563 tias
731 1507 863 1562 Jove
887 1507 1066 1571 tertio,
1089 1514 1143 1559 et
1165 1503 1390 1572 Antiopa
1412 1511 1578 1563 ortas,
1597 1515 1722 1570 quas
1744 1496 1997 1559 Pieridas,
2020 1495 2210 1565 inquit,

614 1610 668 1657 et
691 1601 895 1661 Pierias
924 1598 1099 1653 solent
1130 1605 1300 1664 poetae
1326 1594 1593 1663 appellare
1630 1589 1787 1664 (Cia,
1811 1588 1898 1644 lib.
1924 1604 1981 1644 ιιι
2002 1589 2066 1642 de
2096 1586 2211 1643 Na—

615 1706 720 1750 tur.
751 1694 916 1758 deor.,
950 1708 1068 1762 pag.
1096 1689 1224 1755 247,
1248 1690 1340 1742 lin.
1372 1685 1486 1758 41).
1516 1685 1623 1742 Sed
1667 1684 1783 1738 haec
1804 1683 2025 1754 quaestio
2054 1681 2214 1751 longe

2305 474 2403 527 bus
2434 474 2667 539 dev0vit,
2700 474 2820 529 illos
2847 489 2967 529 cum
2998 476 3237 545 pluribus
3257 477 3378 531 aliis
3397 521 3412 543 ,
3440 487 3575 534 teste
3603 477 3789 543 Livio,
3819 477 3901 532 sic

2306 566 2630 635 imploravit,
2662 575 2716 621 et
2744 567 3044 623 obtestatus
3086 579 3205 627 est:
3236 589 3255 623 ι
3293 570 3407 624 Divi
3436 569 3779 635 Novensiles,
3823 568 3904 629 dii

2306 658 2590 731 Indigetes,
2622 660 2727 715 divi
2759 676 2984 731 quorum
3011 672 3247 732 potestas
3273 672 3601 732 nostrorum,
3636 664 3905 721 hostium-

2307 769 2410 823 que
2444 773 2461 804 ι
2496 751 2669 821 (Litt,
2700 754 2788 808 lib.
2816 770 2942 818 νιιι,
2975 771 3092 825 cap.
3122 755 3200 829 9).

2380 844 2650 903 Manilium
2683 862 2811 901 vero
2848 850 2978 903 citat
3019 847 3194 903 adhuc
3224 849 3492 907 Arnobius
3516 849 3758 922 (Arnob.,
3802 852 3904 907 loc.

2309 942 2447 1012 cit.),
2485 944 2575 1012 qui
2601 926 2814 1012 quidem
2849 944 3012 1003 hosce
3037 948 3187 1009 deos,
3220 947 3359 1003 sicut
3386 946 3527 1008 Piso,
3552 961 3746 1003 novem
3787 961 3907 1003 esse

2309 1035 2670 1103 existimabat,
2703 1036 2799 1091 sed
2828 1037 3022 1107 quibus
3040 1038 3172 1094 solis
3199 1037 3404 1107 Jupiter
3430 1039 3667 1095 fulminis
3691 1039 3907 1109 suijac-

2311 1127 2458 1182 tandi
2485 1126 2739 1195 detulerit
2768 1138 3109 1198 potestatem.
3146 1130 3387 1201 Denique
3412 1131 3655 1186 nonnulli
3678 1132 3908 1187 arbitra-

2310 1221 2506 1281 bantur
2537 1222 2658 1293 illos
2686 1238 2752 1277 ex
2780 1223 3088 1279 hominibus
3129 1223 3299 1279 factos
3331 1238 3452 1280 esse
3477 1223 3608 1287 deos
3633 1266 3649 1292 ,
3681 1228 3866 1295 quales
3884 1268 3905 1295 ,

2311 1312 2483 1384 inquit
2502 1314 2772 1370 Arnobius
2793 1356 2807 1379 ,
2837 1322 2994 1370 erant
3020 1314 3306 1383 Hercules,
3334 1315 3592 1375 Romulus
3612 1360 3628 1384 ,
3658 1315 3908 1377 Escula.

2314 1406 2452 1475 pius,
2475 1405 2636 1461 Liber
2656 1416 2709 1462 et
2734 1405 2956 1463 Aineas.
2979 1408 3042 1461 Et
3060 1407 3188 1461 illud
3207 1406 3422 1478 quidem
3457 1408 3540 1463 his
3559 1407 3912 1475 confirmatur

2315 1500 2488 1557 Servii
2516 1502 2691 1567 verbis
2722 1519 2736 1556 :
2773 1519 2791 1552 ι
2831 1502 2971 1561 Sane
3000 1502 3217 1571 quidem
3250 1509 3465 1567 veteres
3496 1501 3618 1561 illos
3644 1502 3779 1567 deos
3808 1500 3910 1555 Νοο

2314 1595 2548 1649 vensiles
2571 1595 2776 1667 dicunt,
2808 1596 3001 1667 quibus
3047 1595 3234 1651 merita
3266 1595 3482 1657 virtutis
3519 1594 3768 1673 dederint
3814 1610 3911 1649 nu-

2316 1690 2477 1744 minis
2505 1690 2817 1760 dignitatern
2846 1708 2864 1741 ι
2925 1689 3122 1761 (Serm,
3154 1690 3209 1744 in
3247 1688 3336 1759 lib.
3366 1704 3459 1743 vnt
3506 1681 3744 1757 zEneid"
3775 1703 3914 1749 vers.

617 1786 786 1842 fusius
813 1785 881 1840 ab
907 1784 1043 1838 Lilio
1070 1781 1288 1836 Giraltlo
1321 1778 1575 1848 peculiari
1595 1777 1662 1831 de
1691 1776 1855 1841 Musis
1878 1784 2215 1845 syntagmate
2244 1770 2293 1842 Β
2321 1782 2442 1847 187,
2481 1800 2600 1854 pag,
2631 1783 2781 1853 498),

619 1889 875 1934 tractatur
927 1875 1184 1949 (Girald.,
1233 1884 1487 1944 synlagm.
1518 1874 1580 1924 de
1628 1869 1814 1932 Musis,
1864 1885 1983 1940 pag.
2023 1868 2122 1925 551
2171 1876 2218 1921 ει

617 1974 803 2044 seqq)
834 1972 938 2028 Nos
964 1985 1091 2026 vero
1116 1971 1182 2023 de
1213 1969 1275 2025 iis
1302 1967 1413 2037 jam
1439 1964 1637 2035 aliquid
1658 1963 1787 2037 alibi
1811 1962 2116 2032 adtigimus.
2149 1962 2220 2033 At

616 2077 763 2123 certe
807 2066 954 2127 vides
1002 2070 1258 2133 quantum
1289 2061 1355 2114 de
1406 2061 1593 2113 harum
1641 2057 1907 2121 Musarum
1954 2069 2214 2127 numero,

620 2166 954 2238 parentibus,
983 2175 1038 2219 et
1060 2162 1367 2219 conditione
1391 2173 1495 2213 non
1528 2155 1718 2217 infimi,
1746 2154 1839 2211 sed
1869 2153 2087 2223 majoris
2116 2153 2218 2206 uti-

619 2277 724 2329 que
752 2256 982 2313 nominis
1022 2256 1314 2322 scriptores
1359 2248 1558 2303 ethnici
1606 2248 1744 2301 inter
1769 2261 1830 2302 se
1855 2244 2215 2311 digladiaren-

619 2354 866 2422 tur(lont.
895 2364 915 2403 ι
955 2349 1231 2417 Apparal.,
1262 2359 1378 2413 pag.
1397 2340 1544 2409 820).
1574 2339 1835 2407 Quoniam
1868 2338 2029 2408 igitur
2059 2336 2218 2397 modo

621 2445 675 2499 hi
703 2443 896 2511 aliique
921 2456 1035 2506 eas,
1064 2438 1166 2493 sibi
1197 2451 1302 2491 non
1331 2435 1462 2491 satis
1489 2433 1752 2503 Cognitas,
1777 2441 1831 2487 et
1860 2430 1989 2487 deas
2013 2429 2213 2495 dicere,

618 2546 672 2592 et
702 2536 823 2591 illas
852 2535 1107 2589 invocare
1135 2526 1415 2599 poterant?
1674 2578 1675 2581 η

690 2632 875 2699 Neque
894 2629 1068 2683 minor
1095 2624 1335 2696 profecto
1371 2630 1489 2678 erat
1511 2622 1723 2679 illorum
1753 2618 1819 2681 de
1838 2617 2218 2685 Novensilibus

620 2729 741 2791 diis,
773 2737 1067 2794 eorumque
1110 2719 1538 2775 nomenclatione
1564 2725 1620 2772 et
1644 2728 1887 2785 numero,
1918 2728 1980 2769 ac
1997 2711 2220 2783 proinde

619 2824 685 2876 de
726 2820 937 2875 illorum
982 2815 1262 2870 divinitate
1304 2809 1693 2865 controversia.
1722 2805 1948 2874 Quidam
1999 2805 2143 2863 enim
2186 2818 2217 2858 a

621 2912 913 2968 novenario
950 2921 1198 2973 nurnero,
1228 2906 1320 2975 qui
1360 2912 1420 2959 ut
1448 2903 1642 2959 citatus
1663 2899 1731 2956 ab
1761 2898 2001 2971 Arnobio
2044 2896 2218 2953 Varro

623 3006 837 3062 tradidit
865 3006 1102 3071 (Arnob.,
1137 3001 1225 3055 lib.
1269 3015 1355 3065 ut,
1389 3015 1507 3069 pag.
1540 2995 1686 3064 122),
1724 2995 1777 3051 in
1809 2990 2088 3049 movendis
2133 3005 2220 3047 re-

621 3102 721 3156 bus
767 3096 1172 3168 potentissimus
1200 3093 1449 3156 habetur,
1476 3092 1553 3145 sic
1578 3086 1985 3159 cognominatos
2024 3099 2217 3142 cense-

2390 1877 2545 1942 Quod
2586 1893 2717 1933 vero
2757 1877 2824 1933 ad
2868 1887 3195 1945 memoratos
3240 1878 3317 1939 ibi
3353 1878 3421 1943 ab
3464 1887 3687 1943 auctore
3720 1885 3918 1935 nostro

2319 1968 2631 2037 Romulum,
2665 1968 3044 2040 IEsculapium
3072 1981 3127 2031 et
3152 1972 3408 2035 Liberum
3447 1980 3693 2042 spectat,
3732 1971 3803 2028 de
3849 1971 3917 2026 iis

2318 2077 2477 2131 supra
2511 2063 2885 2119 disseruimus.
2920 2064 2994 2120 De
3015 2062 3117 2120 deo
3134 2074 3313 2121 autem
3339 2081 3471 2121 sane
3499 2064 3762 2135 prteclaro
3784 2062 3919 2121 Her-

2319 2156 2439 2231 cule
2471 2155 2584 2219 haec
2613 2156 2805 2217 Cicero
2835 2158 3062 2229 tradidit
3087 2177 3100 2211 :
3142 2176 3161 2209 ι
3195 2160 3346 2226 Quos
3367 2159 3436 2213 ab
3456 2157 3769 2227 hominibus
3799 2170 3921 2227 per-

2319 2249 2532 2307 venisse
2562 2249 2696 2313 dicis
2718 2250 2785 2315 ad
2815 2251 2981 2321 deos,
3016 2259 3070 2305 tu
3114 2249 3315 2311 reddes
3355 2252 3624 2307 rationem
3649 2247 3920 2321 quemad-

2321 2344 2541 2409 modum
2569 2344 2710 2401 idem
2741 2343 2856 2401 fieri
2889 2346 3154 2416 potuerit,
3182 2356 3275 2403 aut
3305 2362 3402 2401 cur
3428 2345 3543 2401 ﬁeri
3583 2344 3838 2410 desierit,
3863 2350 3922 2399 et

2319 2452 2422 2510 ego
2448 2437 2656 2501 discam
2680 2438 2938 2499 libenter.
2962 2439 3246 2508 Quomodo
3262 2456 3406 2501 nunc
3433 2439 3656 2510 quidem
3674 2448 3780 2505 est,
3810 2452 3923 2494 non

2319 2531 2477 2587 video
2505 2547 2611 2601 quo
2643 2542 2805 2602 pacto
2849 2532 2973 2599 ille,
3018 2533 3231 2589 scilicet
3274 2532 3566 2600 Ilercules,
3611 2532 3664 2587 in
3698 2532 3924 2591 domum

2321 2632 2579 2678 :eternam
2629 2624 2796 2692 patris
2837 2624 2919 2678 sui
2967 2624 3283 2695 pervenerit
3316 2643 3334 2678 ι
3393 2622 3569 2696 (Cia,
3613 2623 3704 2691 lib.
3752 2631 3809 2679 in
3858 2624 3927 2678 de

2322 2714 2514 2771 Natur.
2544 2718 2713 2779 deam,
2746 2734 2864 2788 pag.
2896 2716 3021 2785 245,
3055 2718 3149 2773 lin.
3181 2719 3251 2779 58
3268 2718 3310 2787 λ.
3343 2716 3453 2773 Sed
3488 2719 3558 2772 de
3586 2717 3682 2777 illo
3711 2716 3927 2786 hacque

2324 2809 2561 2877 funesta,
2589 2810 2802 2880 deoque
2825 2810 3194 2880 indignissima
3218 2812 3337 2882 ejus
3359 2821 3534 2867 morte
3562 2826 3726 2881 supra
3750 2811 3928 2878 disse:

2320 2904 2530 2957 ruimus
2564 2901 2777 2974 (Supra,
2808 2919 2925 2974 cap.
2956 2903 3041 2968 12,
3067 2915 3167 2958 art.
3191 2904 3283 2976 '2).
3603 2884 3611 2893 ’

2395 2996 2657 3064 Superest
2692 2999 2914 3067 quintus
2949 2996 3018 3059 ad
3055 2996 3300 3053 Arnobio
3333 2997 3641 3068 appellatus
3677 2995 3881 3053 Encas
3906 3034 3928 3065 ,

2321 3103 2481 3159 quem
2510 3090 2844 3159 Augustinus
2872 3089 3046 3145 tribus
3070 3092 3229 3149 annis
3257 3091 3312 3146 in
3339 3091 3493 3159 Latio
3525 3105 3785 3163 regnasse
3811 3099 3929 3146 tes-

622 3149 783 3252 bant:
800 3189 893 3244 alii
911 3204 938 3240 a
957 3187 1194 3243 novitate
1215 3199 1416 3247 rerum,
1447 3182 1640 3252 quibus
1661 3196 1754 3235 eos
1780 3191 2010 3248 praeesse
2035 3178 2220 3246 opina—
2244 3149 2290 3215 ε
2327 3184 2562 3240 tilicatur
2590 3203 2602 3238 :
2638 3184 2736 3247 sed
2760 3200 2881 3239 cum
2908 3193 3094 3255 postea
3127 3186 3181 3245 in
3223 3149 3438 3255 praglio,
3461 3149 3929 3258 sicui’Dionysins

621 3284 850 3345 bantur;
882 3279 979 3337 alii
1005 3279 1076 3334 ab
1104 3277 1209 3334 alio
1232 3275 1483 3331 novitatis
1506 3287 1727 3344 genere,
1759 3286 1866 3341 quo
1896 3269 2148 3329 videlicet
2187 3284 2217 3324 a

619 3375 931 3440 victoribus,
965 3383 1086 3443 puta
1115 3372 1392 3436 Romanis,
1424 3370 1501 3424 uti
1545 3368 1670 3425 alibi
1699 3366 1930 3425 vidimus
1958 3352 2217 3436 (Πίθωνι.

618 3472 671 3525 in
702 3461 925 3535 Minoa,
967 3485 1082 3538 cap.
1131 3465 1219 3531 16,
1248 3476 1345 3525 art.
1376 3463 1460 3536 2),
1491 3465 1542 3518 in
1583 3462 1745 3519 urbes
1785 3474 1912 3515 suas
1933 3474 1993 3517 ac
2021 3458 2220 3528 templa

619 3564 953 3637 adsportari,
1005 3578 1141 3618 nova
1186 3561 1571 3617 dedicabantur
1628 3556 2056 3613 consecratione.
2114 3552 2220 3609 Sed

622 3661 770 3730 plura
797 3659 864 3713 de
889 3657 1046 3727 hujus
1068 3656 1302 3711 nominis
1322 3653 1645 3726 etymologia
1669 3649 1897 3707 Vossius
1916 3658 1970 3705 et
1998 3649 2086 3715 alii
2112 3649 2222 3705 dis-

621 3761 811 3824 putant
841 3750 1045 3825 (νοω,
1072 3752 1127 3804 in
1153 3747 1473 3820 Elymolog.,
1504 3745 1728 3799 ad‘verb.
1756 3743 1942 3799 Novem
1964 3742 2003 3811 ).

693 3845 824 3901 Tant
850 3843 1182 3898 diversarum
1211 3852 1388 3895 autem
1420 3840 1731 3908 opinionum
1755 3837 1930 3891 varios
1953 3834 2221 3905 Arnobius

625 3939 843 4011 protulit
863 3937 1119 4001 fautores,
1142 3951 1204 3989 ac
1228 3936 1453 4021 primum
1477 3931 1689 4009 quidem
1711 3929 1982 3991 Pisonem,
2006 3929 2093 3997 qui
2124 3928 2221 3982 hos

628 4054 647 4086 ι
684 4050 803 4089 esse
830 4032 1001 4088 credit
1025 4045 1242 4095 novem,
1282 4048 1301 4081 ι
1336 4030 1406 4082 ita
1447 4028 1534 4081 ille
1575 4025 1839 4096 loquitur,
1873 4042 1892 4074 ‹
1926 4024 1980 4077 in
2011 4021 2222 4078 Sabinis

623 4126 762 4197 apud
788 4125 1036 4180 Trebiam
1061 4123 1381 4178 constitutos
1414 4139 1433 4173 ›
1462 4118 1713 4193 (Ανηοῡη
1738 4116 1838 4171 loc.
1862 4114 1997 4185 cit.).
2028 4111 2222 4169 Trebia

624 4228 804 4273 autem
827 4217 1021 4271 lIuvius
1041 4224 1249 4270 estnon
1278 4214 1509 4284 procula
1532 4210 1825 4273 Placentia,
1850 4210 1937 4279 qui
1962 4223 2028 4263 ex
2051 4210 2224 4277 Apen-

624 4315 772 4374 nino,
797 4320 855 4365 ut
883 4310 1098 4379 scripsit
1128 4307 1343 4371 Strabo,
1390 4306 1442 4359 in
1479 4304 1682 4360 Padum
1724 4301 1928 4358 incidit.
1956 4300 2037 4355 Ad
2082 4300 2223 4355 hunc

624 4420 786 4475 porro
817 4404 1034 4460 ﬂuvium
1062 4402 1292 4469 Annibal
1323 4399 1629 4470 Scipionem
1658 4395 1935 4452 consulem
1958 4437 1971 4459 ,
2002 4403 2062 4448 ut
2093 4409 2218 4447 naro

624 4508 705 4552 rat
734 4498 1007 4569 Polybius,
1031 4495 1182 4550 clade
1212 4494 1441 4548 maxima
1475 4491 1772 4561 proﬂigavit
1801 4488 2039 4562 (Strab.,
2069 4486 2155 4542 lib.
2187 4502 2220 4539 v

624 4591 833 4662 Ccogr.,
871 4607 990 4661 pag.
1012 4589 1150 4653 ‘217;
1186 4586 1392 4657 l’olyb.,
1413 4583 1503 4640 lib.
1532 4600 1590 4639 ιιι
1621 4572 1843 4649 Ηὶδιὸν.,
1876 4570 1998 4657 pag.
2028 4576 2153 4645 220,
2178 4587 2225 4633 et

620 4682 804 4756 seqq.)
837 4682 990 4739 Unde
1027 4682 1110 4736 hic
1155 4680 1354 4763 Lucani
1381 4688 1568 4763 cantus
1594 4675 1840 4761 (Lucam,
1868 4675 1956 4729 lib.
1991 4691 2048 4739 ιι,
2093 4690 2223 4729 vers.

620 4778 690 4833 48
720 4786 767 4831 et
786 4775 950 4847 seqq.)
983 4791 996 4830 :
1292 4758 1295 4763 V
1536 4758 1541 4765 ’
1634 4758 1635 4761 η
2046 4766 2049 4773 ’

714 4892 756 4943 Ο
781 4893 971 4942 misera:
995 4892 1159 4946 sortis,
1185 4890 1312 4954 quod
1336 4900 1433 4938 non
1457 4888 1709 4954 infunica
1735 4889 1837 4938 nati

713 4955 957 5019 Tempora
982 4949 1250 5021 Cannarum
1276 4954 1469 5015 fuimus,
1498 4952 1814 5015 Trebiaeque,
1837 4949 2088 5013 juventus.

692 5064 769 5119 De
795 5061 1170 5118 Novensilibus
1196 5074 1324 5115 vero
1350 5058 1451 5117 diis
1475 5059 1666 5113 citatus
1696 5056 1764 5117 ab
1783 5066 2001 5137 auctore
2029 5061 2213 5117 nostro

620 5157 793 5215 Varro
817 5158 931 5211 hanc
953 5154 1271 5210 brevissime
1299 5153 1513 5220 scripsit
1546 5170 1559 5206 :
1595 5169 1613 5202 ι
1648 5150 1925 5215 Ferronia,
1955 5147 2211 5215 Minerva,

620 5250 937 5315 Novensiles
963 5264 991 5301 a
1021 5246 1234 5302 Sabinis
1268 5263 1285 5295 ι
1320 5242 1529 5314 (vam,
1575 5244 1663 5299 lib.
1693 5259 1744 5296 tv
1789 5241 1852 5296 de
1896 5239 2047 5311 Ling.
2097 5239 2215 5305 ιω..

621 5336 1369 5413 pag.16;4rnob.,loc.cit.,
1417 5352 1536 5405 pag.
1588 5333 1740 5409 122).
1788 5336 1859 5403 At
1897 5331 2071 5401 Atlius
2098 5341 2221 5403 post

621 5433 882 5490 Granium
913 5433 1007 5486 hos
1053 5429 1226 5487 Musas
1278 5443 1399 5485 esse
1446 5427 1693 5498 opinatus
1736 5439 1849 5495 est;
1904 5424 2221 5484 Corniﬁcius

623 5544 749 5584 vero
795 5527 1084 5583 novitatum
1119 5522 1395 5594 praesides,
1429 5521 1648 5576 Cincius
1676 5536 1771 5576 eos
1809 5535 2019 5591 omnes,
2049 5520 2138 5593 qui
2190 5536 2221 5575 a

624 5620 935 5685 victoribus,
962 5621 1036 5675 uti
1060 5619 1219 5689 paulo
1245 5627 1369 5673 ante
1413 5616 1740 5681 monuimus,
1784 5614 1837 5679 in
1889 5613 2049 5670 urbes
2097 5629 2224 5685 suas

625 5722 957 5769 transvectos
984 5712 1231 5769 solebant
1259 5706 1565 5785 compendii
1593 5720 1779 5774 causa,
1807 5720 1871 5777 ac
1898 5723 1964 5761 ne
1988 5706 2111 5777 quis
2158 5708 2225 5775 ιι-

621 5805 797 5864 lorum
822 5804 1174 5872 omitteretur,
1210 5802 1312 5861 hoc
1333 5801 1705 5881 Novensilium
1731 5799 1948 5873 nomine
1966 5800 2225 5859 invocnri.

2328 3276 2804 3341 Halicarnasseus,
2849 3277 3065 3344 Livius,
3109 3288 3300 3337 auctor
3325 3294 3668 3349 anonymus,
3700 3279 3928 3343 Servius

2325 3379 2566 3438 narrant,
2611 3371 2921 3435 cecidisset,
2971 3387 3072 3431 nec
3111 3372 3388 3435 inventum
3422 3372 3615 3437 inisset
3647 3375 3768 3443 ejus
3801 3389 3931 3429 cor-

2326 3478 2443 3532 pus,
2475 3463 2795 3533 iactitarunt
2838 3462 2990 3521 illum
3036 3464 3107 3519 ad
3135 3464 3270 3523 deos
3312 3465 3542 3533 abiisse,
3577 3481 3642 3523 ac
3670 3467 3777 3537 ipsi
3806 3476 3935 3521 tan—

2323 3574 2484 3628 quam
2514 3557 2619 3617 deo
2659 3558 2727 3613 ad
2755 3556 2975 3623 Numici
3016 3558 3255 3621 ﬂuminis
3297 3560 3476 3629 ripas,
3523 3559 3617 3615 ubi
3657 3560 3714 3615 in
3748 3573 3932 3630 pugna

2324 3655 2538 3711 occisus
2563 3652 2772 3718 fuerat,
2806 3655 3063 3725 templum
3089 3655 3498 3729 aedificaveruut
3525 3672 3647 3713 cum
3677 3657 3778 3714 hac
3804 3658 3930 3715 ins-

2324 3748 2633 3817 criptione:
2671 3766 2690 3799 ‹
2733 3747 2882 3805 Patri
2931 3750 3034 3805 deo
3062 3749 3312 3820 lndigeti,
3352 3752 3446 3822 qui
3489 3750 3704 3808 Numici
3749 3754 3931 3809 amnis

2324 3839 2497 3899 undas
2541 3849 2811 3913 temperat
2848 3859 2868 3893 ι
2899 3840 3173 3912 (Augusl.,
3207 3842 3296 3901 lib.
3326 3858 3463 3898 xvm
3494 3844 3556 3898 de
3582 3842 3769 3912 Civi1.,
3802 3861 3923 3916 cap.

2332 3934 2400 3995 19
2431 3943 2477 3988 et
2522 3933 2629 3999 21,
2664 3950 2784 4004 pag.
2831 3933 2941 3991 502
2997 3944 3042 3989 et
3084 3935 3222 3999 505;
3273 3934 3495 4008 Diongs.
3538 3935 3751 4004 Halic.,
3782 3938 3872 3993 lib.
3909 3955 3931 3996 ι

2324 4031 2496 4103 Antig.
2550 4029 2802 4098 Romam,
2842 4048 2961 4103 pag.
3008 4032 3113 4098 52;
3144 4032 3282 4101 Liv.,
3331 4034 3421 4089 lib.
3468 4050 3486 4090 I
3526 4033 3750 4101 Ηίθεοι,
3777 4036 3932 4105 init.;

2323 4134 2547 4192 auclor.,
2580 4123 2670 4179 lib.
2705 4124 2771 4179 de
2807 4124 2952 4196 Orig.
2983 4136 3118 4196 gem.
3154 4143 3281 4179 rom.
3312 4168 3327 4191 ,
3359 4142 3481 4198 pag.
3522 4129 3662 4193 598;
3695 4127 3834 4187 Serv.
3869 4131 3933 4184 in

2325 4217 2414 4271 lib.
2446 4232 2550 4281 xn;
2582 4215 2823 4283 ίΕηεὶὀη
2866 4233 2988 4289 pag.
3018 4216 3179 4290 702).
3205 4220 3279 4275 Ea
3307 4229 3534 4291 propter
3560 4220 3808 4281 Tibullus
3834 4235 3936 4278 ce-

2324 4312 2459 4367 cinit
2488 4329 2503 4364 ι

2419 4425 2636 4490 Impiger
2660 4424 2835 4483 Enen,
2860 4427 3111 4490 volitantis
3130 4428 3284 4480 frater
3308 4428 3506 4490 amoris,

2481 4489 2653 4541 Troica
2666 4491 2761 4553 _qui
2790 4489 3004 4553 profugis
3025 4504 3160 4541 sacra
3186 4493 3326 4540 vehis
3348 4494 3550 4542 ratibus.

2419 4549 2527 4617 Jat_n
2553 4553 2642 4602 tibi
2666 4549 2954 4602 Laurentes
2971 4553 3185 4615 assignat
3207 4552 3403 4617 Jupiter
3427 4569 3591 4617 agros,

2483 4612 2590 4679 ἸΙειιιι
2615 4622 2755 4664 vocat
2779 4624 3006 4679 errantes
3028 4612 3220 4679 hospita
3245 4612 3377 4666 terra
3405 4612 3575 4667 Lares.

2422 4673 2530 4725 lllic
2547 4684 2746 4726 sanctus
2770 4678 2890 4738 eris,
2915 4692 3022 4729 cum
3048 4686 3096 4728 te
3120 4673 3397 4729 veneranda
3422 4680 3619 4732 Numici

2486 4738 2623 4789 Unda
2645 4741 2793 4790 deum
2818 4739 2943 4790 cmlo
2967 4741 3162 4792 miserit
3184 4740 3477 4804 Indigetem.

3140 4824 3369 4889 (Tibull.,
3394 4822 3482 4877 lib.
3508 4841 3561 4889 ιι,
3590 4824 3725 4894 Eleg.
3755 4824 3825 4899 ξι.)

2325 4930 2539 4987 Tibullo
2577 4930 2818 4987 concinit
2856 4929 3078 4989 Ovidius
3099 4973 3115 5000 ,
3161 4932 3252 5002 qui
3282 4931 3353 4989 de
3386 4932 3580 4990 eodem
3609 4934 3779 5019 diues
3805 4932 3936 4991 haec

2327 5024 2548 5079 metrice
2565 5024 2726 5079 etiam
2749 5025 3059 5079 decantavit
3088 5042 3100 5078 :

2417 5135 2695 5213 bllstraturn
2721 5139 2939 5213 genitrix
2963 5138 3330 5213 divino_corpus
3353 5140 3505 5211 odore

2419 5198 2592 5261 Unxit,
2623 5207 2676 5249 et
2699 5198 2960 5260 ambrosia,
2984 5216 3093 5251 cum
3118 5198 3251 5253 dulei
3275 5211 3477 5253 nectare
3500 5204 3676 5259 mixta,

2419 5261 2635 5329 Contigit
2678 5276 2751 5329 os,
2776 5264 3011 5329 iecitque
3042 5266 3190 5329 deum
3216 5280 3398 5329 :quetn
3422 5269 3564 5316 turba
3587 5267 3777 5327 Quirini

2419 5325 2679 5390 Nuncupat
2702 5325 2998 5390 Indigetem,
3026 5325 3311 5392 temploque
3336 5330 3530 5391 arisque
3556 5325 3765 5393 recepit.

2999 5409 3187 5477 (0vid.,
3215 5409 3300 5463 lib.
3328 5428 3408 5491 xiv
3434 5416 3653 5477 Metam,
3678 5416 3701 5479 §
3726 5413 3822 5474 13.)

2402 5518 2602 5591 Verum
2635 5519 2705 5575 ibi
2732 5518 2938 5595 aﬂuens
2968 5534 2997 5574 a
3029 5518 3244 5575 Tibullo
3267 5530 3320 5575 et
3344 5519 3560 5593 O‘vidio,
3583 5518 3935 5593 quemadmo-

2331 5611 2457 5687 dum
2496 5628 2524 5665 a
2566 5612 2793 5685 Virgilio
2834 5612 3036 5684 (Virg.,
3081 5613 3170 5667 lib.
3208 5629 3281 5668 xu
3323 5612 3568 5683 IEneid.,
3620 5631 3727 5670 vers
3766 5612 3931 5680 794),

2332 5705 2578 5775 aliisque,
2606 5704 2718 5776 jam
2750 5721 2781 5762 a
2807 5706 2964 5762 nobis
2990 5706 3171 5762 citatis
3198 5708 3577 5783 scriptoribus,
3602 5723 3705 5763 non
3733 5708 3783 5761 in
3806 5704 3938 5773 No-

2335 5798 2644 5869 vensilium,
2677 5798 2771 5857 sed
2814 5800 3115 5876 Indigetutn
3154 5800 3386 5875 deorum
3417 5814 3642 5860 numero
3677 5799 3937 5889 poniturQ
