4158 6264
224 314 321 394 'sst

1470 334 1537 395 IN
1577 328 1951 406 ARNOBIUM,
1994 332 2145 393 CAP.
2188 328 2351 392 XVII.

3412 328 3517 387 582

220 458 286 509 At
309 461 462 509 certe
484 453 758 510 Arnobius
784 453 868 510 his
894 452 1023 510 alibi
1062 454 1405 524 subscripsit,
1435 455 1528 509 ubi
1566 454 1820 509 eumdem
1849 466 1901 523 Α
1933 474 1952 508 ‹
1982 455 2125 510 Sane
2156 455 2260 509 hoc
2289 454 2409 508 loco
2436 450 2713 523 Virgilius,
2761 457 2977 507 secutus
3018 455 3259 504 veterum
3303 449 3515 518 opinio-

222 550 478 616 lEncam,
503 565 798 621 suppresso
821 559 1002 605 tamen
1027 550 1144 620 ejus
1173 550 1414 614 nomine,
1448 561 1501 603 et
1522 549 1658 603 alios
1689 549 1820 603 diros

222 644 299 699 sic
326 643 563 698 irridet:
600 662 621 696 ‹
653 643 921 715 Indigetes
950 645 1061 710 illi,
1089 646 1181 715 qui
1211 645 1408 699 ﬂumen
1440 654 1656 715 repunt,
1688 644 1819 698 etin

220 738 391 793 alveis
421 737 638 794 Numici
668 753 787 793 cum
822 740 990 795 ramis
1018 748 1073 794 et
1113 739 1389 811 pisciculis
1417 739 1619 810 degunt
1654 758 1673 791 ι
1702 736 1823 810 (Ar-

222 832 367 898 nob.,
391 831 482 886 lib.
515 848 553 898 t,
586 848 704 903 pag.
733 831 851 905 20).

293 924 482 994 Neque
500 926 591 978 alii
613 926 970 995 proculdubio
997 926 1069 981 illi
1097 925 1381 998 Indigetes,
1412 941 1572 997 quam
1606 925 1822 981 Noven-

222 1021 352 1075 siles
382 1019 459 1074 dii
492 1036 618 1075 esse
648 1021 918 1075 videntur.
952 1021 1083 1075 Nam
1115 1022 1271 1075 sicuti
1300 1022 1372 1075 ait
1402 1020 1651 1082 Servius,
1682 1039 1700 1070 ‹
1737 1020 1824 1075 In-

222 1114 437 1184 digetes
467 1114 687 1183 proprie
708 1122 835 1167 sunt
855 1113 927 1167 dii
951 1130 1017 1168 ex
1046 1113 1359 1168 hominibus
1388 1112 1551 1178 facti,
1586 1113 1739 1183 quasi
1770 1113 1823 1167 in

222 1208 329 1264 diis
375 1218 601 1278 agentes
636 1226 654 1260 ι
698 1208 875 1280 (Serv.
917 1208 971 1262 in
999 1208 1088 1263 lib.
1121 1225 1136 1263 ι
1179 1210 1388 1281 Georg.,
1420 1225 1473 1280 p.
1512 1207 1628 1282 94).
1663 1206 1826 1263 Tales

223 1309 410 1356 autem
451 1310 607 1356 erant
645 1300 984 1368 Novensiles,
1029 1301 1098 1357 de
1136 1302 1329 1371 quibus
1379 1309 1606 1375 egimus.
1664 1300 1828 1356 Addit

224 1396 486 1461 Servius,
535 1413 557 1447 ι
598 1395 839 1452 Abnsive
878 1412 1069 1452 omnes
1106 1396 1179 1451 dii
1227 1398 1556 1468 generaliter
1601 1406 1829 1468 possunt

227 1491 330 1545 dici
351 1489 647 1560 Indigetes,
682 1501 935 1561 tanquam
977 1492 1172 1545 nullius
1200 1494 1278 1546 rei
1308 1501 1526 1563 egentes
1564 1512 1582 1544 ι
1615 1490 1822 1565 (Idem,

231 1584 285 1637 in
314 1584 403 1638 tib.
431 1599 507 1637 xit
550 1581 795 1646 £neid.,
832 1599 953 1657 pag.
989 1583 1141 1656 702).
1164 1586 1268 1641 Sed
1314 1585 1431 1642 haec
1475 1585 1693 1657 quidem
1735 1586 1828 1639 ille

235 1678 454 1732 uberius
479 1666 608 1731 alibi
640 1675 912 1731 edisserit.
959 1678 1263 1733 Macrobius
1292 1681 1455 1733 etiam
1492 1675 1724 1746 priorem
1766 1676 1827 1729 il—

236 1770 335 1824 lius
379 1771 801 1839 explicationem
851 1769 1071 1825 Hesiodi
1122 1771 1442 1825 auctoritate
1495 1772 1825 1824 cootirmat:

1927 565 2085 615 nem,
2130 549 2431 618 Neptunum
2471 557 2674 600 tantum
2703 587 2716 611 ,
2770 557 2824 600 et
2868 546 3166 615 Apollinem
3200 545 3514 598 nominavit.

1929 638 2184 691 Dicuntur
2207 642 2349 693 enim
2374 639 2426 693 hi
2454 640 2526 693 dii
2559 638 2781 693 Penates
2813 637 3005 700 fuisse,
3046 652 3180 707 quos
3216 650 3393 691 secum
3424 636 3517 690 ad-

1925 730 2075 782 vexit
2115 726 2314 784 !Eneas
2335 773 2349 794 ,
2379 731 2629 801 quamvis
2657 730 2884 785 diversis
2916 730 3049 783 locis
3079 728 3211 783 alias
3238 726 3519 797 opiniones

1924 824 2151 878 aliorum
2200 834 2421 879 secutus
2480 837 2640 895 poeta
2666 867 2680 889 ,
2721 824 2790 878 de
2831 823 2934 876 diis
2974 822 3264 877 Penatibus
3307 820 3519 877 diversa

1924 916 2119 971 dixerit
2154 936 2173 969 ι
2207 918 2441 987 (Servius
2466 961 2480 982 ,
2510 934 2628 988 pag.
2657 916 2764 970 272
2785 917 2824 985 ).
2866 914 3079 971 Videsis
3108 915 3357 968 eumdem
3396 914 3519 969 Ser-

1924 1009 2071 1063 vium
2099 1009 2202 1063 alia
2244 1010 2394 1080 plura
2436 1009 2563 1063 alibi
2598 1010 2665 1064 de
2687 1009 2875 1062 iisdem
2921 1005 3201 1060 Penatibus
3239 1005 3520 1076 disputan-

1927 1112 2035 1155 tem
2095 1101 2291 1170 (Idem,
2326 1103 2378 1156 in
2409 1103 2502 1158 lib.
2541 1119 2594 1169 ι,
2623 1118 2794 1157 versus
2823 1101 2969 1165 584;
3004 1112 3049 1154 et
3080 1102 3136 1154 in
3157 1099 3244 1155 lib.
3277 1115 3374 1163 ιιι,
3407 1115 3520 1154 vcr-

1924 1208 2010 1248 sus
2041 1195 2142 1249 M8
2170 1205 2215 1248 et
2246 1197 2397 1265 168).

1998 1290 2181 1343 Altera
2210 1288 2404 1359 Nigidii
2445 1289 2515 1345 de
2556 1288 2637 1342 bis
2671 1288 2776 1344 diis
2812 1287 3085 1357 Opinatio,
3131 1301 3292 1357 quam
3334 1292 3523 1341 auctor

1927 1389 2114 1434 noster
2144 1378 2576 1450 inexplicabilem
2602 1379 2755 1445 dixit,
2781 1395 2843 1434 ea
2876 1380 2992 1443 fuit,
3016 1394 3121 1449 qua
3151 1388 3381 1447 quatuor
3401 1391 3525 1431 esse

1926 1472 2148 1527 deorum
2198 1472 2475 1527 Penatium
2514 1488 2734 1544 genera,
2784 1483 2946 1541 atque
2992 1473 3130 1527 alios
3177 1470 3345 1539 lovis,
3386 1470 3526 1524 alios

1926 1564 2190 1636 Neptuni,
2221 1567 2357 1621 alios
2385 1567 2698 1629 inferorum,
2729 1579 2783 1621 et
2813 1567 3114 1620 mortalium
3145 1565 3424 1619 hominum
3453 1562 3528 1617 ul-

1929 1659 2090 1713 tintos
2120 1675 2241 1714 esse
2266 1660 2528 1729 garribat.
2553 1659 2907 1727 Quantumvis
2943 1670 3124 1715 autem
3160 1658 3402 1714 Arnobio
3425 1658 3525 1712 oh-

1927 1770 2085 1810 scura
2110 1755 2355 1808 videatur
2385 1755 2498 1807 hac
2515 1753 2707 1825 Nigidii
2727 1756 3024 1816 sententia;
3051 1752 3328 1807 videamus
3348 1760 3529 1806 tamen

243 1879 262 1913 ι
295 1862 560 1916 Hesiodus
589 1861 808 1925 divinae,
840 1880 860 1912 ι
891 1863 1064 1931 inquit
1095 1860 1378 1933 (Macrob.,
1409 1862 1534 1917 lib.i
1562 1863 1615 1914 in
1640 1860 1821 1916 Somn.
1855 1851 1903 1911 B
1932 1859 2109 1903 Illrtlln
2158 1849 2249 1902 lux
2294 1847 2472 1917 aliqua
2515 1850 2564 1902 ei
2615 1856 2846 1916 nequeat
2884 1846 3090 1901 afferri.
3142 1846 3217 1900 De
3246 1844 3528 1898 Penatibus

240 1955 404 2026 Scip.,
436 1973 556 2025 cap.
582 1959 637 2020 8,
669 1973 789 2027 pag.
822 1955 937 2021 52),
981 1956 1186 2011 sobolis
1219 1968 1480 2023 assertor,
1513 1959 1722 2028 priscos
1746 1972 1830 2009 re-

237 2062 327 2117 ges
354 2063 475 2103 cum
504 2048 611 2103 diis
636 2058 989 2114 annumerat;
1018 2050 1209 2119 bisque
1230 2051 1477 2119 exemplo
1506 2049 1707 2103 veteris
1735 2063 1831 2117 po-

243 2143 447 2195 testatis
467 2142 635 2196 etiam
673 2143 726 2196 in
756 2143 898 2198 coelo
926 2143 1147 2214 regendi
1179 2158 1269 2198 res
1298 2144 1563 2198 humanas
1589 2143 1831 2213 aSsignat

240 2233 491 2289 cilicium.
524 2234 592 2290 Et
624 2253 691 2291 ne
730 2238 817 2291 cui
850 2238 1190 2293 lastidiosum
1223 2237 1315 2304 sit,
1355 2238 1398 2292 si
1431 2252 1618 2294 versus
1649 2238 1829 2307 ipsos,

243 2334 299 2380 ut
320 2337 472 2397 poeta
495 2326 721 2384 Graecus
747 2330 996 2398 protulit,
1023 2330 1345 2386 inseramus.
1376 2330 1692 2386 Beferemus
1714 2346 1830 2396 eos,

245 2432 299 2476 ut
320 2436 385 2477 ex
414 2425 593 2479 verbis
621 2424 742 2494 ejus
769 2425 821 2477 in
855 2423 1018 2479 latina
1046 2426 1209 2479 verba
1231 2441 1490 2481 conversa
1518 2433 1643 2479 sunt
1672 2444 1685 2479 :

330 2534 583 2599 Indigetes
606 2537 708 2587 divi
730 2536 827 2586 fato
851 2538 1028 2587 summi
1050 2537 1185 2589 Jovis
1206 2539 1256 2588 hi
1280 2544 1412 2599 sunt,

332 2603 581 2663 Quondam
615 2601 859 2662 homines,
887 2603 1026 2650 modo
1049 2616 1158 2651 cum
1180 2606 1376 2663 superis
1398 2604 1607 2652 humana
1634 2609 1835 2652 tuentes

334 2661 476 2726 Largi
498 2676 552 2713 ac
576 2664 792 2714 munitici
811 2703 826 2726 ,
848 2661 928 2727 jus
949 2679 1123 2730 regunt
1148 2661 1276 2716 nunc
1295 2680 1495 2731 quoque
1517 2668 1664 2716 nacti.
1690 2683 1713 2710 ιι

240 2772 511 2828 Arnobius
553 2789 687 2829 vero
724 2784 910 2828 noster
942 2774 1040 2828 hos
1072 2773 1242 2829 fuisse
1278 2784 1560 2830 asseverat
1593 2773 1833 2829 crudeli-

242 2874 371 2930 tate,
404 2868 629 2935 stupris,
654 2865 965 2934 adulteriis,
999 2866 1322 2937 sacrilegiis,
1350 2876 1405 2921 et
1428 2866 1668 2921 caedibus
1694 2867 1834 2921 inia-

242 2971 354 3011 mes
380 2955 620 3028 (Arnob.,
643 2957 733 3011 lib.
762 2973 822 3023 ιι,
855 2973 976 3029 pag.
1000 2956 1113 3030 39).
1145 2957 1358 3014 Videsis
1382 2956 1683 3024 Giraldum,
1706 2958 1837 3014 Vos-

241 3050 398 3114 sium,
425 3048 884 3121 LescaIOpierium
916 3062 970 3106 et
990 3052 1127 3106 alios
1176 3051 1431 3121 (Girald.,
1476 3052 1750 3124 Syntagnt.
1781 3069 1833 3119 ι,

244 3162 294 3214 p.
328 3146 437 3212 15;
492 3144 664 3210 γωδ..
692 3148 747 3200 in
774 3145 1096 3219 Etgmolog.;
1136 3146 1364 3215 Lescal.,
1408 3149 1462 3201 in
1486 3146 1653 3203 Cicer.
1684 3149 1772 3203 lib.
1820 3164 1837 3202 ι

1935 1955 2066 1995 vero
2097 1940 2212 1996 haec
2238 1950 2364 1994 sunt
2395 1939 2598 2010 Virgilii
2622 1939 2781 2009 paulo
2802 1949 2926 1994 ante
2940 1939 3088 1993 citati
3113 1938 3354 1992 carmina
3379 1954 3394 1992 :

2802 2053 2955 2103 Feror
2982 2052 3125 2103 exsul
3149 2054 3197 2101 in
3222 2051 3375 2101 altum

2024 2116 2144 2170 Cum
2166 2117 2330 2177 sociis,
2354 2123 2587 2178 natoque,
2612 2116 2901 2177 Penatibus,
2927 2126 2979 2167 et
3002 2118 3192 2179 magnis
3212 2117 3327 2166 diis.

2502 2203 2730 2271 (νήθει,
2756 2202 2840 2255 lib.
2865 2217 2918 2253 ιιι
2941 2202 3156 2263 Eadd,
3182 2214 3307 2252 vers.
3337 2202 3438 2263 12.)

1931 2316 2142 2386 Atquid
2169 2317 2220 2370 in
2252 2315 2351 2370 bos
2374 2330 2560 2370 versus
2586 2313 2966 2368 animadvertit
2993 2311 3244 2378 Servius,
3266 2311 3527 2375 animum,

1933 2412 1976 2464 si
2007 2412 2221 2480 placet,
2280 2410 2553 2479 paulisper
2593 2407 2981 2462 advertamns:
3019 2424 3038 2458 ι
3077 2407 3211 2471 Alii,
3251 2424 3269 2457 ι
3319 2405 3529 2474 inquit,

1940 2521 1960 2554 ι
1998 2517 2221 2573 magnos
2238 2501 2368 2556 deos
2384 2502 2618 2565 leum,
2644 2514 2707 2553 ac
2728 2499 2952 2553 Terram
2974 2506 3184 2568 putant,
3216 2511 3279 2551 ac
3308 2512 3403 2566 per
3430 2495 3535 2549 hoc

1933 2596 2120 2651 Jovem
2148 2605 2202 2649 et
2229 2593 2520 2649 lunonem.
2559 2593 2652 2649 Dei
2693 2592 2924 2647 Penates
2947 2608 2976 2645 a
2999 2590 3371 2647 Samothracia
3400 2589 3533 2644 sub-

1935 2688 2029 2743 lati
2054 2687 2121 2742 ab
2157 2685 2331 2741 {Enen
2352 2727 2367 2748 ,
2403 2685 2457 2739 in
2486 2685 2693 2741 italiam
2718 2684 2929 2739 advecti
2959 2693 3085 2738 sunt
3118 2701 3131 2739 :
3165 2682 3306 2738 unde
3339 2682 3534 2737 Samo-

1936 2781 2152 2833 thraces
2176 2779 2387 2848 cognati
2427 2778 2790 2832 Romanorum
2821 2791 2941 2831 esse
2966 2775 3252 2841 dicuntur;
3287 2791 3423 2845 quos
3453 2776 3536 2830 in-

1939 2883 2020 2929 ter
2049 2884 2245 2928 etetera
2288 2873 2410 2928 ideo
2439 2886 2662 2941 magnos
2694 2872 3005 2941 appellant,
3035 2870 3179 2941 quod
3206 2870 3274 2925 de
3308 2869 3533 2933 Lavinio

1939 2969 2184 3023 translati
2208 2967 2457 3033 Romam,
2487 2968 2572 3023 bis
2601 2967 2651 3020 in
2685 2966 2860 3021 locum
2882 2980 3039 3021 suum
3065 2964 3358 3030 redierint;
3390 2963 3535 3033 quod

1939 3060 2300 3129 imperatores
2322 3058 2377 3113 in
2404 3059 2707 3127 provincias
2724 3058 2869 3121 ituri,
2899 3058 3040 3125 apud
3064 3072 3159 3112 cos
3181 3058 3410 3129 primum
3436 3057 3538 3110 itit-

1940 3153 2246 3218 molabant,
2290 3152 2433 3227 quod
2464 3167 2652 3207 eorum
2683 3152 2899 3205 nomina
2930 3167 3090 3205 nemo
3128 3152 3353 3216 nesciat,
3391 3150 3539 3221 quod

242 3240 304 3292 de
324 3237 517 3294 Natat.
538 3240 706 3306 ileon,
735 3238 764 3312 §
788 3238 905 3307 62).
933 3241 1065 3308 Quis
1089 3256 1219 3310 ergo
1241 3242 1376 3295 terat
1400 3240 1708 3311 huiusmodi
1732 3242 1837 3297 lac-
1867 3237 1913 3301 C
1948 3253 2246 3315 prtesentes
2271 3247 2644 3301 sentiantur...
2665 3260 2802 3314 quos
2828 3246 3046 3300 immani
3071 3245 3286 3314 penitus
3313 3245 3364 3299 in
3391 3246 3538 3300 cultu

246 3339 328 3387 tos
351 3332 418 3387 ab
442 3331 754 3389 hominibus
775 3332 927 3397 deos,
951 3347 1180 3402 quorum
1204 3348 1303 3390 nec
1324 3343 1595 3404 parentes,
1622 3349 1721 3390 nec
1740 3336 1841 3390 ori-

243 3425 441 3495 ginem,
475 3440 574 3482 nec
593 3441 884 3482 numerum
908 3428 1324 3496 compererant?
1352 3427 1621 3499 Numquid
1650 3429 1703 3483 in
1741 3444 1837 3497 po-

247 3530 435 3578 testate
464 3522 741 3578 hominum
764 3532 848 3578 est
866 3523 987 3577 aliis
1010 3523 1246 3579 tribuere
1272 3521 1643 3580 divinitatem?

853 3654 1147 3695 ARTICULUS
1185 3656 1241 3695 II.

249 3782 400 3843 Quam
422 3785 564 3834 varia:
588 3781 773 3831 fuerint
797 3780 1052 3843 gentilium
1082 3780 1145 3830 de
1166 3780 1261 3829 diis
1284 3779 1570 3841 Penatibus,
1596 3778 1839 3829 Penetra-

312 3846 453 3907 libus,
476 3842 829 3898 Consentibus’,
871 3851 919 3893 et
945 3842 1270 3907 Conipliisilitis
1306 3844 1561 3907 Opiniones
1580 3882 1595 3903 ,
1626 3858 1683 3891 ac
1716 3856 1839 3904 quo-

312 3912 454 3960 modo
476 3912 589 3960 inde
614 3922 785 3959 eorum
806 3908 1035 3961 divinitas
1058 3914 1328 3957 evertatur.

318 4013 401 4069 Ad
450 4014 580 4068 deos
623 4023 846 4083 penates
872 4013 917 4068 si
947 4012 1173 4085 gradum
1223 4028 1343 4067 cum
1389 4025 1608 4069 auctore
1653 4026 1841 4069 nostro

246 4106 510 4162 iaciamus
539 4107 777 4179 (Arnob.,
804 4107 892 4161 lib.
923 4122 1003 4171 ιιι,
1030 4122 1150 4176 pag.
1185 4105 1332 4175 125),
1384 4122 1490 4160 non
1516 4108 1751 4161 minores
1773 4106 1841 4162 de

249 4204 348 4258 illis
368 4212 657 4258 occurrent
678 4202 1020 4257 ethnicorum
1047 4203 1198 4264 rixae,
1229 4215 1292 4255 ac
1312 4202 1706 4281 contentiones.
1734 4200 1840 4255 No-

248 4296 325 4351 bis
350 4296 618 4366 siqnidem
647 4296 885 4350 ostendit
921 4296 1092 4349 levem
1125 4310 1346 4364 prorsus
1388 4309 1541 4359 esse,
1573 4303 1627 4349 et
1658 4296 1841 4348 incon-

247 4403 480 4447 stantem
514 4388 705 4461 Nigidii
742 4391 808 4445 de
834 4391 942 4443 illis
974 4390 1317 4445 sententiam.
1358 4390 1585 4445 Etcerte
1608 4393 1839 4460 primum

248 4489 334 4543 ille
362 4489 582 4543 censuit
618 4486 837 4541 Penates
863 4486 994 4541 deos
1024 4486 1187 4541 fuisse
1217 4485 1521 4555 Neptunum
1548 4496 1603 4541 et
1641 4487 1842 4557 Apolli-

246 4599 389 4646 nem,
423 4582 517 4652 qui
548 4591 695 4650 pacta
722 4580 1051 4647 conditione,
1088 4589 1147 4634 ut
1184 4579 1308 4634 alibi
1354 4570 1580 4636 vidimus
1614 4576 1837 4652 (Supr.,
1868 4626 1923 4687 Β

246 4694 358 4746 cap.
382 4678 420 4732 4
444 4719 460 4743 ,
491 4687 586 4729 art.
620 4677 673 4746 l)
697 4717 712 4742 ,
746 4673 921 4744 Trojm
945 4689 1127 4729 muros
1155 4674 1413 4732 fecerunt.
1450 4675 1520 4730 At
1542 4674 1842 4730 Macrobius

246 4773 443 4827 asserit
475 4771 607 4824 hanc
634 4786 738 4824 non
774 4770 935 4825 modo
959 4769 1173 4840 Nigidii,
1205 4769 1297 4825 sed
1328 4769 1564 4825 Cornelii
1604 4786 1837 4840 quoque,

244 4863 540 4923 Labeonis,
568 4878 628 4918 ac
656 4862 863 4933 Virgilii
892 4863 1053 4918 fuisse
1077 4863 1404 4931 opinionem.
1438 4862 1538 4939 Ubi
1562 4863 1840 4917 enimvero

244 4959 310 5014 de
337 4959 451 5014 diis
485 4954 762 5011 Penatibus
788 4998 802 5021 ,
835 4940 962 5019 seu,
996 4966 1050 5011 ut
1082 4957 1172 5013 ille
1199 4956 1291 5018 ait,
1326 4954 1689 5011 Remanorunt
1719 4971 1837 5026 pro-

244 5051 398 5121 priis,
438 5049 696 5119 disputat,
731 5049 847 5117 haec
876 5049 1060 5103 scribit
1093 5066 1108 5103 :
1148 5067 1165 5099 ι
1200 5049 1439 5118 Nigidius
1476 5049 1540 5103 de
1568 5049 1671 5103 diis
1700 5051 1838 5104 libro

244 5142 468 5199 decimo
510 5159 649 5195 nono
679 5132 923 5212 requirit,
959 5158 1083 5196 num
1122 5141 1192 5195 dii
1236 5124 1487 5209 Penates,
1516 5141 1624 5194 sint
1652 5136 1837 5210 Troja-

247 5251 445 5291 nornm
478 5236 666 5304 Apollo
691 5245 746 5290 et
766 5232 1063 5304 Neptunus,
1090 5235 1178 5303 qui
1212 5250 1397 5288 muros
1419 5235 1496 5289 eis
1526 5233 1718 5289 fecisse
1756 5233 1841 5286 di-

246 5340 483 5386 euntur:
512 5338 564 5383 et
590 5345 715 5383 num
738 5342 834 5383 eos
857 5329 911 5383 in
931 5328 1135 5383 Italiam
1164 5327 1366 5383 Encas
1388 5329 1681 5383 advexerit.
1706 5326 1843 5381 Cor-

250 5422 426 5497 nelius
472 5436 682 5493 quoque
727 5420 905 5478 Labeo
932 5421 1070 5477 libro
1106 5420 1172 5476 de
1214 5421 1278 5475 iis
1324 5420 1614 5476 Penatibus
1654 5420 1840 5475 eadem

249 5518 549 5572 existimat.
578 5516 725 5571 Hanc
754 5517 1061 5587 opinionem
1094 5516 1336 5587 sequitur
1358 5515 1503 5569 Maro
1526 5531 1648 5569 cum
1678 5514 1837 5569 dicit:

352 5646 375 5673 ι
400 5627 485 5678 Sic
502 5629 645 5689 fatus,
669 5633 869 5681 meritos
890 5629 990 5679 aris
1012 5630 1251 5679 mactabat
1276 5629 1503 5687 honores,

345 5690 571 5744 Taurum
590 5693 838 5756 Neptuno,
867 5700 1057 5756 taurum
1081 5695 1170 5745 tibi
1195 5692 1398 5756 pulcher
1422 5691 1612 5756 Apollo.
1638 5707 1662 5737 ι

787 5753 1012 5822 (vagit,
1038 5752 1120 5805 lib.
1156 5752 1207 5805 ni
1231 5754 1445 5816 Δῐηεὶάη
1467 5752 1594 5807 'vers.
1622 5753 1752 5814 118.)

257 5866 326 5923 At
354 5863 464 5920 ista
489 5878 701 5938 quoque
720 5872 804 5921 est
821 5862 996 5921 Servii
1017 5864 1071 5922 in
1092 5864 1190 5923 hos
1210 5879 1397 5921 versus
1416 5861 1808 5923 animadversio
1831 5878 1844 5918 :

1944 3339 2144 3397 habent
2165 3382 2178 3401 ,
2208 3355 2346 3411 quos
2374 3341 2478 3395 nisi
2509 3341 2782 3403 sacerdoti
2811 3340 2996 3394 videre
3023 3338 3105 3395 fas
3133 3340 3265 3395 nulli
3293 3339 3390 3395 fuit
3409 3381 3424 3406 ,
3447 3340 3539 3409 qui

1941 3434 2064 3491 ideo
2088 3434 2316 3490 Penates
2334 3434 2696 3504 appellantur,
2715 3434 2929 3503 quodin
2960 3433 3324 3504 penetralibus
3341 3433 3538 3489 aedium

1939 3528 2062 3584 cmli
2091 3527 2337 3583 sedeant.
2374 3526 2506 3585 Nam
2540 3536 2595 3585 et
2622 3528 2794 3595 ipsum
2819 3527 3061 3597 penetral
3092 3540 3259 3595 penus
3275 3525 3537 3581 dicitur...

1944 3619 2113 3677 Varro
2145 3636 2333 3676 eorum
2365 3621 2493 3676 dicit
2518 3620 2747 3675 Penates
2782 3629 2838 3677 et
2873 3634 3096 3689 magnos
3122 3618 3276 3675 deos.
3305 3618 3438 3674 Nam
3482 3628 3539 3674 et

1942 3713 1992 3769 in
2013 3714 2129 3770 basi
2159 3713 2495 3770 scribebatur
2522 3730 2535 3765 :
2568 3712 2773 3768 MAGNIS
2794 3726 2920 3767 nus.
2950 3711 3137 3766 Potest
3165 3722 3341 3767 tamen
3366 3712 3541 3767 hocet

1941 3821 2040 3875 pro
2066 3806 2271 3861 honore
2299 3806 2423 3860 dici.
2454 3805 2587 3859 Nam
2614 3814 2669 3860 et
2693 3804 2764 3858 dii
2790 3807 2966 3874 magni
2997 3816 3155 3870 sunt,
3187 3803 3417 3875 Jupiter.
3445 3804 3540 3860 Ju-

1943 3913 2036 3964 no,
2070 3898 2332 3962 Minerva,
2364 3898 2694 3963 Mercurius,
2722 3897 2817 3966 qui
2841 3896 3026 3951 Roma:
3054 3897 3400 3962 colebantur;
3433 3897 3532 3951 Pe-

1943 4001 2097 4045 nates
2113 4005 2242 4045 vero
2268 3990 2409 4060 apud
2432 3988 2667 4046 Laurum
2688 3988 2991 4057 Lavinium,
3017 3988 3159 4044 unde
3184 4000 3407 4059 apparet
3431 4005 3539 4045 non

1942 4100 2063 4143 eSSe
2091 4101 2276 4140 unum.
2306 4104 2325 4137 ι

2015 4179 2207 4235 Totum
2231 4178 2374 4235 hunc
2402 4178 2577 4234 locum
2601 4179 2702 4233 etsi
2733 4176 2894 4247 paulo
2920 4176 3223 4246 longiorem
3248 4174 3370 4243 ideo
3393 4184 3542 4230 tran-

1944 4273 2293 4343 scripsimus,
2327 4272 2451 4342 quia
2486 4271 2613 4326 inde
2649 4279 2797 4340 patet
2824 4277 3084 4339 quantum
3122 4270 3262 4325 inter
3295 4270 3542 4349 ethnicos

1944 4371 2235 4436 scriptores
2265 4366 2334 4420 de
2378 4364 2482 4419 diis
2526 4363 2822 4421 Penatibus
2858 4364 3114 4419 varietur.
3162 4363 3365 4431 Deinde
3409 4380 3544 4419 vero

1944 4462 2189 4532 quaedam
2222 4461 2290 4517 ab
2326 4461 2567 4516 Arnobio
2605 4458 2802 4514 tradita
2831 4459 3034 4527 diserte
3074 4460 3163 4515 hic
3201 4472 3540 4517 asseruntur.

1944 4556 2294 4611 Communior
2320 4568 2499 4608 autem
2533 4554 2823 4617 sententia,
2857 4552 2943 4607 cui
2972 4569 3075 4607 non
3109 4562 3316 4609 tantum
3349 4553 3543 4618 Varro,

1947 4649 2043 4705 sed
2083 4650 2245 4703 etiam
2283 4649 2571 4719 Dionysius
2609 4647 3084 4713 Halicarnasseus,
3117 4647 3450 4717 Augustinus
3489 4655 3548 4702 et

1948 4743 2037 4797 alii
2077 4743 2460 4808 subscribunt,
2514 4740 2617 4795 fuit
2654 4741 2788 4795 deos
2828 4740 3055 4795 Penates
3096 4755 3190 4796 eos
3218 4755 3340 4801 esse
3364 4782 3379 4807 ,
3407 4752 3545 4809 quos

1947 4835 2147 4891 [Encas
2169 4852 2350 4890 secum
2382 4835 2433 4889 in
2480 4834 2685 4897 Italiam
2710 4834 3041 4902 adsportavit
3064 4832 3242 4903 (Van,
3273 4833 3362 4888 lib.
3404 4849 3456 4887 tv
3482 4831 3547 4885 de

1946 4928 2101 5000 Ling.
2127 4929 2244 4994 lat.,
2279 4945 2399 4999 pag.
2433 4929 2503 4984 55
2528 4944 2545 4991 ;
2574 4927 2794 4997 Dionys.
2845 4926 3022 4983 liulic.
3047 4968 3061 4992 ,
3097 4926 3188 4981 lib.
3232 4942 3252 4981 ι
3288 4926 3544 4997 Antiquit.

1945 5040 2102 5089 rom.,
2136 5039 2258 5093 pag.
2292 5022 2401 5084 54;
2442 5020 2662 5091 August.
2692 5059 2709 5086 ,
2753 5019 2842 5073 lib.
2890 5034 2923 5073 ι
2967 5019 3031 5073 de
3060 5016 3215 5077 Civil.
3240 5060 3255 5084 ,
3285 5035 3404 5087 cap.
3439 5018 3546 5082 i6,

1944 5133 2066 5186 pug.
2092 5115 2200 5189 252
2228 5116 2269 5183 ).
2304 5113 2464 5168 Addit
2492 5114 2711 5182 insuper
2741 5111 3026 5183 Dionysius
3054 5127 3083 5165 a
3115 5112 3328 5181 graccis,
3353 5111 3445 5182 qui
3470 5112 3548 5165 la-

1947 5210 2111 5263 tinam
2146 5223 2332 5262 vocem
2361 5220 2534 5277 grzece
2565 5204 2917 5260 reddiderunt
2952 5203 3051 5258 bos
3085 5204 3219 5258 deos
3253 5220 3285 5258 a
3316 5203 3551 5259 nonnul-

1949 5303 2015 5357 lis
2040 5305 2339 5378 Πατρὼους,
2389 5299 2458 5359 ab
2486 5299 2607 5354 aliis
2635 5300 2910 5373 γενεθλίους
2934 5339 2950 5365 ,
2996 5297 3027 5353 ὲ
3068 5298 3391 5370 quibusdam
3419 5320 3546 5358 κτη-

1953 5400 2099 5458 σίους
2122 5436 2137 5463 ,
2171 5396 2239 5450 ab
2263 5394 2379 5449 aliis
2398 5396 2629 5467 μυχίους
2650 5435 2664 5457 ,
2698 5403 2791 5447 aut
2814 5395 3029 5470 ἐρχὶους
3049 5392 3366 5462 appellatos.
3396 5391 3547 5447 Prm-

1947 5493 2097 5538 terea
2144 5497 2272 5537 vero
2307 5482 2525 5537 Cassius
2570 5481 2833 5544 ﬂemina,
2879 5498 2907 5534 a
2946 5480 3213 5536 Macrobio
3258 5478 3546 5546 laudatus,

1951 5575 2196 5644 perhibet
2232 5574 2448 5629 eosdem
2493 5575 2857 5629 Romanorum
2901 5572 3131 5651 Penates
3174 5574 3391 5642 proprie
3440 5572 3551 5628 dici

1949 5672 2092 5731 θεοὺς
2120 5656 2393 5744 μγάλὸυς,
2427 5672 2570 5730 Θεοὺς
2609 5671 2902 5746 χρηστοὺς,
2932 5670 3072 5728 θεοὺς
3103 5666 3350 5729 δυνατούς
3378 5669 3398 5736 (
3426 5664 3548 5721 Μα-

1951 5764 2127 5828 crob.,
2158 5764 2241 5819 lib.
2277 5780 2334 5818 ιιι
2366 5762 2664 5839 Saturnal.,
2688 5778 2803 5826 cap.
2829 5762 2884 5826 4,
2921 5776 3039 5831 pag.
3067 5758 3169 5814 5‘21
3200 5757 3243 5830 ).

2025 5856 2155 5926 Quis
2182 5866 2362 5914 autem
2390 5871 2456 5912 ex
2485 5856 2645 5911 dictis
2671 5855 2826 5931 laetlc
2854 5870 2963 5931 non
2992 5853 3256 5929 intelligat
3282 5868 3378 5911 cur
3401 5852 3549 5929 Nigi-
