4166 6256
668 231 774 287 585

1917 226 2360 287 DlSSERTATlO
2399 226 2679 286 PRZEVIA
3849 233 3934 292 584

669 348 810 415 dius,
833 347 902 403 ab
927 344 1167 402 Arnobio
1185 345 1383 402 citatus
1414 345 1642 417 (Arnob.
1667 387 1682 413 ,
1711 345 1799 400 tib.
1831 360 1924 413 ιιι,
1956 364 2074 416 pag.
2107 344 2258 416 125),
2289 347 2341 407 Α
2368 359 2466 400 nos
2489 360 2715 414 quorum
2746 345 3010 417 imagines
3027 345 3095 403 ad
3124 346 3297 406 forum
3317 357 3524 406 auratae
3550 357 3698 407 stant
3716 365 3813 408 sex
3833 369 3931 408 ina-

670 441 935 511 putaverit
959 438 1146 495 Jovem
1175 451 1266 494 aut
1307 437 1610 509 Neptunum
1655 437 1786 493 deos
1825 454 1945 494 esse
1988 437 2256 494 Penates?

668 535 800 603 Quis
820 535 962 589 enim
999 550 1105 590 non
1135 533 1278 589 videt
1313 532 1412 588 llos
1441 550 1470 588 a
1503 532 1694 589 Servio
1733 532 1864 587 deos
1905 547 2126 603 magnos
2155 547 2254 586 vo-

593 677 604 684 .
665 628 812 683 cari?
839 625 977 682 Nulli
1001 637 1179 683 autem
1213 627 1408 681 mirum
1442 626 1608 681 videri
1637 625 1816 692 debet,
1853 626 1993 694 quod
2024 627 2254 681 subnec—

665 724 729 776 tit
764 720 905 776 idem
949 720 1208 793 Nigidius,
1238 720 1372 775 alios
1417 735 1538 776 esse
1582 720 1808 776 Penates
1860 720 2153 774 inferorum
2199 727 2256 775 et

665 814 971 868 mortalium
995 813 1291 878 hominum,
1328 815 1536 868 tametsi
1567 813 1618 867 id
1641 812 1779 868 adeo
1805 812 2103 866 luculenter
2129 825 2254 880 pro-

662 909 776 963 bari
810 919 1062 980 nequeat.
1091 908 1224 963 Nam
1257 907 1477 963 Servius
1507 917 1691 978 aperte
1725 905 1967 961 declarat
1995 903 2252 959 Penatum

662 1002 877 1058 nomina
919 1002 1120 1057 nemini
1167 1001 1330 1056 fuisse
1377 1001 1533 1070 plane
1571 1000 1802 1070 cognita.
1848 999 1916 1053 Et
1957 1013 2086 1053 vero
2130 997 2251 1068 quis

660 1098 883 1152 deorum
906 1139 921 1164 ,
948 1113 1084 1168 quos
1105 1111 1288 1152 secum
1311 1094 1512 1151 Encas
1535 1095 1725 1150 dt'tlllil.
1745 1137 1759 1158 ,
1788 1098 1926 1151 scire
1958 1093 2126 1164 potuit
2151 1107 2249 1147 no-

659 1205 784 1245 men
812 1200 866 1245 et
889 1188 1213 1244 numerum?
1237 1189 1351 1242 l'luc
1369 1186 1600 1251 accedit,
1632 1186 1773 1257 quod
1797 1187 1913 1257 ipso
1934 1185 2109 1241 adhuc
2129 1183 2248 1240 Ser-

658 1284 746 1338 vio
773 1292 1064 1339 attestante
1084 1325 1097 1347 ,
1142 1283 1342 1339 nemini
1375 1282 1476 1336 nisi
1518 1281 1789 1338 sacerdoti
1831 1297 1928 1337 eos
1955 1280 2141 1337 videre
2167 1281 2247 1335 fas

656 1377 775 1432 fuit.
806 1377 998 1433 Paucis
1025 1392 1154 1448 ergo
1178 1375 1441 1446 comperti
1471 1391 1592 1432 esse
1622 1383 1889 1446 poterant.

727 1475 922 1532 Postea
952 1489 1083 1531 vero
1112 1473 1336 1530 Servius
1374 1489 1480 1529 non
1524 1473 1778 1528 admonet
1807 1488 1903 1528 eos
1947 1471 2244 1527 Penetrales

655 1569 870 1632 vocari,
900 1568 1041 1639 quod
1071 1569 1126 1623 in
1158 1566 1524 1636 penetralibus
1548 1566 1670 1621 coeli
1702 1566 1945 1621 sedeant.
1980 1566 2094 1633 Qua
2125 1566 2243 1636 qui-

654 1664 778 1720 dem
809 1664 876 1718 de
903 1663 1230 1735 etymologia
1272 1662 1350 1718 sic
1380 1662 1546 1717 sentit
1587 1662 1816 1717 Cicero:
1856 1680 1874 1713 ‹
1909 1659 2018 1716 Nec
2050 1661 2237 1731 longe,

2361 453 2468 505 res,
2516 449 2572 494 et
2619 453 2712 494 sex
2757 439 3009 504 feminae;
3057 443 3153 497 sed
3185 444 3305 499 illos
3343 443 3625 500 duodecim
3655 445 3820 511 deos,
3856 447 3934 516 qui

2359 530 2592 586 maxime
2619 531 2977 602 agricolarum
3005 533 3168 590 duces
3193 549 3351 590 sunt»
3383 536 3567 610 (Varr.
3589 579 3604 602 ,
3632 538 3721 592 lib.
3753 554 3770 593 ι
3794 541 3854 594 de
3871 538 3936 594 Re

2356 624 2533 677 rustic.
2558 665 2573 690 ,
2621 640 2739 695 cap.
2775 627 2795 680 1
2829 625 2874 697 ).
2904 626 3016 681 llos
3041 643 3174 683 vero
3213 629 3523 699 singulatim
3560 646 3659 686 suo
3685 648 3936 704 quemque

2356 717 2574 770 nomine
2601 717 2867 786 appellat;
2909 718 3119 784 Jovem,
3151 721 3447 786 Tellurem,
3480 722 3687 792 Solem,
3717 723 3929 793 Lunam,

2354 804 2646 872 Cererem,
2677 808 2932 864 Liberum
2959 854 2974 878 ,
3006 812 3271 884 Rohigum
3295 855 3310 878 ,
3345 813 3590 881 Floram,
3619 816 3930 883 Minervam,

2356 897 2622 955 Venerem
2646 941 2662 966 ,
2692 902 2988 972 Lynqiham
3015 914 3072 959 et
3097 905 3303 961 Bonum
3337 907 3622 963 Eventum.
3653 908 3723 964 At
3747 927 3814 966 ex
3845 909 3931 968 hac

2353 993 2470 1046 sola
2499 995 2778 1050 nominum
2807 998 3124 1054 recitatione
3153 999 3313 1056 facile
3340 1000 3610 1072 colligitur
3647 1003 3929 1058 Arnobium

2350 1085 2419 1142 de
2446 1088 2717 1157 prioribus
2754 1092 2970 1161 potius,
3019 1109 3177 1163 quam
3215 1096 3284 1149 de
3321 1094 3715 1165 p0sterioribns
3757 1095 3932 1154 fecisse

2348 1193 2682 1237 sermonem.
2719 1182 2799 1237 Illi
2830 1198 2962 1239 vero
2991 1185 3147 1255 primi
3186 1187 3261 1242 dii
3298 1186 3572 1243 Consentes
3597 1229 3613 1256 ,
3653 1204 3683 1243 a
3718 1191 3927 1260 quibus-

2345 1270 2468 1326 dam
2495 1273 2568 1327 dii
2605 1273 2768 1329 etiam
2800 1277 3054 1332 dicuntur
3091 1279 3358 1349 majorum
3386 1281 3662 1352 gentium,
3704 1299 3922 1352 quorum

2348 1369 2563 1424 nomina
2589 1369 2797 1427 duobus
2813 1370 2916 1446 {bis
2944 1373 3103 1429 Ennii
3130 1376 3375 1432 versibus
3401 1377 3779 1448 eXprimuntur
3807 1395 3820 1432 :

2438 1483 2586 1556 Juno,
2612 1484 2781 1556 Yesta,
2808 1486 3044 1556 Minerva,
3069 1488 3438 1556 Ceres,_D_iana,
3467 1490 3656 1556 venus,
3683 1492 3832 1556 Mars,

2438 1546 2729 1610 Mercurius,
2755 1548 2896 1610 Jove,
2920 1546 3194 1615 Neptunus,
3221 1546 3487 1616 Vulcanus,
3513 1546 3705 1618 Apollo.

2339 1651 2561 1725 Legesis
2587 1655 2862 1713 Giraldum
2887 1668 2942 1714 et
2964 1658 3234 1725 Vossium,
3263 1660 3354 1731 qni
3381 1661 3532 1730 plura
3555 1661 3622 1718 de
3653 1662 3755 1718 diis
3805 1662 3935 1719 Con-

655 1756 867 1828 inquit,
911 1757 1109 1812 absunt
1151 1755 1218 1810 ab
1259 1755 1356 1809 hac
1378 1755 1430 1808 vi
1461 1754 1532 1809 dii
1581 1754 1810 1810 Penates
1831 1795 1846 1818 ,
1899 1755 2014 1810 sive
2047 1770 2074 1807 a
2108 1769 2246 1822 penu
2275 1742 2324 1803 B
2349 1749 2574 1803 sentibus
2595 1749 2991 1806 adnotaverunt
3019 1750 3039 1824 (
3065 1750 3295 1821 Girafd.,
3324 1763 3580 1824 syntagm.
3617 1755 3667 1818 7,
3698 1771 3814 1825 cap.
3843 1759 3932 1822 13;

654 1850 816 1905 ducto
848 1851 1091 1915 nomine,
1119 1859 1203 1904 est
1227 1851 1371 1905 enim
1394 1865 1554 1905 omne
1572 1891 1587 1914 ,
1615 1865 1722 1921 quo
1745 1859 2036 1904 usecuntur
2065 1849 2246 1903 homi-

654 1958 771 2010 nes,
798 1958 1000 2013 penus:
1027 1942 1139 1998 sive
1167 1942 1236 1997 ab
1256 1957 1322 1997 eo
1347 1944 1489 2012 quod
1520 1942 1732 2012 penitus
1757 1943 2010 2007 insident,
2041 1959 2108 1997 ex
2138 1958 2246 2013 quo

650 2039 812 2093 ctiam
842 2037 1156 2093 Penetrales
1205 2054 1234 2091 a
1266 2039 1440 2108 poetis
1473 2048 1737 2093 vocantur
1773 2057 1791 2088 ι
1837 2037 2050 2110 (Cicer.,
2086 2038 2176 2092 lib.
2207 2054 2245 2093 ιι

653 2131 716 2185 de
747 2130 938 2184 Natur.
974 2132 1116 2185 deor.
1143 2175 1158 2198 ,
1193 2148 1314 2202 pag.
1349 2131 1474 2195 224,
1507 2133 1598 2184 lin.
1630 2133 1693 2186 15
1716 2131 1756 2201 ).
1789 2131 1924 2199 Quid
1954 2140 2130 2186 autem
2161 2131 2246 2185 bis

650 2226 809 2282 dictis
834 2226 1013 2296 aptius
1044 2236 1098 2281 et
1121 2227 1535 2281 Convenientins
1561 2225 1628 2279 ad
1646 2241 1706 2280 ea
1737 2226 2053 2295 cXplicanda
2083 2235 2246 2296 atque

647 2317 992 2384 stabilienda,
1019 2333 1138 2389 qua:
1167 2318 1510 2388 postmodum
1543 2317 1762 2374 tradidit
1784 2320 1989 2374 Auctor
2020 2329 2239 2373 noster:

655 2429 674 2462 ι
716 2410 917 2478 Varro,
951 2412 1039 2482 qni
1069 2421 1198 2466 sunt
1227 2412 1525 2479 introrsus,
1573 2419 1733 2482 atque
1766 2411 1816 2466 in
1842 2411 2047 2466 intimis
2083 2426 2244 2482 pcne-

649 2507 874 2561 tralibus
908 2506 1032 2562 cmli
1061 2507 1192 2563 deos
1222 2521 1343 2563 esse
1370 2515 1590 2573 censet,
1635 2521 1770 2576 quos
1807 2507 2113 2577 loquimur;
2145 2522 2245 2562 nec

647 2613 832 2653 eorum
861 2614 1166 2666 numerum,
1194 2615 1292 2656 nec
1323 2601 1544 2655 nomina
1566 2599 1715 2655 sciri.
1733 2617 1752 2652 ι
1780 2598 2021 2671 (Arnob.,
2047 2599 2137 2654 lib.
2160 2615 2241 2666 ιιι,

646 2710 769 2766 pag.
807 2693 958 2766 125.)

719 2789 798 2845 Ad
831 2789 948 2844 haec
973 2804 1103 2846 vero
1130 2790 1220 2846 ille
1254 2789 1445 2845 scribit
1475 2804 1584 2844 non
1613 2788 1882 2856 defuisse,
1925 2789 2018 2861 qui
2056 2789 2242 2845 existi-

648 2887 917 2942 tnaverint
953 2885 1175 2952 Jovem,
1218 2885 1519 2949 Junonem,
1566 2883 1895 2948 Minervam,
1945 2883 2078 2940 deos
2117 2899 2242 2940 esse

647 2975 905 3046 Pinates,
937 2980 1055 3035 sine
1079 2978 1273 3048 quibus
1303 2993 1402 3033 nec
1429 2977 1611 3033 vivere
1643 2992 1927 3048 possumus
1949 3018 1964 3044 ,
1999 2992 2098 3033 nec
2129 2979 2241 3047 spi-

645 3089 804 3138 rare;
835 3083 892 3127 ut
919 3082 1046 3144 pote
1071 3074 1163 3144 qui
1192 3076 1433 3139 ratione,
1466 3071 1646 3128 calore
1665 3113 1678 3137 ,
1709 3088 1772 3128 ac
1801 3073 1992 3142 spiritu
2022 3089 2119 3128 nos
2146 3089 2236 3127 re-

2358 1838 2527 1908 Voss.,
2553 1842 2640 1897 lib.
2673 1859 2692 1898 ι
2718 1845 2780 1898 de
2813 1842 2974 1916 Orig.
3007 1856 3056 1900 et
3081 1843 3271 1918 Progr.
3321 1846 3476 1912 MDL,
3505 1863 3620 1918 cap.
3658 1849 3726 1904 14
3751 1859 3796 1903 et
3822 1848 3935 1917 l7).

2418 1938 2523 2000 At,
2555 1936 2764 2008 inquies
2789 1977 2806 2005 ,
2848 1954 2946 1993 cur
2977 1937 3246 1994 Arnobius
3289 1938 3426 1995 dixit
3463 1940 3564 1995 hos
3605 1956 3713 1996 non
3755 1941 3926 1998 solum

2346 2027 2657 2094 Consentes,
2705 2031 2800 2086 sed
2847 2033 3007 2087 etiam
3055 2030 3338 2102 Complices
3385 2034 3694 2102 nominari,
3748 2034 3936 2092 Nonne

2346 2129 2494 2178 recte
2529 2121 2796 2178 Heraldus
2842 2124 3148 2194 suspicatur
3180 2125 3283 2181 hoc
3315 2127 3562 2182 ultimum
3594 2143 3792 2184 nomen
3819 2145 3938 2188 esse

2345 2216 2617 2285 glossema
2647 2206 3001 2287 superfluum,
3034 2235 3141 2290 quo
3173 2220 3453 2291 imperitus
3472 2222 3670 2292 aliquis
3701 2223 3936 2294 priorem

2344 2323 2531 2365 vocem
2581 2308 2854 2366 Consentes
2900 2312 3172 2380 explicare
3214 2312 3422 2367 voluit?
3469 2314 3576 2370 Sed
3624 2313 3719 2370 ille
3761 2325 3941 2373 tamen

2345 2401 2551 2457 addidit
2579 2419 2778 2459 nomen
2817 2402 3102 2476 Complices
3133 2405 3370 2475 potuisse
3400 2406 3467 2462 ab
3511 2405 3756 2462 Arnobio
3785 2407 3937 2463 adhi-

2348 2493 2464 2550 beri
2491 2535 2507 2561 ,
2540 2505 2599 2550 ut
2629 2496 2956 2566 signiﬁcaret
2985 2497 3150 2554 hosce
3178 2497 3312 2553 deos
3333 2539 3348 2564 ,
3378 2497 3468 2568 qui
3499 2500 3658 2554 simul
3688 2500 3935 2557 oriuntur

2344 2597 2398 2641 et
2423 2588 2712 2654 occidunt,
2757 2589 3078 2660 conjunctos
3124 2606 3266 2658 esse,
3319 2602 3373 2647 et
3415 2593 3740 2650 arctissimis
3778 2595 3938 2654 nodis

2343 2679 2647 2751 colligatos.
2694 2680 2841 2737 Bene
2877 2683 3117 2753 quidem.
3159 2683 3279 2738 Non
3317 2684 3551 2741 obscure
3594 2686 3740 2741 enim
3768 2688 3943 2744 Arno-

2344 2773 2465 2829 bius
2495 2775 2669 2830 innuit
2693 2775 2832 2831 hanc
2857 2776 3027 2847 ipsam
3055 2793 3178 2834 esse
3205 2778 3494 2848 rationem,
3524 2791 3751 2853 propter
3776 2799 3942 2852 quam

2344 2868 2400 2923 hi
2440 2869 2513 2924 dii
2541 2871 2609 2925 ab
2640 2869 2884 2926 Etruscis
2927 2871 3214 2937 Compfices
3250 2875 3612 2944 cognominati
3660 2885 3807 2931 sunt.
3853 2876 3940 2934 Eo

2343 2979 2506 3035 porro
2548 2980 2714 3021 sensu
2759 2981 2955 3022 nomen
2999 2965 3129 3020 illud
3174 2965 3244 3020 ab
3289 2965 3582 3024 Ambrosio
3631 2970 3938 3040 amipitur,

2345 3060 2433 3114 ubi
2461 3060 2713 3132 scripsit:
2749 3079 2768 3112 ι
2817 3059 3078 3131 Complex
3118 3060 3419 3118 honestatis
3456 3071 3541 3118 est
3579 3077 3796 3134 semper
3826 3066 3940 3119 uti-

644 3177 770 3238 gant
792 3131 830 3240 ⁷(
863 3131 1001 3222 Ibid.
1038 3131 1183 3239 )..At
1210 3169 1262 3222 in
1296 3131 1519 3238 hujusce
1551 3131 2234 3237 opinionis-defensionem

2344 3151 2497 3218 litas,
2527 3161 2581 3208 et
2611 3153 2854 3208 utilitatis
2879 3153 3156 3210 honestas.
3213 3173 3232 3206 ι
3283 3155 3302 3221 (
3330 3151 3566 3210 Ambros.
3595 3197 3610 3221 ,
3773 3172 3830 3212 ιιι
3881 3157 3946 3213 de

645 3261 736 3316 illa
767 3271 913 3317 recte
943 3261 1170 3333 proferri
1210 3272 1471 3332 possunt,
1503 3277 1624 3332 qua:
1657 3277 1688 3316 a
1719 3261 1992 3317 Macrobio
2033 3276 2237 3318 memo-

645 3355 743 3410 ria:
781 3356 860 3411 sic
893 3355 1103 3425 prodita
1136 3355 1364 3426 legimus
1396 3373 1410 3408 :
1445 3373 1464 3405 ι
1498 3355 1600 3424 Qui
1639 3354 1950 3424 diligentius
1989 3367 2238 3426 quaerunt

645 3447 928 3503 veritatem
947 3489 961 3513 ,
995 3447 1224 3502 Penates
1252 3462 1372 3504 esse
1400 3447 1688 3512 dixerunt,
1727 3462 1820 3517 per
1848 3461 1886 3520 (ι
1907 3462 1983 3502 IOS
2024 3449 2238 3518 penitus

646 3542 935 3621 spiramus,
961 3557 1055 3612 per
1079 3556 1214 3613 quos
1246 3541 1505 3597 habemus
1529 3556 1748 3612 corpus,
1783 3556 1879 3611 per
1905 3557 2042 3611 quos
2072 3525 2240 3597 ratio:

647 3650 770 3690 ncm
795 3634 1076 3690 habemus.
1116 3653 1135 3687 ι
1163 3632 1185 3708 (
1215 3632 1446 3689 Macrob.
1474 3675 1487 3698 ,
1537 3634 1626 3689 lib.
1659 3650 1717 3689 ιιι
1748 3633 1964 3690 Saturn.
1985 3675 2000 3700 ,
2033 3650 2148 3704 cap.
2179 3635 2234 3701 4,

651 3746 773 3800 pag.
799 3728 923 3784 521.
953 3727 974 3799 )

720 3822 803 3879 ΑΙ)
829 3822 893 3877 iis
928 3831 1106 3878 tamen
1147 3821 1506 3892 scriptoribus
1531 3821 1690 3893 plane
1721 3838 2051 3894 prorsusque
2076 3823 2238 3880 dissi-

646 3918 779 3974 dere
815 3917 1025 3974 videtur
1062 3919 1257 3973 citatus
1296 3921 1535 3988 posthaec
1563 3918 1631 3972 ab
1655 3931 1877 3974 auctore
1913 3930 2099 3974 nostro
2127 3920 2242 3975 Cas-

647 4007 803 4083 sins(
829 4009 1022 4066 Arnob.
1048 4053 1062 4077 ,
1095 4009 1183 4064 lib.
1213 4027 1270 4066 ιιι
1296 4053 1310 4078 ,
1338 4028 1457 4083 pag.
1491 4011 1595 4066 ηδ
1621 4012 1662 4084 ).
1695 4010 1916 4067 Penates
1943 4011 2084 4068 enim
2119 4027 2241 4068 esse

646 4104 815 4160 voluit
843 4104 1162 4170 Fortunam,
1184 4104 1462 4173 Cererem,
1495 4104 1726 4161 Genium
1745 4105 2030 4174 Jovialem,
2060 4116 2112 4162 et
2140 4107 2240 4162 Pa»

649 4197 754 4253 lem
801 4197 1107 4269 quemdam,
1158 4197 1306 4254 Jovis
1355 4200 1695 4267 ministrum,
1743 4217 1808 4256 ac
1847 4201 2111 4257 villicum.
2165 4202 2240 4258 De

650 4293 778 4349 Pale
798 4306 981 4349 autem
1011 4295 1259 4365 superius
1287 4296 1515 4366 egimus.
1547 4295 1687 4362 Quid
1714 4307 1892 4351 autem
1927 4298 2118 4352 mirum
2144 4337 2161 4365 ,
2194 4297 2238 4353 si

649 4385 873 4442 Penates
890 4403 1188 4459 eorumque
1210 4390 1430 4444 nomina
1455 4391 1680 4452 nemini.
1701 4401 1757 4445 ut
1776 4390 2236 4462 diximusfSupr.,

649 4497 767 4551 cap.
800 4480 886 4544 14,
919 4490 1019 4534 art.
1048 4481 1083 4535 2
1109 4479 1161 4552 ),
1195 4481 1442 4552 cognita,
1479 4481 1694 4552 quidam
1726 4483 1954 4538 aliorum
1986 4486 2234 4540 testimo-
2262 4523 2317 4584 Β

651 4575 742 4628 nio
781 4573 896 4628 fulti
924 4614 939 4636 .
991 4589 1210 4644 quoquo
1247 4573 1410 4630 modo
1450 4573 1690 4631 indicare
1739 4576 2101 4644 tentaveriut,
2146 4586 2240 4633 aut

651 4666 907 4723 finxerint
928 4665 995 4722 ad
1027 4666 1278 4723 libitum?

720 4759 886 4815 Docet
912 4758 1144 4830 denique
1173 4759 1444 4816 Arnobius
1481 4760 1704 4817 Penates
1741 4762 1871 4818 deos
1898 4763 1965 4820 ah
1993 4763 2235 4820 Etruscis

648 4854 923 4908 Conscntes
967 4863 1021 4908 et
1078 4852 1360 4922 Complices
1415 4855 1684 4910 nominari
1740 4854 1973 4929 (Ibid.),
2029 4872 2235 4928 sexque

647 4962 770 5003 esse
818 4960 998 5002 mares
1047 4945 1380 5018 totidemque
1427 4949 1690 5018 feminas,
1741 4951 1835 5006 sed
1895 4951 2092 5022 ignotis
2143 4966 2237 5006 no-

647 5041 912 5106 minibus;
965 5039 1056 5112 qui
1100 5049 1276 5094 tamen
1325 5040 1476 5098 Jovis
1517 5057 1641 5100 sunt
1687 5044 2014 5110 consiliarii,
2055 5060 2120 5100 ac
2163 5044 2235 5098 si-

645 5134 754 5188 mul
785 5145 838 5191 et
863 5136 1111 5191 oriuntur
1149 5147 1206 5193 et
1249 5137 1557 5193 concidunt.
1600 5137 1790 5194 Postea
1819 5151 1949 5192 vero
1983 5137 2234 5208 Angusti-

645 5243 746 5282 nus
780 5247 792 5284 :
819 5248 840 5282 ‹
873 5230 1012 5284 Deos
1035 5229 1360 5295 Consentes,
1396 5250 1415 5283 ι
1451 5232 1660 5302 inquit,
1713 5251 1732 5284 ι
1761 5231 1950 5287 dicunt
1974 5230 2026 5285 in
2055 5231 2234 5286 consi-

643 5323 772 5378 lium
818 5324 967 5380 Jovis
1001 5323 1246 5380 adhiberi
1287 5344 1305 5377 ι
1361 5324 1624 5399 (August.
1653 5369 1668 5394 ,
1715 5327 1808 5382 lib.
1849 5342 1902 5381 tv
1947 5329 2009 5380 de
2055 5324 2230 5393 Civit.,

642 5433 757 5490 cap.
792 5417 862 5474 52
887 5461 901 5487 ,
951 5436 1073 5491 pag.
1123 5420 1226 5475 104
1254 5418 1298 5489 ).
1331 5418 1505 5472 Varro
1543 5427 1719 5474 autem
1753 5421 1910 5475 initio
1944 5418 2028 5474 sui
2057 5419 2123 5475 de
2151 5419 2232 5474 Re

640 5513 841 5567 rustica
878 5512 1057 5584 operis
1089 5512 1219 5580 hos,
1253 5511 1498 5582 aliosque
1541 5510 1673 5566 deos
1700 5511 1779 5566 sic
1810 5513 2020 5567 invocat
2054 5530 2068 5566 :
2105 5531 2124 5563 ι
2165 5511 2232 5566 Ει

637 5605 922 5679 quoniam,
965 5618 1020 5662 ut
1051 5607 1200 5662 aiunt
1224 5649 1239 5672 ,
1275 5606 1349 5664 dii
1374 5604 1638 5662 facientes
1667 5604 1946 5674 adjuvant,
1976 5606 2126 5676 prius
2150 5604 2232 5660 in-

632 5699 838 5756 vocabo
865 5714 991 5765 eos;
1037 5716 1138 5758 nec
1168 5710 1222 5754 ut
1252 5701 1522 5762 Homerus
1549 5710 1604 5757 et
1633 5699 1840 5756 Ennius
1882 5700 2095 5769 Musas,
2136 5701 2232 5758 sed

619 5788 911 5854 duodecim
941 5792 1070 5854 deos
1096 5790 1408 5860 Consemes
1434 5836 1448 5863 ,
1495 5809 1674 5872 neque
1706 5801 1887 5856 tcntcn
1931 5808 2027 5851 cos
2067 5794 2231 5851 urba-

2343 3243 2502 3316 Ofﬁc.
2537 3245 2730 3300 minist.
2755 3287 2770 3313 ,
2795 3262 2910 3317 cap.
2942 3247 3011 3302 14
3032 3288 3047 3312 ,
3079 3263 3199 3318 pag.
3234 3247 3357 3303 150.
3384 3245 3404 3318 )
3445 3246 3634 3304 Nonne
3663 3265 3794 3319 ergo
3822 3247 3946 3306 hac

2339 3339 2574 3395 lleraldo
2594 3381 2609 3404 ,
2636 3339 2703 3396 ad
2729 3339 3106 3410 deponendam
3129 3340 3198 3396 de
3217 3355 3477 3411 corrupto
3499 3344 3737 3400 auctoris
3761 3343 3942 3399 nostri

2342 3443 2489 3491 textu
2520 3435 2882 3505 suspicionem
2907 3436 3156 3492 sufficere
3183 3435 3500 3492 debebant?

2409 3525 2676 3583 therum
2720 3527 2918 3599 ingenii
2964 3527 3101 3583 adeo
3134 3527 3270 3582 tardi
3314 3537 3564 3599 putamus
3601 3545 3724 3587 esse
3763 3532 3947 3588 nemi-

2338 3637 2462 3678 nem
2487 3663 2502 3689 ,
2555 3622 2642 3692 qui
2666 3621 2779 3692 jam
2811 3621 2950 3678 haud
2990 3621 3284 3678 difficiliter
3323 3623 3643 3694 perSpiciat,
3693 3624 3819 3693 quid
3861 3642 3935 3682 ex

2341 3726 2446 3772 tam
2479 3716 2640 3771 variis
2678 3732 2742 3772 ac
2780 3716 3070 3772 contrariis
3115 3716 3458 3773 ethnicorum
3507 3718 3657 3775 hisce
3705 3718 3775 3775 de
3819 3719 3938 3776 diis

2339 3809 2683 3880 opinionibus
2707 3808 3142 3866 concludendum
3171 3811 3262 3866 sit.
3305 3810 3437 3878 Quis
3461 3813 3608 3867 enim
3641 3826 3746 3868 non
3779 3812 3934 3870 videt

2341 3921 2501 3960 unam
2532 3904 2601 3960 ab
2637 3904 2805 3960 altera
2841 3902 3082 3960 funditus
3107 3904 3321 3960 everti?
3365 3904 3571 3961 Deinde
3602 3921 3750 3972 vero,
3789 3917 3936 3960 tam-

2339 3998 2440 4052 etsi
2471 4000 2522 4053 in
2551 4014 2655 4052 una
2694 3997 2893 4070 aliquid
2936 4008 3082 4054 esset
3119 3997 3274 4066 veri,
3319 3997 3370 4053 id
3401 4013 3429 4052 a
3470 4000 3687 4056 nemine
3723 3999 3937 4070 depre-

2340 4091 2502 4147 hendi
2535 4107 2786 4163 umquam
2821 4091 3035 4162 poterit.
3065 4090 3258 4146 Nullus
3287 4107 3418 4163 ergo
3453 4092 3591 4149 deos
3626 4095 3736 4151 illos
3784 4092 3943 4149 Con-

2340 4196 2522 4240 sentes
2547 4193 2602 4239 et
2629 4183 2859 4239 Penates
2885 4182 3082 4238 divinis
3109 4182 3402 4239 honoribus
3427 4185 3621 4256 dignos
3643 4184 3896 4240 censebit
3924 4203 3942 4252 ;

2340 4276 2772 4347 quandoquidem
2803 4289 2996 4331 omnes
3026 4275 3256 4346 ingenue
3283 4275 3439 4332 fateri
3466 4277 3798 4348 cogebantur
3826 4278 3945 4334 sibi

2341 4368 2498 4437 plane
2537 4369 2870 4439 exploratum
2917 4383 3023 4423 non
3068 4382 3192 4424 esse
3231 4369 3419 4440 quales
3472 4369 3549 4424 illi
3599 4371 3728 4437 sint,
3768 4385 3944 4440 quam

2340 4461 2654 4517 mortalibus
2678 4477 2836 4530 Opem
2868 4462 3008 4517 ferre
3038 4461 3289 4528 valeant,
3319 4474 3368 4517 et
3398 4461 3529 4534 quid
3559 4463 3613 4518 in
3644 4462 3724 4519 eis
3752 4477 3924 4532 verae,

2341 4570 2461 4626 qtnc
2487 4553 2642 4610 unica
2664 4569 2786 4610 esse
2812 4562 3018 4626 potest,
3061 4554 3133 4608 sit
3152 4551 3466 4610 divinitatis.

2940 4699 3229 4741 ARTICULUS
3269 4701 3347 4741 Ill.

2338 4824 2524 4884 Quanta
2567 4821 2717 4872 fuerit
2753 4821 3011 4885 gentilium
3045 4817 3241 4885 chdiis
3288 4819 3496 4873 Laribus
3531 4820 3791 4882 dissensio,
3850 4836 3950 4874 cur

2404 4885 2684 4948 Grundules
2707 4881 3017 4948 vocarentur,
3045 4892 3098 4933 et
3120 4881 3412 4948 Summanus
3449 4887 3524 4934 eis
3559 4881 3839 4948 praefectus.
3889 4900 3953 4936 ac

2403 4963 2547 5012 quam
2570 4947 2831 4997 evidenter
2851 4945 3435 5012 demonstretur__null_am
3477 4945 3592 4999 esse
3622 4950 3788 4998 horum
3816 4950 3955 5000 alio-

2335 5045 2338 5049 .
2402 5007 2612 5074 rumque
2635 5017 2781 5060 antea
2805 5017 3184 5060 memoratorum
3207 5007 3533 5060 divinitatem.

2413 5140 2529 5196 Non
2562 5142 2733 5214 major
2771 5141 2868 5198 fuit
2887 5142 3224 5198 etlmicorum
3252 5142 3320 5199 de
3349 5139 3587 5203 Laribus,
3620 5153 3770 5211 quant
3815 5136 3958 5192 aliis

2339 5237 2441 5294 diis
2470 5238 2580 5294 suis
2601 5254 2916 5295 consensus.
2954 5238 3198 5311 angaris
3217 5238 3456 5309 quidem,
3487 5247 3542 5291 ut
3568 5236 3643 5290 ait
3667 5231 3958 5288 Arnobius

2337 5331 2579 5400 (Arnob.,
2604 5331 2642 5386 Ι.
2672 5347 2750 5396 ιιι,
2785 5347 2839 5401 p.
2875 5327 3026 5402 124),
3067 5329 3250 5400 opinio
3295 5339 3412 5386 erat
3456 5329 3573 5384 illos
3615 5327 3860 5381 vicorum
3895 5331 3960 5379 et

2335 5420 2588 5478 itinerum
2619 5438 2740 5478 esse
2767 5423 2897 5478 deos
2924 5441 2940 5491 ;
2970 5424 3092 5494 quia
3125 5423 3274 5478 vicus
3298 5437 3474 5494 grtcce
3511 5424 3692 5496 Λαύρα
3743 5414 3959 5486 appel-

2337 5514 2500 5570 latur.
2525 5515 2592 5580 Et
2630 5517 2767 5572 hanc
2797 5515 3012 5588 quidem
3065 5531 3257 5586 graeca:
3309 5516 3456 5570 vocis
3491 5511 3960 5584 significationem

2337 5605 2684 5666 Casaubonus
2729 5609 2927 5681 aliique
2975 5608 3281 5680 complures
3325 5607 3457 5662 satis
3486 5606 3766 5677 probavere
3791 5599 3964 5672 (Ca-

2339 5701 2551 5757 saubon.
2579 5705 2632 5755 in
2677 5703 2714 5756 ι.
2748 5720 2824 5759 xu
2850 5721 2864 5770 ;
2890 5703 3100 5772 Atlten.,
3133 5720 3181 5757 c.
3218 5702 3333 5774 10).
3365 5701 3588 5759 Vossius
3619 5708 3785 5754 tamen
3830 5709 3968 5751 uo-

2342 5811 2461 5853 meu
2497 5791 2747 5850 Lares'ab
2776 5796 2999 5854 Etrusca
3029 5811 3183 5866 voce,
3233 5794 3360 5863 Lar,
3392 5795 3606 5852 ductum
3647 5790 3814 5847 fuisse
3849 5803 3974 5848 su-
