4158 6264
199 319 308 374 585

1398 319 1463 376 IN
1500 317 1883 385 ARNOBIUI,
1933 316 2085 376 CAP.
2119 317 2276 374 XVII.

3379 321 3486 376 586

198 433 459 502 spicatur.
494 431 625 489 Utnt
649 434 742 498 sit,
780 439 988 490 constat
1013 446 1144 490 sane
1167 433 1288 490 illos
1315 437 1589 491 communi
1616 435 1791 490 ethni-
1819 436 1872 500 Α
1893 433 2000 490 295
2051 444 2096 488 et
2139 431 2326 505 seqq.),
2351 431 2422 488 ibi
2463 433 2620 490 nobis
2648 433 2947 489 luculenter
2970 433 3188 505 exponit
3217 435 3478 506 quosdam

197 541 381 580 corum
411 525 665 596 opinione
697 524 932 582 vicorum
952 525 1083 583 deos
1111 528 1338 584 censeri.
1362 529 1435 583 De
1466 528 1600 584 Lara
1628 527 1794 598 siqui-

1893 525 2284 582 existitnavisse
2326 526 2561 581 animum
2601 525 2832 582 hominis
2875 536 2998 596 post
3040 538 3267 582 mortem
3294 537 3479 584 vetere

198 617 342 684 dem,
375 617 595 673 Larium
641 627 832 684 matre,
860 619 929 675 ab
951 618 1142 676 Ovidio
1184 619 1523 676 decantatum
1566 619 1794 691 legimus
1895 616 2056 673 latina
2093 618 2273 690 lingua
2321 617 2606 674 Lemurem
2661 618 2960 674 dictitatum
2999 631 3015 671 :
3050 634 3117 673 ex
3164 618 3483 675 Lemuribus

198 709 368 778 illam,
393 725 519 766 cum
550 709 700 766 lovis
723 709 878 781 jussu
925 711 991 766 ad
1035 728 1220 768 manes
1248 712 1553 775 duceretur,
1580 711 1648 766 ab
1678 712 1795 781 ipso

205 801 339 859 duce
379 819 504 867 suo,
534 811 819 874 postquam
869 813 1014 859 muta
1044 814 1100 862 et.
1141 805 1366 878 elinguis
1417 804 1554 860 facta
1585 803 1791 870 fuisset,

199 910 585 967 compressam,
611 904 666 952 et
695 895 822 953 inde
846 897 1056 968 inquit:

297 1011 478 1078 Fitque
496 1011 680 1078 gravis,
695 1013 1023 1076 geminosque
1042 1015 1183 1077 parit,
1194 1015 1278 1078 qui
1289 1014 1498 1078 compita
1513 1019 1727 1073 servant,

417 1073 482 1126 Et
506 1073 716 1136 vigilant
734 1081 898 1125 nostra
921 1073 1120 1138 semper
1143 1077 1195 1126 in
1213 1073 1328 1127 iede
1347 1073 1516 1126 Lares.

659 1155 848 1224 (0vt'd.,
865 1158 948 1210 lib.
973 1175 1005 1209 ιι
1024 1159 1238 1224 Easton,
1261 1173 1384 1213 vers.
1409 1161 1547 1225 703.)

208 1265 446 1323 Tibullus
488 1279 701 1336 quoque
749 1279 845 1321 eos
884 1279 1132 1336 agrorum
1180 1265 1430 1322 custodes
1481 1280 1600 1322 esse
1655 1279 1801 1320 assc-

212 1371 359 1417 verat
381 1376 397 1414 :

302 1475 622 1538 Vos_quoque
646 1473 806 1538 felicis
821 1474 1082 1538 quondam,
1108 1486 1237 1523 nunc
1255 1474 1490 1538 pauperis
1511 1475 1618 1536 agri

396 1536 650 1596 Custodes,
677 1537 819 1588 fertis
837 1536 1041 1587 munera
1065 1536 1438 1598 vestra,'Lar‘es.

518 1619 751 1685 (Tibull.,
772 1619 854 1673 lib.
879 1637 912 1681 ι,
935 1620 1056 1686 eleg.
1083 1623 1128 1685 1,
1155 1633 1279 1672 vers.
1305 1622 1367 1672 23
1397 1621 1614 1686 etseqq.)

290 1729 464 1800 Magna
481 1736 660 1783 tamen
675 1729 728 1783 in
745 1727 972 1800 Nigidio,
987 1729 1258 1784 aitauctor
1278 1737 1463 1784 noster
1486 1727 1580 1782 fuit
1603 1726 1672 1784 de
1697 1727 1804 1782 illis

1902 723 2083 766 autem
2116 728 2260 777 eum,
2293 714 2382 784 qui
2414 723 2602 784 pacato
2649 723 2703 768 et
2731 711 2914 783 quieto
2939 714 3179 780 numine,
3213 711 3356 767 haud
3383 711 3484 767 du-

1898 809 1986 866 bie
2015 817 2240 878 prepter
2268 817 2548 865 transacta:
2577 809 2696 863 vita:
2724 808 2936 873 merita,
2968 808 3185 863 domum
3227 807 3484 879 possidet,

1899 904 2217 960 familiarem
2250 904 2438 960 Larem
2466 921 2480 970 ;
2513 904 2652 959 male
2682 917 2813 958 vero
2833 903 2879 957 si
2899 903 3110 967 vixerit,
3137 902 3363 958 Larvam
3395 922 3409 968 ;
3443 904 3489 959 si

1899 1009 2080 1056 autem
2105 997 2266 1055 dubia
2297 999 2406 1054 sint
2436 999 2554 1069 ejus
2587 997 2803 1066 merita,
2835 996 3068 1052 Manium
3098 995 3256 1052 deum
3286 1013 3490 1053 nuncu-

1899 1108 2035 1164 part.

1971 1185 2048 1240 De
2105 1185 2197 1240 illo
2249 1198 2410 1255 porro
2457 1199 2683 1250 errore,
2727 1198 2834 1254 quo
2892 1183 3167 1238 daemones
3209 1180 3487 1237 hominum

1902 1286 2236 1332 mortuorum
2289 1278 2498 1333 animas
2553 1291 2673 1332 esse
2698 1275 3065 1340 venditabant,
3094 1291 3201 1330 non
3244 1276 3411 1331 semel
3459 1293 3490 1330 a

1902 1367 2060 1424 nobis
2087 1367 2434 1440 disputatum.
2471 1368 2544 1423 Dc
2569 1368 2795 1424 Laribus
2817 1383 2946 1423 vero
2976 1368 3166 1423 Lilium
3213 1367 3491 1423 Giraldum

1903 1461 2245 1529 Salmasium,
2270 1463 2511 1519 Natalem
2534 1461 2824 1528 Comitem,
2857 1463 3128 1527 V'ossium,
3157 1471 3212 1517 et
3233 1463 3300 1517 de
3328 1461 3496 1516 Mani-

1904 1554 2006 1611 bus
2031 1555 2281 1611 Servium
2312 1556 2489 1628 legere
2518 1556 2721 1626 poteris
2765 1553 2912 1628 (tam.
2940 1572 2957 1608 ι
2998 1555 3277 1624 Apparet,
3303 1573 3356 1625 ρ.
3388 1555 3493 1610 557

1905 1657 1953 1703 et
2000 1649 2139 1716 995;
2171 1648 2394 1713 Girald.,
2441 1647 2578 1703 Hist.
2625 1649 2791 1715 deor.,
2829 1655 3086 1719 syntagm.
3121 1647 3210 1710 15,
3237 1664 3290 1718 p.
3315 1647 3420 1702 180
3449 1656 3496 1700 et

1907 1757 2044 1811 seqq.
2077 1756 2091 1802 ;
2124 1739 2350 1796 Salinas.
2390 1741 2444 1794 in
2485 1739 2679 1804 Soliu.,
2723 1758 2776 1810 p.
2828 1741 2919 1804 64,
2960 1739 3068 1793 412
3102 1749 3148 1793 et
3201 1739 3342 1802 9l‘5;
3367 1737 3496 1793 Nat.

218 1820 316 1878 diis
328 1822 557 1878 varietas
568 1831 624 1877 et
641 1821 1256 1878 inconstantia.Primum
1285 1822 1429 1878 enim
1455 1822 1685 1877 asseruit
1706 1821 1804 1875 bos

1920 1830 2077 1894 Com.,
2109 1832 2146 1885 ι.
2179 1847 2230 1887 ιν
2261 1831 2508 1903 Mytltol.,
2555 1848 2601 1885 ε.
2646 1831 2681 1884 2
2710 1840 2756 1885 et
2781 1831 2816 1886 4
2845 1847 2861 1895 ;
2901 1829 3072 1898 Voss.,
3103 1829 3142 1884 ι.
3177 1847 3192 1884 ι
3244 1830 3308 1884 de
3345 1829 3494 1902 Orig.

219 1931 333 1971 esse
355 1924 618 1972 teetorum
643 1914 1030 1985 domorumque
1051 1913 1320 1969 custodes.
1358 1917 1427 1968 At
1457 1912 1560 1968 hoc
1586 1911 1805 1983 quidem

224 2011 289 2065 ab
317 2009 504 2066 Ovidio
553 2025 868 2080 expressum
899 2008 1168 2075 vidimus;
1217 2007 1304 2064 cui
1334 2023 1523 2064 rursus
1573 2003 1809 2062 concinit

231 2101 310 2157 bis
338 2101 511 2158 verbis
559 2099 804 2157 Tibullus
832 2119 844 2154 :

317 2215 410 2267 Sed
436 2217 580 2278 patrii
601 2222 802 2266 servate
821 2213 994 2275 Lares,
1021 2214 1214 2265 aluistis
1232 2222 1285 2264 et
1305 2213 1470 2278 iidem,

373 2275 633 2330 Cursarem
659 2285 852 2328 vestros
875 2291 985 2328 cum
1018 2284 1163 2328 tener
1185 2285 1300 2326 ante
1324 2275 1494 2332 pedes.

318 2340 421 2404 Neu
453 2341 639 2404 pudeat
662 2341 823 2403 prisco
842 2355 927 2390 vos
951 2353 1063 2404 esse
1086 2352 1114 2404 a
1137 2339 1498 2404 stipitefactos:

369 2402 835 2454 Sic'veterissedes
866 2403 1138 2452 incoluistis
1155 2402 1252 2450 avi.

559 2486 692 2551 (Ιώ,
717 2484 913 2548 ibidem,
937 2485 1060 2550 eleg.
1089 2487 1307 2545 ll,vers.
1327 2487 1387 2537 l5
1403 2492 1449 2537 et
1467 2486 1626 2550 seqq.)

292 2593 498 2651 Deinde
526 2610 660 2650 vero
692 2593 830 2650 idem
853 2593 1114 2663 Nigidius,
1145 2602 1399 2649 narrante
1419 2592 1660 2648 Arnobio
1687 2594 1812 2662 (Ar-

223 2689 370 2755 nob.,
400 2688 437 2742 ι.
457 2703 532 2752 ιιι,
561 2705 616 2759 p.
643 2687 796 2757 124),
820 2686 954 2742 dixit
983 2687 1105 2744 illos
1128 2703 1251 2744 esse
1275 2688 1522 2753 Curetas,
1556 2687 1647 2758 qui
1679 2703 1816 2758 pue-

220 2797 343 2836 rum
381 2780 566 2836 Jovem
593 2780 953 2836 occultarunt.
1005 2779 1246 2851 Denique
1274 2778 1562 2851 aliquando
1597 2780 1818 2836 tradidit

230 2874 330 2931 hos
357 2875 500 2947 ipSOs
517 2875 686 2931 Lares
711 2889 833 2930 esse
859 2872 1100 2941 eosdem,
1117 2883 1280 2944 atque
1305 2873 1474 2929 Idaeos
1502 2872 1815 2930 Samotbra-

229 2969 361 3034 cios,
384 2969 502 3023 sive
544 2965 715 3022 Idaeos
741 2967 1012 3038 Dactylos,
1043 2965 1112 3022 de
1141 2966 1336 3036 quibus
1364 2964 1493 3022 alibi
1520 2964 1819 3036 disputavi-

225 3075 340 3116 mus
373 3060 518 3130 (tam.
556 3074 574 3114 ι
623 3060 874 3130 Apparet.
929 3059 968 3114 ι.
1004 3074 1080 3125 ιιι,
1111 3058 1312 3114 dissert.
1345 3058 1402 3125 2,
1432 3077 1478 3113 c.
1510 3057 1601 3124 19,
1632 3067 1730 3112 art.
1757 3058 1814 3124 ‘2,

229 3172 280 3224 ρ.
313 3151 454 3208 1163
481 3160 530 3206 et
558 3151 712 3222 ιαμ).
743 3151 812 3205 At
841 3150 886 3206 si
914 3165 1038 3206 vera
1067 3158 1152 3206 est
1176 3151 1276 3205 ista
1305 3149 1528 3206 Arnobii
1556 3150 1818 3215 narratio,

1910 1930 1956 1976 et
1981 1919 2169 1994 Progr.
2213 1921 2365 1986 idol.,
2397 1939 2443 1976 c.
2469 1922 2557 1989 11,
2592 1939 2642 1992 p.
2675 1922 2744 1978 45
2787 1931 2834 1976 et
2882 1937 3052 1994 seqq.;
3088 1922 3260 1988 Serv.,
3284 1923 3337 1976 in
3367 1922 3404 1976 Ι.
3441 1937 3498 1976 ιιι

1910 2013 2152 2082 ιΕηεὶά.,
2179 2033 2232 2086 p.
2266 2013 2411 2086 166).

1983 2106 2126 2175 Quid
2153 2123 2302 2172 vero,
2333 2107 2538 2179 inquiet
2558 2106 2772 2178 aliquis,
2796 2107 2896 2162 sibi
2932 2107 3046 2162 vult
3066 2107 3355 2176 Arnobius,
3379 2123 3501 2163 cum

1913 2200 2149 2256 ethnicis
2196 2199 2332 2257 vitio
2361 2201 2544 2265 vertit,
2572 2199 2714 2270 quod
2743 2198 3035 2255 Grundules
3064 2199 3184 2273 (Ms.
3214 2199 3386 2256 codex
3412 2215 3503 2255 re-

1913 2295 2035 2364 gius
2083 2290 2386 2363 Grunulios)
2416 2291 2572 2348 Lares
2618 2293 2952 2348 adorarent?
2974 2293 3078 2348 Sed
3111 2294 3156 2347 is
3187 2295 3502 2349 meminisse

1915 2383 2080 2440 debet
2108 2401 2138 2439 a
2161 2384 2408 2455 pluribus
2423 2383 2535 2454 jam
2564 2385 2906 2438 observatum
2926 2381 3095 2439 fuisse
3121 2382 3286 2440 Lares
3307 2399 3508 2455 cogno-

1921 2481 2113 2536 minari
2160 2481 2474 2548 Grundules,
2503 2480 2571 2534 ab
2601 2481 2824 2551 antiquo
2853 2481 3019 2536 verbo
3045 2483 3290 2553 grtmdio,
3320 2498 3385 2539 ac
3411 2498 3513 2553 po-

1916 2581 2029 2628 stea
2082 2574 2327 2644 grunnio,
2361 2573 2653 2644 fanumque
2702 2572 2810 2628 illis
2861 2573 2912 2627 in
2943 2573 3212 2644 scr0plta:,
3263 2589 3385 2645 quae
3435 2575 3507 2631 30

1919 2681 2116 2736 porcos
2171 2677 2490 2738 pepererat,
2551 2667 2872 2722 memoriam
2919 2676 3318 2725 constructum.
3353 2669 3510 2736 Quod

1919 2757 2138 2829 quidem
2168 2761 2492 2815 auctoritate
2522 2759 2752 2828 probant
2779 2760 3071 2830 Diomedis,
3100 2760 3193 2832 qui
3224 2762 3276 2816 in
3301 2763 3505 2833 opinio-

1926 2855 2010 2908 nis
2047 2870 2160 2910 sua:
2214 2853 2681 2910 confirmationem
2727 2853 2970 2909 Cassium
3015 2854 3298 2910 Hetninam
3325 2857 3511 2912 citavit

1923 2947 2166 3020 (Arnob.,
2200 2948 2239 3002 ι.
2274 2964 2313 3014 ι,
2347 2965 2401 3017 p.
2452 2947 2520 3002 15
2546 2962 2560 3011 ;
2587 2945 2850 3010 Diomed.,
2881 2945 2920 2999 Ι.
2965 2962 3003 3000 ιι
3053 2947 3116 3000 de
3142 2945 3279 3000 Dub.
3309 2949 3509 3003 verbor.

1926 3043 2106 3115 signif.
2138 3059 2157 3108 ,°
2189 3040 2369 3109 Hem.,
2410 3041 2448 3095 ι.
2479 3056 2518 3096 ιι
2561 3039 2813 3112 Histor.).
2847 3039 3063 3095 Videsis
3095 3040 3271 3097 Vossii
3299 3053 3512 3114 etymo-

1924 3137 2137 3208 logicon
2168 3135 2236 3191 ad
2269 3136 2432 3191 verba
2463 3135 2684 3205 grunnio
2713 3143 2760 3190 et
2787 3135 3106 3206 suggrunda.

230 3214 349 3300 hinc
374 3214 644 3314 εοιιίείιιιίι
667 3214 935 3314 Nigidium
961 3257 1028 3299 ex
1058 3241 1144 3298 his
1174 3243 1342 3298 fuisse
1369 3258 1555 3309 unum,
1589 3243 1679 3314 qui
1709 3214 1816 3298 cu.
1848 3214 1894 3278 C
1995 3229 2262 3298 Quorsum
2289 3243 2440 3292 vero,
2471 3227 2680 3298 rogabit
2725 3226 2884 3293 alius,
2919 3227 3060 3282 inter
3081 3226 3246 3283 hosce
3269 3227 3402 3285 deos
3428 3229 3515 3284 iu-

231 3343 374 3392 retas
419 3336 489 3391 ab
537 3333 693 3390 ldazis
720 3335 954 3406 Dactylis
994 3335 1416 3406 distinguebant,
1445 3350 1546 3392 nec
1572 3351 1822 3407 comper-

234 3436 342 3484 tum
373 3428 564 3483 habuit
587 3428 676 3499 qui
706 3427 872 3484 Lares
893 3428 1114 3484 fuerint.

298 3515 503 3571 Similis
527 3513 631 3569 fuit
661 3512 919 3569 Varronis
949 3513 1233 3571 haesitatio.
1264 3515 1430 3572 Nobis
1455 3516 1599 3572 enim
1632 3525 1821 3572 auctor

230 3619 410 3665 noster
435 3607 676 3664 declarat
698 3624 821 3664 eum
862 3609 1058 3665 alicubi
1102 3610 1382 3681 scripsisse
1406 3611 1526 3667 illos
1551 3626 1670 3668 esse
1711 3610 1822 3666 Man

233 3719 349 3768 nes,
370 3713 425 3759 et
469 3702 592 3758 ideo
623 3711 848 3760 matrem
875 3718 1060 3758 eorum
1108 3701 1360 3760 Manium.
1393 3704 1461 3760 Et
1504 3721 1564 3761 re
1606 3705 1822 3776 quidem

236 3812 369 3851 vera
397 3797 447 3850 in
472 3795 701 3868 quodam
734 3796 852 3866 ejus
885 3795 1022 3850 libro
1050 3795 1165 3850 lucc
1190 3795 1414 3868 legimus
1446 3797 1666 3853 tntidcm
1709 3797 1824 3868 ejus

235 3889 402 3945 verba
433 3907 448 3945 :
473 3888 762 3944 «Videmus
790 3887 1018 3943 Maniam
1045 3897 1270 3944 matrem
1298 3889 1822 3956 Larum,ctLuciam

235 3981 574 4038 Volumniam
601 3981 869 4038 Saliorum
908 3981 1234 4036 carminibus
1263 3981 1523 4052 appellari
1559 4000 1578 4034 ι
1613 3980 1819 4053 (Varr.,

233 4080 268 4132 Ι.
303 4094 393 4134 vut
447 4078 512 4132 de
550 4075 704 4145 Ling.
749 4074 866 4140 lat.,
901 4092 953 4146 ρ.
1006 4073 1152 4146 126).
1185 4072 1296 4129 Nec
1325 4073 1469 4128 illius
1497 4082 1701 4129 tantum
1729 4073 1828 4128 fuit

235 4167 348 4226 lucc
367 4167 578 4240 opinio,
601 4182 786 4222 verum
816 4166 978 4221 etiam
996 4163 1266 4232 Cecinme,
1291 4179 1358 4220 ex
1385 4180 1492 4235 quo
1525 4169 1640 4220 tunc
1664 4165 1828 4221 refert

232 4262 568 4334 Macrobius:
601 4279 620 4311 (
652 4257 998 4330 Aliquamdiu
1044 4257 1411 4324 observatum,
1441 4266 1500 4311 ut
1529 4271 1628 4327 pro
1667 4255 1827 4312 fami-

233 4357 470 4422 liarium,
498 4369 596 4410 seu
620 4350 966 4419 familiarum,
995 4351 1254 4422 sospitate
1285 4349 1435 4420 pueri
1463 4357 1828 4406 mactarentur

233 4450 420 4507 Diania:
444 4447 586 4511 deae,
611 4445 770 4502 matri
807 4445 1020 4501 Larium
1056 4463 1075 4496 ι
1110 4443 1394 4517 (Macrob,
1429 4441 1469 4497 ι.
1525 4460 1542 4497 ι
1584 4443 1824 4512 Saturn.,

233 4558 277 4594 c.
305 4543 357 4609 7,
391 4560 450 4614 ρ.
476 4537 608 4610 207)
640 4554 657 4604 ;
684 4537 780 4594 sed
824 4537 929 4592 hoc
977 4535 1302 4592 sacrificium
1357 4544 1547 4606 postea
1599 4539 1652 4592 in
1679 4537 1824 4593 aliud

232 4641 625 4690 commutatum
654 4645 776 4686 esse
823 4627 1110 4701 significat.

300 4727 510 4785 Verum
545 4724 663 4780 haec
689 4721 953 4780 sententia
1001 4738 1122 4778 cum
1149 4721 1323 4779 eidem
1351 4723 1577 4781 Varroni
1607 4726 1830 4782 omnino

232 4837 335 4877 non
364 4818 666 4884 arrisisset,
691 4815 819 4872 alibi
849 4815 1090 4871 definivit
1123 4813 1290 4872 Lares
1318 4819 1496 4874 aerios
1521 4834 1644 4875 esse
1673 4820 1826 4888 deos,

232 4923 285 4968 et
312 4914 555 4969 heroas:
593 4908 717 4965 alibi
764 4923 896 4964 vero
929 4907 1268 4978 antiquorum
1299 4910 1606 4982 opinionem
1653 4912 1832 4982 sequi-

234 5015 339 5072 tur,
366 5015 428 5061 et
456 5019 551 5058 eos
598 5000 815 5066 Larvas,
841 5000 992 5071 quasi
1022 5000 1284 5071 quosdam
1312 5003 1524 5073 genios,
1552 5013 1607 5060 et
1634 5003 1831 5060 defun-

234 5107 450 5154 ctorum
479 5096 689 5151 animas
733 5091 896 5148 fuisse
940 5092 1270 5163 pronuntiat.
1294 5093 1378 5150 Ab
1423 5097 1720 5167 Augustino
1741 5111 1836 5152 au-

1924 3323 2148 3394 terjecta
2169 3338 2198 3376 a
2225 3330 2415 3376 nostro
2435 3329 2656 3376 auctore
2687 3319 2967 3375 Summani
2996 3319 3080 3374 dei
3111 3335 3510 3376 commemora-

1925 3421 2043 3477 tio?
2068 3417 2264 3474 Facilis
2307 3416 2573 3487 obviaque
2593 3425 2676 3470 est
2702 3400 3001 3484 responsio.
3032 3415 3359 3472 Summanus
3373 3417 3520 3472 enim

1923 3529 2019 3569 rex
2067 3511 2297 3567 Manium
2353 3523 2594 3565 summus
2643 3506 2958 3562 habebatur.
3001 3507 3264 3572 Quocirca
3291 3507 3519 3577 ipsemet

1924 3606 2212 3674 Arnobius,
2244 3603 2333 3660 ubi
2383 3612 2570 3674 postea
2611 3599 2680 3658 tle
2707 3601 3025 3671 Proserpina
3051 3615 3084 3656 a
3111 3601 3336 3657 Plutone
3367 3615 3519 3673 rapte

1924 3700 2141 3756 disserit
2173 3717 2188 3754 :
2217 3697 2332 3753 Rea:
2356 3695 2626 3765 prosiliens
2674 3692 2929 3759 Manium,
2961 3693 3156 3764 inquit,
3187 3704 3389 3765 raptam
3415 3695 3516 3748 vir-

1924 3793 2095 3865 ginem
2126 3807 2298 3846 secum
2322 3788 2474 3844 velu‘t.
2508 3786 2653 3844 Alibi
2681 3786 2842 3855 hujus
2871 3786 2960 3842 ille
2985 3787 3191 3857 templi,
3221 3803 3285 3843 ac
3328 3789 3520 3845 Cicero

1926 3884 2109 3940 ﬁctilis
2147 3883 2264 3953 ejus
2305 3879 2600 3946 simulacri,
2634 3877 2884 3934 fecerunt
2929 3879 3278 3935 mentionem.
3313 3879 3520 3938 Plinius

1927 3993 2056 4033 vero
2091 3976 2251 4032 docet
2291 3974 2546 4030 attributa
2600 3970 2674 4026 illi
2725 3971 2890 4026 fuisse
2936 3982 3194 4028 nocturna
3248 3972 3514 4030 fulmina:

1926 4072 2229 4135 Tuscorum,
2254 4067 2444 4140 inquit,
2470 4067 2651 4122 littera:
2676 4082 2852 4121 novem
2883 4066 3005 4120 deos
3048 4068 3274 4122 emittere
3296 4067 3518 4135 fulmina

1927 4166 2334 4220 existimant.....
2383 4159 2606 4214 Romani
2634 4159 2762 4214 duos
2791 4169 2986 4213 tantum
3016 4175 3079 4214 ea:
3105 4161 3177 4214 eis
3225 4176 3510 4230 servavere,

1928 4263 2115 4317 diurna
2167 4259 2495 4314 attribueittes
2545 4255 2694 4323 Iovi,
2728 4268 2980 4312 nocturna
3037 4258 3342 4314 Summano.
3373 4259 3512 4317 Eam

1929 4367 2075 4424 Stepe
2100 4352 2171 4409 ob
2198 4366 2413 4408 causam
2464 4349 2699 4420 majores
2747 4348 2870 4404 huic
2891 4348 3148 4416 honores,
3177 4366 3338 4422 quam
3367 4351 3508 4419 Jovi,

1929 4457 2070 4502 teste
2087 4443 2406 4517 Augustino,
2434 4441 2637 4499 ethnici
2663 4441 2934 4512 quondam
2958 4441 3286 4500 detulerunt.
3317 4444 3511 4502 Postea

1933 4551 2111 4597 tamen
2143 4539 2223 4595 sic
2267 4537 2577 4618 imminutos
2621 4535 2786 4592 fuisse
2836 4536 3104 4606 perhibet,
3138 4547 3194 4593 ut
3224 4539 3315 4610 qui
3351 4539 3518 4596 Smn-

1854 4632 2076 4698 Dmani
2130 4646 2326 4686 nomen
2377 4646 2438 4686 se
2484 4629 2680 4700 legisse
2729 4629 3055 4697 meminerit,
3100 4631 3189 4686 vix
3241 4633 3377 4688 ullus
3404 4649 3524 4690 am-

1936 4725 2074 4796 plius
2101 4723 2432 4780 inveniretur
2464 4723 2645 4778 homo.
2672 4721 2742 4777 At
2771 4724 2915 4777 hunc
2941 4722 3291 4779 nihilominus
3320 4725 3524 4783 ethnici

1937 4819 2118 4881 deum,
2151 4815 2228 4870 uti
2250 4813 2421 4870 Varro
2470 4823 2717 4879 testatur,
2751 4829 2872 4869 esse
2901 4815 3271 4871 autumabant.
3306 4819 3374 4872 At
3404 4819 3525 4888 quis

1939 4911 2081 4978 inde,
2113 4920 2273 4981 atque
2300 4925 2369 4966 ex
2397 4909 2463 4965 iis
2507 4910 2778 4974 omnibus,
2809 4925 2930 4980 quae
2957 4919 3071 4966 toto
3118 4909 3224 4968 hoc
3252 4911 3304 4967 in
3350 4914 3529 4984 capite

1941 5006 2213 5075 disputata
2265 5012 2432 5072 sunt,
2489 5003 2742 5058 facillime
2805 5018 2910 5058 non
2965 5004 3230 5076 intelligat
3284 5008 3532 5066 ethnicos

1943 5098 2076 5154 nihil
2103 5098 2173 5154 de
2201 5097 2452 5165 Laribus,
2495 5095 2808 5161 Penatibus,
2856 5095 3256 5168 Novensilibus,
3302 5101 3530 5172 aliisque

239 5201 342 5246 tem
372 5188 643 5246 discimus
668 5184 961 5251 Plotinum,
987 5185 1076 5254 qui
1097 5184 1376 5241 Platonem
1419 5186 1630 5242 cazteris
1654 5189 1835 5244 excel-
1943 5191 2046 5248 diis
2076 5193 2331 5248 habuisse
2359 5201 2567 5246 certum
2598 5198 2653 5244 et
2699 5187 3074 5259 exploratum?
3099 5189 3230 5258 Quis
3281 5208 3412 5265 ergo
3437 5209 3532 5251 eos

237 5281 444 5337 lentius
494 5277 835 5334 intellexisse
884 5275 1071 5342 fertur,
1120 5275 1368 5333 docuisse
1398 5277 1674 5335 dat-mones
1720 5293 1841 5336 esse
1948 5285 2106 5357 plane
2128 5285 2291 5340 falsos
2317 5281 2824 5353 commentitiosque
2861 5297 2982 5338 esse
3023 5282 3378 5340 diniiebitur?
3407 5287 3536 5360 (Αν-

241 5374 530 5432 hominum
585 5371 812 5438 animas,
862 5379 1022 5440 atque
1067 5385 1133 5424 ex
1180 5370 1372 5426 iisdem
1430 5370 1761 5440 hominibus,
1796 5373 1842 5429 si
1949 5379 2092 5444 nob.,
2126 5377 2163 5431 ι.
2199 5392 2277 5444 ιιι,
2301 5395 2354 5449 p.
2385 5377 2526 5441 425;
2570 5371 2748 5442 Varr.,
2775 5375 2812 5428 ι.
2848 5389 2905 5428 tv
2955 5377 3019 5429 de
3058 5373 3209 5447 Ling.
3241 5377 3432 5449 lat.,p.
3469 5379 3537 5434 18

243 5470 383 5526 bene
439 5465 758 5531 meruerint,
792 5463 905 5519 fieri
945 5462 1140 5529 Lares;
1184 5463 1228 5518 si
1284 5463 1443 5528 male,
1481 5465 1844 5532 Lemures;si
1952 5482 1999 5526 et
2046 5469 2152 5536 l9;
2185 5468 2403 5534 Arnob.,
2438 5467 2476 5522 ι.
2507 5483 2560 5534 v,
2589 5486 2641 5539 p.
2673 5468 2777 5523 175
2821 5478 2867 5521 et
2921 5467 3059 5534 185,
3115 5469 3153 5522 l.
3185 5485 3260 5536 Vl,
3313 5489 3367 5542 ρ.
3402 5471 3540 5538 191;

246 5563 516 5620 incertum
553 5559 682 5631 quid
711 5567 1067 5624 mererentur,
1097 5557 1277 5614 Manes
1300 5557 1530 5616 evadere
1577 5558 1842 5632 (August.,

247 5659 285 5712 ι.
316 5675 374 5714 1x
395 5657 466 5711 de
493 5654 668 5724 Civit.,
691 5669 739 5710 ο.
766 5652 854 5719 10,
883 5670 935 5723 p.
968 5651 1119 5722 2‘26).

321 5749 594 5823 Apuleius
625 5760 861 5819 quoque,
892 5744 981 5800 ubi
1011 5744 1080 5800 dc
1104 5744 1344 5802 Socratis
1366 5744 1466 5803 deo
1481 5756 1535 5804 et
1560 5748 1710 5804 vario
1733 5747 1847 5806 dac-

252 5859 484 5908 monum
515 5855 714 5914 genere
765 5838 999 5911 disputat
1025 5835 1233 5911 (Apulei
1256 5881 1272 5906 ,
1303 5839 1367 5894 de
1399 5837 1509 5897 Deo
1556 5839 1762 5898 Socrat.
1795 5859 1847 5912 ρ.

866 5931 1140 5993 Ρλτιιοι.
1185 5930 1265 5997 ν.

1953 5560 2086 5629 Cic.,
2109 5560 2199 5617 lib.
2249 5576 2266 5615 ι
2301 5561 2364 5614 de
2391 5557 2649 5626 Divinat.,
2680 5576 2732 5626 p.
2777 5558 2903 5626 257,
2933 5559 3028 5616 lin.
3060 5560 3124 5615 M
3153 5578 3167 5626 ;
3203 5559 3372 5631 Plin.,
3415 5564 3452 5618 ι.
3507 5580 3544 5620 ιι

1956 5655 2150 5712 Natur.
2180 5658 2328 5726 Itist.,
2370 5673 2420 5712 c.
2453 5657 2546 5724 52,
2572 5674 2628 5727 ρ.
2661 5654 2767 5711 206
2796 5669 2812 5720 ;
2847 5654 3094 5726 August,
3120 5655 3158 5710 l.
3189 5673 3238 5712 tv
3280 5659 3342 5714 de
3365 5658 3546 5728 Civit.,

1952 5764 2002 5804 c.
2028 5749 2121 5817 25,
2142 5767 2196 5822 p.
2219 5747 2374 5821 105.)

1961 5906 1966 5911 _
2029 5843 2140 5901 Sed
2190 5851 2346 5911 urget
2383 5842 2689 5911 Arnobius,
2739 5839 2992 5914 hancque
3039 5855 3449 5917 argumentatur
3497 5849 3555 5907 in

2972 5933 3092 6007 ,19
