4166 6256
650 289 756 349 587

1901 271 2360 337 DISSERTATIO
2390 271 2671 334 ΡΜνιΑ

3829 279 3933 340 588

648 405 867 463 modum
888 406 913 460 ι
935 402 1173 477 (Ληθὼ,
1209 402 1247 455 ι.
1276 412 1356 467 ιιι,
1386 413 1440 468 p.
1465 395 1613 470 125.)
1638 395 1892 468 Quisquis
1919 395 2083 451 alicui
2111 408 2236 463 sup-
2263 389 2320 454 Δ
2343 390 2452 451 ris:
2483 395 2620 451 alter
2669 393 2965 467 Biperione
2991 406 3005 449 :
3040 393 3230 451 tertius
3259 394 3501 452 Vulcano
3543 393 3653 452 Nili
3700 394 3929 453 iiiio.....

647 502 813 572 plicat
856 498 981 565 deo,
1009 495 1096 552 vel
1138 494 1256 565 ejus
1302 492 1554 562 implorat
1605 490 1885 557 auxilium,
1932 490 2017 545 vel
2049 488 2239 543 morbo

653 595 834 662 aliquo
863 605 924 645 se
949 589 1018 644 ab
1048 588 1140 643 illo
1172 585 1340 642 levari
1369 585 1528 655 plane
1558 583 1813 654 postulat,
1845 583 1895 671 is
1920 584 2061 639 scire
2090 583 2241 650 prius

658 686 839 752 debet,
862 686 984 755 quis
1018 683 1111 738 ille
1136 680 1271 736 deus
1300 679 1388 746 sit,
1422 687 1474 735 et
1504 685 1682 734 utrum
1710 678 1778 734 ab
1802 677 2024 746 illo,aut
2049 678 2118 734 ab
2136 677 2242 734 alio

663 777 835 846 possit
860 790 944 838 ea,
977 789 1099 844 qua:
1121 780 1294 843 rogat,
1318 772 1629 842 impetrare.
1658 769 1770 826 Nec
1790 770 1968 825 minus
1990 770 2091 841 ipsi
2120 782 2242 840 per-

649 873 895 941 spicuum
926 884 1047 923 esse
1072 867 1235 923 debet
1263 866 1456 937 quibus
1501 866 1683 921 verbis
1711 865 1763 921 ei
1802 862 2240 935 supplicandum,

656 978 835 1035 quove
883 960 1293 1041 sacriﬁcandum
1323 961 1452 1015 ritu.
1496 960 1657 1029 Atqui
1709 968 1831 1015 cttm
1863 966 2009 1013 tanta
2054 958 2125 1013 sit
2175 957 2245 1014 de

558 1041 576 1061 \
653 1072 763 1112 uno
790 1055 893 1111 deo
941 1054 1254 1125 opinionum
1302 1052 1539 1108 varietas
1564 1060 1620 1107 et
1654 1051 2029 1121 repugnantia,
2063 1050 2245 1107 nullus

652 1150 898 1220 profecto
945 1147 999 1203 id
1038 1148 1181 1203 scire
1234 1160 1491 1216 umquam
1538 1144 1855 1215 potest.Qul
1888 1158 2018 1214 ergo
2059 1144 2112 1198 in
2144 1140 2247 1199 hac

651 1240 991 1315 ignoratione
1016 1247 1281 1304 versatur,
1307 1238 1401 1294 ille
1429 1248 1638 1293 temere
1676 1238 1837 1293 deum
1880 1237 2137 1308 aliquem,
2166 1244 2248 1291 at-

651 1349 758 1404 que
783 1348 950 1390 unum
998 1346 1145 1401 stepe
1177 1333 1376 1400 saepius
1422 1344 1524 1399 pro
1571 1331 1701 1397 alio,
1745 1328 2098 1385 Summanum
2148 1342 2249 1400 pro

652 1427 809 1491 Jano,
840 1424 1146 1497 Neptunum
1178 1436 1276 1494 pro
1305 1424 1572 1493 Apolline,
1606 1439 1706 1493 pro
1739 1423 1968 1479 Laribus
1996 1423 2246 1492 Curetes,

2340 496 2564 558 quartus
2589 489 2656 559 is,
2675 501 2836 559 quem
2862 487 3094 545 heroicis
3124 489 3459 561 temporibus
3487 490 3733 546 Achanto
3756 489 3934 548 Rhodi

2341 584 2616 654 peperisse
2669 582 2888 650 dicitur,
2937 596 3096 639 avum
3132 581 3341 655 Jalysi,
3395 581 3595 639 Camiri
3646 593 3700 639 et
3730 583 3932 640 Lindi:

2340 675 2689 747 quintus,qui
2714 674 3115 733 Colchisfertur
3141 675 3352 733 dictam
3378 688 3435 733 at
3461 676 3653 734 Circen
3686 692 3936 747 procrea-

2342 772 2486 827 visse
2520 789 2541 823 ι
2591 770 2807 845 (Cicer.,
2837 771 2877 827 ι.
2923 786 2982 829 tu
3029 768 3093 826 de
3138 769 3329 826 Natur.
3362 771 3528 838 daora,
3581 789 3637 843 ρ.
3677 770 3803 839 247,
3839 772 3932 827 lin.

2345 866 2462 934 45).
2494 864 2677 935 Neque
2707 866 2933 936 obiicias
2959 865 3255 922 Arnobium
3284 866 3356 921 ibi
3409 865 3683 936 paululum
3717 883 3747 922 a
3784 867 3934 923 Cice-

2344 972 2479 1013 rone
2508 957 2786 1023 variasse;
2810 957 3008 1028 quippe
3045 959 3137 1028 qui
3163 958 3458 1015 secundum
3504 959 3689 1016 Solem
3716 974 3785 1016 ex
3807 958 3935 1017 Jove

2347 1057 2401 1103 ct
2432 1049 2753 1119 Hiperione,
2809 1047 3001 1105 Cicero
3045 1056 3176 1107 Vero
3230 1067 3296 1107 ex
3339 1046 3629 1124 Hiperione
3659 1052 3937 1110 dumtaxat

2347 1150 2532 1197 natum
2557 1140 2915 1200 dixeriLNam
2943 1143 3153 1199 tametsi
3183 1142 3502 1214 responderi
3536 1145 3709 1215 possit
3738 1146 3937 1203 lectum

2348 1238 2578 1295 fortasse
2608 1238 2675 1294 ab
2704 1240 2947 1295 Arnobio
2973 1241 3028 1295 in
3054 1240 3335 1297 Ciceronis
3363 1248 3512 1297 textu
3540 1256 3737 1297 nomen
3768 1242 3935 1312 Jovis,

2350 1347 2412 1387 ea
2451 1331 2726 1387 levissima
2757 1332 3146 1403 discrepantia,
3178 1350 3280 1404 qua
3311 1334 3503 1390 Cicero
3530 1335 3797 1406 Apollinis
3827 1344 3942 1392 tan-

2358 1433 2469 1479 tum
2510 1433 2759 1491 matrem,
2789 1434 2845 1480 et
2874 1424 3149 1480 Arnobius
3174 1433 3380 1495 patrem
3430 1435 3487 1481 et
3513 1434 3742 1482 matrem
3772 1429 3944 1483 nomi-

653 1528 749 1573 aut
767 1518 1000 1575 Penates
1030 1515 1322 1571 invocabit.
1352 1516 1579 1571 Tantum
1616 1516 1780 1586 igitur
1799 1516 1972 1583 abest,
2002 1523 2060 1570 ut
2085 1516 2253 1571 Sacri-
2354 1528 2467 1583 nat,
2498 1518 2629 1572 nulli
2673 1518 3021 1589 persuadebit
3058 1516 3199 1574 hunc
3225 1517 3504 1575 Ciceronis
3531 1518 3709 1575 locum
3736 1522 3806 1578 ab
3839 1524 3941 1576 Ar-

653 1610 812 1677 iiciis,
861 1619 916 1664 et
954 1608 1204 1679 precibus
1246 1623 1331 1673 ea,
1377 1623 1498 1678 qua:
1536 1608 1606 1662 ab
1634 1606 1730 1663 illo
1773 1611 1924 1679 petit,
1980 1616 2170 1666 exoret
2195 1619 2252 1665 et
2352 1611 2517 1666 nobio
2545 1626 2652 1666 non
2684 1610 2852 1669 fuisse
2872 1612 3243 1682 compilatum.

654 1712 1015 1773 consequatur
1043 1717 1057 1766 ;
1084 1710 1146 1756 ut
1195 1702 1497 1757 obstructas
1534 1702 1918 1772 obturatasque
1947 1716 2107 1758 aures
2133 1702 2252 1773 eius

2427 1703 2657 1775 Urgebis
2682 1713 2929 1775 quartum
2959 1702 3142 1761 Solem
3170 1705 3239 1761 ab
3268 1706 3507 1762 Arnobio
3525 1702 3689 1779 Jaiysi
3708 1713 3943 1777 patrem,

661 1796 918 1860 inveniat,
968 1802 1059 1849 aut
1104 1794 1158 1848 in
1214 1792 1357 1848 illius
1408 1794 1647 1849 incurrat
1697 1792 2053 1851 oﬂensionem
2080 1804 2245 1866 atque
2271 1780 2323 1843 Β
2349 1807 2403 1853 et
2431 1814 2461 1852 a
2490 1795 2753 1891 Cicerone
2805 1812 2961 1854 avum
3005 1799 3209 1855 vocari.
3241 1800 3308 1855 At
3338 1801 3596 1871 numquid
3644 1801 3811 1872 patris
3844 1816 3945 1855 no-

652 1885 855 1942 odium.

1215 2011 1511 2051 ARTICULUS
1550 2013 1621 2052 ιγ.

645 2110 974 2178 Perpenditur
996 2110 1125 2160 aliud
1146 2109 1353 2178 Arnobii
1370 2119 1537 2162 eontra
1577 2116 1801 2178 gentium
1826 2114 1948 2164 deos
1976 2127 2245 2178 argumen-

709 2181 829 2240 tum,
854 2176 1055 2240 ductum
1071 2187 1135 2222 ex
1148 2174 1469 2240 multiplicato
1481 2174 1768 2240 eorumdetn
1783 2178 1989 2226 deorum
2015 2174 2241 2240 u'ttmero,

712 2238 869 2300 tribus
894 2236 1128 2300 videlicet
1147 2236 1375 2300 Jovibus.
1397 2240 1618 2300 quinque
1641 2239 1857 2296 Solibus,
1887 2241 2093 2291 totidem
2117 2236 2248 2292 Mer;

710 2299 939 2362 curiisac
965 2299 1216 2362 Minervis,
1244 2306 1451 2362 quatuor
1494 2299 1743 2361 V'tnlcanis,
1792 2303 1951 2351 tribus
1986 2301 2154 2355 Dianis
2194 2310 2249 2354 et

708 2361 1016 2423 Esculapiis,
1040 2374 1133 2426 sex
1156 2360 1475 2424 Herculibus,
1513 2360 1768 2426 tribusque
1793 2363 2045 2415 Castorum
2065 2373 2118 2415 et
2135 2366 2243 2417 Mu-

706 2438 873 2474 sarum
890 2424 1179 2488 generibus.

722 2555 893 2623 Quam
922 2553 1040 2609 falsi
1087 2555 1197 2610 sint
1221 2554 1495 2626 gentilium
1529 2556 1602 2611 dii
1633 2558 2039 2615 evidentissime
2067 2560 2244 2617 adhuc

656 2644 1009 2717 probati'acta
1040 2660 1147 2701 non
1188 2648 1367 2702 solum
1397 2647 1465 2701 ab
1490 2647 1752 2715 imperitis
1783 2650 2242 2722 quibusdam,sed

653 2741 721 2795 ab
761 2740 994 2810 antiquis
1022 2740 1183 2794 etiam
1237 2754 1301 2795 ac
1341 2740 1688 2809 peritioribus
1734 2742 1948 2799 illorum
1979 2744 2243 2817 theologis

646 2835 807 2889 ttnius
835 2832 1184 2903 ejusdemque
1224 2833 1311 2888 dei
1341 2834 1741 2905 multiplicatio.
1780 2832 1888 2893 Sed
1936 2839 2125 2895 audias
2152 2853 2244 2896 ve-

646 2930 741 2985 lim
781 2930 1054 3002 quomodo
1095 2929 1366 2990 Arnobius
1408 2929 1511 2986 hoc
1558 2932 1892 2991 demonstret
1922 2948 2030 2992 non
2062 2936 2239 2994 mino-

646 3035 768 3077 rum
797 3020 1037 3093 quidem,
1088 3020 1184 3074 scd
1210 3020 1478 3090 majorum
1520 3034 1756 3095 quoque,
1786 3028 1863 3081 uti
1892 3027 2237 3097 iactitabant,

645 3116 869 3170 deorum
908 3112 1194 3182 exemplis.
1231 3113 1323 3169 Sic
1367 3122 1546 3169 autem
1578 3114 1670 3170 ille
1699 3134 1714 3170 :
1743 3134 1762 3168 t
1794 3114 1959 3172 Aiunt
2003 3116 2237 3192 theologi
2261 3164 2310 3228 Β

645 3208 807 3228 --Α-ι..2
854 3218 898 3228 ,Α
929 3205 1554 3228 μμι-.-ι,ι2-,.Ι.-.Α-...Ιέι..
1587 3208 1885 3228 --..-l!.-_.-_
1928 3219 2029 3228 ._,4,
2065 3212 2078 3223 -
2147 3226 2151 3228 .

643 3208 829 3273 vestri,
849 3218 902 3261 et
929 3205 1209 3261 vetustatis
1228 3207 1558 3261 abscondita:
1581 3208 1910 3275 conditores,
1928 3219 2037 3267 tres
2065 3212 2117 3266 in
2145 3226 2233 3269 re-

644 3316 763 3355 rum
796 3308 984 3353 natura
1017 3297 1177 3353 Joves
1209 3312 1351 3361 esse,
1402 3312 1471 3354 ex
1500 3298 1695 3370 quibus
1726 3317 1864 3355 unus
1907 3302 2136 3359 IEthere
2165 3304 2237 3360 sit

642 3405 798 3467 patre
828 3392 1165 3465 progenitus,
1193 3392 1330 3448 alter
1354 3393 1514 3456 ccelo,
1567 3395 1756 3450 tertius
1803 3411 1933 3451 vero
1968 3392 2230 3464 Saturno,

640 3488 781 3561 apud
810 3489 1038 3543 insulam
1090 3487 1326 3553 Cretam,
1358 3495 1414 3542 et
1445 3488 1735 3560 sepultura:
1762 3489 1994 3544 traditus
2023 3500 2078 3546 et
2111 3504 2236 3562 pro-

638 3594 853 3642 creatus
889 3602 908 3636 ι
945 3581 1185 3655 (Artmb.,
1218 3583 1255 3634 ι.
1303 3583 1357 3648 .i,
1389 3600 1441 3651 ρ.
1475 3582 1623 3652 155).
1658 3580 1737 3636 Ex
1760 3580 2026 3639 Cicerone
2056 3594 2233 3641 autem

642 3675 834 3732 istharc
872 3674 1125 3744 decerpta
1164 3674 1329 3726 fuisse
1364 3670 1497 3727 satis
1530 3672 1759 3742 probant
1798 3673 1913 3729 haec
1939 3676 2051 3745 ipsa
2084 3677 2236 3734 latini

638 3767 883 3823 Oratoris
909 3763 1073 3821 verba
1107 3781 1121 3817 :
1160 3784 1177 3815 ι
1206 3763 1481 3833 Principio
1514 3762 1671 3819 loves
1702 3773 1814 3820 tres
1845 3778 2131 3825 numerant
2175 3771 2232 3840 ii,

642 3861 736 3932 qui
785 3858 1021 3930 theologi
1068 3857 1461 3924 nominantur;
1495 3872 1562 3913 ex
1588 3859 1783 3929 quibus
1815 3863 2044 3932 primum
2068 3872 2124 3919 et
2151 3880 2237 3920 sc-

639 3953 872 4011 cuudttm
898 3960 1057 4009 natos
1080 3951 1133 4005 in
1163 3950 1417 4013 Arcadia.
1445 3950 1674 4006 alterum
1703 3964 1855 4023 patre
1885 3953 2230 4015 Emere...”

639 4050 869 4106 alterum
898 4057 1053 4119 patre
1082 4045 1353 4102 Cmio.....
1383 4046 1602 4100 tertium
1649 4044 1966 4104 Cretensem
2012 4049 2235 4106 Saturni

641 4144 826 4209 filium,
861 4142 1016 4212 cuius
1071 4141 1123 4194 in
1176 4139 1353 4194 insula
1401 4137 1493 4194 illa
1537 4138 1844 4210 sepulcrum
1876 4143 2180 4198 ostenditur
2208 4164 2227 4196 ›

642 4238 850 4314 (Cicer.,
883 4237 921 4289 ι.
975 4248 1030 4289 ιιι
1065 4233 1127 4285 de
1160 4231 1354 4285 Natur.
1405 4233 1575 4297 deam,
1622 4251 1677 4301 ρ.
1723 4231 1850 4297 ΞΠ,
1881 4233 1976 4289 (in.
2030 4235 2142 4305 54).
2166 4236 2236 4291 Αι

641 4342 939 4400 graecorum
966 4335 1209 4382 veterum
1237 4339 1301 4379 ea
1330 4323 1497 4378 fuisse
1537 4333 1847 4380 commenta
1878 4341 1944 4380 ex
1987 4329 2233 4397 superio-

640 4425 792 4481 ribus
816 4419 1097 4478 Ciceronis
1140 4417 1321 4473 verbis
1360 4416 1519 4473 facile
1575 4417 1753 4490 colligi
1795 4428 2010 4489 potest:
2050 4441 2069 4473 ι
2100 4421 2233 4478 Nam

2351 1893 2518 1961 mine,
2575 1909 2707 1948 avus
2730 1897 3033 1965 'numquam
3082 1893 3368 1965 signiﬁcari
3402 1894 3618 1965 potest?
3642 1892 3798 1962 Quod
3829 1903 3952 1949 tau-

2354 1986 2476 2041 dem
2505 1986 2729 2056 quintus
2755 1984 2847 2043 Sol
2882 2003 2912 2042 a
2940 1988 3203 2044 Cicerone
3256 1986 3431 2045 Eeta:
3473 1998 3525 2044 et
3554 1986 3760 2057 Circes,
3794 1998 3852 2044 et
3878 1988 3950 2045 ab

2350 2079 2591 2134 Arnobio
2620 2079 2859 2150 Scythici
2899 2082 3041 2152 regis
3067 2089 3123 2137 et
3149 2080 3321 2137 Circa:
3351 2081 3490 2137 filius
3518 2082 3753 2149 dicatur,
3783 2082 3947 2137 ambo

2351 2175 2533 2229 verbis
2565 2182 2771 2228 tantum
2805 2174 3149 2250 dissentiunt.
3173 2175 3312 2245 Quid
3359 2177 3504 2232 enim
3534 2184 3680 2232 vetat
3735 2178 3949 2249 quomi-

2349 2282 2448 2321 nus
2489 2266 2727 2337 Scythici
2773 2267 2915 2339 regis
2958 2269 3181 2325 nomine
3224 2258 3413 2327 Eetas
3456 2269 3945 2342 Colchorum,qui

2354 2358 2573 2430 Scythis
2602 2360 2732 2414 olim
2765 2362 3211 2430 accensebantur,
3239 2378 3335 2418 rex
3360 2363 3734 2435 intelligatur?

2422 2454 2476 2507 In
2507 2450 2728 2508 dubium
2755 2464 2936 2511 autem
2980 2457 3155 2511 nullus
3189 2470 3442 2526 umquam
3468 2458 3708 2523 vocabit,
3731 2474 3853 2529 qua:
3871 2459 3944 2514 de

2345 2547 2586 2617 quinque
2610 2546 2891 2603 Mercuriis
2920 2549 3195 2620 subiungit
3225 2550 3518 2615 Arnobius,
3546 2565 3613 2606 ea
3641 2565 3713 2606 ex
3745 2551 3942 2606 eodem

2346 2640 2608 2695 Cicerone
2656 2638 2825 2695 fuisse
2878 2640 3134 2696 delibata.
3167 2641 3294 2698 Sola
3346 2641 3611 2713 siquidem
3645 2643 3941 2698 verberum

2345 2734 2640 2805 descriptio
2682 2734 3178 2791 manifestissimum
3224 2735 3356 2791 illud
3386 2736 3637 2792 omnibus
3663 2736 3811 2793 facit.
3836 2738 3944 2793 Ar-

2346 2827 2492 2881 uobii
2536 2834 2715 2882 autem
2747 2827 2863 2882 haec
2908 2837 3037 2884 sunt
3069 2847 3084 2882 :
3122 2845 3142 2879 ‹
3177 2828 3473 2884 Mercurius
3496 2831 3724 2900 primus,
3760 2830 3850 2900 qui
3880 2830 3946 2886 in

2346 2917 2730 2989 Proserpinam
2761 2919 2959 2974 dicitur
2982 2920 3306 2990 genitalibus
3345 2916 3715 2977 adhinnivisse
3742 2925 3946 2978 subre-

2342 3010 2467 3077 ctis,
2501 3011 2740 3081 supremi
2766 3011 3051 3081 progenies
3080 3009 3219 3067 Caeli
3244 3020 3350 3067 est.
3374 3011 3488 3068 Sub
3510 3022 3655 3068 terra
3675 3018 3759 3068 est
3776 3012 3942 3078 alter,

2341 3102 2686 3174 Trophonius
2704 3105 2795 3175 qui
2838 3118 2960 3160 esse
2984 3106 3236 3173 iactatur.
3269 3104 3405 3160 Maia
3440 3106 3632 3162 tertias
3659 3110 3851 3173 matre,
3886 3114 3945 3162 et

2339 3196 2472 3253 Jove
2525 3207 2840 3268 procreatus
2889 3199 3070 3256 tertio.
3124 3199 3359 3267 Quartus
3413 3200 3631 3256 soboles
3680 3200 3784 3256 Nili
3831 3210 3940 3267 est,

2344 3293 2499 3362 cuius
2526 3308 2722 3348 nomen
2754 3292 3003 3364 .Egyptia
3040 3307 3173 3363 gens
3204 3292 3388 3349 horret
3414 3304 3471 3349 et
3514 3301 3801 3350 reveretur
3836 3309 3942 3349 ex-

2340 3401 2609 3457 promere.
2634 3387 2863 3452 Quintus
2893 3387 3019 3456 Argi
3057 3396 3140 3442 est
3168 3388 3544 3458 interemptor,
3578 3386 3829 3458 fugitivus
3857 3396 3943 3441 at-

2344 3496 2449 3550 que
2477 3481 2648 3547 exsul,
2679 3492 2735 3535 et
2792 3481 3035 3551 proditor
3082 3482 3222 3552 apud
3254 3480 3544 3555 Egyptum
3579 3483 3881 3540 litterarum
3916 3504 3935 3535 ι

2341 3574 2585 3646 (Ατηοιυη
2618 3575 2657 3628 l.
2690 3589 2764 3639 tv,
2798 3590 2853 3643 p.
2888 3574 3035 3647 l55).
3064 3576 3253 3632 Cicero
3284 3588 3412 3632 vero
3433 3577 3579 3633 hunc
3615 3577 3852 3649 loquitur
3884 3579 3942 3634 in

2339 3668 2558 3723 modum
2591 3685 2605 3721 :
2637 3667 2936 3724 Mercurius
2964 3685 3102 3724 unus
3144 3669 3295 3728 Casio
3327 3680 3497 3742 patre,
3524 3670 3621 3728 Die
3648 3681 3822 3729 matre
3839 3688 3940 3730 na-

2341 3769 2445 3824 tus,
2471 3760 2626 3829 cuius
2656 3760 2945 3817 obscenius
2973 3763 3209 3818 excitata
3259 3773 3450 3819 natura
3480 3763 3740 3829 traditur;
3788 3765 3939 3837 quod

2340 3862 2561 3924 aspectu
2615 3853 2958 3925 Proserpinae
3003 3862 3306 3912 commotus
3370 3858 3460 3911 sit.
3509 3854 3662 3913 Alter
3691 3852 3937 3914 Valentis

2340 3957 2395 4003 et
2420 3948 2770 4003 Pbrunoritlis
2803 3947 2965 4014 illius,
2999 3950 3045 4004 is
3073 3950 3163 4021 qui
3192 3951 3293 4005 sub
3324 3951 3484 4006 terris
3509 3949 3757 4017 habetur,
3782 3950 3933 4007 idem

2340 4040 2709 4111 Trepbonius.
2754 4040 2969 4096 Tertius
3023 4041 3156 4097 JOve
3210 4045 3371 4098 tertio
3399 4050 3555 4099 natus
3591 4052 3646 4099 et
3671 4038 3934 4099 Maia.....

2339 4132 2572 4198 Quartus
2600 4132 2720 4187 Nilo
2745 4141 2916 4202 putre,
2946 4146 3107 4203 quem
3140 4130 3377 4205 Egyptii
3424 4133 3576 4189 nefas
3602 4132 3793 4190 habent
3818 4148 3935 4189 no-

2340 4226 2567 4281 minare.
2591 4225 2841 4293 Quintus,
2873 4242 3031 4297 quem
3054 4228 3239 4282 colunt
3271 4226 3577 4291 Pheneatcc,
3603 4228 3693 4299 qui
3724 4229 3934 4298 Argum

2340 4318 2537 4373 dicitur
2562 4319 2919 4383 interemisse,
2942 4319 3011 4375 ob
3033 4334 3259 4391 eamque
3284 4334 3500 4375 causam
3527 4316 3762 4392 Egypto
3787 4335 3931 4391 pra:-

2349 4411 2539 4477 fuisse,
2586 4422 2746 4482 atque
2772 4411 3042 4484 Egyptiis
3087 4413 3233 4483 leges
3258 4421 3313 4468 et
3340 4408 3546 4469 litteras
3578 4413 3861 4469 tradidisse
3905 4434 3927 4468 ι

640 4517 801 4573 loves
844 4527 1061 4586 quoque
1112 4510 1434 4621 plures"ait
1478 4510 1588 4579 me,
1618 4512 1672 4566 in
1700 4513 1891 4581 priscis
1930 4529 2230 4584 grumorum
2254 4552 2313 4621 D
2339 4502 2550 4621 (Cicer:
2580 4503 2611 4558 ι.
2649 4519 2707 4558 ιιι
2747 4504 2810 4558 de
2840 4503 3033 4621 inter.
3061 4509 3231 4621 dion,
3280 4522 3334 4577 p.
3364 4504 3491 4573 248,
3520 4506 3618 4561 lin.
3650 4505 3731 4621 ἒ).
3760 4505 3933 4562 Vides

644 4607 840 4664 litteris
885 4604 1190 4659 invenimus
1228 4622 1246 4654 ›
1302 4600 1490 4667 illud,
1535 4620 1589 4673 ρ.
1641 4603 1771 4669 245,
1829 4604 1924 4660 lin.
1974 4606 2089 4680 45).
2124 4598 2309 4665 Nos"
2338 4614 2468 4655 sane
2511 4599 2628 4654 haec
2677 4599 3026 4668 proculdubio
3068 4599 3136 4655 ab
3182 4608 3403 4655 auctore
3431 4610 3617 4655 nostro
3644 4598 3931 4672 desumpta

638 4717 773 4760 vero
792 4701 859 4756 de
898 4698 1047 4753 hisce
1100 4703 1262 4765 atque
1304 4694 1424 4748 aliis
1475 4695 1650 4749 adhuc
1682 4693 1904 4752 levibus
1942 4696 2071 4754 alibi
2116 4702 2233 4772 egi-

638 4810 763 4854 rnus
787 4794 935 4867 (tam.
959 4806 978 4844 ι
1008 4790 1286 4859 Apparet,
1319 4802 1371 4855 p.
1398 4785 1546 4856 752).

709 4891 846 4948 Tum
892 4885 1087 4942 deinde
1117 4880 1387 4937 Arnobius
1432 4878 1619 4949 objicit
1645 4881 1882 4952 quinque
1924 4883 1992 4939 ab
2038 4885 2228 4944 iisdem

638 4987 870 5049 ethnicis
895 4983 1050 5039 Soles
1088 4976 1336 5048 produci,
1366 4989 1594 5045 quorum
1631 4993 1651 5026 ι
1690 4976 1917 5045 primus,
1942 4977 2111 5048 lovis,
2147 4984 2229 5038 in-

636 5085 772 5159 quit,
802 5079 943 5135 iilius
990 5073 1210 5138 dicitur,
1241 5078 1294 5125 et
1324 5067 1563 5124 Etheris
1618 5066 1850 5125 habetur
1874 5084 2048 5142 nepos
2076 5093 2092 5141 ;
2140 5092 2225 5132 se.

638 5177 854 5237 cundus
907 5180 1065 5240 :cque
1128 5164 1276 5220 lovis
1327 5161 1490 5229 illius,
1539 5170 1595 5218 et
1647 5162 1932 5233 Hiperiona
1983 5168 2226 5236 proditus

635 5270 937 5349 genitrice:
974 5263 1166 5319 tertius
1182 5257 1450 5325 Vulcano,
1471 5271 1577 5311 non
1604 5255 1852 5326 Lemnio,
1882 5258 1977 5314 sed
2009 5259 2111 5314 Nili
2133 5263 2227 5332 qui

630 5365 796 5423 fuerit
827 5360 970 5418 illius
996 5372 1012 5422 ;
1043 5360 1266 5425 quartus
1312 5349 1477 5423 Jalysi
1528 5359 1702 5421 pater,
1734 5366 1895 5421 quem
1924 5351 2098 5407 Rhodi
2130 5369 2227 5422 pe.

628 5462 772 5535 perit
792 5452 1027 5514 heroicis
1050 5445 1385 5516 temporibus
1415 5446 1660 5500 Achanto
1696 5460 1709 5495 :
1740 5446 1958 5515 quintus
1981 5446 2221 5519 Scythici

624 5556 786 5628 regis,
815 5560 867 5607 et
897 5541 1198 5615 versipeills
1231 5538 1455 5595 habetur
1476 5539 1683 5592 Circam
1713 5538 1955 5608 (Amata,
1990 5541 2085 5593 Liv
2120 5584 2133 5608 ,
2161 5559 2214 5612 ρ.

623 5650 775 5721 155).
810 5648 877 5701 At
921 5645 1034 5697 hzec
1090 5637 1249 5692 etiam
1296 5635 1485 5690 hausta
1541 5643 1665 5686 sunt
1708 5648 1772 5685 ex
1819 5632 2101 5699 Cicerone,
2128 5637 2217 5705 qui

618 5752 766 5817 prius
821 5741 1069 5796 dixerat:
1110 5754 1129 5788 ι
1170 5731 1325 5789 Soles
1357 5729 1461 5806 ipsi
1494 5742 1652 5796 quam
1708 5724 1861 5780 multi
1893 5742 1921 5782 a
1949 5730 2213 5801 theologis

603 5824 980 5905 proferuntur.
1011 5829 1165 5889 Unus
1219 5840 1411 5889 eorum
1444 5824 1577 5881 Jove
1605 5831 1786 5891 natus,
1826 5838 1997 5901 nepos
2022 5822 2210 5881 Eme.

2336 4694 2524 4757 fuisse,
2554 4704 2673 4764 quae
2701 4695 2814 4748 suis
2839 4692 3041 4762 verbis,
3075 4702 3130 4750 et
3172 4694 3391 4750 brevius
3431 4695 3671 4767 quidem,
3697 4693 3789 4751 sed
3817 4697 3930 4751 mi-

2338 4805 2438 4844 nus
2461 4789 2737 4859 eleganter
2763 4786 3018 4843 reddidit.

2408 4883 2763 4953 Prosequitur
2807 4880 2917 4948 ille,
2947 4896 3010 4937 ac
3050 4882 3288 4954 quinque
3335 4883 3495 4939 etiam
3544 4880 3811 4941 Minervas
3857 4882 3931 4940 ab

2336 4977 2626 5049 gentilibus
2652 4975 2957 5031 venditatas
2982 4975 3055 5030 ita
3087 4976 3598 5033 recensuitzchima
3626 4993 3729 5033 non
3749 4976 3931 5047 virgo,

2334 5073 2428 5129 sed
2449 5088 2513 5128 ex
2539 5071 2780 5126 Vulcano
2806 5070 3068 5142 Apollinis
3096 5072 3449 5142 procreatrix.
3468 5070 3572 5128 Nili
3598 5072 3759 5129 altera
3787 5087 3929 5141 pro-

2335 5167 2436 5231 les,
2471 5174 2523 5221 et
2552 5172 2670 5235 qna:
2695 5174 2816 5219 eSSe
2846 5163 3162 5234 perhibetur
3188 5164 3461 5237 Egyptia.
3498 5166 3675 5238 Stirps
3702 5166 3929 5222 Saturni

2332 5270 2416 5317 est
2447 5260 2623 5325 tertia,
2657 5268 2710 5314 et
2736 5270 2856 5329 quae
2899 5272 3052 5313 usum
3084 5258 3408 5328 excogitavit
3450 5274 3745 5315 armorum.
3767 5257 3925 5316 lovis

2333 5362 2521 5426 quarta
2562 5353 2865 5426 progenies,
2896 5364 3054 5420 quam
3088 5348 3335 5407 Messenii
3362 5352 3744 5426 Coryphasiam
3770 5369 3923 5408 nun-

2330 5460 2546 5519 cupant.
2581 5448 2649 5502 Et
2691 5460 2811 5514 qua:
2841 5444 3135 5500 Pallantem
3174 5445 3372 5501 occidit
3416 5457 3648 5515 patrem,
3680 5448 3924 5503 incesto-

2326 5556 2445 5596 rum
2468 5541 2842 5610 appetitorcm,
2867 5546 2949 5594 est
2971 5538 3152 5607 quinta
3190 5557 3208 5590 ι
3242 5538 3484 5611 (Arnob.,
3517 5542 3553 5594 ι.
3588 5557 3660 5605 tv,
3692 5540 3918 5613 p.135).

2326 5635 2535 5692 Tullius
2563 5650 2693 5690 vero
2728 5649 2745 5687 :
2782 5652 2800 5686 ι
2839 5633 3074 5688 Minerva
3103 5633 3295 5702 prima.
3324 5646 3482 5704 quam
3508 5634 3765 5705 Apollinis
3790 5648 3921 5689 ma-

2325 5738 2462 5786 trem
2494 5742 2653 5799 supra
2681 5727 2936 5783 diximus.
2967 5724 3213 5785 Secunda
3242 5735 3359 5783 orta
3389 5724 3531 5793 Nilo,
3566 5744 3719 5798 quam
3744 5724 3922 5799 Egy-

2324 5824 2419 5896 ptii
2450 5818 2612 5882 Saita:
2655 5816 2859 5878 colunt.
2886 5819 3087 5889 Tertia,
3122 5820 3211 5877 illa
3251 5832 3412 5893 quam
3440 5808 3576 5878 Jove
3602 5820 3919 5893 generatam
