4166 6256
201 296 299 353 589

1418 286 1483 344 ΙΝ
1520 280 1902 355 ARNOBIUM,
1942 283 2095 342 CAP.
2138 279 2323 343 XVIII.

3385 290 3488 349 590

199 426 348 483 supra
374 410 638 467 diximus.
680 409 883 479 Quarta
910 406 1044 464 Jove
1074 415 1198 464 nata
1227 415 1282 464 et
1305 407 1557 479 Coryphe
1577 406 1777 462 Oceani
1805 403 1863 466 At
1880 405 1961 460 cia
2009 415 2191 463 vetere
2243 414 2368 463 sunt
2424 408 2688 477 collecta,
2740 407 2901 480 plane
2952 409 3310 466 resistendum
3338 454 3352 477 ,
3409 427 3478 466 ne

199 505 318 571 tilia.
350 520 511 577 quam
546 502 821 562 Aracades
867 502 1085 559 Curiam
1119 502 1212 573 (al.
1238 500 1777 574 Coryphasiaano-

1881 500 2261 568 perturbentur
2308 501 2612 574 religiones.
2673 500 2912 559 Atccrtc
2968 500 3233 560 Arnobius
3290 515 3477 561 noster

198 598 399 655 minent
418 640 434 666 ,
462 596 539 655 et'
558 597 938 668 quadrigarum
970 596 1318 653 inventricem
1349 595 1548 653 ferunt.
1579 594 1778 663 Quinta
1878 594 2158 663 perspicue
2183 594 2417 651 ostendit
2443 606 2674 667 quonam
2706 598 2988 669 religiones
3016 598 3176 653 modo
3204 590 3287 653 his
3315 600 3476 668 plane

201 689 478 757 Pallantis,
507 706 625 761 quae
648 698 856 761 patrem
876 688 1074 746 dicitur
1099 687 1465 754 interemisse,
1491 686 1774 758 virginita-

205 792 305 842 tem
350 799 507 841 suam
536 784 738 840 violare
774 793 1083 851 conantem,
1113 784 1199 840 cui
1250 784 1534 854 pinnarum
1587 781 1777 837 talaria

196 878 413 949 alligent
441 897 464 931 ι
500 877 713 951 (Cicer.,
739 876 838 933 loc.
868 878 980 941 εει..
1006 878 1098 933 lin.
1129 877 1245 948 51).

227 1026 230 1030 .
259 970 513 1028 Clemens
540 970 703 1028 etiam
731 970 1128 1029 Alexandrinus
1156 969 1375 1026 totidem
1402 969 1671 1026 Minervas
1695 969 1780 1024 di-

202 1073 447 1121 numerat
473 1062 720 1137 (Admon.
750 1063 820 1119 ad
848 1062 1023 1127 Genti,
1052 1082 1107 1134 ρ.
1136 1062 1246 1135 17),
1281 1064 1353 1119 ita
1379 1073 1438 1117 ut
1465 1076 1571 1117 non
1604 1061 1782 1115 minus

201 1166 386 1214 auctor
413 1164 599 1213 uoster
624 1155 693 1211 ad
710 1156 879 1222 illum,
897 1168 1058 1226 quam
1088 1156 1154 1211 ad
1181 1154 1497 1212 Ciceronem
1524 1152 1785 1209 accedere

195 1250 433 1307 videatur
459 1266 475 1303 :
503 1251 621 1305 Εἰσί
639 1247 694 1305 δὲ
720 1249 767 1305 οἱ
793 1251 943 1305 πέντε
971 1247 1172 1310 Ἀθηνᾶς
1206 1249 1551 1313 ὑποτίθενται,
1580 1252 1671 1306 τήν
1693 1248 1784 1319 μὲν

193 1343 481 1419 Ἡφαίστου,
519 1348 611 1404 τήν
642 1340 915 1402 Ἀθηναίων.
946 1346 1037 1401 nn
1063 1340 1119 1398 δὲ
1140 1341 1337 1407 Νείλου,
1367 1345 1457 1399 τὴν

193 1441 365 1515 τρίτην
392 1443 484 1493 τοῦ
509 1436 721 1514 κρόνου,
745 1440 839 1495 τήν
863 1436 1085 1508 πολέμου
1133 1435 1361 1512 εὑρέτην.
1402 1433 1647 1509 τετάρτην
1697 1435 1786 1489 τήν

196 1535 327 1597 Διὸς,
373 1532 433 1591 ἣν
463 1534 749 1591 Marcoduro:
774 1531 1122 1607 “pupae-im,
1153 1530 1259 1585 ἀπὸ
1280 1535 1373 1590 τῆς
1400 1527 1593 1603 μητρὸς
1618 1528 1787 1581 ἐπικι-

196 1626 458 1684 κλήκασιν.
491 1620 603 1680 Ἐπὶ
626 1628 779 1691 πᾶσι,
808 1629 900 1683 τήν
941 1622 1217 1683 nemo;
1259 1625 1344 1678 και
1392 1617 1653 1679 Τιτανίδος
1695 1627 1791 1678 τῆς

194 1720 448 1785 Ὠκεανοῦ,
477 1717 509 1776 ἢ
535 1717 621 1772 τὸν
640 1717 845 1792 πατέρα
864 1712 1172 1775 ductae-s66»;
1198 1714 1561 1777 καταθύσασα,
1590 1716 1666 1784 τῷ
1683 1731 1788 1765 πα·

1882 686 2279 755 perturbentur.
2304 687 2438 743 Nam
2466 689 2512 744 si
2536 690 2717 760 plures
2737 691 2863 755 sint,
2888 691 3083 763 inquit,
3108 688 3349 762 ejusdem
3378 706 3475 747 no-

1881 781 2039 836 minis
2063 781 2160 850 dii,
2184 794 2212 836 a
2237 796 2294 838 se
2322 783 2549 840 invicem
2577 780 2835 850 distincti,
2859 784 3178 841 conturbata
3204 776 3476 841 haesitabit

1881 873 2067 945 religio
2091 873 2367 930 hominum
2388 920 2402 944 ,
2434 877 2525 948 qui
2552 890 2682 933 sane
2724 877 2791 931 ad
2833 894 2991 950 quem
3033 889 3154 934 vota
3182 894 3478 950 precesque

1882 967 2131 1038 dirigant,
2157 970 2298 1025 scire
2318 982 2424 1026 non
2450 978 2720 1042 peterent.
2746 970 2881 1039 Quid
2907 987 3053 1037 vero,
3080 970 3123 1026 si
3152 970 3475 1027 sacriﬁcium

1883 1058 2102 1132 aliqtrod
2147 1062 2437 1131 Mincrvm,
2484 1072 2578 1120 aut
2606 1062 2757 1130 iovi,
2800 1070 2893 1120 aut
2935 1065 3089 1121 alteri
3125 1064 3249 1133 fiat,
3297 1082 3477 1121 nonne

1886 1156 2249 1227 unusquisque
2268 1173 2334 1213 ex
2355 1158 2417 1213 iis
2440 1158 2541 1213 sibi
2565 1159 2665 1215 sali
2681 1158 2881 1215 factum
2908 1161 3235 1217 existimabit
3250 1162 3272 1216 ἒν
3287 1160 3478 1217 Nonne

1884 1262 2005 1303 cum
2026 1249 2151 1314 alio,
2175 1251 2217 1304 si
2240 1251 2339 1306 sibi
2363 1251 2476 1307 ﬁeri
2499 1253 2810 1322 contendat,
2838 1253 2984 1311 illico
3008 1255 3289 1325 rixabitur,
3317 1264 3478 1328 atque

1885 1341 2044 1397 ambo
2072 1341 2211 1398 inter
2237 1356 2296 1403 se
2324 1342 2795 1415 digladiabuntur?

1957 1433 2074 1490 Non
2110 1435 2311 1507 patitur
2336 1445 2515 1492 autem
2538 1438 2806 1494 Arnobius
2833 1436 2934 1496 sibi
2960 1436 3028 1496 ab
3054 1439 3231 1512 aliquo
3253 1457 3478 1514 respon-

1888 1527 2003 1583 deri
2034 1528 2426 1600 incompertum
2454 1545 2594 1599 esse,
2628 1548 2697 1586 an
2724 1531 2956 1604 theologi
2986 1532 3214 1604 gentiles
3252 1546 3397 1590 Certa
3426 1546 3482 1592 et

1888 1622 2184 1692 explorata,
2223 1631 2314 1677 aut
2340 1621 2461 1679 ﬂeta
2489 1628 2543 1679 et
2572 1622 2703 1679 falsa
2745 1640 2841 1695 pro
2885 1622 3106 1682 libidine
3145 1629 3480 1699 scripserint.

1889 1714 2032 1770 Satis
2068 1715 2343 1771 enimvero
2371 1716 2526 1771 nobis
2554 1726 2670 1783 est,
2701 1716 2906 1788 inquit,
2935 1721 3236 1776 ostendisse
3264 1721 3385 1776 illos
3414 1722 3483 1777 de

199 1814 343 1888 τρῲῳ
370 1809 686 1884 κεκόσμηται
709 1807 912 1881 δέματι,
942 1809 1121 1877 ὥσπερ
1155 1804 1323 1877 κωδίῳ
1350 1819 1365 1857 :
1392 1823 1413 1857 ι
1449 1803 1590 1858 Sunt
1623 1811 1679 1857 et
1699 1800 1790 1871 qui

1911 1807 2055 1863 'ebus
2080 1808 2309 1879 publicis
2346 1819 2399 1864 et
2438 1810 2747 1881 vulgaribus
2773 1811 2949 1883 loqui,
2977 1829 3202 1884 quarum
3234 1830 3485 1886 unaquae-

201 1903 405 1976 ﬁngunt
429 1903 672 1974 quinque
701 1901 996 1967 Minervas,
1030 1914 1191 1956 unam
1218 1897 1437 1969 quidem
1468 1896 1695 1954 Vulcani
1723 1895 1787 1949 Ii-

203 1996 347 2061 liam,
376 1993 1034 2053 Atheniensemzalteram
1056 2006 1187 2048 vero
1215 1990 1319 2047 Nili
1350 2011 1369 2044 ι
1395 1990 1486 2062 [de
1509 2006 1612 2059 qua
1638 1989 1790 2045 Plato

202 2086 270 2144 ab
295 2089 524 2160 ipsemet
553 2088 797 2147 Arnobio
827 2087 1067 2162 (Arnob.,
1090 2087 1129 2140 l.
1163 2102 1241 2153 tv,
1269 2104 1324 2157 p.
1348 2084 1451 2142 157
1481 2101 1497 2152 ;
1530 2083 1703 2150 Plato,
1738 2085 1793 2139 in

208 2183 421 2251 Timeo,
465 2194 502 2240 t.
537 2200 632 2250 ut,
680 2201 737 2251 ρ.
764 2182 858 2255 21)
889 2191 1072 2253 postea
1128 2178 1346 2252 citatus]
1380 2197 1400 2232 t
1439 2176 1789 2251 Egyptian):

206 2277 423 2334 tertiam
450 2277 689 2345 Saturni,
723 2275 852 2332 belli
891 2274 1290 2331 inventricem:
1329 2281 1577 2343 quartam
1622 2271 1793 2338 lovis,

206 2385 367 2442 quam
408 2367 660 2426 Messenii
707 2365 1098 2439 Corypbasiam
1138 2381 1172 2421 a
1215 2374 1390 2422 matre
1453 2364 1798 2436 cognomina-

206 2475 336 2520 runt
363 2479 379 2517 :
406 2474 755 2536 postremam,
789 2461 953 2519 ﬁliam
994 2461 1254 2519 Pallantis
1278 2469 1336 2516 et
1358 2459 1643 2528 Titanidis,
1674 2459 1799 2515 ﬁlim

204 2556 437 2625 Oceani,
465 2572 585 2629 qua:
610 2565 762 2628 patre
788 2556 957 2627 impie
1007 2556 1076 2612 ab
1116 2556 1229 2626 ipsa
1260 2552 1585 2621 sacrificate,
1612 2562 1801 2610 ornata

200 2651 315 2707 fuit
346 2650 489 2723 pelle
508 2650 673 2721 patris
713 2660 985 2721 tamquam
1015 2648 1237 2706 vellere.
1261 2648 1561 2718 Utrumque
1579 2647 1801 2704 Cicero-

203 2744 299 2800 nis
315 2753 376 2799 et
404 2742 698 2800 Clementis
720 2741 1077 2805 Alexandrini
1103 2744 1283 2798 locum
1324 2742 1591 2814 integrum
1616 2741 1805 2797 retuli-

201 2852 355 2905 mus,
383 2836 509 2908 quia
548 2844 788 2893 mutuam
816 2836 919 2893 sibi
949 2845 1005 2893 et
1051 2834 1298 2892 Arnobio
1325 2835 1501 2893 lucem
1546 2833 1800 2901 afferunt,

200 2944 269 2986 ac
314 2928 535 2985 facilius
560 2930 734 3001 quivis
754 2929 1020 3002 iudicabit
1066 2937 1250 2987 utrum
1294 2927 1413 3000 ipse
1438 2928 1711 2986 Arnobius
1736 2928 1805 2985 ad

200 3038 373 3078 unum
423 3024 603 3094 potius
650 3022 994 3094 respexerit,
1046 3037 1206 3093 quam
1239 3020 1306 3079 ad
1335 3022 1591 3088 alterum,
1620 3028 1715 3076 aut
1737 3019 1807 3076 ad

198 3125 523 3189 utrumque,
554 3125 651 3173 aut
673 3115 879 3189 aliquid
919 3116 991 3172 ab
1036 3131 1171 3183 uno,
1196 3126 1251 3173 et
1279 3115 1426 3175 aliud
1463 3115 1530 3172 ab
1558 3115 1665 3172 alio
1688 3131 1808 3171 mu-

202 3219 401 3266 tuatus
421 3209 512 3267 sit.

198 3316 207 3331 ί
275 3302 457 3360 Ροιτο
478 3311 661 3359 autem
690 3301 898 3358 etiamsi
925 3300 1014 3358 ille
1039 3314 1163 3357 cum
1191 3308 1440 3371 utroque,
1463 3297 1726 3358 Cicerone
1752 3307 1809 3355 et

197 3395 496 3455 Clemente
519 3394 907 3462 Alexandrino,
938 3403 1146 3450 asserat
1169 3393 1422 3450 Minerva:
1451 3391 1804 3465 Coryphasiw,

200 3507 419 3548 nomen
457 3506 489 3546 a
526 3501 700 3547 matre
741 3489 859 3562 ejus
908 3487 1161 3559 Coryphe
1218 3487 1502 3544 formatum
1547 3487 1803 3558 (Arnob.,

200 3586 301 3640 lib.
336 3597 418 3651 iv,
449 3601 567 3658 pag.
608 3584 767 3657 157);
797 3591 985 3655 postea
1030 3590 1213 3638 tamen
1256 3582 1371 3652 ipse
1415 3597 1515 3639 nos
1556 3580 1812 3636 admonet

196 3682 348 3740 inde
374 3682 534 3739 etiam
572 3680 701 3737 illud
729 3681 967 3750 potuisse
990 3676 1246 3744 derivari,
1277 3675 1400 3747 quia
1425 3691 1494 3730 ex
1519 3673 1667 3735 lovis
1690 3689 1811 3730 ver-

195 3776 327 3834 tice
359 3783 562 3830 armata
585 3771 850 3845 prodiisse
875 3770 1171 3827 ferebatur.
1198 3768 1308 3829 Nec
1336 3768 1560 3824 forsitan
1590 3781 1811 3837 prorsus

190 3867 519 3926 immerito.
564 3866 608 3923 A
657 3863 931 3922 nonnullis
986 3862 1262 3919 enimvero
1326 3861 1673 3917 observatum
1731 3865 1819 3916 est:

188 3978 415 4039 graec
446 3962 683 4027 nomine,
710 3964 935 4035 Kepuqré,
958 3955 1243 4028 signiﬁcari
1290 3955 1569 4021 verticem,
1597 3962 1651 4008 et
1690 3967 1814 4023 par-

190 4068 317 4117 tem
354 4056 555 4128 capitis
577 4056 717 4111 inter
741 4054 981 4124 sinciput
1003 4061 1058 4108 et
1084 4052 1300 4122 occiput
1327 4048 1561 4105 mediam
1589 4056 1646 4103 et
1668 4061 1815 4102 sum-

188 4166 383 4208 mam.
412 4148 536 4205 Non
580 4147 779 4207 desunt
803 4155 983 4201 tamen
1004 4186 1022 4212 ,
1051 4142 1145 4216 qui
1169 4158 1235 4198 ex
1263 4139 1596 4213 Corypbasio
1633 4150 1819 4195 monte

189 4247 280 4305 sic
307 4243 653 4319 appellatam
676 4241 866 4299 velint.

268 4342 357 4397 At
398 4354 475 4395 ex
502 4336 767 4392 Cicerone
806 4347 869 4389 ea
912 4331 1160 4388 similiter
1204 4327 1475 4387 Arnobius
1511 4325 1819 4397 decerpsit,

187 4452 328 4508 quas
363 4433 443 4491 de
468 4430 590 4488 aliis
616 4428 741 4495 diis,-
768 4426 863 4482 sed
894 4425 1071 4482 verbis
1111 4423 1298 4479 retulit
1325 4419 1686 4492 paucioribus.
1717 4418 1822 4475 Tot

187 4540 466 4599 namque
493 4522 725 4580 insulsas
767 4519 836 4576 de
878 4518 985 4574 illis
1023 4517 1362 4575 ethnicorum
1402 4514 1609 4570 fabulas
1652 4513 1822 4568 fusius

1832 3178 1881 3264 d

1891 1915 1997 1973 que
2033 1914 2094 1958 se
2132 1903 2303 1972 ipsam
2349 1900 2546 1973 prodit,
2589 1912 2644 1960 et
2688 1904 2936 1963 omnibus
2975 1909 3257 1965 manifesta
3284 1922 3385 1966 est.
3428 1910 3486 1968 Si

1890 2004 2021 2047 vero
2065 1992 2119 2047 hi
2164 1994 2405 2064 theologi
2445 1996 2660 2052 mentiti
2690 2000 2835 2065 sunt,
2869 1997 2937 2053 ab
2967 1999 3199 2058 ethnicis
3229 1999 3485 2059 demons-

1895 2086 2140 2142 trandum
2171 2095 2275 2152 est,
2319 2087 2461 2143 unde
2507 2089 2641 2144 certi
2676 2089 2745 2145 de
2772 2087 2875 2145 diis
2906 2092 3018 2147 suis
3047 2088 3248 2165 aliquid
3289 2095 3494 2152 didice-

1894 2181 2021 2237 rint.
2051 2183 2121 2235 At
2141 2182 2412 2252 quomodo
2440 2183 2543 2239 hoc
2571 2183 3038 2255 demonstrabunt,
3062 2188 3167 2243 nisi
3190 2205 3258 2244 ex
3280 2205 3493 2246 corum-

1896 2274 2017 2330 dem
2084 2273 2461 2346 theologorum
2534 2272 2754 2333 s'uorum
2826 2278 3039 2351 scriptis
3078 2323 3093 2347 ,
3160 2298 3227 2337 ex
3299 2285 3494 2355 quibus

1897 2379 2221 2440 acceperunt
2265 2371 2391 2439 quid
2433 2372 2502 2427 de
2545 2372 2649 2429 diis
2695 2373 3001 2445 divinisque
3029 2376 3192 2433 rebus
3235 2386 3500 2437 statutum

1900 2463 2168 2536 factumve
2195 2464 2325 2519 olim
2355 2464 2553 2521 fuerit?
2581 2466 2819 2538 Denique
2858 2468 2904 2523 si
2934 2468 3057 2524 libri
3099 2471 3496 2545 theologorum,

1902 2556 2235 2625 pontiﬁcum,
2269 2556 2359 2612 vel
2402 2556 2840 2629 philosophorum
2871 2562 3166 2619 mendaciis
3194 2562 3497 2638 fabulisque

1903 2657 2168 2715 seateant,
2189 2649 2465 2720 reﬁciendi
2489 2664 2711 2721 prorsus
2732 2660 2874 2720 sunt,
2902 2668 2965 2709 ac
2989 2656 3201 2725 penitus
3221 2658 3497 2729 abolendi,

1904 2752 2201 2812 omnesque
2229 2754 2419 2798 eorum
2447 2743 2733 2815 religiones
2762 2747 3209 2805 exterminandas.

2474 2878 2699 2936 CAPUT
2730 2879 2914 2936 XVIII.

1911 2990 2077 3057 Quam
2115 2992 2381 3062 perspicuo
2412 2992 2666 3048 Arnobius
2696 3007 2760 3048 es
2786 2994 2932 3048 seriis
2959 2994 3297 3067 grauibusque
3333 3000 3503 3055 etimi-

1979 3102 2155 3141 corum
2183 3088 2431 3163 historiis,
2452 3102 2667 3158 quorum
2687 3088 2937 3143 meritorio
2952 3088 3140 3145 annuis
3164 3088 3339 3147 diebus
3361 3094 3504 3165 festis

1978 3178 2345 3249 celebrabatur,
2363 3179 2610 3236 absurdos
2628 3179 2833 3235 illorum
2846 3180 2911 3236 de
2923 3181 3025 3237 diis
3038 3196 3239 3239 more:
3255 3185 3502 3242 destruat.

2434 3357 2733 3399 ARTICULUS
2771 3358 2983 3399 Ρωιωε.

1909 3478 2407 3545 Examinaturprima
2441 3480 2662 3545 historia,
2700 3486 2793 3542 qna
2826 3479 2984 3545 Nemo
3018 3478 3288 3545 Pompilius
3309 3496 3336 3532 a
3358 3483 3506 3545 Jove,

1968 3542 2127 3595 Fauni
2159 3549 2213 3594 et
2240 3542 2347 3593 Pici
2370 3544 2560 3593 artibus
2583 3549 2807 3600 evocato,
2836 3542 3071 3600 fulminis
3109 3542 3506 3600 procurationem

1971 3594 2199 3655 didicisse
2213 3605 2553 3668 jactitabatur;
2581 3611 2633 3668 et
2653 3603 2748 3654 alia
2764 3594 3006 3668 Cybeles,
3024 3594 3270 3667 Agdestis,
3296 3594 3355 3659 et
3368 3594 3507 3658 Atti;

1972 3668 2049 3718 dis
2082 3666 2299 3726 historia,
2326 3668 2500 3715 annuis
2535 3666 2785 3716 celebrata
2802 3666 2951 3718 festis
2981 3666 3179 3730 diebus,
3213 3670 3298 3722 ubi
3319 3670 3383 3721 de
3407 3672 3506 3722 Ab-
3536 3698 3539 3699 ν

1971 3731 2305 3780 deritanorum
2328 3736 2532 3794 stupore
2557 3734 2608 3778 et
2631 3730 2835 3779 insania.

1985 3853 2154 3922 Quam
2182 3853 2315 3908 falsa
2341 3854 2412 3907 sit
2438 3852 2817 3922 superetitiosa
2852 3842 3130 3925 gentilium
3157 3856 3373 3929 religio,
3402 3859 3507 3914 alio

1916 3944 2185 4001 Arnobius
2230 3955 2551 4017 argumento
2590 3945 3029 4002 multilestissime
3067 3950 3342 4005 convincit
3383 3948 3507 4024 (Ar-

1916 4038 2058 4104 nab.,
2083 4038 2171 4092 lib.
2194 4052 2247 4102 v,
2275 4046 2393 4109 pag.
2426 4036 2571 4109 154).
2601 4034 2735 4092 Illud
2776 4047 2953 4093 autem
2982 4040 3115 4110 petit
3152 4056 3220 4096 ex
3256 4044 3509 4112 gravibus

1917 4130 2181 4201 seriisque
2208 4128 2425 4185 illorum
2455 4128 2723 4198 historiis,
2762 4144 2896 4199 quas
2934 4142 3094 4186 veras
3139 4146 3260 4190 esse
3288 4133 3359 4189 ita
3385 4150 3509 4206 per-

1918 4238 2137 4280 suasum
2186 4224 2452 4290 habuere;
2504 4233 2561 4278 ut
2607 4234 2699 4278 eas
2741 4223 3056 4294 quatidiano
3078 4240 3181 4281 usu
3223 4228 3507 4299 probatas,

1919 4319 2111 4374 annuis
2137 4317 2473 4373 celebrarent
2496 4315 2671 4381 foetis,
2699 4316 2963 4389 variiSque
2990 4319 3289 4376 simulacris
3310 4336 3511 4394 reprrc-

1919 4418 2218 4468 sentarent.

1991 4503 2227 4559 Primam
2255 4502 2437 4573 itaque
2461 4502 2726 4560 Arnobius
2751 4514 2815 4560 ex
2860 4506 3105 4562 secundo
3123 4508 3378 4578 Antiatis,
3410 4510 3513 4568 hoc
3555 4494 3559 4503 ’

182 4584 487 4680 enarrare
529 4622 823 4685 perusus,
848 4618 1046 4667 caetera
1083 4608 1160 4664 sic
1202 4606 1439 4663 scrictim
1468 4604 1774 4677 perstringit
1804 4622 1817 4657 :
1844 4584 1905 4658 D
1924 4608 2024 4664 est,
2055 4597 2194 4653 illius
2219 4597 2509 4653 Annalium
2534 4598 2670 4653 libre
2696 4603 2985 4668 excerpsit.
3014 4599 3091 4655 lbi
3120 4614 3250 4657 vero
3274 4602 3363 4658 ille
3387 4618 3511 4658 nar-

191 4736 214 4769 ι
256 4716 457 4771 Aiunt
481 4709 643 4766 iidem
667 4704 905 4776 theologi
924 4710 1154 4775 quatuor
1176 4716 1296 4759 esse
1320 4698 1607 4765 Vulcanos,
1636 4707 1690 4753 et
1715 4705 1825 4752 tres

182 4810 455 4870 Dianas,
488 4798 829 4870 Esculapios
872 4795 1130 4861 totidem',
1162 4804 1216 4851 et
1247 4792 1530 4864 Dionysius
1555 4790 1820 4862 quinque,

179 4914 280 4961 ter
326 4899 515 4957 binos
541 4892 833 4958 Hercules,
864 4899 921 4946 et
946 4897 1173 4959 quatuor
1208 4884 1471 4952 Veneres,
1505 4883 1602 4939 tria
1629 4896 1829 4955 genera

174 4996 541 5053 Castorum,
565 4984 894 5053 totidemque
919 4979 1213 5044 Musarum,
1245 4978 1585 5049 pinnatarum
1610 4972 1831 5043 Cupidi-

174 5102 337 5145 num
380 5082 593 5152 tristis,
634 5086 691 5134 et
733 5073 1017 5146 quadrigas
1055 5062 1447 5141 Apollinarium
1496 5066 1771 5124 nominum
1800 5085 1821 5117 ›

172 5175 484 5255 (Much,
508 5171 599 5228 lib.
623 5186 695 5237 1v,
720 5183 839 5241 pag.
866 5164 1014 5236 156).
1039 5161 1110 5220 At
1129 5164 1316 5219 Cicero
1335 5176 1435 5255 eos
1457 5174 1668 5255 omnes,
1692 5159 1831 5213 sicut

172 5253 243 5332 et
274 5271 454 5327 alios
476 5264 685 5336 priores
703 5259 1014 5332 singillatim
1037 5264 1299 5314 recenset.
1322 5254 1486 5326 Apud
1508 5269 1630 5310 cum
1654 5253 1830 5321 itaque

166 5363 482 5439 reperies
521 5357 712 5413 horum
739 5354 979 5413 omnium
1023 5362 1078 5409 et
1114 5349 1507 5421 expositionem
1544 5356 1598 5403 et
1642 5345 1831 5419 proba-

168 5438 466 5519 tionem.
497 5450 609 5506 Nos
638 5464 767 5505 vero
807 5438 933 5502 alibi
960 5446 1027 5501 de
1054 5443 1371 5516 quibusdam
1411 5441 1613 5513 aliquid
1657 5438 1834 5510 attigi-

160 5567 335 5612 mus
370 5544 610 5619 (Giton,
653 5540 743 5597 lib.
772 5555 829 5595 tu
869 5538 935 5593 de
961 5536 1152 5592 Natur.
1195 5537 1362 5605 deer.,
1393 5552 1516 5609 pag.
1568 5533 1696 5600 245,
1725 5531 1830 5587 247

159 5657 223 5705 ιε
260 5638 452 5706 248;
488 5644 610 5691 tam.
642 5649 658 5688 l
708 5633 985 5704 Apparat.,
1009 5648 1130 5703 pag.
1154 5628 1303 5701 85I).

247 5738 475 5797 Cotta
499 5738 701 5793 autem,
732 5726 886 5798 cujus
910 5724 1126 5782 nomine
1144 5722 1335 5778 Cicero
1366 5737 1430 5779 ea
1457 5721 1640 5778 omnia
1663 5721 1835 5793 expli—

150 5843 299 5904 cal,
336 5806 505 5887 inde
532 5819 674 5877 haud
701 5817 1008 5878 dubitanter
1039 5814 1308 5875 concludit
1334 5814 1423 5887 iis,
1446 5830 1568 5888 quae
1589 5829 1658 5872 ex
1678 5814 1834 5872 Grae-

1926 4688 2080 4745 rabat
2106 4688 2355 4759 Numam,
2387 4700 2450 4745 ut
2477 4689 2801 4760 procurandi
2832 4689 3071 4747 fulminis
3092 4693 3320 4749 scientia
3347 4695 3512 4750 infor-

1926 4792 2195 4849 maretur,
2240 4783 2449 4854 Egeriae
2508 4784 2710 4837 monitu
2758 4783 3003 4840 Faunum
3047 4792 3102 4839 et
3147 4784 3333 4842 Picum
3381 4786 3514 4844 deos

1927 4885 2205 4948 agrestes,
2251 4884 2373 4932 cum
2423 4876 2797 4947 extinguendus
2845 4876 2959 4932 sitis
3005 4891 3168 4932 causa
3215 4879 3281 4934 ad
3312 4880 3517 4939 fontem

1928 4968 2213 5041 quemdam
2260 4970 2570 5034 venissent,
2644 4968 2771 5022 dolo
2819 4977 2875 5022 et
2917 4976 3032 5023 arte
3079 4969 3408 5040 inebriatos,
3456 4986 3521 5027 ac

1931 5070 2121 5132 postea
2147 5062 2374 5132 sopitos,
2404 5076 2435 5116 a
2464 5059 2773 5126 duodecim,
2802 5074 2939 5131 quos
2964 5058 3134 5117 Numa
3165 5063 3281 5134 ipse
3306 5066 3360 5119 in
3388 5066 3522 5122 insi-

1932 5158 2034 5213 diis
2075 5167 2358 5229 posuerat,
2401 5157 2686 5228 juvenibus
2729 5158 3051 5215 constrictos
3082 5160 3245 5217 fuisse
3272 5164 3520 5221 vinculis.

1931 5250 2051 5306 Non
2076 5252 2223 5322 prius
2260 5260 2445 5307 autem
2473 5252 2593 5306 illos
2635 5252 2767 5307 solvi
2809 5253 2996 5321 voluit,
3038 5268 3195 5326 quam
3225 5270 3255 5311 a
3282 5257 3435 5327 Jove,
3467 5260 3526 5317 in

1936 5354 2109 5403 terras
2136 5355 2383 5413 evocato,
2413 5353 2470 5400 et
2499 5345 2660 5402 variis
2685 5347 2973 5403 verborum
2999 5349 3310 5420 ambagibus
3336 5351 3527 5409 deluso

1933 5439 2303 5503 extorsissent,
2336 5454 2496 5509 quam
2538 5454 2632 5495 rex
2659 5438 2828 5494 Numa
2861 5441 2998 5496 scire
3040 5441 3279 5511 volebat,
3307 5444 3527 5516 fulguris

1936 5533 2364 5601 procurationem,
2391 5544 2491 5588 seu
2516 5532 2894 5604 expiationem.
2923 5533 3220 5590 Procurare
3245 5536 3389 5591 enim
3431 5537 3528 5593 lul-

1936 5637 2060 5680 men
2090 5623 2230 5680 idem
2268 5632 2355 5680 est
2373 5665 2391 5691 ,
2424 5642 2489 5683 ac
2517 5625 2745 5683 solemni
2772 5625 2987 5695 expiare
3015 5620 3110 5681 illo
3151 5627 3255 5682 ritu
3284 5632 3340 5683 et
3363 5630 3531 5685 sacri-

1937 5715 2082 5782 ﬁcio,
2112 5733 2219 5790 quo
2242 5718 2377 5774 illud
2404 5719 2723 5779 credebatur
2746 5719 2918 5774 arceri
2957 5725 3015 5773 et
3056 5722 3343 5776 removeri.
3380 5721 3536 5780 Unde

1941 5808 2185 5870 Seneca:
2225 5832 2243 5867 ι
2273 5812 2656 5883 Proeuranda,
2690 5830 2710 5866 ι
2736 5811 2929 5885 inquit,
2974 5820 2997 5865 r
3025 5813 3337 5871 existimant
3364 5813 3541 5874 fulmi-
