4230 6266
657 288 758 382 είῡῖι

1898 317 2346 380 DlSSERTATlO
2384 319 2665 380 PRxEVIA

3835 325 3950 382 59?.

658 464 764 512 na,
794 453 849 500 et
875 441 1203 513 expiationes
1240 454 1344 496 non
1367 439 1613 495 dubitant
1641 439 1894 509 prodesse
1921 439 2240 511 aliquando,
2271 439 2322 500 A
2347 454 2500 495 suum
2543 441 2834 497 maximum
2885 449 2940 496 et
2983 443 3406 511 omnipotentem
3453 442 3665 512 penitus
3711 441 3943 498 infama-

658 538 729 592 ad
759 533 1126 593 submovenda
1162 532 1418 603 pericula,
1446 530 1731 600 aliquando
1759 531 1828 586 ad
1872 532 2118 599 levanda,
2151 530 2253 585 ali-

659 627 878 699 quando
929 625 995 680 ad
1043 623 1354 680 differenda.
1397 643 1415 675 ι
1471 623 1704 694 (Senec.,
1750 624 1839 678 lib.
1887 640 1922 677 ιι
1966 623 2094 679 Nat.
2143 640 2248 694 qu.,

663 737 781 790 cap.
816 719 907 785 56,
939 734 1057 790 pag.
1089 715 1243 788 422.)

735 812 884 866 l-lanc
911 825 1071 881 porro
1094 807 1370 864 historiam
1395 823 1501 865 non
1524 810 1695 863 solum
1725 809 1988 873 Antiates,
2015 809 2108 866 sed
2133 808 2256 864 Ovi-

659 905 782 961 dius
812 920 1025 975 quoque
1051 911 1106 959 et
1132 903 1474 970 Plutarchus,
1499 913 1659 974 atque
1677 903 1763 958 hic
1789 903 2001 974 quidem
2019 904 2254 967 brevius,

654 1000 752 1054 ille
783 1013 911 1052 vero
957 997 1123 1051 fusius
1151 996 1576 1066 descripserunt.
1615 996 1796 1052 Livius
1827 1007 2004 1052 autem
2047 997 2164 1051 haec
2189 997 2259 1052 de

659 1093 834 1148 Numa
865 1093 1078 1164 scriptis
1125 1091 1381 1147 tradidit:
1419 1110 1437 1142 ι
1467 1091 1705 1162 Quinque
1754 1093 1992 1163 prodigia
2023 1093 2257 1148 fulmini-

659 1187 780 1255 bus,
817 1187 992 1252 aliovc
1021 1201 1127 1257 quo
1156 1187 1271 1242 viso
1301 1186 1460 1242 missa
1491 1187 1893 1256 susciperentur
1918 1198 2076 1259 atque
2103 1202 2260 1243 cura-

663 1291 852 1337 rentur
887 1299 900 1334 :
939 1279 1006 1334 ad
1052 1295 1116 1334 ea
1161 1280 1421 1336 elicienda
1469 1296 1535 1335 ex
1579 1282 1848 1337 mentibus
1895 1281 2108 1348 divinis,
2141 1281 2260 1337 Jovi

660 1374 833 1429 Elicio
873 1389 1023 1429 aram
1069 1374 1121 1428 in
1167 1375 1431 1429 Aventino
1476 1374 1695 1430 dicavit.
1731 1397 1748 1427 ›
1804 1375 2013 1448 (0vid.,
2070 1377 2160 1431 lib.
2203 1393 2260 1432 ιιι

661 1473 870 1542 factum,
889 1470 916 1542 §
932 1471 986 1534 5,
1005 1487 1123 1541 pag.
1145 1469 1271 1533 5‘29,
1295 1480 1342 1523 et
1360 1486 1522 1540 seqq.;
1544 1469 1837 1537 Plutarch,
1861 1471 1913 1524 in
1939 1469 2256 1538 Vit.Numa!,

661 1573 785 1617 tom.
821 1579 879 1628 tt,
908 1580 1029 1634 pag.
1054 1564 1155 1627 70;
1187 1561 1325 1625 Liv.,
1359 1563 1445 1616 lib.
1476 1579 1512 1626 t,
1545 1579 1660 1632 cap.
1694 1563 1814 1634 20.)

735 1657 934 1712 Verum
968 1656 1235 1710 Arnobius
1276 1657 1413 1710 hanc
1444 1655 1719 1710 historiam
1748 1657 1900 1724 nulli,
1931 1659 2068 1714 sicut
2097 1660 2258 1714 etiam

656 1749 857 1804 fatetur
886 1748 1205 1802 Plutarchus
1233 1747 1552 1819 (Plutarch,
1581 1750 1679 1801 loc.
1711 1749 1849 1819 cit.),
1875 1765 1998 1807 esse
2028 1753 2262 1810 credibi-

2354 532 2504 590 bant.
2551 534 2733 590 Palam
2772 535 2914 590 enim
2963 533 3264 591 fatebantur
3305 537 3455 591 illum
3503 536 3721 607 magicis
3750 552 3956 593 evoca-

2358 635 2468 681 tum
2500 641 2622 682 esse
2650 627 3206 700 carminibusriisque
3240 640 3484 686 coactum
3511 629 3724 697 cedere,
3759 647 3822 686 ac
3853 631 3954 688 do-

2361 737 2485 776 cere
2514 719 2756 776 fulminis
2782 723 3236 792 procurationem.

2428 813 2673 870 Secunda
2703 815 2907 887 Magum
2945 816 3168 872 deorum
3212 818 3429 888 matris,
3459 815 3586 874 'sive
3627 815 3858 889 Cybeles
3897 827 3956 873 et

2361 909 2554 964 Attidis
2587 908 2806 964 historia
2837 911 2904 966 ab
2932 912 3206 979 Arnobio,
3241 913 3308 967 ad
3347 914 3732 982 sempiternum
3771 912 3953 967 ethni-

2359 1015 2544 1057 corum
2597 1001 2761 1057 decus
2809 1002 3003 1060 deinde
3048 1014 3369 1060 retractatur
3423 1005 3687 1077 (Arnob,
3743 1005 3834 1061 lib.
3884 1023 3955 1070 v,

2362 1113 2481 1167 pag.
2517 1097 2620 1151 157
2647 1107 2694 1151 et
2717 1096 2900 1169 seqq.)
2936 1100 3063 1154 Eam
3095 1108 3274 1154 autem
3315 1115 3344 1153 a
3392 1099 3559 1169 prima
3602 1114 3699 1154 sua
3745 1100 3958 1170 origine

2361 1204 2426 1244 ex
2458 1188 2740 1246 Timotheo
2769 1206 2872 1245 non
2903 1192 3124 1261 ignobili
3151 1192 3418 1264 theologo,
3448 1203 3502 1248 et
3529 1192 3648 1248 aliis
3677 1189 3863 1258 etiam,
3892 1208 3958 1248 ac

2360 1284 2652 1340 reconditis
2691 1288 3068 1357 antiquitatum
3110 1287 3292 1353 libris,
3333 1296 3387 1342 et
3437 1289 3638 1357 intimis
3684 1289 3962 1360 mysteriis

2367 1389 2600 1447 erutam,
2633 1382 2710 1436 sic
2737 1382 2826 1437 ille
2855 1381 3142 1454 descripsit
3171 1401 3184 1439 :
3211 1383 3269 1438 In
3299 1383 3543 1455 Phrygia:
3571 1384 3765 1438 finibus
3805 1394 3961 1456 petra

2366 1484 2482 1528 crat
2521 1473 2772 1530 inauditae
2800 1476 3085 1544 vastitatis,
3113 1476 3202 1532 cui
3229 1476 3298 1531 ab
3333 1476 3567 1548 regionis
3593 1476 3738 1531 illius
3767 1477 3962 1533 incolis

2364 1582 2562 1623 nomen
2603 1568 2786 1640 Agdus
2816 1570 3144 1640 impositum.
3186 1570 3394 1640 Sumpti
3437 1570 3561 1626 inde
3613 1571 3846 1641 lapides,
3889 1587 3962 1627 ex

2364 1663 2559 1732 quibus
2590 1679 2618 1716 a
2650 1663 2974 1720 Deucalione
3003 1675 3059 1720 et
3084 1663 3287 1736 Pyrrha
3317 1664 3592 1719 Themidis
3614 1665 3766 1734 jussu
3788 1665 3963 1736 jacta-

2367 1758 2466 1822 tis,
2510 1773 2701 1828 magna
2730 1757 2899 1814 Mater
2923 1775 3044 1815 cum
3093 1761 3302 1814 caeteris
3347 1758 3650 1814 hominibus
3674 1769 3968 1831 procreata

658 1843 767 1897 lem
800 1842 960 1896 variis
991 1843 1178 1910 probat
1209 1842 1474 1896 rationum
1507 1843 1812 1897 ntomcntis.
1846 1843 1943 1898 Cui
1973 1846 2139 1910 enim,
2174 1847 2256 1901 in-
2292 1828 2339 1887 Β
2367 1851 2486 1906 fuit.
2512 1852 2723 1922 Jupiter
2745 1869 2874 1908 vero
2898 1854 3042 1909 illius
3063 1863 3249 1923 postea
3271 1869 3457 1909 amore
3479 1828 3693 1923 captus,
3712 1870 3833 1910 eum
3857 1853 3968 1908 sibi

659 1935 798 2006 quit,
831 1951 1082 2004 umquam
1116 1934 1429 2004 persuaderi
1459 1936 1659 2006 poterit
1697 1935 1939 1991 Faunum
1969 1946 2024 1993 et
2050 1939 2258 2004 Picum,

660 2025 730 2084 ad
760 2028 984 2093 fontent,
1031 2038 1088 2082 ut
1134 2028 1275 2082 sitim
1326 2029 1614 2098 sedarent,
1653 2032 1886 2096 venisse,
1936 2033 2116 2103 ibique
2158 2035 2262 2090 illis

660 2125 808 2186 vino,
840 2140 937 2193 pro
965 2138 1104 2192 aqua
1133 2132 1314 2192 potato
1353 2124 1660 2193 inebriatis,
1690 2136 1744 2180 et
1770 2141 1962 2182 somno
1988 2129 2262 2199 oppressis

656 2218 854 2288 injecta
894 2217 1102 2272 vincula
1122 2261 1137 2286 ,
1189 2233 1290 2273 nec
1334 2219 1402 2274 ab
1436 2219 1562 2284 alio,
1593 2235 1751 2290 quam
1780 2237 1807 2274 a
1835 2221 1970 2278 Jove
1999 2222 2132 2278 disci
2163 2239 2260 2295 po-

663 2311 834 2366 tuisse
878 2310 1113 2365 fulminis
1158 2311 1640 2381 procurationem?
1679 2313 1862 2384 Neque
1919 2315 2122 2371 facilius
2171 2317 2263 2372 ulli

657 2400 979 2480 probabitur
996 2402 1245 2458 emndem
1269 2401 1483 2471 Jovem,
1509 2414 1566 2459 ut
1589 2405 1824 2462 remedia
1844 2417 2029 2462 contra
2053 2409 2254 2464 fulmen

661 2509 820 2548 suum
865 2493 1266 2566 suppeditaret,
1311 2496 1724 2553 incantamentis
1763 2511 2074 2565 evocatum,
2109 2513 2165 2556 et
2208 2504 2262 2557 in

659 2587 911 2641 oerricula
929 2628 944 2652 ,
977 2586 1053 2641 uti
1081 2586 1319 2657 loquitur
1358 2589 1626 2644 Arnobius
1647 2631 1662 2655 ,
1690 2605 1785 2646 seu
1815 2607 1973 2661 parva
2002 2608 2225 2649 verruca
2244 2638 2258 2662 ,

661 2678 718 2732 id
749 2689 851 2746 est,
886 2681 1004 2735 loco
1051 2679 1195 2735 edito
1240 2689 1295 2735 et
1335 2697 1548 2750 aspero,
1585 2684 1725 2738 sicut
1769 2699 1834 2739 ex
1864 2685 2067 2742 Catone
2106 2687 2266 2744 docet

663 2772 886 2838 Gellius,
919 2789 1043 2829 cum
1074 2773 1416 2830 ltontunculis
1446 2786 1822 2834 conversatum
1845 2822 1859 2846 ,
1893 2790 2053 2852 atque
2095 2781 2265 2836 ambi-

664 2868 785 2937 guis
828 2869 1042 2924 illorum
1075 2869 1254 2924 verbis
1289 2868 1573 2942 deceptum
1606 2871 1773 2927 fuisse
1832 2872 1990 2945 (Gell.
2013 2916 2027 2940 ,
2071 2875 2160 2930 lib.
2205 2891 2262 2930 ιιι

668 2962 827 3018 Nacl.
874 2963 1054 3029 Attia,
1098 2979 1214 3033 cap.
1245 2963 1300 3028 8,
1334 2981 1452 3034 pag.
1485 2963 1637 3036 224).
1668 2965 1893 3022 Omnem
1925 2967 2158 3038 denique
2203 2968 2266 3022 li-

666 3056 789 3113 dem
837 3065 1059 3125 superat
1099 3055 1312 3120 Jovem,
1345 3057 1504 3112 sicuti
1547 3058 1781 3123 aiebant,
1812 3060 2016 3116 crudeli
2048 3061 2266 3116 humani

666 3149 860 3220 capitis
877 3148 1162 3214 sacriﬁcio,
1181 3149 1249 3204 de
1264 3165 1372 3219 quo
1391 3165 1491 3206 nos
1507 3166 1666 3221 supra
1685 3151 2034 3210 disseruimus
2053 3153 2263 3226 (Supr.,

669 3259 787 3314 cap.
816 3244 871 3307 li,
900 3253 999 3296 art.
1033 3241 1111 3311 l),
1137 3252 1248 3297 tum
1275 3243 1514 3299 voluisse
1543 3245 1743 3301 fulmen
1771 3247 1994 3316 eXpiari.

744 3337 910 3392 Porro
932 3345 1111 3391 autem
1139 3345 1289 3391 notat
1316 3337 1589 3394 Arnobius
1620 3338 1814 3394 factam
1849 3341 2266 3400 incantationem

667 3427 813 3483 illam
843 3429 985 3484 mola
1014 3429 1166 3496 falsa,
1201 3429 1388 3497 thure,
1421 3432 1702 3502 sanguine,
1735 3435 2088 3491 verbenarum
2121 3437 2269 3492 suffi-

669 3522 832 3590 tione,
863 3531 918 3578 et
945 3522 1264 3586 terribilium,
1297 3523 1350 3576 id
1384 3532 1486 3591 est,
1520 3525 1871 3595 magicorum,
1904 3529 2125 3596 fremore
2159 3545 2269 3583 ver-

669 3616 870 3670 borum.
905 3617 973 3670 At
1001 3614 1248 3686 quaedam
1273 3631 1339 3672 ex
1370 3615 1454 3671 his
1484 3632 1738 3687 expressa
1768 3617 1977 3676 videbis
2001 3620 2119 3676 istis
2151 3621 2267 3676 Vir-

674 3707 788 3780 gilii
817 3707 1063 3764 versibus
1089 3727 1102 3763 :

764 3825 900 3888 Effer
926 3837 1118 3888 aquam,
1144 3823 1342 3888 et_m_o|li
1365 3826 1509 3886 cinge
1535 3825 1639 3875 haec
1657 3825 1826 3876 altaria
1851 3829 1987 3884 vitta,

769 3885 1126 3951 Verben'asque
1152 3885 1296 3951 adole
1318 3885 1548 3950 pingues,
1576 3895 1629 3936 et
1645 3890 1858 3941 mascula
1875 3893 2021 3942 thura
2049 3909 2059 3941 :

770 3950 1002 4011 Conjugts
1023 3949 1076 3998 ut
1096 3949 1300 4010 magicis
1320 3949 1464 4000 Sanus
1484 3958 1718 4000 avertere
1735 3955 1888 4003 sacris

771 4012 1016 4074 Experiar
1030 4024 1236 4074 sensus;
1262 4011 1381 4074 nihil
1407 4013 1504 4071 hic,
1531 4014 1624 4063 nisi
1647 4017 1858 4064 carmina
1877 4017 2074 4068 desunt.

1143 4074 1163 4135 (
1175 4072 1374 4138 Virgil.,
1397 4075 1547 4139 eclog.
1569 4079 1618 4136 5,
1637 4089 1761 4128 vers.
1781 4078 1845 4129 64
1865 4086 1908 4130 et
1923 4080 2083 4146 seqq.)

675 4183 785 4240 Sed
814 4182 880 4238 de
906 4180 1190 4253 praestigiis
1214 4191 1268 4236 et
1295 4182 1516 4252 magicis
1542 4183 1747 4239 artibus
1769 4183 1881 4254 jam
1913 4185 2116 4256 aliquid
2145 4187 2273 4243 alibi

678 4275 1054 4330 annotavitnus
1101 4273 1244 4343 (tom.
1294 4289 1311 4326 1
1349 4273 1621 4344 Apparat.,
1675 4291 1795 4345 pag.
1868 4277 2054 4346 1259).
2083 4277 2275 4334 Narrat

677 4379 864 4423 tamen
909 4367 1235 4437 Augustinus
1274 4365 1499 4421 Numam
1549 4367 1922 4438 hydromantia
1963 4387 2139 4441 usum,
2171 4383 2276 4429 tes-

679 4471 896 4530 temque
924 4459 1054 4513 citat
1079 4457 1396 4524 Varronent,
1439 4475 1468 4513 a
1505 4476 1611 4530 quo
1640 4461 1728 4514 ille
1755 4462 1950 4517 dicitur
1982 4465 2273 4536 nympltam

687 4551 960 4623 Egeriam
981 4551 1199 4606 duxisse
1227 4566 1478 4617 uxorem;
1512 4552 1631 4622 quia
1665 4570 1878 4623 aquam,
1909 4557 2049 4611 unde
2078 4557 2275 4629 hydro-

683 4647 941 4702 mantiam
987 4645 1214 4714 faceret,
1249 4654 1548 4714 egesserat,
1585 4661 1680 4700 seu
1722 4658 2100 4717 exportaverat
2141 4650 2272 4724 (Att-

681 4751 846 4813 gusl.,
884 4739 974 4794 lib.
1005 4754 1079 4794 t‘tt
1105 4737 1168 4792 de
1187 4737 1361 4801 Civit.,
1394 4755 1509 4807 cap.
1549 4737 1640 4801 55,
1676 4757 1792 4811 pag.
1829 4742 1978 4813 188).
2035 4744 2277 4804 Valerius

685 4843 864 4889 autent
895 4832 1154 4887 Maximus
1175 4874 1190 4899 ,
1225 4831 1436 4898 Florus,
1467 4830 1717 4887 Aurelius
1748 4833 1960 4902 Victor,
1991 4837 2278 4911 Dionysius

687 4926 1169 4990 Halicarnasseus,
1223 4925 1418 4994 aliique
1475 4925 1840 4982 traduntcum
1889 4930 2170 4988 simulasse
2219 4952 2279 4991 se

688 5021 870 5076 omnia
904 5033 1057 5074 sacra
1089 5019 1263 5073 facere
1301 5018 1482 5073 uxoris
1507 5034 1617 5074 sua:
1646 5021 1852 5093 Egeriae
1883 5027 2130 5096 nympha:
2161 5045 2278 5084 mo.

686 5115 817 5171 uitis
853 5123 909 5170 et
951 5113 1191 5169 consiliis
1225 5111 1427 5179 (Valer.
1462 5113 1634 5178 Max”
1675 5133 1790 5186 cap.
1820 5117 1875 5183 2,
1915 5117 1942 5189 §
1981 5120 2039 5186 ‘I;
2067 5120 2275 5192 Florus,

689 5211 780 5266 lib.
803 5227 841 5272 ι,
871 5227 986 5282 cap.
1015 5209 1081 5272 2;
1103 5207 1281 5262 Aurel.
1316 5207 1468 5269 Vict..
1493 5210 1554 5263 de
1588 5209 1693 5264 Vir.
1716 5213 1878 5267 illast.
1905 5231 2060 5283 rom.,
2085 5235 2198 5287 cap.
2218 5222 2277 5289 εἰς

688 5304 907 5375 Dionys.
947 5301 1242 5368 Halicarn.,
1280 5301 1367 5356 lib.
1401 5317 1436 5356 tt
1493 5303 1740 5374 Antiquil.
1781 5323 1936 5375 rom.,
1970 5327 2090 5383 pag.
2126 5313 2276 5384 122).

688 5397 797 5456 Sed
823 5398 891 5455 de
919 5399 1000 5452 his
1025 5398 1077 5450 itt
1103 5397 1346 5465 sequenti
1373 5395 1749 5456 dissertatione
1784 5399 2026 5473 (Dissert.
2073 5407 2124 5462 in
2149 5406 2280 5464 Lac-

688 5503 848 5555 tant.,
871 5509 985 5562 cap.
1012 5493 1100 5557 50,
1131 5499 1231 5544 art.
1262 5491 1344 5560 2).

763 5587 1029 5643 Cancrum
1070 5583 1224 5638 vides
1267 5598 1424 5653 quam
1465 5583 1652 5640 validis
1693 5592 1957 5646 rationum
1993 5599 2281 5655 momentis

691 5678 960 5735 Arnobius
1007 5675 1255 5731 ostendat
1301 5691 1405 5747 qua
1452 5676 1753 5735 insulsitate
1805 5685 2033 5752 gentiles
2088 5692 2282 5748 annuis

691 5773 842 5828 festis
871 5785 934 5824 ea
966 5768 1333 5832 celebrarent;
1382 5785 1503 5841 qua:
1531 5769 1728 5827 nullam
1761 5788 1983 5844 prorsus
2011 5779 2282 5840 habebant

691 5864 804 5924 veri
846 5861 1097 5932 speciem.
1144 5860 1203 5919 Si
1245 5869 1448 5936 autem.
1473 5878 1594 5922 vera
1618 5880 1741 5924 esse
1767 5877 2048 5941 putarent,
2089 5875 2276 5935 Jovem

2295 3216 2343 3280 C

2364 1947 2628 2016 promissa
2663 1947 2951 2016 impetrare
2995 1947 3343 2016 nequivisset,
3376 1947 3703 2017 voluptatem
3734 1945 3869 2000 fudit
3903 1945 3965 2000 in

2365 2046 2605 2107 petram,
2641 2055 2706 2093 ex
2746 2054 2852 2109 qua
2887 2039 3098 2094 decimo
3131 2048 3251 2108 post
3281 2054 3474 2093 mense
3499 2048 3648 2093 ortus
3679 2049 3759 2093 est
3791 2053 3930 2121 puer
3950 2080 3966 2104 ,

2365 2131 2614 2202 Agdestis
2637 2133 3066 2204 cognominatus.
3093 2132 3149 2188 ln
3161 2132 3284 2187 victi
3308 2143 3487 2188 autem
3514 2134 3599 2189 hic
3623 2132 3722 2187 fuit
3751 2131 3972 2187 roboris

2364 2225 2632 2295 animique
2659 2224 2797 2279 adeo
2824 2225 3052 2291 ferocis,
3095 2233 3154 2280 ut
3184 2241 3284 2281 nec
3317 2225 3564 2281 homines
3593 2233 3828 2290 curaret,
3861 2241 3971 2281 nec

2365 2314 2528 2384 deos,
2570 2325 2732 2387 atque
2763 2317 2943 2372 omnia
2977 2333 3074 2387 pro
3115 2317 3341 2373 libidine
3380 2326 3435 2373 et
3471 2318 3650 2372 innata
3680 2317 3973 2374 ferocitate

2364 2422 2569 2480 ageret.
2625 2411 2969 2481 Quapmpter
3011 2421 3293 2483 postquam
3339 2410 3407 2467 de
3453 2411 3745 2484 frangenda
3793 2413 3973 2482 ipsius

2363 2505 2582 2559 audacia
2612 2505 2686 2560 dii
2715 2505 3128 2574 deliberassent,
3166 2505 3380 2562 tandem
3403 2507 3609 2562 artibus
3635 2506 3835 2571 Liberi,
3863 2505 3966 2578 qui

2363 2598 2414 2653 ei
2457 2599 2640 2654 vinum
2672 2614 2768 2669 pro
2809 2614 2944 2670 aqua
2991 2601 3403 2669 propinaverat,
3430 2598 3682 2655 virilitate
3711 2599 3963 2669 privatus

2364 2690 2484 2746 fuit.
2515 2691 2650 2746 Tum
2696 2707 2762 2746 ex
2795 2692 3094 2763 proﬂuente
3131 2692 3247 2763 ejus
3274 2693 3537 2764 sanguine
3565 2693 3804 2748 nascitur
3840 2710 3966 2749 ma-

2364 2785 2477 2840 lum
2541 2788 2837 2856 punicum;
2903 2786 3056 2857 cujus
3121 2786 3576 2858 pulchritudinem
3626 2787 3806 2856 Nana,
3854 2787 3973 2843 ﬁlia

2369 2879 2609 2950 Sangarii
2634 2881 2796 2950 regis,
2826 2879 3108 2948 admirata,
3139 2896 3202 2935 ex
3230 2895 3401 2950 eoque
3425 2881 3477 2935 in
3500 2880 3673 2935 sinum
3697 2879 3969 2948 admisso,

2367 2985 2684 3040 praegnans,
2725 2981 2975 3042 tanquam
3016 2973 3197 3027 vitiata
3250 2973 3302 3027 in
3340 2988 3609 3028 carcerem
3654 2973 3792 3029 fame
3832 2989 3976 3029 cne~

2375 3065 2545 3122 cauda
2575 3066 2880 3136 conjicitur.
2925 3068 2968 3120 Α
3015 3066 3173 3122 deum
3219 3076 3398 3121 autem
3430 3065 3598 3123 Matre
3640 3067 3812 3137 pomis
3841 3082 3976 3123 sus-

2370 3166 2573 3213 tentata
2593 3199 2608 3224 ,
2645 3157 2924 3228 parvulum
2955 3158 3114 3213 enixa
3145 3167 3258 3224 est,
3297 3174 3457 3230 quem
3498 3159 3787 3230 Sangarius
3813 3158 3978 3229 jubet

2373 3254 2575 3323 θΧροιιί
2607 3273 2619 3307 :
2650 3253 2744 3308 scd
2774 3269 2804 3308 a
2833 3253 3042 3309 Phorba
3073 3253 3208 3310 lacte
3240 3257 3471 3309 nutritus
3499 3253 3727 3321 hircino,
3761 3255 3977 3313 idcirco

2371 3349 2511 3402 Attis
2534 3348 2838 3418 appellatus
2863 3355 2965 3403 est.
2996 3346 3099 3402 Ubi
3128 3357 3306 3403 autem
3330 3348 3583 3414 adolevit,
3617 3348 3769 3404 illum
3799 3348 3979 3406 Mater

2372 3442 2531 3498 deum
2582 3451 2638 3497 et
2670 3441 2920 3512 Agdestis
2973 3440 3180 3498 nefarie
3221 3457 3284 3497 ac
3318 3442 3598 3514 deperdite
3627 3454 3976 3500 amaverunt.

2371 3535 2538 3590 Midas
2566 3551 2718 3602 vero,
2751 3551 2848 3590 rex
2879 3534 3272 3600 Pessinuntius,
3305 3544 3364 3590 ut
3392 3551 3614 3606 puerum
3648 3543 3755 3591 tam
3784 3535 3980 3591 infami

2371 3644 2558 3685 amore
2587 3629 2858 3690 liberaret,
2886 3627 3048 3683 ﬁliam
3082 3643 3234 3682 suam
3266 3628 3318 3682 in
3348 3628 3751 3683 matrimonium
3779 3627 3831 3684 ei
3860 3628 3984 3683 col-

2373 3722 2656 3779 locaudam
2675 3722 2990 3777 destinavit.
3010 3720 3090 3777 Ne
3110 3721 3234 3791 quid
3257 3735 3421 3791 porro
3444 3720 3639 3778 indicta
3663 3722 3978 3793 nuptiarum

2373 3818 2462 3873 die
2493 3819 2597 3873 illis
2623 3816 2891 3873 accideret
2910 3815 3129 3882 funesti,
3151 3814 3314 3886 jussit
3343 3814 3494 3870 urbis
3525 3823 3707 3885 portas
3735 3814 3980 3870 occludi.

2374 3911 2480 3968 Sed
2513 3913 2680 3968 Deum
2709 3911 2914 3980 Mater,
2946 3908 3113 3964 muris
3155 3908 3387 3964 civitatis
3425 3907 3600 3980 capite
3641 3907 3979 3975 sublevatis,

2375 4007 2567 4063 urbem
2610 4008 2852 4078 ingressa
2883 4014 2984 4060 est.
3030 4003 3164 4058 Tum
3210 4002 3461 4057 omnibus
3504 4001 3572 4056 ab
3597 4000 3844 4072 Agdesti,
3890 4001 3982 4059 ira

2376 4103 2602 4172 percito,
2636 4102 2688 4154 in
2719 4101 2955 4155 furorem
2983 4107 3035 4152 et
3077 4095 3340 4151 insaniam
3371 4095 3504 4150 actis
3538 4113 3552 4149 :
3583 4093 3853 4159 Mammas,
3896 4095 3983 4151 ait

2378 4197 2671 4263 Arnobius,
2697 4196 2794 4250 sibi
2828 4193 3032 4248 demetit
3061 4191 3205 4245 Galli
3235 4191 3346 4261 ﬁlia
3374 4189 3592 4262 pellicis,
3622 4198 3678 4246 et
3709 4189 3843 4244 Attis
3872 4190 3983 4245 sul)

2380 4290 2506 4359 pinu
2535 4288 2634 4343 sibi
2662 4297 2904 4358 amputat
2931 4285 3128 4350 virilia,
3167 4293 3222 4340 et
3253 4283 3499 4338 moritur.
3543 4282 3622 4338 Ex
3649 4298 3845 4338 cruore
3871 4298 3982 4338 au-
4035 4338 4041 4343 ,

2380 4392 2487 4438 tem
2529 4381 2792 4445 virilium,
2841 4396 2960 4451 qua:
2989 4379 3159 4434 Mater
3187 4377 3343 4433 deum
3376 4385 3528 4434 veste
3559 4376 3799 4434 defuncti
3829 4385 3978 4434 tecta

2379 4478 2432 4532 in
2463 4487 2656 4532 terram
2686 4474 2961 4544 iniecerat,
3007 4472 3146 4527 viola
3177 4471 3432 4526 nascitur.
3470 4471 3680 4541 Sponsa
3710 4486 3842 4527 vero
3870 4471 3977 4525 At-

2382 4569 2505 4624 tidis
2525 4612 2538 4636 ,
2585 4583 2743 4640 quam
2777 4565 3020 4621 Valerius
3050 4564 3287 4636 pontifex
3315 4563 3426 4618 lam
3468 4572 3658 4630 vocat,
3692 4562 3824 4618 fusis
3853 4577 3979 4619 cum

2380 4663 2597 4734 Agdesti
2627 4659 2896 4731 lacrymis,
2930 4675 2989 4714 se
3018 4659 3188 4728 ipsam
3219 4656 3502 4722 interﬁcit,
3530 4664 3583 4710 et
3608 4655 3829 4724 sanguis
3858 4656 3983 4724 ejus

2380 4755 2605 4812 vertitur
2643 4753 2695 4807 in
2729 4751 2916 4807 violas.
2951 4750 3060 4805 Has
3085 4765 3208 4804 cum
3236 4749 3406 4804 Mater
3431 4746 3591 4802 deum
3627 4745 3980 4813 suffudisset,

2381 4849 2505 4905 inde
2548 4849 2718 4903 oritur
2763 4844 3099 4918 amygdalus.
3130 4844 3334 4900 Dehinc
3374 4843 3582 4914 pinum,
3613 4843 3770 4912 paulo
3796 4852 3924 4898 ante
3949 4858 3981 4898 a

2383 4943 2539 4999 nobis
2567 4950 2940 5001 memoratam,
2966 4939 3019 4993 in
3051 4947 3262 4994 antrum
3286 4935 3488 5006 deft-rt,
3517 4947 3676 5007 atque
3707 4935 3778 4991 ibi
3806 4935 3894 4991 illa
3926 4945 3984 4993 et

2387 5035 2636 5107 Agdestis
2673 5033 3062 5103 lacrymantur,
3103 5040 3428 5100 tunsumque
3473 5038 3663 5099 pectus
3711 5028 3978 5084 sauciant.

2384 5129 2579 5185 Postea
2607 5127 2855 5197 Agdestis
2880 5125 3066 5180 Jovem
3101 5134 3276 5193 rogat,
3309 5131 3366 5176 ut
3395 5119 3563 5176 Attim
3594 5119 3660 5174 ad
3691 5121 3855 5174 vitam
3885 5136 3979 5176 re-

2386 5234 2563 5282 vocet.
2595 5221 2700 5279 Sed
2729 5220 2858 5277 nibil
2899 5219 3041 5275 aliud
3069 5217 3136 5273 ab
3170 5233 3236 5274 eo
3265 5215 3606 5291 impetravit;
3641 5213 3740 5270 nisi
3769 5223 3826 5268 ut
3852 5228 3979 5269 cor-

2388 5338 2488 5394 pus
2515 5320 2658 5376 illius
2686 5334 2789 5372 non
2822 5320 3173 5386 putresceret,
3204 5325 3373 5367 coma:
3403 5317 3711 5366 crescerent
3738 5322 3979 5377 semper,

2386 5430 2450 5470 ac
2477 5414 2727 5469 minimus
2756 5409 2952 5481 digitus
2986 5408 3210 5472 viveret,
3242 5415 3610 5476 perpetuoque
3632 5413 3779 5459 motu
3807 5401 3980 5472 agita-

2386 5516 2555 5562 retur.

2461 5601 2542 5656 Ad
2577 5615 2699 5655 eum
2731 5613 2862 5655 sane
2893 5596 3108 5653 modum
3142 5594 3258 5649 lure
3285 5591 3519 5666 Cybeles
3546 5602 3600 5648 et
3630 5588 3825 5646 Attidis
3868 5586 3982 5645 his-

2391 5695 2526 5749 toria
2567 5693 2635 5748 ab
2666 5692 2901 5748 Arnobio
2939 5688 3283 5748 describitur.
3316 5689 3387 5743 At
3415 5694 3563 5742 certe
3586 5681 3833 5755 quamvis
3858 5694 3983 5736 eam

2389 5801 2455 5841 ex
2484 5783 2776 5841 reconditis
2823 5794 2985 5855 atque
3007 5781 3209 5838 intimis
3231 5778 3566 5851 antiquitatis
3591 5773 3984 5837 monumentis,
4017 5785 4028 5791 '

2385 5896 2416 5938 ει
2447 5895 2507 5938 se
2537 5879 2842 5950 decerptam
2875 5892 3008 5954 esse
3039 5875 3335 5948 significet,
3381 5878 3586 5930 certum
3634 5865 3990 5926 nihilominus
