4166 6256
254 268 365 326 595

250 478 305 531 in
337 476 560 548 Μίνωα,
601 496 717 551 cap.
749 481 842 550 20,
883 494 984 543 art.
1015 486 1093 560 2),
1124 489 1283 563 longe
1310 493 1467 549 aliter
1506 497 1736 552 narrari.
1768 498 1847 555 Ne

249 568 375 640 quis
402 579 581 629 tamen
613 573 766 630 illum
805 578 1027 636 secretis
1065 591 1305 640 veterum
1333 591 1756 657 commentariis,
1793 604 1847 649 et

252 663 545 723 Timotheo
565 668 718 723 ﬁdem
747 668 957 728 facilius
981 677 1278 746 praebuisse
1299 692 1506 753 arguat,
1531 683 1670 739 alius
1690 686 1845 742 testis

251 759 663 828 antiquissimus
691 763 1044 833 proferendus
1067 780 1150 826 est
1178 772 1490 841 Pausanias,
1519 777 1611 846 qui
1636 778 1702 833 ad
1729 780 1846 849 ejus

251 853 621 912 narrationem
671 862 882 916 caeteris
911 863 1158 921 omnibus
1188 869 1404 939 pr0pius
1432 872 1677 926 accessit.
1705 870 1839 941 Quia

249 962 382 1004 vero
426 949 640 1019 longius
681 952 821 1010 foret
863 955 1021 1027 hujus
1066 960 1226 1017 verba
1267 971 1323 1016 et
1366 978 1542 1033 grtcce
1581 975 1635 1020 et
1682 964 1847 1023 latine

255 1047 642 1115 transcribere,
669 1048 783 1106 haec
811 1066 930 1122 quae
954 1054 1023 1109 ab
1047 1057 1297 1111 omnibus
1328 1058 1694 1131 intelligantur
1718 1076 1845 1132 pro-

246 1138 485 1197 feremus
513 1161 529 1196 :
563 1161 584 1194 ι
615 1144 788 1211 Alius,
820 1166 839 1199 ι
873 1148 1064 1215 inquit,
1101 1169 1119 1202 ι
1148 1167 1328 1208 sermo
1353 1154 1422 1210 de
1444 1156 1569 1209 Atte
1594 1170 1678 1210 eat
1703 1156 1844 1226 apud

247 1231 415 1304 ipsos,
449 1251 469 1284 ›
495 1233 651 1290 Gallo
670 1252 876 1307 graecos
901 1240 1239 1297 Pessinuntis
1260 1243 1484 1307 incolas,
1514 1264 1535 1297 ‹
1563 1248 1843 1303 memorim

248 1335 627 1384 consecratus.
658 1329 846 1386 Jovem
877 1330 1183 1389 fabulantur
1209 1351 1306 1406 per
1334 1338 1603 1395 somnium
1638 1340 1690 1395 in
1730 1351 1842 1397 ter-

247 1433 366 1474 ram
394 1433 579 1477 semen
607 1425 928 1493 profudisse.
957 1426 1033 1482 Ex
1060 1443 1128 1484 eo
1155 1439 1312 1485 terra:
1331 1441 1595 1503 conceptu
1624 1434 1840 1503 genium

248 1512 486 1569 humana
525 1516 739 1585 quidem
783 1518 950 1590 ﬁgura
972 1562 987 1584 ,
1014 1520 1110 1576 sed
1142 1522 1390 1595 ambiguo
1417 1539 1548 1579 sexu
1581 1525 1634 1579 in
1663 1525 1838 1582 lucem

245 1609 536 1678 prodiisse,
564 1611 841 1684 Agdestim
887 1614 1247 1685 appellatum;
1295 1616 1427 1673 deos
1457 1626 1702 1673 monstro
1741 1634 1840 1675 ex-

243 1701 463 1757 territos
484 1703 692 1760 virilem
718 1706 766 1761 ei
798 1717 1004 1778 partem
1029 1710 1365 1775 exsecuisse;
1399 1726 1465 1766 ex
1495 1726 1558 1768 ea
1584 1711 1841 1783 amygda-

248 1795 352 1849 lam
392 1803 640 1863 enatam,
672 1798 826 1870 cujus
870 1815 989 1855 cum
1031 1809 1270 1856 maturos
1313 1801 1516 1858 fructus
1545 1805 1839 1875 appetisset
1870 1804 1918 1863 B

243 1886 490 1958 Sangarii
520 1890 695 1945 amnis
718 1890 845 1956 lilia,
869 1906 1069 1963 eosque
1093 1893 1145 1947 in
1174 1893 1351 1950 sinum
1375 1893 1689 1960 abdidisset,
1714 1911 1840 1951 eva—

240 1983 426 2037 nuisse
456 1981 577 2037 illos
613 1983 863 2054 quidem,
904 2001 1091 2041 verum
1129 1989 1361 2057 puellam
1402 1989 1675 2060 gravidam
1721 1989 1839 2046 fac-

242 2080 386 2137 tam,
420 2089 643 2144 puerum
683 2078 937 2134 enixam:
969 2081 1111 2137 hunc
1149 2081 1202 2135 itt
1236 2081 1389 2153 sylva
1421 2083 1721 2153 expositum
1746 2126 1762 2151 ,
1807 2099 1837 2139 a

240 2168 451 2237 capella
478 2160 786 2239 educatum,
818 2188 936 2229 cum
969 2174 1311 2242 adolevisset,
1338 2177 1537 2232 eximia
1568 2176 1754 2244 fuisse,
1782 2187 1839 2234 et

241 2260 417 2315 multo
473 2278 634 2335 quam
698 2265 929 2322 humana
980 2269 1358 2325 excellentiore
1407 2269 1825 2342 pulchritudine.

242 2353 505 2422 Quocirca
531 2357 648 2429 ejus
674 2373 860 2415 amore
887 2370 1101 2432 captum
1138 2362 1433 2433 Adgestim,
1461 2378 1582 2418 cum
1610 2362 1676 2419 ad
1701 2364 1831 2419 viri-

236 2447 352 2503 lem
376 2458 586 2506 :etatetn
616 2453 971 2522 pervenisset,
996 2454 1370 2511 Pessinuntem
1397 2471 1519 2510 eum
1550 2455 1834 2528 propinqui

231 2541 324 2596 sui
356 2542 635 2599 miserunt.
663 2545 742 2600 Ibi
769 2561 891 2601 cum
923 2546 1065 2617 regis
1090 2546 1254 2602 filiam
1286 2562 1509 2603 uxorem
1539 2559 1681 2604 esset
1705 2548 1835 2604 duc-

231 2643 438 2715 gurus,
478 2645 535 2692 et
565 2636 669 2706 jam
701 2638 940 2708 nuptiale
963 2653 1179 2695 carmen
1214 2648 1540 2704 cantarelur,
1583 2639 1836 2711 Agdestis

237 2726 633 2797 interveniens,
675 2739 881 2786 tantum
915 2732 1025 2786 Atti
1068 2732 1290 2787 immisit
1331 2730 1600 2797 furorem;
1634 2742 1691 2787 ut
1731 2732 1836 2787 sibi

227 2820 492 2891 pudenda
538 2824 873 2893 praecideret.
923 2824 1036 2880 Hoc
1064 2825 1194 2880 item
1236 2840 1393 2882 socer
1415 2825 1532 2895 ejus
1560 2825 1705 2881 fecit.
1729 2827 1835 2897 Ag-

230 2916 435 2972 destim
477 2916 602 2973 facti
649 2920 917 2990 panituit.
964 2920 1193 2989 Quarea
1221 2920 1355 2977 Jove
1385 2922 1723 2994 impetravit,
1764 2938 1835 2979 ne

228 3025 344 3077 qua
371 3014 615 3082 corporis
639 3011 777 3069 Atta:
806 3028 931 3084 pars
959 3025 1307 3086 putresceret,
1334 3024 1427 3071 aut
1454 3016 1773 3072 tabesceret.
1806 3037 1825 3071 ι

228 3101 496 3175 lntelligis
521 3119 656 3161 sane
684 3106 833 3176 plura
857 3107 926 3164 ibi
955 3108 1177 3164 Arnobii
1223 3108 1516 3163 narrationi
1560 3109 1627 3165 de
1648 3110 1832 3166 Attide

228 3205 294 3252 et
322 3196 539 3268 Agdesti
567 3199 784 3267 similia,
815 3200 1060 3269 quaedam
1086 3217 1215 3257 vero
1240 3202 1476 3268 divem,
1506 3218 1571 3259 ac
1601 3220 1830 3273 prmser-
1855 3188 1901 3253 (ἶ

230 3289 333 3343 tim
361 3289 526 3344 altum
571 3289 642 3346 de
682 3290 906 3347 deorum
937 3293 1103 3348 Matre
1128 3295 1422 3350 silentium.
1449 3294 1556 3351 Sed
1582 3312 1700 3366 quae
1728 3296 1830 3353 sibi

231 3381 466 3437 invicem
496 3384 843 3451 conveniunt,
872 3399 934 3440 ea
974 3394 1121 3441 certe
1151 3386 1379 3457 probant
1402 3387 1699 3443 Aruobium
1728 3404 1829 3445 nec

231 3486 462 3542 temere,
492 3492 593 3533 nec
620 3478 890 3534 immerito
919 3478 1152 3535 ethnicis
1180 3480 1471 3547 Timothei,
1500 3490 1556 3537 et
1579 3484 1825 3553 aliorum,

226 3583 370 3640 quos
393 3580 608 3626 secutus
631 3580 735 3636 est,
767 3571 1031 3640 objecisse
1055 3574 1447 3630 auctoritatem.
1657 3569 1701 3573 "'

308 3662 389 3718 Ex
421 3666 667 3721 omnibus
700 3675 877 3720 autem
910 3664 1070 3737 hujus
1112 3666 1348 3722 historia:
1389 3668 1826 3738 circumstantiis,

227 3772 377 3824 quas
415 3757 501 3813 ille
527 3759 836 3830 singillatim
866 3760 1108 3825 resumit,
1152 3775 1255 3815 nec
1289 3775 1319 3813 a
1349 3761 1505 3816 nobis
1535 3764 1703 3832 repeti
1728 3778 1828 3819 ne-

228 3864 396 3905 cesse
417 3863 516 3916 est,
544 3852 944 3907 evidentissime
974 3852 1311 3908 demonstrat
1337 3853 1471 3909 nihil
1504 3854 1661 3922 plane
1700 3856 1827 3927 fingi

226 3959 397 4016 posse
424 3961 528 4001 non
550 3947 723 4001 solum
752 3947 971 4001 cuilibet
993 3946 1118 4015 deo,
1147 3947 1241 4003 sed
1268 3948 1585 4018 cuicumque
1603 3949 1828 4005 honesto

223 4041 623 4112 moderatoque
653 4040 854 4095 homini
887 4042 1054 4111 magis
1080 4041 1530 4097 contumeliosum
1550 4082 1567 4107 ,
1600 4057 1700 4098 nec
1720 4058 1826 4113 quo

222 4134 460 4206 proinde
495 4143 603 4189 tota
629 4134 968 4189 ethnicorum
995 4134 1187 4204 religio
1210 4135 1382 4204 magis
1414 4142 1741 4203 proteratur,
1774 4146 1828 4192 et

220 4230 493 4285 radicitus
516 4229 876 4285 convellatur.
901 4227 1039 4295 Quin
1070 4229 1236 4283 immo
1263 4228 1348 4283 vel
1376 4226 1429 4283 id
1457 4228 1652 4293 solum,
1681 4228 1824 4297 quod

219 4325 294 4379 de
320 4324 507 4378 Matris
532 4323 752 4379 deorum
776 4330 897 4377 ortu
913 4331 965 4377 et
983 4336 1197 4386 amore,
1226 4331 1286 4377 et
1315 4321 1561 4376 obscenis
1595 4320 1822 4375 aliorum

219 4417 384 4471 factis
415 4416 645 4481 dicitur,
681 4417 881 4471 invicte
907 4415 1097 4486 probat
1133 4430 1282 4481 eam,
1314 4422 1649 4485 caeterosque
1668 4415 1820 4481 deos,

216 4518 405 4562 ortum
436 4508 725 4579 aliquando
747 4506 1019 4574 habuisse,
1043 4515 1101 4561 et
1118 4506 1343 4562 infames
1368 4507 1532 4562 fuisse
1554 4506 1821 4574 homines,

1469 285 1539 343 IN
1565 286 1945 363 ARNOBIUM,
1984 295 2136 355 CAP.
2182 302 2369 363 XVIII.

255 392 338 439 est
363 383 434 439 ab
456 383 579 442 aliis
606 387 961 460 scriptoribus
989 407 1021 448 a
1051 396 1210 453 nobis
1236 398 1366 455 alibi
1393 399 1573 457 citatis
1601 401 1844 474 (Dissert.
1876 412 1929 473 Α
1953 420 2038 467 stu

3440 333 3545 391 594

2040 414 2194 518 pidos
2220 429 2275 476 et
2302 422 2540 495 insanos,
2570 442 2860 503 numquam
2878 438 2995 494 sine
3010 440 3262 501 irrisione
3282 460 3539 518 passuros

1946 505 2114 562 anites
2145 509 2446 581 hujusmodi
2478 519 2701 588 fabulas,
2755 525 2857 583 diis
2905 505 3323 606 indignissimas,
3356 550 3411 595 et
3460 543 3543 599 in-

1946 608 2131 657 eorum
2179 605 2464 667 ludibrium
2513 616 2804 684 confictas,
2855 625 2997 693 apud
3050 643 3110 684 se
3168 605 3433 689 venditari
3480 652 3547 692 ac

1947 696 2242 764 praedicari.
2297 704 2364 759 Et
2410 723 2541 763 vero
2580 710 2790 768 Tullius
2844 716 2987 774 haud
3038 737 3261 791 prorsus
3309 728 3548 787 absimili

1947 791 2107 885 modo
2129 805 2249 865 post
2275 802 2597 872 explicatam
2634 808 2924 867 Democriti
2958 815 3101 873 illius
3143 819 3459 879 Abderitani
3491 828 3548 885 in

1946 884 2144 988 salsam
2183 889 2248 947 de
2293 893 2515 952 deorum
2540 910 2728 957 natura
2760 914 2811 959 et
2847 908 3169 979 imaginibus
3208 917 3541 988 opinionem,

1945 975 2141 1046 adjecit
2168 999 2182 1035 :
2232 1001 2252 1034 σ
2281 983 2410 1052 Quae
2427 991 2643 1059 quidem
2672 997 2849 1051 omnia
2876 975 3003 1053 sunt
3026 1003 3195 1071 patria
3224 975 3540 1078 Democriti,

1946 1083 2105 1161 quam
2152 1073 2461 1135 Democrito
2504 1081 2747 1155 digniora
2790 1107 2808 1140 ›
2840 1088 3052 1161 (Cicer.,
3100 1094 3187 1151 lib.
3249 1114 3266 1152 ι
3312 1099 3377 1154 de
3416 1073 3547 1158 Nat.

1946 1160 2113 1230 deum,
2133 1182 2251 1239 pag.
2276 1168 2429 1244 212).

2015 1254 2124 1311 Nec
2162 1272 2277 1316 erat
2303 1280 2432 1321 sane
2460 1268 2600 1325 ullus
2631 1272 2862 1331 ethnicis
2884 1282 3247 1350 respondendi
3275 1286 3450 1356 locus,
3485 1292 3539 1345 in

1945 1356 2053 1403 tota
2085 1350 2173 1407 illa
2200 1355 2424 1414 historia
2448 1362 2579 1418 nihil
2612 1380 2834 1436 prorsus
2864 1374 3090 1430 subesse
3117 1379 3252 1433 veri.
3280 1378 3544 1438 Christia-

1944 1457 2135 1501 norum
2167 1451 2444 1509 enimvero
2475 1456 2607 1512 nihil
2653 1459 2879 1519 interest
2913 1475 3091 1522 utrum
3125 1470 3240 1527 haec
3287 1472 3415 1528 falsa
3448 1486 3543 1531 aut

1944 1552 2071 1594 vera
2094 1540 2323 1599 dicatur.
2346 1545 2479 1602 Nam
2520 1552 2565 1605 si
2595 1567 2725 1608 vera
2753 1557 2880 1623 sint,
2911 1575 3033 1629 qua:
3055 1562 3107 1615 in
3132 1578 3196 1617 ea
3224 1575 3538 1639 narrantur,

1944 1629 2018 1683 dii
2056 1642 2204 1688 certe
2250 1637 2411 1692 irasci
2463 1655 2571 1696 non
2599 1641 2799 1701 debent
2851 1649 3196 1720 christianis,
3241 1657 3330 1726 qui
3363 1629 3542 1717 tantas

1944 1723 2162 1781 illorum
2203 1729 2563 1799 turpitudines
2595 1752 2694 1792 nec
2725 1739 2850 1796 ullis
2890 1758 3140 1816 umquam
3168 1723 3387 1819 scriptis
3407 1768 3539 1822 pro-

1943 1816 2151 1886 didere,
2184 1835 2284 1876 nec
2307 1823 2456 1879 ullibi
2477 1827 2767 1897 aliquando
2789 1829 3151 1905 divulgarunt.
3174 1839 3229 1896 Si
3253 1816 3382 1897 vero
3407 1816 3543 1900 l‘alsa

1939 1912 2289 1983 sint,justam
2318 1931 2450 1975 sane
2494 1920 2721 1978 deorum
2751 1925 2888 1983 iram
2930 1930 3134 1987 ethnici
3180 1935 3541 2005 concitarunt,

1941 2007 2028 2076 qui
2053 2007 2170 2063 haec
2204 2008 2256 2064 in
2285 2026 2473 2067 eorum
2506 2017 2854 2085 Opprobrium
2885 2020 3080 2078 litteris
3108 2035 3161 2081 et
3192 2027 3539 2097 sempiterna:

1940 2102 2215 2156 memoriae
2265 2104 2523 2163 mandare
2552 2110 2669 2164 ausi
2711 2122 2857 2166 sunt.
2896 2114 2966 2169 At
2994 2116 3083 2172 dic
3115 2118 3353 2187 tandem,
3379 2121 3541 2179 obse-

1939 2208 2056 2263 cro,
2087 2211 2189 2265 qua
2229 2197 2318 2253 isti
2350 2202 2556 2257 ratione
2604 2218 2849 2262 asserere
2879 2219 3128 2277 puterant
3172 2212 3287 2269 haec
3325 2215 3539 2287 aliaque

1938 2288 2167 2358 plurima
2193 2291 2273 2346 eis
2307 2294 2500 2350 similia
2542 2311 2663 2355 esse
2703 2299 2868 2369 falsa,
2898 2319 3040 2374 quae,
3077 2306 3236 2362 sicuti
3267 2311 3542 2368 Arnobius

1938 2381 2034 2446 ait,
2059 2395 2113 2437 et
2135 2398 2235 2438 nos
2263 2385 2387 2442 alibi
2411 2392 2810 2461 annotavimus,
2843 2396 3037 2450 annuis
3057 2396 3229 2464 festis,
3261 2409 3316 2454 et
3342 2404 3537 2471 sacris,

1938 2487 2000 2528 ac
2026 2476 2275 2543 solemni,
2312 2480 2385 2533 uti
2404 2482 2684 2551 Apuleius,
2710 2484 3073 2543 Tertullianus
3096 2499 3150 2545 ct
3175 2490 3542 2567 llierOnymus

1938 2569 2313 2638 testificantur,
2362 2573 2603 2630 ciborum
2651 2577 2974 2635 abstinentia
3006 2582 3399 2641 celebrabant?
3424 2588 3537 2644 Sed

1938 2660 2055 2719 haec
2085 2665 2415 2735 Augustinus
2443 2667 2613 2724 fusius
2643 2671 2956 2738 insectatur,
2990 2675 3144 2746 cujus
3172 2678 3334 2733 verba
3354 2723 3369 2746 ,
3404 2696 3528 2751 qua:

1912 2755 2153 2825 quidem
2180 2757 2338 2828 longe
2368 2760 2516 2831 plura
2549 2773 2693 2830 sunt,
2723 2781 2881 2835 quam
2922 2766 3006 2823 hic
3035 2769 3227 2825 referri
3274 2772 3531 2843 debeant,

1938 2848 1993 2903 in
2021 2850 2141 2920 ejus
2183 2851 2333 2907 libris
2374 2864 2428 2921 te
2457 2855 2651 2927 legisse
2681 2873 2787 2914 non
2817 2862 3118 2931 paenitebit.
3154 2863 3398 2937 (Arnob.,
3443 2869 3534 2924 lib.

1936 2960 1973 3010 t,
2003 2962 2122 3015 pag.
2156 2945 2223 3001 54
2245 2961 2261 3010 ;
2286 2957 2409 3001 tom.
2441 2965 2459 3003 t
2489 2953 2765 3021 Apparat.,
2793 2971 2912 3025 pag.
2948 2956 3073 3022 759;
3098 2956 3316 3014 Dissert.
3348 2961 3402 3015 in
3425 2960 3536 3014 Mi-

1935 3054 2076 3105 nuc.,
2105 3056 2221 3110 cap.
2252 3039 2344 3103 20,
2376 3054 2475 3098 act.
2501 3043 2750 3116 2;Apul.,
2778 3048 2847 3102 lib
2874 3064 2909 3103 ll
2940 3047 3177 3118 Metam,
3223 3069 3343 3125 pag.
3359 3053 3467 3109 206
3486 3065 3536 3109 et

1934 3129 2062 3197 209;
2083 3130 2328 3202 Tertull.,
2359 3136 2446 3190 lib.
2476 3137 2540 3191 de
2558 3136 2760 3210 Jejun.,
2790 3157 2907 3213 cap.
2926 3143 2997 3208 2;
3030 3143 3358 3218 Hieronym.,
3378 3151 3530 3218 epist.

1936 3226 1990 3292 7,
2015 3226 2083 3280 ad
2108 3226 2324 3293 Laetam,
2357 3240 2404 3284 et
2453 3231 2541 3287 lib.
2572 3248 2607 3288 ll
2635 3234 2751 3289 adv.
2781 3234 2982 3304 Jovin.,
3015 3257 3137 3312 pag.
3165 3240 3265 3309 91;
3290 3241 3531 3317 August.,

1936 3318 2023 3375 lib.
2048 3337 2117 3375 vn
2148 3322 2213 3377 de
2239 3320 2414 3392 Civit.,
2437 3341 2555 3396 cap.
2579 3326 2671 3394 26,
2690 3346 2828 3401 pag.
2862 3330 3018 3405 172.)

2542 3483 2838 3526 Ακτιευιυε
2876 3486 2932 3525 ll.

1932 3576 2293 3644 Espenduntur
2314 3579 2531 3642 vulgata
2552 3582 2663 3633 alia
2705 3583 2926 3635 historia;
2948 3586 3012 3637 de
3037 3585 3203 3638 Fauna
3236 3588 3411 3644 Fatua.
3439 3605 3531 3644 seu

2035 3653 2127 3765 οὲ.
2149 3641 2261 3753 ala,
2286 3628 2668 3710 massa—rga
2706 3628 3057 3708 arma
3078 3628 3528 3715 {dissertatis

2035 3717 2047 3753 Ξ
2107 3717 2130 3751 S
2153 3717 2207 3752 01⁵
2230 3719 2279 3754 ιι.

1990 3716 2130 3754 1‘8ng
2153 3716 2279 3754 Ol'lll.

2004 3831 2222 3889 Fatetur
2250 3833 2520 3891 Arnobius
2541 3843 2597 3891 et
2615 3838 2878 3906 materiae,
2906 3853 2936 3894 a
2958 3855 3017 3895 se
3042 3840 3111 3897 de
3136 3858 3262 3898 vera
3289 3860 3353 3902 ac
3383 3846 3518 3903 falsa

1930 3925 2189 3998 religione
2238 3928 2556 3994 tractandae,
2596 3929 2895 3998 rationem,
2924 3942 2981 3987 et
3023 3944 3333 4005 susceptum
3373 3940 3523 3994 chri-

1928 4020 2118 4076 stiana;
2166 4019 2443 4090 religionis
2492 4021 2830 4079 vindicandae
2872 4040 3069 4082 munus
3109 4031 3413 4099 postulare;
3466 4043 3526 4089 ut

1917 4101 2065 4168 alias
2092 4112 2299 4167 similes
2342 4112 2597 4168 historias
2637 4116 2809 4171 sacris
2837 4117 3175 4175 ethnicorum
3223 4125 3521 4195 mysteriis,

1928 4220 1992 4261 ac
2016 4205 2164 4261 festis
2180 4204 2369 4260 diebus
2385 4215 2817 4275 reprazsentatas,
2838 4224 3032 4282 proseq
3040 4220 3257 4268 ueretur
3273 4215 3490 4287 (Arnob.
3501 4261 3517 4285 ,

1927 4297 2013 4351 lib.
2047 4313 2097 4361 v,
2127 4314 2245 4369 pag.
2276 4296 2424 4367 168).
2458 4297 2658 4354 Verum
2688 4315 2756 4355 ne
2788 4303 3093 4372 turpissima
3124 4319 3310 4361 earum
3343 4322 3520 4380 expo-

1927 4389 2123 4444 sitione
2146 4389 2259 4460 ipse
2286 4390 2485 4459 aliique
2510 4394 3026 4463 contaminarentur,
3058 4397 3243 4475 plures
3258 4399 3524 4470 judicavit

1925 4483 2176 4556 prudenti
2206 4485 2419 4540 silentio
2447 4501 2569 4541 esse
2599 4490 3015 4557 praetereundas.
3041 4490 3330 4550 Rhetorica
3360 4494 3523 4567 igitur

212 4607 318 4673 qui
347 4601 553 4657 idcirco
582 4615 678 4656 nec
706 4611 924 4656 aeternae
952 4615 1054 4656 nec
1092 4599 1286 4656 divinae
1311 4608 1517 4656 naturae
1544 4610 1822 4672 compotes
1845 4585 1901 4646 Ῑ)
1927 4578 2097 4650 ﬁgura
2137 4594 2197 4673 δέ
2227 4580 2555 4650 pmmmere
2605 4582 2841 4649 Simul“!
2892 4585 3035 4655 θυοδ
3087 4585 3358 4648 brum"
3386 4589 3521 4644 satis

218 4712 487 4768 umquam
521 4712 641 4752 esse
662 4704 970 4767 potuerunt.

302 4788 431 4845 Jure
461 4789 624 4860 igitur
653 4788 848 4843 merito
883 4786 1201 4842 exclamavit
1241 4794 1430 4842 auctor
1456 4795 1641 4840 noster
1671 4802 1683 4839 :
1721 4804 1739 4835 ι
1777 4784 1822 4839 0

209 4882 465 4946 Abdera,
514 4881 748 4947 Abdera,
790 4880 947 4936 dares
977 4890 1204 4950 quantas
1232 4880 1347 4935 vias
1384 4878 1705 4934 mortalibus
1745 4878 1819 4931 ir-

204 4974 472 5040 ridendi,
508 4972 628 5029 talis
676 4975 720 5029 si
745 4974 884 5044 apud
916 4983 966 5028 te
990 4983 1136 5029 esset
1165 4972 1340 5028 fabula
1380 4972 1451 5026 ita
1497 4971 1761 5027 conﬂata?
1794 4990 1817 5026 ι

208 5069 476 5141 (Ανηοὺη
507 5068 596 5122 lib.
630 5084 683 5132 v,
732 5085 850 5138 pag.
882 5066 1034 5139 164.)
1080 5066 1292 5122 Abdera
1326 5076 1506 5121 autem
1551 5066 1678 5119 urbs
1707 5075 1825 5120 erat

200 5162 506 5229 Thraciae,
533 5160 819 5215 Democriti
841 5158 1165 5230 philosophi,
1195 5168 1249 5214 et
1278 5157 1502 5213 aliorum
1532 5157 1820 5227 insignium

196 5259 468 5312 virorum
494 5254 683 5324 patria.
714 5253 819 5310 Sed
836 5253 927 5308 alii
954 5252 1072 5323 ejus
1092 5252 1238 5307 cives
1261 5250 1633 5321 erantstupori
1660 5260 1822 5321 atque

196 5347 456 5406 insania:
479 5347 718 5401 obnoxii.
754 5345 907 5401 Unde
933 5344 1085 5413 illud,
1104 5344 1173 5400 de
1200 5359 1307 5416 quo
1328 5344 1583 5399 Erasmus
1607 5343 1822 5399 disserit

192 5444 476 5514 adagium
507 5458 525 5497 :
555 5440 844 5495 Abderitica
874 5457 1015 5494 mens
1036 5439 1291 5513 (Erasm,
1317 5437 1508 5508 Adag.,
1538 5437 1661 5491 cltil.
1692 5438 1747 5503 4,
1772 5449 1819 5493 et

188 5548 360 5597 cent.
390 5537 447 5602 6,
470 5536 626 5607 adag.
646 5535 738 5601 28,
765 5552 883 5607 ρας.
909 5534 1056 5608 877);
1087 5543 1139 5590 et
1167 5534 1270 5589 hoc
1284 5531 1539 5588 Martialis
1555 5546 1772 5587 carmen
1804 5549 1817 5586 :

450 5651 764 5702 Abderitanae
789 5658 987 5720 pectora
1002 5649 1171 5720 plebis
1189 5650 1370 5720 habes:

789 5710 1053 5777 (Martial.,
1074 5712 1158 5764 lib.
1182 5725 1270 5771 xx,
1290 5710 1450 5777 epigr.
1470 5710 1575 5776 9.5.)

179 5808 439 5864 Sensus
461 5801 643 5871 itaque
668 5798 890 5856 Arnobii
938 5807 1021 5856 est
1069 5796 1452 5863 Abderitanos,
1482 5795 1826 5867 quantumvis

1926 4681 2105 4726 tamen
2132 4671 2197 4726 ad
2226 4674 2559 4742 propositum
2582 4688 2735 4730 suum
2751 4688 2988 4742 enarrat,
3013 4676 3253 4734 Faunam
3266 4678 3515 4750 Fatuam,

1927 4783 2021 4824 seu
2053 4767 2255 4823 Bonam
2287 4768 2441 4823 deam
2473 4770 2697 4841 myrteis
2721 4770 2906 4842 virgis,
2941 4781 3077 4828 teste
3103 4772 3271 4829 Sexto
3299 4773 3516 4844 Clodio,

1929 4870 2213 4933 propterea
2251 4875 2445 4915 czesam
2476 4860 2660 4927 fuisse,
2708 4864 2832 4933 quia
2870 4865 3065 4920 marito
3091 4880 3190 4920 suo
3220 4868 3516 4937 nesciente,

1933 4953 2145 5024 plenam
2168 4953 2279 5007 vini
2311 4953 2508 5007 seriam
2557 4954 2800 5011 bibisset.
2844 4956 3011 5028 Cujus
3050 4959 3268 5030 quidem
3301 4961 3354 5015 in
3392 4960 3520 5017 facti

1931 5045 2247 5100 memoriam
2305 5046 2565 5115 amphora
2619 5047 2727 5102 vini
2779 5050 2830 5103 in
2889 5050 3032 5106 illius
3082 5054 3354 5123 mysteriis
3414 5054 3515 5111 oh-

1929 5145 2070 5194 tecta
2120 5139 2499 5207 constituitur,
2533 5155 2634 5195 nec
2662 5141 2754 5196 ulli
2784 5142 2865 5199 fas
2910 5152 2994 5200 est
3036 5145 3101 5200 iis
3143 5146 3344 5203 inferre
3387 5162 3515 5204 ver-

1928 5230 2115 5289 benas.

1999 5324 2303 5380 Macrobius
2330 5337 2508 5382 autem
2540 5327 2655 5385 hrcc
2676 5331 2834 5398 paulo
2863 5332 3168 5399 enodatius,
3201 5350 3308 5391 non
3336 5336 3516 5408 aliquo

1932 5425 2107 5471 tamen
2136 5417 2253 5472 sine
2296 5417 2634 5491 discrimine,
2682 5422 2930 5494 huncque
2973 5425 3027 5480 in
3070 5427 3289 5483 modum
3336 5430 3522 5487 retulit

1929 5511 2211 5583 (Macrob.,
2243 5511 2358 5567 libr.
2386 5530 2402 5568 ι
2462 5515 2753 5585 Saturnal.,
2789 5533 2904 5589 cap.
2936 5518 3049 5590 12).
3093 5519 3299 5587 Fauna,
3323 5523 3516 5593 inquit,

1929 5614 1984 5661 et
2007 5604 2172 5662 Fatua
2201 5622 2231 5662 a
2263 5607 2604 5678 quibusdam,
2651 5625 2715 5665 ac
2753 5612 3090 5679 potissimum
3121 5614 3379 5670 Cornelio
3410 5614 3520 5670 La-

1930 5698 2122 5768 beone,
2150 5709 2204 5757 et
2247 5702 2299 5755 in
2332 5701 2649 5760 Pontiﬁcum
2695 5701 2848 5757 libris
2888 5704 3075 5760 eadem
3125 5708 3323 5762 dicitur
3363 5715 3526 5776 atque

1933 5792 2089 5865 Maia,
2134 5797 2283 5855 Bona
2316 5796 2440 5870 dea,
2480 5802 2611 5870 Ops,
2663 5795 2854 5866 Terra,
2882 5806 2936 5853 et
2974 5799 3163 5869 Magna
3213 5807 3413 5864 mater,
3442 5804 3532 5859 cui
