4172 6252
678 225 822 320 595‘

682 435 809 489 vina
835 431 1030 503 agitur.
1056 430 1139 487 Ab
1164 432 1286 487 aliis
1314 439 1491 489 tamen
1510 432 1700 489 eadem
1719 446 1782 489 ac
1806 431 1977 491 Fauni
2009 431 2118 488 ﬁlia
2144 447 2268 493 uen-

677 536 855 593 setur,
887 540 1007 597 quzc
1034 539 1156 579 cum
1185 525 1350 595 patris
1381 525 1495 594 sui,
1527 540 1559 580 a
1588 540 1695 597 quo
1721 525 1932 599 perdite
1965 526 2266 591 amabatur,

678 616 947 679 voluntati
987 615 1312 684 obstitisset,
1341 616 1490 688 virga
1522 626 1729 691 myrtea
1768 617 1838 675 ab
1867 618 1961 673 illo
1987 618 2268 679 verberata

677 721 782 770 est.
814 710 951 767 Tum
982 710 1073 766 ille
1099 709 1247 767 addit
1279 729 1291 764 :
1326 730 1345 762 ι
1380 711 1582 769 Horum
1600 711 1840 775 omnium
1869 711 1973 771 hoc
1994 712 2272 785 proferunt

673 803 886 873 indicii,
913 804 1055 877 quod
1085 803 1288 875 virgam
1318 813 1579 877 myrteam
1603 805 1658 861 in
1685 804 1884 876 templo
1906 804 2091 865 haberi
2122 805 2271 863 nefas

678 898 783 966 sit;
833 896 977 977 quod
1025 911 1188 967 super
1239 907 1401 967 caput
1450 896 1569 969 ejus
1616 895 1938 961 extendatur
1990 897 2137 962 vitis,
2167 912 2269 967 qua

676 993 920 1049 maxime
943 1005 1061 1045 eam
1092 999 1245 1059 pater
1282 988 1400 1060 ejus
1438 989 1689 1061 decipere
1721 989 1986 1055 tentavit;
2018 989 2158 1060 quod
2191 991 2263 1045 vi-

680 1103 815 1142 num
844 1086 897 1140 in
917 1084 1177 1155 templum
1200 1082 1320 1152 ejus
1350 1097 1457 1137 non
1489 1098 1586 1137 suo
1617 1084 1838 1138 nomine
1859 1082 2033 1143 soleat
2063 1081 2267 1149 inierri,

679 1180 779 1237 sed
805 1193 900 1233 vas
928 1178 981 1232 in
1019 1190 1127 1250 quo
1155 1175 1341 1232 vinum
1385 1175 1611 1231 inditum
1648 1176 1739 1243 sit,
1767 1175 2073 1235 mellarium
2101 1178 2273 1235 numi-

681 1280 862 1338 netur,
901 1279 957 1325 et
1003 1269 1185 1325 vinum
1234 1270 1319 1323 lac
1364 1278 1727 1339 nuncupetur,
1779 1277 2172 1341 serpentesque
2216 1268 2271 1323 in

683 1365 889 1435 templo
918 1363 1036 1434 ejus
1062 1378 1164 1419 nec
1194 1372 1479 1431 terrentes,
1506 1378 1607 1425 nec
1630 1364 1881 1421 timentes
1901 1360 2273 1431 indifferenter

682 1466 999 1530 appareant.
1042 1477 1061 1508 ι

753 1550 1075 1615 Plutarchus
1114 1558 1294 1607 autem
1351 1549 1615 1621 quaerenti
1652 1564 1748 1607 cur
1780 1558 2040 1611 matrona:
2081 1549 2272 1609 dome-

683 1646 878 1705 sticum
910 1645 1190 1703 muliebris
1215 1644 1353 1711 dcte,
1375 1659 1534 1716 quam
1562 1645 1767 1703 Bonam
1796 1644 2159 1715 appellavere,
2188 1659 2271 1705 sa-

1903 222 2357 285 DISSERTAT-IO
2390 224 2674 284 PBIEVIA

676 357 866 399 mense
892 339 1058 408 Maio,
1093 341 1223 417 ipsis
1254 340 1480 413 hujusce
1512 339 1714 405 mensis
1755 336 2029 407 Calendis,
2058 355 2148 399 res
2185 340 2269 399 ἀί-
2295 352 2347 414 Α

3858 230 3951 289 596

2556 341 2658 409 Aut
2674 341 2786 403 fuit,
2811 347 2898 409 aut
2919 345 3025 409 visa
3046 351 3140 407 est,
3166 345 3255 396 sed
3276 344 3372 396 fuit
3393 345 3477 401 illa
3497 346 3676 409 magis.
3690 362 3711 395 ,ε

2465 401 2606 452 Jussa
2626 401 2731 477 foco
2748 401 2938 470 captiva
2960 405 3112 467 fovet,
3127 401 3488 520 'eonceptushab
3512 401 3598 471 ωε

2554 464 2777 520 Servius.
2803 481 2828 517 a
2846 466 2972 520 coelo
2989 471 3177 520 semina
3199 476 3365 520 uentis
3427 472 3559 520 abet.

2554 464 2777 533 Servius,
2803 464 2828 517 ἐι
2846 466 2972 520 coelo
2989 464 3177 520 semina
3198 464 3365 533 gentis
3392 464 3559 531 habet.

2462 527 2615 597 Signa
2634 530 2775 597 dedit
2790 534 2989 597 genitor
3011 538 3131 590 tum,
3144 527 3263 597 eu'm
3282 542 3429 597 caput
3448 527 3571 596 igne
3591 540 3796 585 musco

2561 590 2960 658 Contigitfinque
2978 608 3116 647 coma
3131 590 3385 657 ﬂammeus
3407 590 3529 659 arsit
3547 611 3698 660 apex.
3746 644 3749 647 .
3768 638 3773 651 .

2932 677 3119 746 (Ovid.,
3144 679 3228 733 no.
3252 697 3299 735 Vl
3318 681 3532 744 man,
3555 681 3582 749 ς
3606 683 3716 747 1;.)

2372 780 2599 849 Quinam
2630 791 2830 851 autem,
2859 784 2961 845 nisi
2989 785 3137 859 impii
3168 800 3393 858 prorsns
3409 802 3476 851 ac
3500 787 3754 851 scelerati
3784 788 3952 849 burni-

2373 888 2491 940 nes,
2532 872 2695 933 hosce
2721 875 2872 945 deos,
2908 877 2992 934 vel
3019 879 3196 955 potius
3225 878 3448 945 deorum
3489 889 3759 948 monstra,
3785 883 3955 941 colere

2376 970 2697 1043 potuerunt?
2729 969 2833 1029 Sed
2867 971 2982 1031 haec
3016 987 3202 1037 eorum
3228 973 3477 1045 impietas
3504 990 3612 1041 non
3638 976 3820 1039 minus
3849 993 3955 1039 ma-

2373 1058 2567 1115 nifeste
2598 1062 2816 1131 patebat
2843 1078 2908 1123 ex
2931 1064 3261 1131 solemnibus
3287 1065 3440 1129 festis
3461 1076 3520 1123 et
3539 1070 3954 1141 mysteriis,qua:

2375 1152 2428 1215 in
2469 1153 2680 1213 illorum
2712 1156 2993 1226 honorem,
3042 1168 3097 1216 et
3140 1157 3408 1227 factorum
3454 1163 3775 1227 memoriam
3824 1178 3953 1233 quo-

2377 1248 2553 1309 tannis
2607 1264 2768 1323 agere
2812 1265 3244 1323 consueverant,
3301 1271 3421 1326 qua:
3475 1255 3590 1327 jam
3638 1257 3955 1323 excutienda

2375 1354 2520 1409 sunt.

2957 1483 3184 1541 CAPUT
3222 1483 3365 1540 XIX.

2378 1619 2645 1688 Quomodo
2670 1622 2986 1683 ethnicorum
3015 1625 3254 1696 mysteria
3304 1634 3351 1685 et
3387 1588 3520 1696 {sua
3546 1627 3600 1693 in
3866 1628 3957 1685 Iw-

681 1738 883 1793 cellum
927 1744 1181 1792 ornantes
1203 1780 1219 1805 ,
1248 1745 1481 1808 myrtum
1533 1751 1640 1795 non
1672 1736 1931 1807 inserant,
1983 1738 2273 1809 respondet

2446 1730 2642 1783 norem,
2673 1724 2719 1771 et
2741 1733 2911 1777 rerum
2939 1718 3001 1772 ab
3028 1718 3091 1777 iis
3118 1728 3373 1790 gestarum
3400 1721 3691 1785 memoriam
3729 1721 3963 1785 instituta

682 1838 931 1901 apertam
962 1845 1067 1884 non
1098 1845 1218 1889 esse
1247 1829 1392 1885 illius
1431 1830 1567 1891 ritus
1591 1830 1890 1899 rationem;
1915 1830 2107 1889 fabula:
2138 1831 2277 1891 nihi-

685 1925 924 1981 lominus
965 1924 1010 1979 si
1036 1939 1142 1995 qua
1171 1923 1306 1979 ﬁdes
1350 1922 1597 1981 habenda
1623 1923 1728 1995 sit,
1761 1939 1885 1983 eum
1915 1938 2122 1985 morem
2152 1924 2277 1981 inde

682 2027 889 2086 ortum,
920 2017 1065 2088 quod
1102 2017 1275 2077 Faulii
1301 2016 1463 2089 (forte
1488 2017 1682 2091 Fauni)
1711 2017 1992 2091 cujusdam
2013 2019 2277 2090 aruspicis

685 2128 950 2179 uxorem,
982 2113 1119 2169 clam
1173 2122 1300 2184 poto
1346 2113 1493 2182 vino,
1546 2115 1710 2183 virgis
1761 2115 1987 2188 myrteis
2014 2130 2045 2171 a
2084 2116 2278 2173 marito

678 2221 879 2262 caesam
906 2205 1073 2262 fuisse
1099 2205 1410 2271 existiment
1432 2205 1755 2281 (Plutarcli.,
1801 2207 1995 2277 Quaest.
2024 2207 2274 2276 Romam,

680 2310 809 2357 tam.
839 2316 899 2369 tt,
926 2316 1047 2372 pag.
1071 2298 1224 2373 268).

757 2396 978 2454 Clodius
1007 2411 1138 2455 vero
1163 2396 1304 2469 apud
1330 2396 1671 2459 Lactantium
1700 2397 1870 2455 refert
1894 2397 2132 2457 Faunant
2172 2399 2275 2453 Fa-

683 2501 857 2556 tuam,
902 2489 1073 2555 Fauni
1124 2506 1348 2551 uxorem
1380 2533 1396 2559 ,
1462 2501 1749 2563 propterea
1788 2493 1931 2564 quod
1978 2494 2138 2553 ollam
2173 2494 2279 2549 vini

684 2592 877 2640 contra
893 2599 1103 2641 morem
1131 2584 1405 2657 decusque
1431 2586 1637 2657 regium
1669 2585 1809 2645 clam
1838 2586 2118 2654 ebibisset,
2150 2586 2281 2647 fuis-

684 2686 880 2751 setque
911 2676 1198 2743 inebriata,
1228 2677 1391 2748 virgis
1432 2678 1655 2751 myrteis
1682 2694 1855 2750 usque
1881 2679 1949 2739 ad
1990 2687 2221 2737 mortem
2248 2695 2278 2732 a

681 2771 803 2827 viro
826 2769 1163 2829 verberatum
1200 2787 1212 2822 :
1244 2770 1339 2825 sed
1366 2786 1487 2825 cum
1518 2770 1666 2825 illum
1708 2779 1894 2841 postea
1933 2770 2058 2827 iacti
2105 2772 2278 2841 paeni-

687 2864 904 2930 tuisset,
938 2878 1039 2918 nec
1069 2872 1252 2937 posset
1290 2862 1475 2923 uxoris
1496 2862 1641 2921 ferre
1666 2861 2028 2931 desiderium,
2070 2863 2280 2919 divinos

689 2957 927 3012 honores
953 2956 1031 3010 illi
1062 2954 1341 3021 detulisse,
1369 2965 1420 3010 et
1452 2954 1653 3015 idcirco
1684 2954 1736 3009 in
1764 2956 1884 3027 ejus
1910 2955 2080 3011 sacris
2106 2956 2279 3011 obvo-

683 3051 856 3105 lutam
877 3048 1061 3105 ofl‘erri
1078 3049 1182 3105 vini
1206 3051 1544 3119 amphoram.
1570 3048 1729 3107 Plura
1749 3048 1818 3109 de
1835 3049 1920 3103 illa
1948 3049 2009 3109 ιι.
2031 3048 2281 3113 Giraldus

2450 1826 2510 1863 ac
2536 1808 2786 1875 celebrata
2826 1813 3014 1882 falsam
3050 1812 3458 1883 demonster
3484 1814 3692 1881 illarum
3720 1815 3964 1882 diuinita-

2453 1911 2569 1963 tem.

2915 2038 3207 2080 Αιιτιουιυς
3230 2039 3440 2081 HUIUS.

2380 2135 2536 2215 Quam
2552 2136 2863 2215 sustentat.
2876 2137 3212 2215 ιξεφιιειιιξμίεν
3253 2152 3343 2215 θαι
3391 2140 3728 2215 omentum.
3762 2126 3971 2215 Versus

2440 2199 2628 2263 Cypriae
2651 2201 2807 2259 inim.
2831 2201 3054 2262 Sabazia,
3079 2199 3485 2266 Τιιθςωοιιιιιιτὸιι.
3511 2199 3784 2266 Eleusinia,
3808 2203 3969 2259 ctAli-

2441 2263 2623 2312 montia
2646 2262 2986 2315 demonstrent
3007 2262 3153 2315 falsos
3176 2278 3287 2315 esse
3306 2267 3565 2335 gentilium
3584 2266 3724 2329 deos.

2449 2390 2569 2451 Non
2601 2391 2840 2449 infimum
2880 2394 3021 2450 inter
3047 2396 3358 2466 turpissima
3403 2397 3683 2468 gentilium
3712 2398 3964 2470 mysteria

2380 2496 2437 2543 et
2462 2486 2597 2544 festa
2622 2488 2798 2543 locum
2839 2488 3158 2546 obtinebant
3180 2490 3447 2556 immania,
3476 2501 3535 2546 ut
3558 2492 3636 2546 ait
3673 2492 3963 2558 Arnobius,

2380 2578 2760 2648 Bacchanalia,
2794 2597 2914 2652 qua
2957 2598 3133 2652 graeco
3163 2584 3383 2639 nomine
3412 2584 3731 2655 lbnophagia
3758 2601 3967 2643 nuncu-

2380 2673 2666 2743 pabantur.
2706 2674 2914 2743 Quanta
2958 2688 3137 2732 autem
3166 2719 3183 2743 ,
3229 2690 3293 2732 ac
3323 2691 3485 2748 quam
3530 2679 3839 2735 execranda
3869 2690 3977 2735 tur-

2381 2751 2623 2837 pitudine
2652 2780 2959 2840 agerentur.
2990 2785 3056 2825 ex
3085 2770 3170 2824 his
3188 2769 3412 2839 quilibet
3435 2785 3733 2841 agnoscere
3754 2772 3974 2840 poterit,

2381 2875 2504 2928 quae
2533 2859 2599 2914 de
2628 2861 2732 2915 illis
2759 2862 2811 2915 in
2842 2862 3021 2930 priore
3050 2861 3357 2932 Apparatus
3386 2863 3556 2927 nostri
3596 2872 3745 2918 torno
3790 2864 3951 2933 dispu

2381 2951 2638 3009 tavimus.
2667 2952 2795 3008 Inde
2825 2953 2988 3008 etiam
3008 2953 3163 3009 facile
3183 2954 3449 3026 intelliget
3472 2954 3613 3021 hmo,
3633 2971 3756 3026 quae
3774 2958 3978 3012 Auctor

2384 3054 2568 3103 noster
2596 3054 2830 3112 enarrat,
2889 3062 2956 3103 ea
3001 3044 3295 3105 Clementis
3326 3048 3676 3105 Alexandrini
3719 3048 3975 3120 decerpta

688 3152 745 3198 et
770 3143 1029 3209 Vossius,
1078 3157 1213 3213 quos
1258 3142 1407 3199 adire
1436 3144 1673 3213 poteris,
1703 3142 1857 3201 sicuti
1885 3143 2021 3201 alios
2048 3160 2078 3201 a
2123 3144 2276 3205 nobis
2307 3139 2350 3200 C
2382 3154 2501 3197 esse
2526 3138 2678 3199 libris
2731 3138 2907 3209 (Am,
2934 3141 2972 3194 ι.
3004 3157 3060 3207 v,
3097 3158 3212 3211 pag.
3255 3139 3389 3205 169;
3445 3151 3567 3196 tam.
3601 3157 3621 3197 ι
3647 3141 3912 3212 Apparet.
3938 3144 3975 3197 Ι.

688 3236 852 3306 paulo
891 3245 1016 3290 ante
1061 3236 1254 3290 citatos
1293 3235 1577 3311 (Lactant..
1621 3237 1711 3292 lib.
1749 3251 1767 3291 ι
1809 3238 1872 3293 de
1901 3238 2022 3307 fata.
2078 3238 2276 3311 Relig..

689 3344 808 3397 cap.
830 3327 921 3391 22,
950 3345 1068 3399 pag.
1116 3328 1241 3393 127;
1271 3327 1498 3395 Girald.,
1535 3327 1673 3382 Hist.
1706 3329 1872 3392 deor.,
1921 3339 2175 3401 syntagm.
2223 3333 2274 3397 4,

696 3440 817 3494 pag.
853 3424 951 3478 l57
981 3433 1035 3477 et
1071 3438 1213 3494 seq.;
1284 3421 1450 3485 Voss.,
1486 3422 1573 3476 lib.
1626 3438 1644 3474 ι
1689 3423 1752 3477 de
1804 3423 1952 3493 Orig.
2000 3435 2043 3478 et
2090 3424 2275 3495 Progr.

689 3516 897 3580 idolaL,
924 3531 1041 3584 cap.
1070 3516 1174 3580 i2;
1202 3532 1343 3582 ευρ..
1372 3531 1487 3585 cap.
1524 3516 1612 3581 Η,
1638 3525 1737 3568 art.
1772 3516 1848 3587 5).

762 3606 931 3662 Porro
978 3617 1156 3662 autem
1208 3623 1271 3662 ex
1328 3610 1425 3662 hac
1467 3608 1737 3661 variorum
1779 3607 2114 3680 Scriptorum
2162 3627 2279 3669 nar-

687 3698 901 3754 ratione
930 3699 1104 3769 quivis
1136 3698 1266 3753 illttd
1308 3699 1608 3769 intelligere
1660 3699 1875 3768 poterit,
1910 3701 2051 3767 quod
2102 3706 2275 3757 Arno-

685 3788 810 3847 hius
836 3792 1083 3847 ethnicos
1129 3791 1404 3847 irridendo
1433 3794 1579 3861 prius
1622 3792 1830 3848 dixerat
1864 3812 1877 3849 :
1908 3811 1926 3843 ι
1964 3793 2143 3849 Fauna
2176 3797 2277 3849 Fa-

685 3894 800 3951 tua,
850 3883 1019 3939 Fauni
1052 3899 1207 3949 uxor,
1242 3885 1389 3939 Bona
1415 3884 1513 3940 dea
1560 3901 1679 3955 qua:
1710 3885 1926 3952 dicitur,
1960 3887 2054 3942 sed
2086 3889 2138 3943 in
2167 3890 2275 3944 vini

682 3977 877 4031 melior
921 3986 976 4032 et
1002 3977 1320 4033 laudabilior
1362 3989 1548 4047 pom.»
1607 3977 1805 4049 (Arn.,
1839 3979 1876 4033 ι.
1915 3995 1952 4043 ι,
1981 3996 2100 4052 pag.
2143 3978 2273 4054 ΞΟ.)

685 4070 819 4137 Quis
847 4086 996 4142 ergo,
1036 4072 1119 4126 his
1148 4070 1360 4135 auditis,
1394 4086 1514 4126 cum
1558 4073 1677 4141 ipso
1706 4086 1814 4127 non
1842 4073 2031 4138 rideat,
2062 4083 2156 4129 aut
2183 4092 2277 4145 po-

682 4167 793 4222 tius
824 4182 931 4221 non
959 4166 1206 4236 deploret
1231 4168 1473 4221 insanam
1506 4166 1844 4222 ethnicorum
1888 4169 2268 4237 temeritatem,

678 4262 775 4333 qui
798 4261 889 4315 tali
909 4261 1140 4329 feminae,
1159 4260 1389 4333 aliisque
1406 4263 1669 4317 similibus
1690 4262 2019 4318 divinitatem
2036 4265 2273 4322 tribuere

679 4371 793 4412 non
835 4356 1248 4412 dubitaverunt?
1272 4355 1380 4413 Sed
1428 4357 1478 4411 id
1524 4357 1629 4411 alio
1659 4357 1835 4413 adhuc
1877 4360 2124 4431 exemplo
2151 4378 2273 4433 per-

678 4452 871 4522 Spicue
886 4451 1239 4508 demonstrat.

2379 3249 2459 3299 ut,
2488 3234 2686 3291 dissert.
2726 3250 2764 3299 ι,
2797 3251 2913 3304 cap.
2940 3235 2996 3297 9.
3023 3246 3123 3290 art.
3147 3249 3187 3301 ι,
3209 3251 3330 3306 pag.
3366 3235 3509 3300 756;
3539 3233 3775 3291 Clama
3801 3235 3972 3301 Μαι,

2382 3329 2642 3384 Admonit.
2667 3332 2735 3383 ad
2761 3341 2922 3399 gent.,
2952 3346 3073 3401 pag.
3105 3331 3220 3396 il).
3724 3358 3725 3361 η

2452 3422 2530 3476 Ex
2574 3420 2764 3477 eodem
2795 3422 3150 3491 proculdubio
3178 3421 3327 3477 fonte
3372 3421 3459 3476 illa
3512 3435 3733 3493 quoque
3774 3422 3972 3483 hausit.

2378 3531 2497 3583 quae
2518 3514 2584 3569 de
2612 3514 2733 3568 aliis
2759 3514 3206 3581 Bacchanalibus,
3230 3516 3317 3570 ubi
3361 3515 3541 3581 Liber,
3573 3530 3673 3571 seu
3701 3516 3965 3579 Bacchus,

2378 3622 2409 3661 a
2436 3607 2733 3671 Titanibus,
2750 3606 2826 3661 uti
2854 3608 2973 3678 ipse
2984 3608 3111 3664 alibi
3128 3609 3359 3674 dixerat,
3373 3624 3439 3663 ac
3459 3609 3728 3665 Diodorus
3754 3611 3971 3665 Siculus

2378 3709 2434 3754 et
2464 3699 2765 3755 Macrobius
2794 3710 3112 3766 memorant,
3148 3696 3487 3756 membratim
3517 3707 3699 3757 sectus
3728 3702 3973 3758 celebra-

2378 3792 2534 3848 batur
2571 3793 2746 3863 (Arn.,
2775 3792 2815 3847 ι.
2843 3809 2895 3857 v,
2928 3810 3050 3864 pag.
3079 3793 3205 3859 169,
3234 3804 3282 3848 et
3307 3795 3343 3849 ι.
3372 3810 3409 3857 ι,
3442 3810 3561 3865 pag.
3594 3793 3667 3849 2'5
3695 3805 3743 3849 et
3787 3810 3929 3863 seqq.
3958 3811 3976 3856 ;

2378 3885 2598 3943 Diader.
2640 3888 2827 3954 δίειμι,
2876 3889 2913 3941 l.
2952 3904 3010 3943 ιιι
3045 3886 3313 3952 ΒὶόὸοιΙι..
3373 3904 3493 3959 pag-
3524 3888 3665 3952 137;
3711 3886 3974 3951 Haeret,

2377 3978 2416 4031 ι.
2461 3994 2476 4032 ι
2522 3981 2576 4033 in
2607 3978 2786 4035 Somn.
2834 3980 3005 4049 δάμη
3046 3995 3163 4048 cap.
3214 3977 3323 4049 ιε).
3386 3979 3462 4035 De
3490 3976 3575 4033 his
3615 3987 3794 4036 autem
3838 3976 3979 4032 Bac-

2376 4072 2692 4128 chanalibus
2736 4083 2791 4129 et
2840 4070 3188 4142 Omopbngiis
3228 4072 3275 4127 si
3317 4072 3470 4142 plura
3495 4113 3511 4135 ,
3557 4087 3716 4141 quam
3755 4086 3786 4125 ιι
3812 4071 3980 4126 nobis

2375 4164 2517 4229 dicta
2545 4175 2670 4219 sunt
2699 4163 2846 4235 (toan.
2884 4164 3196 4235 tApparat.,
3220 4163 3320 4219 loc.
3375 4160 3514 4235 ait),
3544 4162 3725 4233 legere
3777 4162 3979 4232 aliquis

2375 4258 2724 4321 desiderabit,
2754 4258 2802 4313 is
2825 4257 2982 4315 adeat
2998 4256 3175 4316 Titum
3199 4256 3428 4323 Livium,
3453 4257 3841 4327 Auguuinum,
3874 4254 3978 4310 Ca-

2375 4351 2659 4408 stellanum
2681 4390 2697 4414 ,
2725 4366 2788 4407 ac
2816 4349 3116 4409 Iohannem
3153 4348 3393 4415 Nicolai,
3430 4359 3485 4409 et
3515 4349 3813 4405 Meursium
3835 4392 3851 4415 ,
3882 4350 3977 4420 qui

2374 4444 2443 4500 de
2462 4444 2567 4499 illis
2597 4444 2765 4499 libros
2792 4442 3080 4499 ediderunt
3103 4441 3264 4514 (Liv.,
3297 4444 3336 4498 ι.
3366 4457 3559 4509 xxxrx,
3581 4440 3608 4513 ὅ
3631 4442 3694 4501 il
3718 4453 3770 4497 et
3806 4460 3978 4514 κακά

678 4546 707 4614 Β
755 4545 836 4599 Ad
876 4545 1242 4615 turpissimum
1289 4544 1551 4616 siquidem
1594 4546 1768 4600 Servii
1807 4544 1970 4602 Tullii
2000 4546 2269 4605 Romano-

2375 4538 2614 4608 August,
2645 4539 2683 4590 ι.
2724 4551 2795 4592 vtt
2820 4536 2881 4593 de
2903 4534 3077 4600 (Sinin,
3133 4550 3247 4604 cap.
3275 4535 3367 4600 ει,
3414 4550 3535 4605 pag.
3565 4535 3701 4600 £77;
3730 4532 3975 4604 Cornu,

678 4652 801 4696 rum
839 4639 983 4710 regis
1026 4649 1203 4694 ortum
1235 4638 1504 4695 delabitur
1553 4641 1573 4710 (
1607 4640 1757 4706 Arn.,
1789 4641 1825 4694 ι.
1857 4657 1908 4708 v,
1940 4658 2058 4712 pag.
2092 4642 2194 4699 169
2216 4646 2268 4713 );

675 4740 736 4787 et
763 4732 1008 4801 quamvis
1045 4731 1194 4785 illum
1221 4743 1279 4786 se
1305 4732 1554 4788 omittere
1592 4733 1729 4787 velle
1766 4732 2050 4804 significet,
2087 4737 2269 4805 paucis

671 4832 855 4880 tamen
900 4825 1081 4880 verbis
1110 4838 1171 4879 ea
1198 4824 1478 4890 describit.
1510 4842 1631 4897 qua:
1679 4825 1746 4880 ad
1791 4826 2265 4882 demonstrandam

672 4916 845 4988 ltujus
886 4917 1125 4972 historiae
1156 4917 1430 4973 infamiam
1467 4919 1681 4973 abunde
1708 4917 2000 4973 sufficiunt.
2031 4922 2100 4974 At
2141 4920 2264 4975 Dio-

670 5011 864 5080 nysius
897 5008 1337 5064 Halicarnasseus
1364 5025 1477 5063 rem
1512 5019 1676 5064 tutam
1708 5011 1904 5078 retulit,
1942 5020 2099 5080 prout
2123 5012 2262 5083 apud

669 5102 870 5158 multos
899 5116 1137 5155 romana:
1174 5100 1418 5156 historim
1448 5102 1739 5172 scriptorcs
1771 5104 2044 5158 memoria:
2073 5104 2262 5159 tradita

665 5193 842 5250 fuerat
860 5192 1042 5266 (Dion.
1068 5193 1269 5261 Ilalic.,
1292 5196 1409 5249 init.
1431 5195 1466 5249 ι.
1491 5211 1547 5250 tv
1576 5195 1746 5266 Antig.
1767 5196 2013 5263 Romam,
2039 5215 2090 5269 p.
2110 5197 2263 5270 207).

666 5285 892 5343 Ovidius
938 5300 1101 5357 porro
1153 5287 1283 5342 illud
1340 5286 1444 5353 his,
1495 5288 1691 5358 quibus
1741 5299 1966 5362 utraque
2019 5292 2261 5358 Arnobii,

668 5388 726 5435 et
756 5376 1000 5447 Dionysii
1032 5377 1273 5431 narratio
1331 5377 1702 5446 confirmatur,
1738 5382 1982 5436 versibus
2013 5382 2211 5439 cecinit
2246 5401 2259 5438 :

760 5489 1586 5558 Namque,pater_Tulli_Vulcanns,
1608 5493 1813 5558 Ocresia
1836 5502 2013 5558 mater,

850 5554 1263 5618 Praesi'gnisjacie
1282 5554 1599 5618 Corniculana
1622 5556 1732 5605 fuit.

751 5620 895 5681 Hanc
918 5616 1086 5667 secum
1113 5616 1370 5681 Tanaquil,
1390 5619 1542 5681 sacris
1558 5618 1623 5667 de
1646 5631 1787 5681 more
1807 5622 2006 5681 paratis,

847 5678 1001 5728 Iussit
1020 5683 1064 5730 in
1091 5676 1314 5729 ornatum
1336 5676 1549 5730 fundere
1574 5681 1684 5730 vina
1710 5676 1887 5731 focum.

747 5745 847 5799 Hic
868 5740 999 5791 inter
1019 5743 1221 5794 cineres
1237 5739 1439 5796 obsceni
1466 5741 1615 5791 forma
1631 5740 1787 5795 virilis

2372 4630 2441 4683 ad
2464 4628 2597 4683 verb.
2631 4626 2906 4699 Διονυσία).

2442 4721 2574 4787 Quae
2627 4719 2825 4778 dehinc
2870 4724 3072 4779 Auctor
3118 4729 3302 4779 noster
3352 4718 3537 4777 retulit
3579 4719 3650 4781 de
3701 4720 3977 4779 abstrusis

2370 4811 2583 4885 Cypria:
2617 4811 2840 4870 Veneris
2863 4812 3028 4873 initiis
3058 4821 3113 4873 et
3140 4812 3329 4880 sacris,
3354 4826 3652 4883 eorumque
3688 4814 3979 4873 conditore

2368 4906 2590 4977 Cinyra,
2626 4907 2739 4961 lucc
2760 4920 2974 4977 quoque
3000 4922 3065 4963 ex
3083 4905 3272 4963 eodem
3295 4904 3591 4965 Clementis
3612 4905 3976 4964 Alexandrini

2371 5000 2510 5056 libro
2535 5000 2815 5070 desumpta
2841 5009 2987 5059 sunt.
3007 4999 3179 5059 Julius
3203 5008 3384 5059 autem
3404 4998 3667 5061 Firmicns
3692 4998 3869 5056 dehis
3900 5002 3979 5058 sic

2370 5092 2607 5164 loquitur
2631 5111 2645 5150 :
2676 5113 2695 5145 ί
2731 5092 2901 5153 Audin
2925 5091 3176 5164 Cyniram
3205 5092 3459 5163 Cyprium
3486 5093 3748 5161 templum
3780 5095 3977 5159 amica:

2370 5187 2639 5245 meretrici
2685 5185 2943 5252 donasse,
2970 5187 3020 5243 ei
3065 5194 3183 5253 erat
3210 5184 3395 5243 Venus
3444 5201 3666 5247 nomen.
3716 5187 3977 5247 [uitiasse

2371 5282 2531 5337 etiam
2558 5279 2770 5352 Cypriae
2800 5279 2992 5337 Veneri
3020 5280 3299 5349 plurimos,
3327 5289 3384 5337 et
3406 5279 3571 5337 variis
3596 5283 3979 5339 consecratio-

2368 5373 2526 5435 nibus
2583 5373 2886 5440 deputnsse.
2948 5371 3214 5429 Statuisse
3254 5372 3464 5443 ,etiam,
3498 5380 3589 5429 ut
3644 5372 3977 5445 quicumque

2367 5464 2568 5523 initiari
2592 5465 2776 5528 vellet,
2801 5473 3012 5523 secreto
3039 5464 3139 5520 sibi
3182 5464 3406 5523 Veneris
3435 5464 3629 5523 tradito
3647 5506 3666 5532 .
3693 5480 3880 5523 assem
3916 5468 3974 5524 iu

2370 5570 2532 5609 manu
2559 5540 2838 5611 ‘mercedis
2886 5556 3102 5617 nomine
3150 5556 3264 5612 deae
3294 5555 3484 5627 daret,
3517 5559 3660 5631 quod
3692 5570 3973 5615 secretum

2370 5647 2527 5719 quale
2551 5648 2638 5713 sit,
2658 5662 2849 5705 omnes
2868 5649 3478 5720 intelligeredebemus;
3510 5652 3635 5723 quia
3661 5652 3766 5708 hoc
3783 5653 3973 5723 ipsum

2375 5746 2597 5810 propter
2626 5740 3015 5810 turpitudinem
3040 5741 3313 5813 explicare
3339 5756 3449 5800 non
3476 5756 3783 5814 possumus.
3810 5744 3978 5801 Bene
