4230 6266
356 262 465 319 597

1571 265 1637 322 IN
1676 264 2059 337 ARNOBHM,
2094 265 2251 327 CAP.
2294 265 2438 329 XIX.

3537 269 3642 329 598

352 388 566 437 amator
595 380 823 454 Cyniras
845 383 1162 445 meretriciis
1183 383 1388 458 legibus
1402 383 1592 451 servit,
1610 390 1942 441 consecrata
1968 394 2023 471 Α
2047 380 2310 441 sacrificia
2334 422 2351 450 ,
2408 390 2465 438 et
2540 381 2743 439 cultum
2818 389 3084 441 nocturno
3153 386 3358 439 tantum
3403 394 3647 456 tempore

353 473 616 530 Veneria
660 474 1034 535 sacerdotibus
1083 479 1194 534 suis
1248 479 1441 550 stipem
1494 477 1608 535 dari
1649 477 1839 547 jussit,
1895 485 1952 530 ut

351 576 561 629 scorto.
593 587 615 623 ι
646 567 699 640 (1
710 569 786 625 ul.
816 567 959 637 Fir,,
998 571 1060 625 de
1082 568 1265 631 Error.
1295 574 1431 643 prof.
1461 571 1636 640 relig.,
1683 587 1809 642 pag.
1836 567 1950 642 15.)

352 659 736 719 Tlteodoretus
758 676 887 716 vero
908 661 977 717 de
1001 661 1194 735 Cynira
1222 663 1338 721 haec
1363 662 1557 731 litteris
1577 663 1909 735 consignavit
1934 679 1949 717 :

349 757 454 813 Τήν
491 751 546 808 δὲ
594 774 650 828 γε
678 751 968 831 ’Δφρθδίτην
1016 754 1126 810 οὐδὲ
1177 757 1464 829 εὐεργεσίας
1514 756 1649 815 τινὸς
1696 751 1947 829 ἄρξασαν,

348 846 484 902 am
510 849 598 901 καὶ
620 846 899 907 ἀκολασίας
914 850 1241 921 γεγενημένην
1261 846 1579 907 διδάσκαλον.
1606 848 1949 919 χαμαιτύπην

347 940 458 1015 γὰρ
507 941 663 997 αὐτὴν
694 942 780 995 καὶ
817 940 1027 1019 ἑταίραν
1071 943 1368 1017 γεγενῆσθαί
1396 963 1524 1013 φασι
1565 943 1653 997 καὶ
1697 941 1949 1015 ἐρωμένην

345 1036 595 1107 Κινύρου,
622 1035 730 1088 θεὰν
752 1037 1051 1106 ὠνομάχασι.
1083 1034 1149 1106 (Τ
1151 1035 1430 1103 Iteodoret.,
1468 1045 1570 1093 tant
1622 1050 1692 1099 Iv,
1713 1050 1862 1089 serm.
1895 1035 1949 1099 5,

348 1126 421 1181 de
447 1127 632 1198 Angel.
658 1137 703 1182 et
729 1127 975 1192 άωιιιοη..
1004 1144 1102 1198 pag
1124 1124 1273 1198 511.)
1312 1145 1330 1179 ι
1364 1128 1436 1185 At
1467 1126 1725 1183 Venerem
1756 1126 1953 1181 nullius

344 1220 610 1277 beneficii
657 1230 956 1285 auctorem,
1015 1221 1110 1276 sed
1167 1221 1597 1292 intemperantius
1641 1220 1949 1292 magistram

349 1317 660 1390 (prostituti
689 1317 954 1388 siquidem
977 1317 1221 1389 corporis
1243 1316 1583 1372 meretricem
1607 1315 1949 1382 fuisseaiunt,

350 1428 420 1469 ac
451 1411 665 1486 Cynirai
714 1410 998 1485 amasiam)
1044 1411 1202 1479 deam
1255 1420 1435 1477 tamen
1485 1410 1840 1482 appellantes.
1876 1410 1952 1469 De

351 1504 559 1577 Cynira
586 1520 778 1574 porro,
815 1520 880 1560 ac
920 1504 1133 1563 Venere
1161 1503 1411 1561 Vossium
1442 1503 1687 1570 consule,
1720 1503 1766 1559 si
1796 1503 1948 1563 velis.

356 1597 565 1669 (Voss.,
588 1599 628 1665 l,
647 1614 695 1652 vt
721 1598 785 1652 de
808 1596 955 1668 Orig.
978 1606 1026 1651 et
1048 1596 1234 1666 Progr.
1254 1594 1552 1666 ldol.,eap.
1580 1594 1671 1659 17,
1695 1610 1815 1665 pag.
1836 1592 1950 1664 71.)

348 1687 467 1744 Nos
494 1703 625 1745 vero
651 1690 718 1744 de
755 1688 862 1745 illis
888 1688 1013 1745 alibi
1041 1687 1394 1757 disseruimus
1445 1687 1590 1759 (tam.
1625 1703 1642 1743 ι
1670 1687 1949 1757 Αρρωαι..

2052 491 2119 532 ac
2146 484 2359 532 secreto
2382 517 2399 543 ,
2432 483 2651 545 propter
2678 490 2865 531 eorum
2917 474 3302 545 turpitudinem
3333 476 3645 533 introduce-

2050 569 2199 627 bant.
2244 568 2398 625 Unde
2437 584 2624 623 rursus
2655 568 2844 624 Cicero
2878 586 2891 622 :
2942 587 2961 619 ι
2998 567 3182 625 Novas
3207 567 3360 634 deos,
3397 587 3417 621 ι
3449 568 3644 639 inquit,

2059 682 2079 715 ι
2099 663 2222 733 etin
2240 662 2323 715 his
2335 662 2577 717 colendis
2592 671 2881 717 nocturnas
2895 662 3333 731 pervigilationes
3345 662 3422 719 sic
3436 661 3647 718 Aristo‘

2053 756 2280 829 phanes,
2310 756 2668 811 facetissimus
2700 765 2851 824 poeta
2885 757 3082 811 veteris
3110 755 3424 823 commdiae,
3465 765 3646 823 vexat,

2051 860 2110 907 ut
2135 852 2277 920 apud
2318 867 2440 905 eum
2481 850 2757 911 Sabasius.
2788 860 2842 905 et
2870 849 3087 918 quidam
3124 850 3215 907 alii
3257 849 3331 904 dii
3376 851 3647 921 peregrini

2049 941 2293 1012 iudicati,
2312 960 2342 999 e
2366 944 2575 999 civitate
2589 943 2890 1013 cjiciantnr.
2922 962 2941 994 ι
2963 940 3169 1012 (Cicer.,
3191 942 3333 997 lib.n
3354 943 3416 997 de
3443 942 3651 1013 Legib.,

2053 1052 2174 1107 pag.
2220 1036 2345 1098 537,
2377 1037 2468 1091 lin.
2515 1035 2634 1107 44.)
2676 1036 2918 1105 Denique
2949 1045 3006 1090 ut
3041 1036 3360 1091 Strabonem
3403 1036 3649 1108 aliosque

2052 1131 2248 1185 missos
2277 1130 2557 1197 faciamus,
2605 1131 2799 1187 Suidas
2845 1141 3029 1201 aperte
3056 1131 3300 1187 declarat
3338 1131 3642 1197 Sebasium,

2053 1224 2326 1289 Σαϐἀσιον,
2361 1224 2609 1279 eumdem
2637 1240 2757 1280 esse
2782 1239 2845 1278 ac
2874 1224 3219 1295 Dionysium,
3248 1240 3345 1280 seu
3375 1223 3645 1279 Bacchum

2059 1315 2281 1385 (Strab.,
2309 1317 2399 1371 lib.
2423 1316 2521 1372 XX
2553 1318 2737 1386 Geogr.
2763 1358 2779 1384 ,
2809 1334 2931 1389 pag.
2961 1318 3069 1373 470
3095 1330 3143 1373 et
3166 1334 3333 1389 δίψιιὶ
3380 1317 3556 1386 Suid.,
3589 1317 3656 1373 ad

2057 1408 2189 1471 verb.
2220 1408 2487 1479 σεϐἁσιος)
2501 1454 2513 1466 .

2126 1501 2306 1573 Neque
2332 1503 2531 1558 dixeris
2558 1505 2607 1558 in
2638 1503 2858 1559 Arnobii
2889 1503 3055 1558 nostri
3087 1513 3235 1559 textu
3258 1504 3445 1561 haberi
3479 1504 3647 1562 Saba—

2057 1595 2354 1661 diis,.uut,
2408 1608 2465 1651 ut
2517 1597 2729 1668 quidam
2787 1607 3002 1667 putant,
3052 1596 3309 1652 Sebadiis.
3352 1597 3482 1653 Nam
3510 1598 3649 1665 apud

2056 1690 2339 1761 Apuleium
2373 1690 2598 1761 legimus
2632 1711 2643 1744 :
2679 1690 2901 1746 Sanctus
2956 1690 3213 1745 Sabadius
3242 1732 3258 1757 ,
3304 1690 3444 1745 haud
3489 1690 3651 1746 dubie

353 1798 480 1853 pag.
532 1780 638 1837 729
680 1793 726 1835 et
759 1780 935 1845 H76;
963 1780 1180 1847 Arnob.,
1212 1781 1301 1834 lib.
1333 1796 1391 1847 v,
1421 1797 1523 1851 pag
1551 1777 1700 1851 169).
1738 1780 1808 1837 At
1832 1781 1953 1851 quis
1982 1789 2033 1851 B
2059 1782 2324 1841 Bacchus.
2363 1783 2516 1854 Apud
2553 1784 2877 1841 lllacrohium
2908 1799 3035 1839 vero
3066 1802 3079 1838 :
3113 1803 3131 1836 ι
3160 1783 3219 1838 ιιι
3249 1783 3475 1838 Thracia
3495 1798 3648 1839 eum-

346 1889 465 1929 non
487 1873 670 1931 videat
693 1873 776 1929 his
794 1872 1116 1943 turpissimis
1137 1872 1632 1942 crudelissimisque
1654 1873 1949 1944 mysteriis,

343 1974 405 2022 et.
436 1964 595 2022 festis
624 1964 878 2023 radicitus
915 1965 1076 2022 evelli
1118 1981 1302 2021 eorum
1333 1965 1687 2029 divinitatem,
1720 1967 1950 2034 quorum

344 2060 402 2114 in
449 2058 736 2128 honorem,
783 2057 948 2114 immo
994 2058 1341 2129 ignominiam
1390 2057 1796 2128 sempiternam,
1824 2072 1949 2127 age.

340 2153 573 2210 bantur.

420 2248 669 2305 Breviter
689 2247 909 2319 {deinde
934 2256 1124 2309 auctor
1172 2256 1355 2305 noster
1384 2246 1560 2317 attigit
1597 2260 1751 2303 sacra
1780 2246 1948 2318 Cory-

340 2339 555 2408 bantia,
584 2341 778 2412 quibus
808 2341 990 2399 fratris
1026 2357 1058 2394 a
1092 2340 1260 2397 fratre
1285 2340 1538 2396 trucidati
1566 2355 1711 2409 mors
1742 2356 1945 2411 repra-

343 2437 561 2495 sentari
592 2437 822 2497 solebat.
868 2436 972 2495 Sed
1019 2436 1087 2491 de
1116 2437 1199 2492 his
1229 2436 1284 2492 in
1313 2436 1488 2507 primo
1515 2435 1817 2505 Apparatus
1849 2451 1947 2490 no-

340 2530 457 2587 stri
506 2540 651 2586 tome
689 2529 1114 2599 disputavimus,
1144 2544 1208 2584 ac
1249 2530 1296 2585 si
1334 2528 1456 2599 quis
1493 2543 1557 2584 ea
1587 2528 1765 2597 legere
1795 2528 1943 2594 velit,

338 2624 637 2679 confestim
676 2624 977 2694 eomperiet
1026 2622 1324 2687 Arnobium
1374 2621 1462 2677 hic
1502 2634 1692 2677 rursus
1728 2620 1780 2679 in
1826 2618 1945 2676 Cle-

338 2715 561 2773 mentis
579 2715 925 2773 Alexandrini
945 2715 1195 2770 insistere
1209 2713 1448 2784 vestigiis
1463 2711 1608 2787 (tom.
1634 2712 1939 2782 tApparat.,

336 2826 475 2879 pag.
508 2806 612 2864 655
653 2818 701 2862 et
744 2807 887 2875 758;
924 2804 1361 2877 ClentensjAlex.,
1392 2804 1656 2867 Admonit.
1686 2804 1755 2861 ad
1780 2813 1942 2875 gent.,

337 2917 471 2971 pag.
498 2897 610 2974 12).

422 2990 565 3047 Tum
608 2990 805 3047 deinde
850 2989 1147 3049 fmdissima
1178 2989 1292 3056 illa,
1318 2991 1513 3062 quibus
1557 2991 1799 3062 Phryges
1838 2988 1943 3044 ini-

341 3085 628 3140 tiabantur
651 3127 667 3151 ,
714 3086 968 3156 mysteria
1009 3084 1178 3139 fusius
1208 3084 1447 3154 quidem,
1490 3085 1584 3143 sed
1614 3092 1833 3154 propter
1865 3084 1945 3138 in-

2056 1874 2177 1931 dem
2208 1875 2390 1931 haberi
2418 1876 2602 1931 Solem
2639 1885 2800 1949 atque
2838 1875 3093 1931 Liberum
3138 1876 3461 1945 accipimus;
3491 1890 3651 1945 quem

2053 1970 2340 2027 Sebadium
2415 1980 2785 2041 nuncupantes
2863 1970 3147 2043 magnifica
3194 1971 3454 2040 religione
3499 1970 3649 2026 cele-

2052 2067 2211 2125 brunt
2259 2087 2277 2119 ι
2321 2067 2526 2141 (Αριιιη
2559 2067 2648 2123 lib.
2695 2083 2786 2123 vm
2821 2066 3055 2132 Metam,
3104 2086 3160 2137 p.
3199 2066 3340 2132 MO;
3388 2064 3649 2133 Macrob.,

2051 2160 2121 2223 lib
2168 2175 2224 2215 ιιι
2268 2159 2560 2227 Saturnal.,
2608 2174 2726 2230 cap.
2784 2158 2873 2225 18,
2928 2175 3046 2229 pag.
3094 2156 3249 2228 264).
3281 2156 3446 2213 Vides
3474 2157 3656 2228 itaque
3750 2162 3753 2165 λ

2050 2250 2318 2309 Bacchum
2343 2251 2409 2305 ab
2447 2252 2510 2315 iis
2535 2260 2589 2304 et
2624 2249 2924 2316 Sebadium,
2949 2257 3004 2305 et
3028 2248 3334 2320 Sabadiurn,
3367 2249 3651 2321 mysteria-

2050 2359 2155 2412 que
2176 2343 2292 2413 ejus
2318 2343 2545 2401 Sabadia
2576 2343 2968 2413 coguominari.
2985 2341 3095 2397 Cur
3114 2356 3265 2413 ergo,
3290 2342 3519 2413 inquies,
3535 2342 3651 2413 ipsa

2050 2451 2264 2505 quoque
2300 2436 2552 2507 mysteria
2578 2476 2592 2501 ,
2619 2435 2812 2504 quibus
2841 2433 3052 2503 Jupiter
3080 2433 3340 2503 imprimis
3369 2432 3648 2489 colebatur

2049 2526 2271 2582 Sabasia
2285 2526 2668 2598 appellantur?
2693 2525 2965 2596 Numquid
2988 2524 3190 2580 idcirco
3208 2526 3328 2596 quia
3345 2524 3463 2583 Jovi
3487 2526 3648 2580 etiam

2048 2617 2275 2687 Sabasio
2312 2633 2610 2689 cognomen
2651 2618 2767 2672 fuit.
2813 2615 2947 2672 Nam
2982 2616 3286 2673 Grutherus
3302 2616 3649 2673 variasexhi-

2049 2709 2141 2766 bet
2173 2711 2570 2781 inscriptiones,
2603 2710 2721 2767 Jovt
2754 2710 2998 2768 Snuasm.
3044 2712 3113 2765 At
3160 2711 3426 2775 nonnulli,
3455 2726 3648 2782 quem-

2049 2805 2334 2862 admodum
2393 2806 2631 2875 Vossius,
2671 2806 2981 2861 existimant
3012 2804 3200 2861 Jovem
3247 2804 3496 2860 eumdem
3528 2818 3649 2861 esse

2048 2916 2113 2956 ac
2152 2901 2418 2956 Bacchum
2462 2915 2557 2955 seu
2599 2899 2853 2956 Liberum
2881 2898 3088 2973 (Voss.,
3123 2898 3211 2953 lib.
3258 2899 3382 2954 nde
3410 2897 3557 2970 Orig.
3595 2907 3643 2953 et

2058 2993 2239 3065 Progr.
2295 2992 2499 3059 idolol.,
2522 3008 2638 3063 cap.
2676 2993 2764 3058 1-1,
2803 3009 2924 3063 pag.
2953 2989 3108 3062 241).
3137 2990 3275 3059 Quid
3299 3005 3427 3063 ergo
3448 2991 3644 3046 mirum

2048 3088 2091 3143 si
2134 3084 2549 3163 turpissima‘illa
2579 3084 2855 3157 mysteria,
2884 3084 3076 3155 quibus
3105 3084 3300 3156 duplex
3319 3085 3473 3141 Jovis
3496 3085 3647 3139 adul-

339 3180 676 3251 terpositum
698 3178 845 3235 Jovis
875 3194 1094 3247 nomen,
1128 3178 1323 3235 invitus
1345 3178 1575 3249 expliCat
1615 3177 1785 3248 (Am,
1813 3176 1853 3241 ι,
1884 3192 1936 3228 v.
1971 3177 2017 3253 ς
2051 3180 2240 3237 terium
2283 3179 2680 3245 celebrabatur,
2713 3180 2936 3235 Sabasia
2968 3181 3333 3237 vocarentur?
3359 3178 3477 3235 Huc
3516 3179 3645 3235 illud

337 3291 472 3345 pag.
500 3272 605 3328 170
634 3282 683 3327 et
708 3270 899 3344 seqq.).
929 3272 1188 3335 Etlmicos
1216 3271 1376 3342 igitur
1406 3280 1463 3327 ut
1491 3268 1680 3326 Jovem
1705 3268 1947 3341 aliosque

338 3367 485 3421 deos
512 3381 642 3421 suos
671 3365 1184 3421 obscenissimorum
1213 3362 1479 3423 scelerum
1527 3361 1819 3432 ignominia
1861 3362 1944 3416 in-

336 3461 560 3518 famare
591 3460 839 3531 puderet,
892 3458 1129 3517 breviter
1156 3458 1376 3527 exponit
1404 3454 1676 3526 quomodo
1707 3454 1758 3510 in
1799 3454 1948 3510 hisce

338 3554 626 3628 mysteriis
656 3552 1125 3624 reprmsentabaut
1169 3549 1500 3607 eﬂ'raeuatam
1530 3547 1772 3619 ejusdem
1799 3545 1947 3602 Jovis

340 3646 657 3713 libidinem,
704 3646 796 3718 qui
849 3644 1017 3700 variis
1059 3644 1261 3705 artibus
1289 3644 1521 3713 primum
1568 3641 1844 3708 Cererem,
1888 3652 1951 3693 ac

342 3741 557 3799 deinde
596 3741 1008 3812 Proserpinam,
1058 3755 1124 3795 ex
1171 3739 1340 3807 ipsius
1385 3752 1507 3793 cum
1557 3735 1648 3792 illa
1686 3734 1950 3791 adulterio

340 3835 689 3908 progenitam
719 3833 1110 3905 constupravit.
1139 3831 1268 3900 Quae
1296 3839 1474 3886 autem
1508 3830 1579 3885 ibi
1608 3836 1809 3893 narrat,
1836 3828 1952 3882 haec

338 3931 396 3986 si
439 3945 560 3985 eum
582 3930 690 4000 jam
734 3932 899 3984 citato
938 3927 1233 3985 Clementis
1264 3924 1610 3981 Alexandrini
1659 3923 1799 3977 libro
1826 3936 1952 3975 con-

338 4025 503 4081 ferre
546 4023 807 4088 volueris,
858 4020 981 4077 inde
1019 4019 1246 4075 delibata
1296 4032 1417 4071 esse
1449 4015 1604 4070 facile
1658 4013 1952 4085 perSpicies

338 4116 613 4193 (Clemens
654 4114 963 4181 Alexandru,
1010 4113 1272 4167 Admonit.
1312 4111 1379 4165 ad
1433 4118 1598 4181 gent.,
1638 4126 1759 4180 pag.
1792 4106 1860 4162 10
1907 4114 1955 4163 et

338 4208 550 4282 καφ).
588 4209 659 4265 De
687 4209 770 4265 bis
796 4224 957 4278 porro
985 4206 1254 4279 mysteriis
1283 4206 1332 4260 in
1356 4203 1621 4275 superiori
1652 4202 1956 4273 Apparatus

338 4303 532 4358 nostri
566 4310 704 4355 torno
734 4301 1086 4357 disseruimus
1129 4300 1273 4372 (tom.
1304 4315 1318 4353 ι
1350 4298 1598 4367 Apparet.
1619 4339 1633 4363 ,
1677 4312 1797 4368 pag.
1851 4292 1956 4351 759

338 4406 397 4451 et
447 4395 604 4465 δρψ),
660 4395 944 4463 pluresque
989 4392 1058 4447 ibi
1097 4391 1380 4447 citavimus
1409 4390 1731 4463 scriptores,
1763 4388 1852 4460 qui
1893 4404 1954 4445 ea

339 4488 650 4545 enucleare
680 4487 854 4542 conati
887 4495 1032 4540 sunt.

2050 3273 2290 3339 accedit,
2324 3273 2466 3343 quod
2496 3274 2548 3328 in
2581 3272 2665 3328 his
2694 3274 2990 3346 mysteriis,
3030 3274 3109 3328 uti
3140 3270 3388 3331 Clemens
3417 3273 3650 3329 Alexan-

2051 3367 2237 3422 drinus
2260 3367 2566 3432 annotavit,
2606 3365 2975 3437 Corybantum
3006 3374 3061 3421 et
3090 3366 3287 3423 Bacchi
3326 3368 3527 3423 mentio
3553 3366 3650 3422 fie-

2049 3459 2141 3517 bat
2171 3458 2422 3531 (Clemens
2443 3459 2749 3526 Alexandr.,
2770 3459 3029 3517 Admonit.
3060 3459 3128 3517 ad
3182 3468 3346 3531 gent.,
3372 3476 3491 3530 pag.
3528 3458 3641 3530 11).

2121 3552 2251 3618 Quae
2277 3567 2404 3607 vero
2434 3551 2503 3607 de
2533 3553 2654 3607 aliis
2686 3552 2959 3623 mysteriis
2982 3591 2998 3619 ,
3031 3566 3152 3622 quae
3179 3550 3351 3607 Graeci
3379 3550 3646 3606 Thesmo-

2050 3644 2239 3717 phoria
2270 3644 2668 3715 nuncupabant,
2702 3644 2974 3699 Arnobius
2993 3651 3176 3714 postea
3202 3650 3404 3709 narrat,
3419 3640 3535 3695 bene
3558 3641 3649 3697 ille

2052 3754 2243 3793 rursus
2289 3754 2355 3792 ex
2412 3738 2689 3792 Clemente
2736 3737 3099 3793 Alexandrino
3137 3736 3449 3807 deprompta
3477 3776 3495 3804 ,
3537 3736 3651 3792 suis

2052 3830 2230 3885 verbis
2279 3830 2510 3886 reddidit
2569 3830 2810 3903 (Arnob.,
2858 3831 2949 3885 lib.
2977 3848 3032 3895 v,
3085 3848 3207 3901 pag.
3240 3832 3383 3896 175;
3417 3830 3648 3886 Clemens

2052 3923 2359 3988 Alexandr.,
2390 3924 2487 3977 loc.
2521 3924 2658 3993 cit.).
2691 3923 2869 3980 Pauca
2899 3923 3434 3994 tameulillisadjeait,
3454 3923 3649 3993 quibus

2053 4016 2427 4086 exagitandam
2452 4031 2572 4072 esse
2602 4018 2805 4083 putavit
2832 4017 3093 4073 horumce
3124 4018 3502 4090 mysteriorum
3538 4028 3650 4072 tura

2057 4108 2375 4180 pitudinem,
2408 4119 2464 4164 et
2487 4110 2828 4166 ethnicorum
2855 4126 2918 4166 ea
2945 4110 3332 4166 celebrantium
3344 4111 3647 4166 caecitatem

2055 4215 2215 4274 atque
2265 4202 2673 4274 impudentiam.
2711 4203 2820 4259 Nos
2855 4218 2983 4259 vero
3021 4204 3076 4259 in
3122 4204 3296 4273 primo
3345 4205 3650 4276 Apparatus

2056 4298 2223 4353 nostri
2254 4305 2402 4352 torno
2434 4295 2503 4352 de
2529 4296 2634 4351 illis
2658 4296 3047 4369 disputavimus
3100 4295 3273 4370 (Tom.
3298 4302 3313 4351 ι
3341 4298 3595 4368 Apparat.
3628 4337 3646 4363 ,

2057 4391 2145 4445 lib.
2172 4407 2251 4458 ιιι,
2283 4389 2484 4444 dissert.
2509 4407 2546 4456 ι,
2570 4407 2685 4460 cap.
2704 4391 2756 4459 9,
2780 4401 2881 4445 art.
2904 4390 2961 4459 2,
2994 4407 3113 4463 pag.
3147 4391 3251 4447 759
3265 4401 3311 4446 et
3331 4391 3516 4466 seqq.).
3535 4391 3656 4448 Suf-

2060 4483 2200 4538 ficiat
2245 4483 2424 4553 itaque
2457 4483 2900 4569 animadvertisse
2944 4483 3015 4538 ibi
3066 4484 3216 4538 citari
3253 4484 3498 4555 quaedam
3526 4500 3651 4540 car-

430 4580 556 4639 Non
582 4582 696 4636 sine
718 4581 894 4651 aliqua
928 4590 1105 4634 tamen
1130 4578 1509 4634 observatione
1534 4575 1951 4646 praetermitten-
1979 4570 2034 4633 D
2059 4576 2200 4631 mina
2245 4577 2403 4647 graeci
2443 4585 2615 4648 poclm
2636 4620 2649 4642 ,
2680 4593 2838 4649 quem
2861 4576 3111 4633 Clemens
3140 4577 3536 4633 Alexandrinus
3556 4578 3658 4635 Or-

339 4675 487 4737 dum
514 4682 596 4727 est
622 4672 701 4727 his
722 4672 994 4745 mysteriis
1012 4672 1193 4725 datum
1226 4688 1252 4722 ιι
1284 4670 1565 4725 Clemente
1594 4668 1959 4723 Alexandrino

342 4766 621 4830 Σαϐαζίων
642 4769 942 4837 μυστηρίων
971 4778 1185 4829 nomen,
1215 4762 1576 4818 ctabauctore
1602 4768 1787 4814 nostro
1815 4759 1916 4813 dici
1944 4777 1960 4814 :

345 4880 369 4912 ι
418 4859 627 4926 Quibus
654 4858 897 4912 Sabadiis
926 4872 1118 4910 nomen
1148 4867 1229 4910 est
1264 4875 1283 4908 ι
1309 4853 1483 4926 (Arn.,
1508 4854 1542 4907 l.
1578 4868 1634 4917 v.
1662 4871 1778 4924 pag.
1806 4852 1959 4925 171).

342 4952 403 5007 Α
439 4948 681 5020 pluribus
725 4958 903 5003 autem
947 4957 1260 5001 annotatum
1309 4944 1406 4999 fuit
1458 4944 1728 5000 Bacchum
1781 4946 1959 4999 vocari

341 5043 667 5107 Sabasium,
696 5058 757 5097 ac
779 5043 1031 5114 mysteria
1052 5041 1167 5112 ejus
1194 5040 1434 5097 Snbasia.
1472 5042 1508 5093 Α
1521 5042 1622 5108 pud
1647 5038 1961 5093 Ciceronem

348 5137 568 5210 quippe
590 5134 850 5205 scriptum
880 5135 1104 5205 legimus
1132 5152 1144 5187 :
1180 5152 1197 5183 ι
1231 5130 1471 5187 Tertium
1504 5130 1843 5204 Dionysium,
1866 5145 1962 5184 seu

351 5230 667 5294 Bacchum,
692 5226 889 5295 Caprio
919 5238 1070 5299 patre
1108 5235 1312 5291 natum,
1348 5241 1577 5296 eumque
1609 5241 1788 5295 regem
1822 5225 1963 5280 Asite

350 5322 648 5395 prml'uisse
661 5321 861 5387 dicunt,
884 5318 1265 5388 cujusSabasia
1281 5328 1405 5373 sunt
1421 5318 1682 5372 instituta.
1710 5336 1728 5369 ι
1750 5315 1961 5389 (Cicer.,

351 5417 395 5471 ι.
431 5431 468 5469 ιι
510 5412 575 5466 de
615 5410 806 5475 Namr,
835 5414 999 5479 deor.,
1043 5429 1162 5481 pag.
1190 5410 1319 5474 248,
1351 5408 1389 5465 ι.
1418 5407 1535 5480 25.)
1566 5408 1763 5464 Scrihit
1800 5408 1960 5462 eliam

356 5507 633 5563 Diodorus
668 5506 882 5562 Siculus
926 5503 1188 5575 (Diodor.,
1223 5504 1260 5559 Ι.
1293 5519 1371 5569 ιιι,
1414 5519 1532 5574 pag.
1566 5502 1692 5573 M8)
1734 5503 1959 5557 alterum

355 5598 599 5673 proferri
632 5598 964 5670 Dionysium,
1012 5597 1126 5651 sive
1170 5595 1461 5660 Bacchum,
1493 5593 1625 5649 Jove
1654 5605 1709 5649 et
1739 5593 1963 5649 Proser—

354 5696 496 5769 pina
551 5703 746 5759 ortum,
779 5696 865 5749 τὸν
912 5692 1013 5749 ὑπὸ
1078 5714 1223 5748 τινων
1277 5690 1523 5747 Σαϐἀσιον
1573 5689 1959 5762 ὀνομαζόμενον,

359 5805 523 5861 quem
550 5787 781 5843 nonnulli
812 5786 1083 5843 Sabasium
1112 5782 1394 5857 appellant,
1420 5799 1487 5845 ac
1537 5782 1690 5853 cujus
1742 5789 1916 5837 ortum
1949 5820 1965 5849 ,

2061 4671 2293 4747 pheum,
2337 4680 2391 4725 et
2429 4668 2633 4727 Auctor
2669 4681 2852 4729 noster
2877 4671 3147 4741 Calliopes
3175 4670 3345 4725 filium
3378 4672 3652 4743 appellat,

2066 4762 2204 4817 haud
2245 4763 2405 4819 dubie
2445 4765 2565 4834 quia
2609 4763 2854 4834 Orpheus
2878 4806 2893 4829 ,
2928 4773 2985 4816 nt
3029 4762 3172 4818 canit
3212 4761 3466 4833 Virgilius
3493 4804 3506 4827 ,
3540 4760 3659 4817 Cal-

2064 4856 2206 4926 liope
2237 4870 2388 4909 musa
2414 4865 2571 4910 natus
2600 4856 2867 4912 ferebatur
2890 4852 3126 4927 (Virgil.,
3148 4852 3329 4925 Eclog.
3354 4854 3408 4920 4,
3433 4854 3485 4906 in
3512 4853 3655 4923 lim).

2070 4947 2140 5001 Ea
2172 4957 2348 5002 autem
2398 4948 2465 5002 ab
2521 4948 2612 5003 illo
2657 4962 2829 5018 graece
2857 4945 3200 5011 exhibentur,
3230 4953 3284 5000 et
3315 4944 3383 4999 ab
3412 4945 3657 5001 Arnobio

2066 5040 2230 5094 latine
2259 5048 2462 5093 tantum
2491 5055 2507 5097 :
2538 5048 2715 5093 utrum
2743 5046 2922 5091 autem
2954 5052 3018 5091 eo
3049 5037 3165 5105 ipso
3192 5036 3506 5106 interprete,
3535 5035 3656 5107 quis

2067 5132 2292 5189 delinire
2323 5133 2580 5190 audebit?
2611 5135 2679 5187 At
2706 5140 2911 5187 certum
2942 5139 3022 5186 cst
3049 5131 3101 5185 in
3135 5131 3283 5202 regio
3313 5130 3498 5185 codice
3542 5145 3660 5184 ma-

2070 5228 2344 5298 nuscripto
2372 5227 2626 5283 mendose
2654 5227 2909 5298 scriptum
2941 5226 3291 5298 sanguinibus,
3316 5225 3508 5279 melius
3534 5240 3662 5281 vero

2068 5321 2121 5377 in
2150 5320 2309 5376 editis
2328 5320 2637 5392 inguinibus,
2670 5320 2764 5376 sed
2789 5321 2964 5375 minus
2990 5320 3235 5386 honeste,
3254 5333 3413 5389 quam
3444 5319 3498 5373 in
3526 5334 3664 5390 grte-

2068 5414 2147 5469 cis
2168 5412 2496 5467 carminibus
2520 5428 2532 5464 :
2568 5411 2683 5468 οὐδέ
2707 5415 2971 5492 πρέποντα
2991 5414 3175 5469 τύπον.

2140 5503 2346 5559 Rursus
2373 5516 2500 5559 vero
2532 5504 2799 5561 Arnobius
2837 5520 2901 5560 ex
2933 5504 3123 5560 eodem
3149 5502 3426 5559 Clemente
3452 5519 3514 5560 ea
3544 5518 3666 5559 mu-

2071 5606 2246 5653 tuatus
2303 5607 2381 5655 est
2456 5613 2575 5669 quae
2620 5599 2687 5653 de
2731 5597 3023 5652 Eleusiniis
3067 5595 3340 5668 mysteriis
3394 5594 3669 5667 subjunvit

2072 5690 2315 5761 (Arnob.,
2346 5688 2503 5760 lib.v,
2537 5707 2658 5762 pag.
2693 5689 2834 5757 175;
2864 5688 3093 5744 Clemens
3135 5688 3440 5755 Alexandr.,
3474 5688 3665 5743 Admo-

2076 5786 2168 5841 nit.
2203 5786 2269 5841 ad
2302 5793 2466 5858 genl.,
2498 5801 2616 5857 pag.
2650 5782 2760 5856 l5).
2794 5786 2860 5843 At
2895 5781 2941 5840 si
2966 5783 3129 5854 quisa
3153 5781 3554 5856 nobisinquirat
3572 5796 3669 5838 cur
3716 5820 3727 5845 τ
