  <div class='ocr_page' id='page_1' title='image "/cluster/home/n/w/nwhite01/storage/ocr_20150623/5/hvd.32044073505224/305.png"; bbox 0 0 4172 6252; ppageno 0'>
   <div class='ocr_carea' id='block_1_1' title="bbox 572 236 739 313">
    <p class='ocr_par' dir='ltr' id='par_1_1' title="bbox 572 236 739 313">
     <span class='ocr_line' id='line_1_1' title="bbox 572 236 739 313; baseline 0.012 -23"><span class='ocrx_word' id='word_1_1' title='bbox 572 310 574 313; x_wconf 16' lang='grc' dir='ltr'><strong><em>τ</em></strong></span> <span class='ocrx_word' id='word_1_2' title='bbox 635 236 739 292; x_wconf 71' lang='lat'><strong>599</strong></span> 
     </span>
    </p>
   </div>
   <div class='ocr_carea' id='block_1_2' title="bbox 1855 241 2625 301">
    <p class='ocr_par' dir='ltr' id='par_1_2' title="bbox 1855 241 2625 301">
     <span class='ocr_line' id='line_1_2' title="bbox 1855 241 2625 301; baseline 0.004 -3"><span class='ocrx_word' id='word_1_3' title='bbox 1855 241 2307 300; x_wconf 81' lang='lat' dir='ltr'><strong>DISSERTATIO</strong></span> <span class='ocrx_word' id='word_1_4' title='bbox 2345 242 2625 301; x_wconf 65' lang='lat' dir='ltr'><strong>PREVIA</strong></span> 
     </span>
    </p>
   </div>
   <div class='ocr_carea' id='block_1_3' title="bbox 3827 256 3927 310">
    <p class='ocr_par' dir='ltr' id='par_1_3' title="bbox 3827 256 3927 310">
     <span class='ocr_line' id='line_1_3' title="bbox 3827 256 3927 310; baseline -0.01 0"><span class='ocrx_word' id='word_1_5' title='bbox 3827 258 3859 310; x_wconf 72' lang='lat'><strong>6&#39;</strong></span> <span class='ocrx_word' id='word_1_6' title='bbox 3865 256 3927 310; x_wconf 77' lang='lat'><strong>00</strong></span> 
     </span>
    </p>
   </div>
   <div class='ocr_carea' id='block_1_4' title="bbox 629 327 3930 446">
    <p class='ocr_par' dir='ltr' id='par_1_4' title="bbox 629 327 3930 446">
     <span class='ocr_line' id='line_1_4' title="bbox 629 327 3930 446; baseline 0.008 -42"><span class='ocrx_word' id='word_1_7' title='bbox 629 349 707 404; x_wconf 87' lang='lat' dir='ltr'><strong>ibi</strong></span> <span class='ocrx_word' id='word_1_8' title='bbox 751 359 972 422; x_wconf 83' lang='lat' dir='ltr'><strong>uterque</strong></span> <span class='ocrx_word' id='word_1_9' title='bbox 997 327 1456 410; x_wconf 62' lang='lat' dir='ltr'><strong>Erechthidarum</strong></span> <span class='ocrx_word' id='word_1_10' title='bbox 1489 357 1682 410; x_wconf 82' lang='lat' dir='ltr'><strong>iecerit</strong></span> <span class='ocrx_word' id='word_1_11' title='bbox 1712 359 2072 425; x_wconf 74' lang='lat' dir='ltr'><strong>mentionem;</strong></span> <span class='ocrx_word' id='word_1_12' title='bbox 2103 359 2226 416; x_wconf 86' lang='lat' dir='ltr'><strong>huic</strong></span> <span class='ocrx_word' id='word_1_13' title='bbox 2256 380 2310 440; x_wconf 70' lang='grc' dir='ltr'><strong>Α</strong></span> <span class='ocrx_word' id='word_1_14' title='bbox 2331 363 2604 420; x_wconf 79' lang='lat' dir='ltr'><strong>naturales</strong></span> <span class='ocrx_word' id='word_1_15' title='bbox 2627 407 2643 433; x_wconf 93' lang='lat'><strong>,</strong></span> <span class='ocrx_word' id='word_1_16' title='bbox 2675 379 2810 436; x_wconf 90' lang='lat' dir='ltr'><strong>quas</strong></span> <span class='ocrx_word' id='word_1_17' title='bbox 2839 366 3052 423; x_wconf 91' lang='lat' dir='ltr'><strong>illorum</strong></span> <span class='ocrx_word' id='word_1_18' title='bbox 3083 379 3351 438; x_wconf 91' lang='lat' dir='ltr'><strong>auctores,</strong></span> <span class='ocrx_word' id='word_1_19' title='bbox 3403 382 3566 444; x_wconf 89' lang='lat' dir='ltr'><strong>atque</strong></span> <span class='ocrx_word' id='word_1_20' title='bbox 3602 389 3670 430; x_wconf 82' lang='lat' dir='ltr'><strong>ex</strong></span> <span class='ocrx_word' id='word_1_21' title='bbox 3702 375 3766 430; x_wconf 90' lang='lat' dir='ltr'><strong>iis</strong></span> <span class='ocrx_word' id='word_1_22' title='bbox 3789 386 3930 446; x_wconf 89' lang='lat' dir='ltr'><strong>post-</strong></span> 
     </span>
    </p>
   </div>
   <div class='ocr_carea' id='block_1_5' title="bbox 634 441 2224 518">
    <p class='ocr_par' dir='ltr' id='par_1_5' title="bbox 634 441 2224 518">
     <span class='ocr_line' id='line_1_5' title="bbox 634 441 2224 518; baseline 0.007 -22"><span class='ocrx_word' id='word_1_23' title='bbox 634 452 756 511; x_wconf 91' lang='lat' dir='ltr'><strong>post</strong></span> <span class='ocrx_word' id='word_1_24' title='bbox 809 441 1099 498; x_wconf 89' lang='lat' dir='ltr'><strong>Diodorum</strong></span> <span class='ocrx_word' id='word_1_25' title='bbox 1152 444 1390 500; x_wconf 90' lang='lat' dir='ltr'><strong>Siculum</strong></span> <span class='ocrx_word' id='word_1_26' title='bbox 1440 447 1888 518; x_wconf 82' lang='lat' dir='ltr'><strong>respondebimus</strong></span> <span class='ocrx_word' id='word_1_27' title='bbox 1944 450 2224 507; x_wconf 78' lang='lat' dir='ltr'><strong>advectam</strong></span> 
     </span>
    </p>
   </div>
   <div class='ocr_carea' id='block_1_6' title="bbox 627 534 2222 612">
    <p class='ocr_par' dir='ltr' id='par_1_6' title="bbox 627 534 2222 612">
     <span class='ocr_line' id='line_1_6' title="bbox 627 534 2222 612; baseline 0.009 -24"><span class='ocrx_word' id='word_1_28' title='bbox 627 534 1059 590; x_wconf 74' lang='lat' dir='ltr'><strong>Atheniensibus</strong></span> <span class='ocrx_word' id='word_1_29' title='bbox 1073 537 1368 593; x_wconf 88' lang='lat' dir='ltr'><strong>sterilitatis</strong></span> <span class='ocrx_word' id='word_1_30' title='bbox 1397 546 1639 611; x_wconf 89' lang='lat' dir='ltr'><strong>tempore</strong></span> <span class='ocrx_word' id='word_1_31' title='bbox 1667 542 1942 612; x_wconf 81' lang='lat' dir='ltr'><strong>ingentem</strong></span> <span class='ocrx_word' id='word_1_32' title='bbox 1984 547 2222 601; x_wconf 82' lang='lat' dir='ltr'><strong>frontea-</strong></span> 
     </span>
    </p>
   </div>
   <div class='ocr_carea' id='block_1_7' title="bbox 622 631 2223 707">
    <p class='ocr_par' dir='ltr' id='par_1_7' title="bbox 622 631 2223 707">
     <span class='ocr_line' id='line_1_7' title="bbox 622 631 2223 707; baseline 0.009 -24"><span class='ocrx_word' id='word_1_33' title='bbox 622 631 660 683; x_wconf 88' lang='lat' dir='ltr'><strong>ti</strong></span> <span class='ocrx_word' id='word_1_34' title='bbox 715 633 924 700; x_wconf 85' lang='lat' dir='ltr'><strong>c0piam</strong></span> <span class='ocrx_word' id='word_1_35' title='bbox 973 631 1041 686; x_wconf 93' lang='lat' dir='ltr'><strong>ab</strong></span> <span class='ocrx_word' id='word_1_36' title='bbox 1089 633 1396 689; x_wconf 85' lang='lat' dir='ltr'><strong>Erechtheo</strong></span> <span class='ocrx_word' id='word_1_37' title='bbox 1450 635 1740 707; x_wconf 65' lang='lat' dir='ltr'><strong>Egyptio,</strong></span> <span class='ocrx_word' id='word_1_38' title='bbox 1800 654 1955 707; x_wconf 88' lang='lat' dir='ltr'><strong>quem</strong></span> <span class='ocrx_word' id='word_1_39' title='bbox 2017 649 2223 697; x_wconf 88' lang='lat' dir='ltr'><strong>tantum</strong></span> 
     </span>
    </p>
   </div>
   <div class='ocr_carea' id='block_1_8' title="bbox 622 722 2216 800">
    <p class='ocr_par' dir='ltr' id='par_1_8' title="bbox 622 722 2216 800">
     <span class='ocr_line' id='line_1_8' title="bbox 622 722 2216 800; baseline 0.008 -26"><span class='ocrx_word' id='word_1_40' title='bbox 622 732 844 792; x_wconf 72' lang='lat' dir='ltr'><strong>promer</strong></span> <span class='ocrx_word' id='word_1_41' title='bbox 873 722 1191 780; x_wconf 89' lang='lat' dir='ltr'><strong>beneficium</strong></span> <span class='ocrx_word' id='word_1_42' title='bbox 1222 741 1400 796; x_wconf 81' lang='lat' dir='ltr'><strong>regem</strong></span> <span class='ocrx_word' id='word_1_43' title='bbox 1424 739 1745 784; x_wconf 88' lang='lat' dir='ltr'><strong>creaverunt</strong></span> <span class='ocrx_word' id='word_1_44' title='bbox 1774 729 2216 800; x_wconf 80' lang='lat' dir='ltr'><strong>(Diodor.Sicul.,</strong></span> 
     </span>
    </p>
   </div>
   <div class='ocr_carea' id='block_1_9' title="bbox 621 814 2220 898">
    <p class='ocr_par' dir='ltr' id='par_1_9' title="bbox 621 814 2220 898">
     <span class='ocr_line' id='line_1_9' title="bbox 621 814 2220 898; baseline 0.01 -31"><span class='ocrx_word' id='word_1_45' title='bbox 621 814 714 868; x_wconf 80' lang='lat' dir='ltr'><strong>lib.</strong></span> <span class='ocrx_word' id='word_1_46' title='bbox 763 831 776 870; x_wconf 95' lang='lat' dir='ltr'><strong>l</strong></span> <span class='ocrx_word' id='word_1_47' title='bbox 829 815 1098 886; x_wconf 80' lang='lat' dir='ltr'><strong>Biblr‘otlt.,</strong></span> <span class='ocrx_word' id='word_1_48' title='bbox 1125 836 1242 891; x_wconf 85' lang='lat' dir='ltr'><strong>pag.</strong></span> <span class='ocrx_word' id='word_1_49' title='bbox 1282 821 1396 891; x_wconf 84' lang='lat' dir='ltr'><strong>l7).</strong></span> <span class='ocrx_word' id='word_1_50' title='bbox 1427 820 1647 878; x_wconf 89' lang='lat' dir='ltr'><strong>Summa</strong></span> <span class='ocrx_word' id='word_1_51' title='bbox 1677 839 1858 880; x_wconf 90' lang='lat' dir='ltr'><strong>autem</strong></span> <span class='ocrx_word' id='word_1_52' title='bbox 1913 841 2092 882; x_wconf 91' lang='lat' dir='ltr'><strong>rerum</strong></span> <span class='ocrx_word' id='word_1_53' title='bbox 2121 843 2220 898; x_wconf 85' lang='lat' dir='ltr'><strong>po-</strong></span> 
     </span>
    </p>
   </div>
   <div class='ocr_carea' id='block_1_10' title="bbox 617 911 2222 991">
    <p class='ocr_par' dir='ltr' id='par_1_10' title="bbox 617 911 2222 991">
     <span class='ocr_line' id='line_1_10' title="bbox 617 911 2222 991; baseline 0.011 -28"><span class='ocrx_word' id='word_1_54' title='bbox 617 911 768 978; x_wconf 87' lang='lat' dir='ltr'><strong>titus,</strong></span> <span class='ocrx_word' id='word_1_55' title='bbox 797 911 1085 980; x_wconf 81' lang='lat' dir='ltr'><strong>Eleusinia,</strong></span> <span class='ocrx_word' id='word_1_56' title='bbox 1115 917 1228 970; x_wconf 85' lang='lat' dir='ltr'><strong>sive</strong></span> <span class='ocrx_word' id='word_1_57' title='bbox 1263 913 1477 972; x_wconf 90' lang='lat' dir='ltr'><strong>Cereris</strong></span> <span class='ocrx_word' id='word_1_58' title='bbox 1505 921 1757 991; x_wconf 88' lang='lat' dir='ltr'><strong>mysteria</strong></span> <span class='ocrx_word' id='word_1_59' title='bbox 1778 963 1792 987; x_wconf 93' lang='lat'><strong>,</strong></span> <span class='ocrx_word' id='word_1_60' title='bbox 1823 921 2014 979; x_wconf 82' lang='lat' dir='ltr'><strong>ritibus</strong></span> <span class='ocrx_word' id='word_1_61' title='bbox 2036 940 2100 979; x_wconf 81' lang='lat' dir='ltr'><strong>ex</strong></span> <span class='ocrx_word' id='word_1_62' title='bbox 2126 923 2222 979; x_wconf 63' lang='lat' dir='ltr'><strong>1E-</strong></span> 
     </span>
    </p>
   </div>
   <div class='ocr_carea' id='block_1_11' title="bbox 623 1007 2220 1083">
    <p class='ocr_par' dir='ltr' id='par_1_11' title="bbox 623 1007 2220 1083">
     <span class='ocr_line' id='line_1_11' title="bbox 623 1007 2220 1083; baseline 0.013 -28"><span class='ocrx_word' id='word_1_63' title='bbox 623 1014 789 1073; x_wconf 84' lang='lat' dir='ltr'><strong>gypto</strong></span> <span class='ocrx_word' id='word_1_64' title='bbox 832 1007 1089 1062; x_wconf 85' lang='lat' dir='ltr'><strong>traductis</strong></span> <span class='ocrx_word' id='word_1_65' title='bbox 1120 1050 1134 1074; x_wconf 92' lang='lat'><strong>,</strong></span> <span class='ocrx_word' id='word_1_66' title='bbox 1190 1008 1442 1064; x_wconf 89' lang='lat' dir='ltr'><strong>instituit.</strong></span> <span class='ocrx_word' id='word_1_67' title='bbox 1472 1010 1814 1083; x_wconf 71' lang='lat' dir='ltr'><strong>Quaprojiter</strong></span> <span class='ocrx_word' id='word_1_68' title='bbox 1861 1016 2220 1075; x_wconf 81' lang='lat' dir='ltr'><strong>Atheuienses</strong></span> 
     </span>
    </p>
   </div>
   <div class='ocr_carea' id='block_1_12' title="bbox 622 1096 2220 1179">
    <p class='ocr_par' dir='ltr' id='par_1_12' title="bbox 622 1096 2220 1179">
     <span class='ocr_line' id='line_1_12' title="bbox 622 1096 2220 1179; baseline 0.011 -28"><span class='ocrx_word' id='word_1_69' title='bbox 622 1096 986 1166; x_wconf 68' lang='lat' dir='ltr'><strong>Erechthidm,</strong></span> <span class='ocrx_word' id='word_1_70' title='bbox 1019 1117 1114 1156; x_wconf 90' lang='lat' dir='ltr'><strong>seu</strong></span> <span class='ocrx_word' id='word_1_71' title='bbox 1136 1104 1581 1162; x_wconf 88' lang='lat' dir='ltr'><strong>Erechthidarum</strong></span> <span class='ocrx_word' id='word_1_72' title='bbox 1619 1110 1820 1179; x_wconf 89' lang='lat' dir='ltr'><strong>p0puli,</strong></span> <span class='ocrx_word' id='word_1_73' title='bbox 1846 1111 1914 1167; x_wconf 88' lang='lat' dir='ltr'><strong>ab</strong></span> <span class='ocrx_word' id='word_1_74' title='bbox 1942 1110 2220 1169; x_wconf 85' lang='lat' dir='ltr'><strong>Clemente</strong></span> 
     </span>
    </p>
   </div>
   <div class='ocr_carea' id='block_1_13' title="bbox 621 1196 2215 1265">
    <p class='ocr_par' dir='ltr' id='par_1_13' title="bbox 621 1196 2215 1265">
     <span class='ocr_line' id='line_1_13' title="bbox 621 1196 2215 1265; baseline 0.009 -15"><span class='ocrx_word' id='word_1_75' title='bbox 621 1196 1009 1261; x_wconf 73' lang='lat' dir='ltr'><strong>Alexandrino.</strong></span> <span class='ocrx_word' id='word_1_76' title='bbox 1041 1200 1278 1256; x_wconf 87' lang='lat' dir='ltr'><strong>Aruobio</strong></span> <span class='ocrx_word' id='word_1_77' title='bbox 1305 1211 1360 1256; x_wconf 91' lang='lat' dir='ltr'><strong>et</strong></span> <span class='ocrx_word' id='word_1_78' title='bbox 1390 1203 1509 1257; x_wconf 91' lang='lat' dir='ltr'><strong>aliis</strong></span> <span class='ocrx_word' id='word_1_79' title='bbox 1537 1214 1816 1259; x_wconf 84' lang='lat' dir='ltr'><strong>vocantur.</strong></span> <span class='ocrx_word' id='word_1_80' title='bbox 1865 1208 1938 1261; x_wconf 91' lang='lat' dir='ltr'><strong>De</strong></span> <span class='ocrx_word' id='word_1_81' title='bbox 1969 1207 2076 1263; x_wconf 88' lang='lat' dir='ltr'><strong>illis</strong></span> <span class='ocrx_word' id='word_1_82' title='bbox 2121 1224 2215 1265; x_wconf 85' lang='lat' dir='ltr'><strong>au-</strong></span> 
     </span>
    </p>
   </div>
   <div class='ocr_carea' id='block_1_14' title="bbox 620 1291 2220 1373">
    <p class='ocr_par' dir='ltr' id='par_1_14' title="bbox 620 1291 2220 1373">
     <span class='ocr_line' id='line_1_14' title="bbox 620 1291 2220 1373; baseline 0.011 -32"><span class='ocrx_word' id='word_1_83' title='bbox 620 1299 731 1343; x_wconf 84' lang='lat' dir='ltr'><strong>tem</strong></span> <span class='ocrx_word' id='word_1_84' title='bbox 763 1291 1050 1347; x_wconf 86' lang='lat' dir='ltr'><strong>Eleusiniis</strong></span> <span class='ocrx_word' id='word_1_85' title='bbox 1081 1295 1352 1364; x_wconf 88' lang='lat' dir='ltr'><strong>mysteriis</strong></span> <span class='ocrx_word' id='word_1_86' title='bbox 1381 1312 1410 1350; x_wconf 92' lang='lat' dir='ltr'><strong>a</strong></span> <span class='ocrx_word' id='word_1_87' title='bbox 1435 1297 1585 1353; x_wconf 89' lang='lat' dir='ltr'><strong>nobis</strong></span> <span class='ocrx_word' id='word_1_88' title='bbox 1634 1299 1684 1352; x_wconf 92' lang='lat' dir='ltr'><strong>in</strong></span> <span class='ocrx_word' id='word_1_89' title='bbox 1717 1301 1995 1372; x_wconf 84' lang='lat' dir='ltr'><strong>superiore</strong></span> <span class='ocrx_word' id='word_1_90' title='bbox 2037 1305 2220 1373; x_wconf 78' lang='lat' dir='ltr'><strong>Appa-</strong></span> 
     </span>
    </p>
   </div>
   <div class='ocr_carea' id='block_1_15' title="bbox 616 1387 2216 1464">
    <p class='ocr_par' dir='ltr' id='par_1_15' title="bbox 616 1387 2216 1464">
     <span class='ocr_line' id='line_1_15' title="bbox 616 1387 2216 1464; baseline 0.009 -26"><span class='ocrx_word' id='word_1_91' title='bbox 616 1394 760 1438; x_wconf 75' lang='lat' dir='ltr'><strong>ratus</strong></span> <span class='ocrx_word' id='word_1_92' title='bbox 809 1387 978 1441; x_wconf 63' lang='lat' dir='ltr'><strong>nostri</strong></span> <span class='ocrx_word' id='word_1_93' title='bbox 1039 1397 1185 1443; x_wconf 88' lang='lat' dir='ltr'><strong>tomo</strong></span> <span class='ocrx_word' id='word_1_94' title='bbox 1227 1399 1405 1445; x_wconf 86' lang='lat' dir='ltr'><strong>actum</strong></span> <span class='ocrx_word' id='word_1_95' title='bbox 1459 1402 1543 1447; x_wconf 91' lang='lat' dir='ltr'><strong>est</strong></span> <span class='ocrx_word' id='word_1_96' title='bbox 1573 1391 1699 1464; x_wconf 83' lang='lat' dir='ltr'><strong>(tom</strong></span> <span class='ocrx_word' id='word_1_97' title='bbox 1748 1395 2069 1462; x_wconf 80' lang='lat' dir='ltr'><strong>tApparat.,</strong></span> <span class='ocrx_word' id='word_1_98' title='bbox 2127 1398 2216 1452; x_wconf 82' lang='lat' dir='ltr'><strong>lib.</strong></span> 
     </span>
    </p>
   </div>
   <div class='ocr_carea' id='block_1_16' title="bbox 620 1486 1058 1559">
    <p class='ocr_par' dir='ltr' id='par_1_16' title="bbox 620 1486 1058 1559">
     <span class='ocr_line' id='line_1_16' title="bbox 620 1486 1058 1559; baseline 0.009 -21"><span class='ocrx_word' id='word_1_99' title='bbox 620 1486 734 1550; x_wconf 79' lang='lat' dir='ltr'><strong>cil.,</strong></span> <span class='ocrx_word' id='word_1_100' title='bbox 761 1505 881 1559; x_wconf 80' lang='lat' dir='ltr'><strong>pug.</strong></span> <span class='ocrx_word' id='word_1_101' title='bbox 909 1487 1058 1559; x_wconf 75' lang='lat'><strong>760).</strong></span> 
     </span>
    </p>
   </div>
   <div class='ocr_carea' id='block_1_17' title="bbox 685 1579 2219 1658">
    <p class='ocr_par' dir='ltr' id='par_1_17' title="bbox 685 1579 2219 1658">
     <span class='ocr_line' id='line_1_17' title="bbox 685 1579 2219 1658; baseline 0.008 -26"><span class='ocrx_word' id='word_1_102' title='bbox 685 1579 997 1635; x_wconf 78' lang='lat' dir='ltr'><strong>Execranda</strong></span> <span class='ocrx_word' id='word_1_103' title='bbox 1034 1583 1280 1649; x_wconf 82' lang='lat' dir='ltr'><strong>tandem,</strong></span> <span class='ocrx_word' id='word_1_104' title='bbox 1330 1600 1427 1639; x_wconf 88' lang='lat' dir='ltr'><strong>nec</strong></span> <span class='ocrx_word' id='word_1_105' title='bbox 1457 1586 1588 1642; x_wconf 87' lang='lat' dir='ltr'><strong>satis</strong></span> <span class='ocrx_word' id='word_1_106' title='bbox 1633 1603 1866 1658; x_wconf 84' lang='lat' dir='ltr'><strong>unquam</strong></span> <span class='ocrx_word' id='word_1_107' title='bbox 1896 1589 2219 1646; x_wconf 89' lang='lat' dir='ltr'><strong>detestanda</strong></span> 
     </span>
    </p>
   </div>
   <div class='ocr_carea' id='block_1_18' title="bbox 620 1671 2213 1748">
    <p class='ocr_par' dir='ltr' id='par_1_18' title="bbox 620 1671 2213 1748">
     <span class='ocr_line' id='line_1_18' title="bbox 620 1671 2213 1748; baseline 0.007 -21"><span class='ocrx_word' id='word_1_108' title='bbox 620 1671 911 1728; x_wconf 79' lang='lat' dir='ltr'><strong>Alimentia</strong></span> <span class='ocrx_word' id='word_1_109' title='bbox 936 1677 1187 1748; x_wconf 83' lang='lat' dir='ltr'><strong>mysteria</strong></span> <span class='ocrx_word' id='word_1_110' title='bbox 1217 1680 1506 1747; x_wconf 82' lang='lat' dir='ltr'><strong>Arnobius,</strong></span> <span class='ocrx_word' id='word_1_111' title='bbox 1540 1681 1830 1736; x_wconf 87' lang='lat' dir='ltr'><strong>Clementis</strong></span> <span class='ocrx_word' id='word_1_112' title='bbox 1861 1683 2213 1739; x_wconf 77' lang='lat' dir='ltr'><strong>Alexandrini</strong></span> 
     </span>
    </p>
   </div>
   <div class='ocr_carea' id='block_1_19' title="bbox 2328 455 3926 524">
    <p class='ocr_par' dir='ltr' id='par_1_19' title="bbox 2328 455 3926 524">
     <span class='ocr_line' id='line_1_19' title="bbox 2328 455 3926 524; baseline 0.009 -15"><span class='ocrx_word' id='word_1_113' title='bbox 2328 455 2546 512; x_wconf 89' lang='lat' dir='ltr'><strong>modum</strong></span> <span class='ocrx_word' id='word_1_114' title='bbox 2602 457 2806 514; x_wconf 85' lang='lat' dir='ltr'><strong>Natalis</strong></span> <span class='ocrx_word' id='word_1_115' title='bbox 2857 457 3054 516; x_wconf 88' lang='lat' dir='ltr'><strong>Comes</strong></span> <span class='ocrx_word' id='word_1_116' title='bbox 3079 471 3134 516; x_wconf 91' lang='lat' dir='ltr'><strong>et</strong></span> <span class='ocrx_word' id='word_1_117' title='bbox 3165 462 3387 520; x_wconf 82' lang='lat' dir='ltr'><strong>Vossius</strong></span> <span class='ocrx_word' id='word_1_118' title='bbox 3424 466 3712 522; x_wconf 90' lang='lat' dir='ltr'><strong>enucleare</strong></span> <span class='ocrx_word' id='word_1_119' title='bbox 3741 469 3926 524; x_wconf 89' lang='lat' dir='ltr'><strong>conati</strong></span> 
     </span>
    </p>
   </div>
   <div class='ocr_carea' id='block_1_20' title="bbox 2325 547 3924 630">
    <p class='ocr_par' dir='ltr' id='par_1_20' title="bbox 2325 547 3924 630">
     <span class='ocr_line' id='line_1_20' title="bbox 2325 547 3924 630; baseline 0.01 -29"><span class='ocrx_word' id='word_1_120' title='bbox 2325 555 2470 602; x_wconf 90' lang='lat' dir='ltr'><strong>sunt.</strong></span> <span class='ocrx_word' id='word_1_121' title='bbox 2491 547 2557 603; x_wconf 90' lang='lat' dir='ltr'><strong>Et</strong></span> <span class='ocrx_word' id='word_1_122' title='bbox 2589 561 2735 605; x_wconf 91' lang='lat' dir='ltr'><strong>certe</strong></span> <span class='ocrx_word' id='word_1_123' title='bbox 2756 566 2822 606; x_wconf 83' lang='lat' dir='ltr'><strong>ex</strong></span> <span class='ocrx_word' id='word_1_124' title='bbox 2849 550 3110 610; x_wconf 88' lang='lat' dir='ltr'><strong>Cicerone</strong></span> <span class='ocrx_word' id='word_1_125' title='bbox 3122 554 3379 612; x_wconf 91' lang='lat' dir='ltr'><strong>discimus</strong></span> <span class='ocrx_word' id='word_1_126' title='bbox 3399 557 3535 614; x_wconf 92' lang='lat' dir='ltr'><strong>hanc</strong></span> <span class='ocrx_word' id='word_1_127' title='bbox 3559 559 3732 630; x_wconf 86' lang='lat' dir='ltr'><strong>ipsam</strong></span> <span class='ocrx_word' id='word_1_128' title='bbox 3761 559 3924 616; x_wconf 86' lang='lat' dir='ltr'><strong>fuisse</strong></span> 
     </span>
    </p>
   </div>
   <div class='ocr_carea' id='block_1_21' title="bbox 2325 640 3925 727">
    <p class='ocr_par' dir='ltr' id='par_1_21' title="bbox 2325 640 3925 727">
     <span class='ocr_line' id='line_1_21' title="bbox 2325 640 3925 727; baseline 0.01 -32"><span class='ocrx_word' id='word_1_129' title='bbox 2325 640 2610 714; x_wconf 85' lang='lat' dir='ltr'><strong>Chrysippi</strong></span> <span class='ocrx_word' id='word_1_130' title='bbox 2630 645 2964 718; x_wconf 91' lang='lat' dir='ltr'><strong>aliorumque</strong></span> <span class='ocrx_word' id='word_1_131' title='bbox 2983 647 3446 721; x_wconf 90' lang='lat' dir='ltr'><strong>philosophorum,</strong></span> <span class='ocrx_word' id='word_1_132' title='bbox 3476 653 3565 724; x_wconf 89' lang='lat' dir='ltr'><strong>qui</strong></span> <span class='ocrx_word' id='word_1_133' title='bbox 3597 653 3806 727; x_wconf 82' lang='lat' dir='ltr'><strong>physici</strong></span> <span class='ocrx_word' id='word_1_134' title='bbox 3837 669 3925 711; x_wconf 92' lang='lat' dir='ltr'><strong>vo-</strong></span> 
     </span>
    </p>
   </div>
   <div class='ocr_carea' id='block_1_22' title="bbox 2327 735 3922 814">
    <p class='ocr_par' dir='ltr' id='par_1_22' title="bbox 2327 735 3922 814">
     <span class='ocr_line' id='line_1_22' title="bbox 2327 735 3922 814; baseline 0.01 -26"><span class='ocrx_word' id='word_1_135' title='bbox 2327 735 2607 801; x_wconf 88' lang='lat' dir='ltr'><strong>cabantur,</strong></span> <span class='ocrx_word' id='word_1_136' title='bbox 2644 737 2954 808; x_wconf 80' lang='lat' dir='ltr'><strong>Opinionem</strong></span> <span class='ocrx_word' id='word_1_137' title='bbox 2983 756 3046 796; x_wconf 89' lang='lat' dir='ltr'><strong>ac</strong></span> <span class='ocrx_word' id='word_1_138' title='bbox 3073 757 3416 814; x_wconf 86' lang='lat' dir='ltr'><strong>responsum.</strong></span> <span class='ocrx_word' id='word_1_139' title='bbox 3449 745 3502 800; x_wconf 94' lang='lat' dir='ltr'><strong>In</strong></span> <span class='ocrx_word' id='word_1_140' title='bbox 3543 747 3785 802; x_wconf 90' lang='lat' dir='ltr'><strong>secundo</strong></span> <span class='ocrx_word' id='word_1_141' title='bbox 3811 756 3922 804; x_wconf 87' lang='lat' dir='ltr'><strong>ete-</strong></span> 
     </span>
    </p>
   </div>
   <div class='ocr_carea' id='block_1_23' title="bbox 2325 827 3922 904">
    <p class='ocr_par' dir='ltr' id='par_1_23' title="bbox 2325 827 3922 904">
     <span class='ocr_line' id='line_1_23' title="bbox 2325 827 3922 904; baseline 0.011 -24"><span class='ocrx_word' id='word_1_142' title='bbox 2325 827 2437 881; x_wconf 92' lang='lat' dir='ltr'><strong>nim</strong></span> <span class='ocrx_word' id='word_1_143' title='bbox 2468 828 2609 884; x_wconf 88' lang='lat' dir='ltr'><strong>illius</strong></span> <span class='ocrx_word' id='word_1_144' title='bbox 2637 829 2707 885; x_wconf 90' lang='lat' dir='ltr'><strong>de</strong></span> <span class='ocrx_word' id='word_1_145' title='bbox 2724 829 2924 886; x_wconf 86' lang='lat' dir='ltr'><strong>Natura</strong></span> <span class='ocrx_word' id='word_1_146' title='bbox 2949 832 3177 889; x_wconf 91' lang='lat' dir='ltr'><strong>deorum</strong></span> <span class='ocrx_word' id='word_1_147' title='bbox 3206 835 3345 892; x_wconf 90' lang='lat' dir='ltr'><strong>libro</strong></span> <span class='ocrx_word' id='word_1_148' title='bbox 3365 836 3582 904; x_wconf 88' lang='lat' dir='ltr'><strong>Balbus,</strong></span> <span class='ocrx_word' id='word_1_149' title='bbox 3615 839 3922 898; x_wconf 89' lang='lat' dir='ltr'><strong>Stoicorum</strong></span> 
     </span>
    </p>
   </div>
   <div class='ocr_carea' id='block_1_24' title="bbox 2325 924 3919 1007">
    <p class='ocr_par' dir='ltr' id='par_1_24' title="bbox 2325 924 3919 1007">
     <span class='ocr_line' id='line_1_24' title="bbox 2325 924 3919 1007; baseline 0.009 -30"><span class='ocrx_word' id='word_1_150' title='bbox 2325 924 2575 991; x_wconf 87' lang='lat' dir='ltr'><strong>nomine,</strong></span> <span class='ocrx_word' id='word_1_151' title='bbox 2608 924 2860 981; x_wconf 90' lang='lat' dir='ltr'><strong>latentem</strong></span> <span class='ocrx_word' id='word_1_152' title='bbox 2888 927 2940 982; x_wconf 92' lang='lat' dir='ltr'><strong>in</strong></span> <span class='ocrx_word' id='word_1_153' title='bbox 2973 927 3215 985; x_wconf 91' lang='lat' dir='ltr'><strong>historiis</strong></span> <span class='ocrx_word' id='word_1_154' title='bbox 3244 931 3373 1000; x_wconf 91' lang='lat' dir='ltr'><strong>illis,</strong></span> <span class='ocrx_word' id='word_1_155' title='bbox 3401 942 3456 988; x_wconf 92' lang='lat' dir='ltr'><strong>et</strong></span> <span class='ocrx_word' id='word_1_156' title='bbox 3486 933 3758 1006; x_wconf 86' lang='lat' dir='ltr'><strong>mysteriis</strong></span> <span class='ocrx_word' id='word_1_157' title='bbox 3787 935 3919 1007; x_wconf 83' lang='lat' dir='ltr'><strong>phy-</strong></span> 
     </span>
    </p>
   </div>
   <div class='ocr_carea' id='block_1_25' title="bbox 2326 1016 3922 1098">
    <p class='ocr_par' dir='ltr' id='par_1_25' title="bbox 2326 1016 3922 1098">
     <span class='ocr_line' id='line_1_25' title="bbox 2326 1016 3922 1098; baseline 0.011 -29"><span class='ocrx_word' id='word_1_158' title='bbox 2326 1016 2493 1071; x_wconf 92' lang='lat' dir='ltr'><strong>sicum</strong></span> <span class='ocrx_word' id='word_1_159' title='bbox 2522 1017 2981 1090; x_wconf 86' lang='lat' dir='ltr'><strong>allegoricumque</strong></span> <span class='ocrx_word' id='word_1_160' title='bbox 3026 1037 3243 1078; x_wconf 90' lang='lat' dir='ltr'><strong>sensum</strong></span> <span class='ocrx_word' id='word_1_161' title='bbox 3303 1041 3496 1082; x_wconf 86' lang='lat' dir='ltr'><strong>eruere</strong></span> <span class='ocrx_word' id='word_1_162' title='bbox 3532 1037 3586 1081; x_wconf 91' lang='lat' dir='ltr'><strong>et</strong></span> <span class='ocrx_word' id='word_1_163' title='bbox 3632 1028 3922 1098; x_wconf 74' lang='lat' dir='ltr'><strong>esplanare</strong></span> 
     </span>
    </p>
   </div>
   <div class='ocr_carea' id='block_1_26' title="bbox 2323 1109 3920 1190">
    <p class='ocr_par' dir='ltr' id='par_1_26' title="bbox 2323 1109 3920 1190">
     <span class='ocr_line' id='line_1_26' title="bbox 2323 1109 3920 1190; baseline 0.011 -29"><span class='ocrx_word' id='word_1_164' title='bbox 2323 1109 2527 1164; x_wconf 86' lang='lat' dir='ltr'><strong>nititur.</strong></span> <span class='ocrx_word' id='word_1_165' title='bbox 2562 1110 2848 1181; x_wconf 86' lang='lat' dir='ltr'><strong>Postquam</strong></span> <span class='ocrx_word' id='word_1_166' title='bbox 2877 1129 3009 1169; x_wconf 86' lang='lat' dir='ltr'><strong>vero</strong></span> <span class='ocrx_word' id='word_1_167' title='bbox 3031 1116 3250 1186; x_wconf 89' lang='lat' dir='ltr'><strong>planum</strong></span> <span class='ocrx_word' id='word_1_168' title='bbox 3277 1117 3347 1172; x_wconf 91' lang='lat' dir='ltr'><strong>ibi</strong></span> <span class='ocrx_word' id='word_1_169' title='bbox 3374 1118 3516 1186; x_wconf 85' lang='lat' dir='ltr'><strong>fecit,</strong></span> <span class='ocrx_word' id='word_1_170' title='bbox 3547 1119 3674 1190; x_wconf 90' lang='lat' dir='ltr'><strong>quid</strong></span> <span class='ocrx_word' id='word_1_171' title='bbox 3704 1118 3920 1178; x_wconf 78' lang='lat' dir='ltr'><strong>Saturni</strong></span> 
     </span>
    </p>
   </div>
   <div class='ocr_carea' id='block_1_27' title="bbox 2321 1200 3920 1282">
    <p class='ocr_par' dir='ltr' id='par_1_27' title="bbox 2321 1200 3920 1282">
     <span class='ocr_line' id='line_1_27' title="bbox 2321 1200 3920 1282; baseline 0.01 -29"><span class='ocrx_word' id='word_1_172' title='bbox 2321 1215 2350 1253; x_wconf 89' lang='lat' dir='ltr'><strong>a</strong></span> <span class='ocrx_word' id='word_1_173' title='bbox 2378 1200 2512 1256; x_wconf 80' lang='lat' dir='ltr'><strong>Jove</strong></span> <span class='ocrx_word' id='word_1_174' title='bbox 2542 1203 2704 1258; x_wconf 83' lang='lat' dir='ltr'><strong>vincti</strong></span> <span class='ocrx_word' id='word_1_175' title='bbox 2735 1245 2750 1270; x_wconf 94' lang='lat'><strong>,</strong></span> <span class='ocrx_word' id='word_1_176' title='bbox 2793 1214 2848 1260; x_wconf 91' lang='lat' dir='ltr'><strong>et</strong></span> <span class='ocrx_word' id='word_1_177' title='bbox 2875 1206 3103 1262; x_wconf 88' lang='lat' dir='ltr'><strong>aliorum</strong></span> <span class='ocrx_word' id='word_1_178' title='bbox 3133 1209 3375 1279; x_wconf 88' lang='lat' dir='ltr'><strong>ejusdem</strong></span> <span class='ocrx_word' id='word_1_179' title='bbox 3415 1213 3632 1282; x_wconf 80' lang='lat' dir='ltr'><strong>generis</strong></span> <span class='ocrx_word' id='word_1_180' title='bbox 3660 1211 3920 1269; x_wconf 76' lang='lat' dir='ltr'><strong>laetorum</strong></span> 
     </span>
    </p>
   </div>
   <div class='ocr_carea' id='block_1_28' title="bbox 2323 1294 3922 1374">
    <p class='ocr_par' dir='ltr' id='par_1_28' title="bbox 2323 1294 3922 1374">
     <span class='ocr_line' id='line_1_28' title="bbox 2323 1294 3922 1374; baseline 0.01 -28"><span class='ocrx_word' id='word_1_181' title='bbox 2323 1294 2626 1350; x_wconf 88' lang='lat' dir='ltr'><strong>nominibus</strong></span> <span class='ocrx_word' id='word_1_182' title='bbox 2661 1295 2883 1369; x_wconf 87' lang='lat' dir='ltr'><strong>physice</strong></span> <span class='ocrx_word' id='word_1_183' title='bbox 2908 1309 2964 1355; x_wconf 88' lang='lat' dir='ltr'><strong>et</strong></span> <span class='ocrx_word' id='word_1_184' title='bbox 2991 1301 3284 1369; x_wconf 73' lang='lat' dir='ltr'><strong>allegorice</strong></span> <span class='ocrx_word' id='word_1_185' title='bbox 3317 1302 3673 1374; x_wconf 90' lang='lat' dir='ltr'><strong>signiﬁcetur,</strong></span> <span class='ocrx_word' id='word_1_186' title='bbox 3706 1304 3850 1361; x_wconf 90' lang='lat' dir='ltr'><strong>hunc</strong></span> <span class='ocrx_word' id='word_1_187' title='bbox 3872 1306 3922 1362; x_wconf 89' lang='lat' dir='ltr'><strong>in</strong></span> 
     </span>
    </p>
   </div>
   <div class='ocr_carea' id='block_1_29' title="bbox 2320 1385 3919 1469">
    <p class='ocr_par' dir='ltr' id='par_1_29' title="bbox 2320 1385 3919 1469">
     <span class='ocr_line' id='line_1_29' title="bbox 2320 1385 3919 1469; baseline 0.01 -30"><span class='ocrx_word' id='word_1_188' title='bbox 2320 1385 2537 1440; x_wconf 88' lang='lat' dir='ltr'><strong>modum</strong></span> <span class='ocrx_word' id='word_1_189' title='bbox 2577 1389 2881 1444; x_wconf 89' lang='lat' dir='ltr'><strong>concludit:</strong></span> <span class='ocrx_word' id='word_1_190' title='bbox 2915 1411 2934 1443; x_wconf 74' lang='grc' dir='ltr'>ι</span> <span class='ocrx_word' id='word_1_191' title='bbox 2960 1391 3235 1448; x_wconf 82' lang='lat' dir='ltr'><strong>Videtisne</strong></span> <span class='ocrx_word' id='word_1_192' title='bbox 3255 1394 3416 1464; x_wconf 86' lang='lat' dir='ltr'><strong>igitur</strong></span> <span class='ocrx_word' id='word_1_193' title='bbox 3437 1403 3544 1450; x_wconf 91' lang='lat' dir='ltr'><strong>uta</strong></span> <span class='ocrx_word' id='word_1_194' title='bbox 3565 1395 3803 1469; x_wconf 85' lang='lat' dir='ltr'><strong>physicis</strong></span> <span class='ocrx_word' id='word_1_195' title='bbox 3833 1413 3919 1453; x_wconf 84' lang='lat' dir='ltr'><strong>re-</strong></span> 
     </span>
    </p>
   </div>
   <div class='ocr_carea' id='block_1_30' title="bbox 2321 1477 3920 1554">
    <p class='ocr_par' dir='ltr' id='par_1_30' title="bbox 2321 1477 3920 1554">
     <span class='ocr_line' id='line_1_30' title="bbox 2321 1477 3920 1554; baseline 0.009 -22"><span class='ocrx_word' id='word_1_196' title='bbox 2321 1477 2582 1543; x_wconf 90' lang='lat' dir='ltr'><strong>bus,bene</strong></span> <span class='ocrx_word' id='word_1_197' title='bbox 2595 1491 2756 1552; x_wconf 88' lang='lat' dir='ltr'><strong>atque</strong></span> <span class='ocrx_word' id='word_1_198' title='bbox 2776 1483 2974 1539; x_wconf 89' lang='lat' dir='ltr'><strong>utiliter</strong></span> <span class='ocrx_word' id='word_1_199' title='bbox 2997 1485 3425 1554; x_wconf 86' lang='lat' dir='ltr'><strong>iuventis,tracta</strong></span> <span class='ocrx_word' id='word_1_200' title='bbox 3444 1489 3582 1543; x_wconf 88' lang='lat' dir='ltr'><strong>ratio</strong></span> <span class='ocrx_word' id='word_1_201' title='bbox 3600 1490 3670 1544; x_wconf 89' lang='lat' dir='ltr'><strong>sit</strong></span> <span class='ocrx_word' id='word_1_202' title='bbox 3689 1489 3756 1545; x_wconf 89' lang='lat' dir='ltr'><strong>ad</strong></span> <span class='ocrx_word' id='word_1_203' title='bbox 3770 1505 3920 1546; x_wconf 88' lang='lat' dir='ltr'><strong>com-</strong></span> 
     </span>
    </p>
   </div>
   <div class='ocr_carea' id='block_1_31' title="bbox 2321 1571 3920 1655">
    <p class='ocr_par' dir='ltr' id='par_1_31' title="bbox 2321 1571 3920 1655">
     <span class='ocr_line' id='line_1_31' title="bbox 2321 1571 3920 1655; baseline 0.011 -33"><span class='ocrx_word' id='word_1_204' title='bbox 2321 1571 2600 1626; x_wconf 90' lang='lat' dir='ltr'><strong>mentitios</strong></span> <span class='ocrx_word' id='word_1_205' title='bbox 2625 1582 2682 1627; x_wconf 88' lang='lat' dir='ltr'><strong>et</strong></span> <span class='ocrx_word' id='word_1_206' title='bbox 2726 1571 2882 1630; x_wconf 90' lang='lat' dir='ltr'><strong>ﬁctos</strong></span> <span class='ocrx_word' id='word_1_207' title='bbox 2925 1575 3092 1631; x_wconf 84' lang='lat' dir='ltr'><strong>deos?</strong></span> <span class='ocrx_word' id='word_1_208' title='bbox 3121 1575 3253 1644; x_wconf 72' lang='lat' dir='ltr'><strong>Qua:</strong></span> <span class='ocrx_word' id='word_1_209' title='bbox 3281 1595 3368 1635; x_wconf 89' lang='lat' dir='ltr'><strong>res</strong></span> <span class='ocrx_word' id='word_1_210' title='bbox 3393 1581 3576 1651; x_wconf 89' lang='lat' dir='ltr'><strong>genuit</strong></span> <span class='ocrx_word' id='word_1_211' title='bbox 3603 1582 3762 1638; x_wconf 85' lang='lat' dir='ltr'><strong>falsas</strong></span> <span class='ocrx_word' id='word_1_212' title='bbox 3805 1585 3920 1655; x_wconf 82' lang='lat' dir='ltr'><strong>opi-</strong></span> 
     </span>
    </p>
   </div>
   <div class='ocr_carea' id='block_1_32' title="bbox 2323 1663 3920 1747">
    <p class='ocr_par' dir='ltr' id='par_1_32' title="bbox 2323 1663 3920 1747">
     <span class='ocr_line' id='line_1_32' title="bbox 2323 1663 3920 1747; baseline 0.012 -30"><span class='ocrx_word' id='word_1_213' title='bbox 2323 1663 2535 1732; x_wconf 88' lang='lat' dir='ltr'><strong>niones,</strong></span> <span class='ocrx_word' id='word_1_214' title='bbox 2591 1681 2918 1741; x_wconf 89' lang='lat' dir='ltr'><strong>erroresque</strong></span> <span class='ocrx_word' id='word_1_215' title='bbox 2971 1671 3348 1739; x_wconf 89' lang='lat' dir='ltr'><strong>turbulentos,</strong></span> <span class='ocrx_word' id='word_1_216' title='bbox 3405 1687 3462 1730; x_wconf 90' lang='lat' dir='ltr'><strong>et</strong></span> <span class='ocrx_word' id='word_1_217' title='bbox 3501 1679 3920 1747; x_wconf 84' lang='lat' dir='ltr'><strong>superstitiones</strong></span> 
     </span>
    </p>
   </div>
   <div class='ocr_carea' id='block_1_33' title="bbox 617 1757 2216 1844">
    <p class='ocr_par' dir='ltr' id='par_1_33' title="bbox 617 1767 2214 1844">
     <span class='ocr_line' id='line_1_33' title="bbox 617 1767 2214 1844; baseline 0.008 -26"><span class='ocrx_word' id='word_1_218' title='bbox 617 1776 898 1836; x_wconf 81' lang='lat' dir='ltr'><strong>sequester</strong></span> <span class='ocrx_word' id='word_1_219' title='bbox 929 1767 1103 1825; x_wconf 91' lang='lat' dir='ltr'><strong>adhuc</strong></span> <span class='ocrx_word' id='word_1_220' title='bbox 1133 1780 1186 1824; x_wconf 90' lang='lat' dir='ltr'><strong>et</strong></span> <span class='ocrx_word' id='word_1_221' title='bbox 1229 1771 1516 1842; x_wconf 88' lang='lat' dir='ltr'><strong>interpres,</strong></span> <span class='ocrx_word' id='word_1_222' title='bbox 1548 1789 1644 1844; x_wconf 90' lang='lat' dir='ltr'><strong>pro</strong></span> <span class='ocrx_word' id='word_1_223' title='bbox 1679 1776 1876 1830; x_wconf 89' lang='lat' dir='ltr'><strong>merito</strong></span> <span class='ocrx_word' id='word_1_224' title='bbox 1921 1777 2214 1832; x_wconf 81' lang='lat' dir='ltr'><strong>insectatur</strong></span> 
     </span>
    </p>
   </div>
   <div class='ocr_carea' id='block_1_34' title="bbox 2320 1757 3924 1844">
    <p class='ocr_par' dir='ltr' id='par_1_34' title="bbox 2320 1757 3924 1844">
     <span class='ocr_line' id='line_1_34' title="bbox 2320 1757 3924 1844; baseline 0.011 -35"><span class='ocrx_word' id='word_1_225' title='bbox 2320 1770 2458 1826; x_wconf 88' lang='lat' dir='ltr'><strong>pene</strong></span> <span class='ocrx_word' id='word_1_226' title='bbox 2477 1757 2669 1814; x_wconf 86' lang='lat' dir='ltr'><strong>aniles.</strong></span> <span class='ocrx_word' id='word_1_227' title='bbox 2706 1779 2726 1812; x_wconf 74' lang='grc' dir='ltr'><strong><em>ι</em></strong></span> <span class='ocrx_word' id='word_1_228' title='bbox 2775 1762 2984 1832; x_wconf 61' lang='grc' dir='ltr'><strong>(ὕεσσι-η</strong></span> <span class='ocrx_word' id='word_1_229' title='bbox 3027 1763 3116 1817; x_wconf 76' lang='lat' dir='ltr'><strong>lib.</strong></span> <span class='ocrx_word' id='word_1_230' title='bbox 3173 1781 3190 1818; x_wconf 86' lang='grc' dir='ltr'>ι</span> <span class='ocrx_word' id='word_1_231' title='bbox 3233 1765 3298 1821; x_wconf 86' lang='lat' dir='ltr'><strong>de</strong></span> <span class='ocrx_word' id='word_1_232' title='bbox 3345 1765 3538 1822; x_wconf 82' lang='lat' dir='ltr'><strong>Natur.</strong></span> <span class='ocrx_word' id='word_1_233' title='bbox 3575 1770 3737 1834; x_wconf 83' lang='lat' dir='ltr'><strong>deor.,</strong></span> <span class='ocrx_word' id='word_1_234' title='bbox 3796 1789 3924 1844; x_wconf 83' lang='lat' dir='ltr'><strong>pag.</strong></span> 
     </span>
    </p>
   </div>
   <div class='ocr_carea' id='block_1_35' title="bbox 619 1859 2214 1936">
    <p class='ocr_par' dir='ltr' id='par_1_35' title="bbox 619 1859 2214 1936">
     <span class='ocr_line' id='line_1_35' title="bbox 619 1859 2214 1936; baseline 0.009 -26"><span class='ocrx_word' id='word_1_235' title='bbox 619 1859 862 1929; x_wconf 82' lang='lat' dir='ltr'><strong>(Arnob.,</strong></span> <span class='ocrx_word' id='word_1_236' title='bbox 899 1861 986 1916; x_wconf 81' lang='lat' dir='ltr'><strong>lib.</strong></span> <span class='ocrx_word' id='word_1_237' title='bbox 1017 1879 1069 1926; x_wconf 91' lang='lat' dir='ltr'><strong>v,</strong></span> <span class='ocrx_word' id='word_1_238' title='bbox 1101 1879 1216 1936; x_wconf 84' lang='lat' dir='ltr'><strong>pag.</strong></span> <span class='ocrx_word' id='word_1_239' title='bbox 1256 1865 1359 1921; x_wconf 79' lang='grc'><strong>176</strong></span> <span class='ocrx_word' id='word_1_240' title='bbox 1379 1876 1425 1921; x_wconf 81' lang='lat' dir='ltr'><strong>et</strong></span> <span class='ocrx_word' id='word_1_241' title='bbox 1449 1884 1552 1935; x_wconf 85' lang='lat' dir='ltr'><strong>seq.</strong></span> <span class='ocrx_word' id='word_1_242' title='bbox 1578 1885 1597 1933; x_wconf 90' lang='lat'><strong><em>;</em></strong></span> <span class='ocrx_word' id='word_1_243' title='bbox 1653 1868 1884 1925; x_wconf 75' lang='lat' dir='ltr'><strong>Clemens</strong></span> <span class='ocrx_word' id='word_1_244' title='bbox 1913 1869 2214 1936; x_wconf 74' lang='lat' dir='ltr'><strong>Alexandr.,</strong></span> 
     </span>
    </p>
   </div>
   <div class='ocr_carea' id='block_1_36' title="bbox 617 1951 2220 2032">
    <p class='ocr_par' dir='ltr' id='par_1_36' title="bbox 617 1951 2220 2032">
     <span class='ocr_line' id='line_1_36' title="bbox 617 1951 2220 2032; baseline 0.011 -30"><span class='ocrx_word' id='word_1_245' title='bbox 617 1951 878 2007; x_wconf 69' lang='lat' dir='ltr'><strong>Admovit.</strong></span> <span class='ocrx_word' id='word_1_246' title='bbox 914 1954 982 2007; x_wconf 82' lang='lat' dir='ltr'><strong>ml</strong></span> <span class='ocrx_word' id='word_1_247' title='bbox 1012 1967 1150 2026; x_wconf 80' lang='lat' dir='ltr'><strong>gent.</strong></span> <span class='ocrx_word' id='word_1_248' title='bbox 1178 1999 1191 2021; x_wconf 96' lang='lat'><strong>,</strong></span> <span class='ocrx_word' id='word_1_249' title='bbox 1221 1975 1341 2030; x_wconf 84' lang='lat' dir='ltr'><strong>pag.</strong></span> <span class='ocrx_word' id='word_1_250' title='bbox 1372 1960 1434 2014; x_wconf 76' lang='lat'><strong>9.!</strong></span> <span class='ocrx_word' id='word_1_251' title='bbox 1469 1961 1653 2032; x_wconf 68' lang='lat' dir='ltr'><strong>e129).</strong></span> <span class='ocrx_word' id='word_1_252' title='bbox 1683 1962 1792 2018; x_wconf 87' lang='lat' dir='ltr'><strong>Nos</strong></span> <span class='ocrx_word' id='word_1_253' title='bbox 1823 1978 1950 2018; x_wconf 86' lang='lat' dir='ltr'><strong>vero</strong></span> <span class='ocrx_word' id='word_1_254' title='bbox 1971 1964 2039 2018; x_wconf 88' lang='lat' dir='ltr'><strong>de</strong></span> <span class='ocrx_word' id='word_1_255' title='bbox 2069 1963 2220 2020; x_wconf 90' lang='lat' dir='ltr'><strong>hisce</strong></span> 
     </span>
    </p>
   </div>
   <div class='ocr_carea' id='block_1_37' title="bbox 618 2043 2220 2116">
    <p class='ocr_par' dir='ltr' id='par_1_37' title="bbox 618 2043 2220 2116">
     <span class='ocr_line' id='line_1_37' title="bbox 618 2043 2220 2116; baseline 0.011 -20"><span class='ocrx_word' id='word_1_256' title='bbox 618 2044 786 2097; x_wconf 86' lang='lat' dir='ltr'><strong>sacris</strong></span> <span class='ocrx_word' id='word_1_257' title='bbox 813 2043 1128 2103; x_wconf 62' lang='lat' dir='ltr'><strong>foedissimis</strong></span> <span class='ocrx_word' id='word_1_258' title='bbox 1156 2061 1212 2104; x_wconf 90' lang='lat' dir='ltr'><strong>et</strong></span> <span class='ocrx_word' id='word_1_259' title='bbox 1241 2061 1441 2107; x_wconf 73' lang='lat' dir='ltr'><strong>:eterna</strong></span> <span class='ocrx_word' id='word_1_260' title='bbox 1467 2054 1759 2116; x_wconf 89' lang='lat' dir='ltr'><strong>oblivione.</strong></span> <span class='ocrx_word' id='word_1_261' title='bbox 1789 2055 1890 2110; x_wconf 90' lang='lat' dir='ltr'><strong>nisi</strong></span> <span class='ocrx_word' id='word_1_262' title='bbox 1934 2056 2001 2111; x_wconf 90' lang='lat' dir='ltr'><strong>ad</strong></span> <span class='ocrx_word' id='word_1_263' title='bbox 2023 2055 2220 2113; x_wconf 86' lang='lat' dir='ltr'><strong>confu-</strong></span> 
     </span>
    </p>
   </div>
   <div class='ocr_carea' id='block_1_38' title="bbox 614 2135 2219 2213">
    <p class='ocr_par' dir='ltr' id='par_1_38' title="bbox 614 2135 2219 2213">
     <span class='ocr_line' id='line_1_38' title="bbox 614 2135 2219 2213; baseline 0.012 -27"><span class='ocrx_word' id='word_1_264' title='bbox 614 2135 810 2191; x_wconf 84' lang='lat' dir='ltr'><strong>tandos</strong></span> <span class='ocrx_word' id='word_1_265' title='bbox 823 2139 1053 2207; x_wconf 83' lang='lat' dir='ltr'><strong>gentiles</strong></span> <span class='ocrx_word' id='word_1_266' title='bbox 1075 2182 1088 2204; x_wconf 94' lang='lat'><strong>,</strong></span> <span class='ocrx_word' id='word_1_267' title='bbox 1122 2157 1324 2211; x_wconf 89' lang='lat' dir='ltr'><strong>eosque</strong></span> <span class='ocrx_word' id='word_1_268' title='bbox 1353 2159 1381 2197; x_wconf 95' lang='lat' dir='ltr'><strong>a</strong></span> <span class='ocrx_word' id='word_1_269' title='bbox 1412 2146 1789 2213; x_wconf 82' lang='lat' dir='ltr'><strong>superstitioso</strong></span> <span class='ocrx_word' id='word_1_270' title='bbox 1815 2147 2043 2203; x_wconf 90' lang='lat' dir='ltr'><strong>deorum</strong></span> <span class='ocrx_word' id='word_1_271' title='bbox 2073 2150 2219 2206; x_wconf 88' lang='lat' dir='ltr'><strong>cultu</strong></span> 
     </span>
    </p>
   </div>
   <div class='ocr_carea' id='block_1_39' title="bbox 616 2226 2220 2310">
    <p class='ocr_par' dir='ltr' id='par_1_39' title="bbox 616 2226 2220 2310">
     <span class='ocr_line' id='line_1_39' title="bbox 616 2226 2220 2310; baseline 0.011 -30"><span class='ocrx_word' id='word_1_272' title='bbox 616 2226 683 2281; x_wconf 89' lang='lat' dir='ltr'><strong>ad</strong></span> <span class='ocrx_word' id='word_1_273' title='bbox 733 2245 913 2284; x_wconf 84' lang='lat' dir='ltr'><strong>veram</strong></span> <span class='ocrx_word' id='word_1_274' title='bbox 968 2233 1281 2302; x_wconf 84' lang='lat' dir='ltr'><strong>religionem</strong></span> <span class='ocrx_word' id='word_1_275' title='bbox 1332 2237 1698 2306; x_wconf 89' lang='lat' dir='ltr'><strong>adducendos,</strong></span> <span class='ocrx_word' id='word_1_276' title='bbox 1732 2239 2091 2310; x_wconf 88' lang='lat' dir='ltr'><strong>damnandis,</strong></span> <span class='ocrx_word' id='word_1_277' title='bbox 2120 2258 2220 2298; x_wconf 91' lang='lat' dir='ltr'><strong>nos</strong></span> 
     </span>
    </p>
   </div>
   <div class='ocr_carea' id='block_1_40' title="bbox 615 2321 2214 2408">
    <p class='ocr_par' dir='ltr' id='par_1_40' title="bbox 615 2321 2214 2408">
     <span class='ocr_line' id='line_1_40' title="bbox 615 2321 2214 2408; baseline 0.013 -34"><span class='ocrx_word' id='word_1_278' title='bbox 615 2321 740 2378; x_wconf 87' lang='lat' dir='ltr'><strong>alibi</strong></span> <span class='ocrx_word' id='word_1_279' title='bbox 769 2324 1157 2394; x_wconf 89' lang='lat' dir='ltr'><strong>disputavimus</strong></span> <span class='ocrx_word' id='word_1_280' title='bbox 1186 2327 1347 2402; x_wconf 87' lang='lat' dir='ltr'><strong>(Eod.</strong></span> <span class='ocrx_word' id='word_1_281' title='bbox 1400 2341 1522 2386; x_wconf 82' lang='lat' dir='ltr'><strong>lant.</strong></span> <span class='ocrx_word' id='word_1_282' title='bbox 1569 2349 1587 2386; x_wconf 79' lang='grc' dir='ltr'><strong>ι</strong></span> <span class='ocrx_word' id='word_1_283' title='bbox 1622 2333 1897 2405; x_wconf 83' lang='lat' dir='ltr'><strong>Apparat.,</strong></span> <span class='ocrx_word' id='word_1_284' title='bbox 1922 2353 2042 2408; x_wconf 85' lang='lat' dir='ltr'><strong>pag.</strong></span> <span class='ocrx_word' id='word_1_285' title='bbox 2071 2338 2176 2394; x_wconf 71' lang='grc'><strong>774</strong></span> <span class='ocrx_word' id='word_1_286' title='bbox 2199 2380 2214 2403; x_wconf 91' lang='grc'><strong>,</strong></span> 
     </span>
    </p>
   </div>
   <div class='ocr_carea' id='block_1_41' title="bbox 623 2418 886 2489">
    <p class='ocr_par' dir='ltr' id='par_1_41' title="bbox 623 2418 886 2489">
     <span class='ocr_line' id='line_1_41' title="bbox 623 2418 886 2489; baseline 0.023 -22"><span class='ocrx_word' id='word_1_287' title='bbox 623 2423 671 2467; x_wconf 78' lang='grc' dir='ltr'><em>ει</em></span> <span class='ocrx_word' id='word_1_288' title='bbox 699 2418 886 2489; x_wconf 65' lang='lat' dir='ltr'><strong>seqq).</strong></span> 
     </span>
    </p>
   </div>
   <div class='ocr_carea' id='block_1_42' title="bbox 693 2509 2220 2586">
    <p class='ocr_par' dir='ltr' id='par_1_42' title="bbox 693 2509 2220 2586">
     <span class='ocr_line' id='line_1_42' title="bbox 693 2509 2220 2586; baseline 0.011 -22"><span class='ocrx_word' id='word_1_289' title='bbox 693 2509 862 2566; x_wconf 89' lang='lat' dir='ltr'><strong>Porro</strong></span> <span class='ocrx_word' id='word_1_290' title='bbox 884 2522 1059 2568; x_wconf 89' lang='lat' dir='ltr'><strong>autem</strong></span> <span class='ocrx_word' id='word_1_291' title='bbox 1088 2517 1206 2586; x_wconf 85' lang='lat' dir='ltr'><strong>quis</strong></span> <span class='ocrx_word' id='word_1_292' title='bbox 1223 2531 1370 2571; x_wconf 77' lang='lat' dir='ltr'><strong>same</strong></span> <span class='ocrx_word' id='word_1_293' title='bbox 1402 2518 1596 2573; x_wconf 91' lang='lat' dir='ltr'><strong>mentis</strong></span> <span class='ocrx_word' id='word_1_294' title='bbox 1620 2519 1782 2575; x_wconf 91' lang='lat' dir='ltr'><strong>homo</strong></span> <span class='ocrx_word' id='word_1_295' title='bbox 1805 2522 1950 2578; x_wconf 89' lang='lat' dir='ltr'><strong>illam</strong></span> <span class='ocrx_word' id='word_1_296' title='bbox 1981 2532 2059 2580; x_wconf 91' lang='lat' dir='ltr'><strong>tot</strong></span> <span class='ocrx_word' id='word_1_297' title='bbox 2084 2533 2220 2580; x_wconf 85' lang='lat' dir='ltr'><strong>tam-</strong></span> 
     </span>
    </p>
   </div>
   <div class='ocr_carea' id='block_1_43' title="bbox 623 2601 2220 2678">
    <p class='ocr_par' dir='ltr' id='par_1_43' title="bbox 623 2601 2220 2678">
     <span class='ocr_line' id='line_1_43' title="bbox 623 2601 2220 2678; baseline 0.013 -24"><span class='ocrx_word' id='word_1_298' title='bbox 623 2615 730 2669; x_wconf 88' lang='lat' dir='ltr'><strong>que</strong></span> <span class='ocrx_word' id='word_1_299' title='bbox 771 2601 1161 2660; x_wconf 87' lang='lat' dir='ltr'><strong>horrcndorutn</strong></span> <span class='ocrx_word' id='word_1_300' title='bbox 1197 2608 1580 2678; x_wconf 82' lang='lat' dir='ltr'><strong>mysteriorum</strong></span> <span class='ocrx_word' id='word_1_301' title='bbox 1603 2613 2000 2670; x_wconf 84' lang='lat' dir='ltr'><strong>enarrationem</strong></span> <span class='ocrx_word' id='word_1_302' title='bbox 2035 2616 2220 2676; x_wconf 90' lang='lat' dir='ltr'><strong>audire</strong></span> 
     </span>
    </p>
   </div>
   <div class='ocr_carea' id='block_1_44' title="bbox 617 2700 2221 2767">
    <p class='ocr_par' dir='ltr' id='par_1_44' title="bbox 617 2700 2221 2767">
     <span class='ocr_line' id='line_1_44' title="bbox 617 2700 2221 2767; baseline 0.013 -21"><span class='ocrx_word' id='word_1_303' title='bbox 617 2705 816 2762; x_wconf 80' lang='lat' dir='ltr'><strong>potest,</strong></span> <span class='ocrx_word' id='word_1_304' title='bbox 865 2700 990 2767; x_wconf 91' lang='lat' dir='ltr'><strong>quin</strong></span> <span class='ocrx_word' id='word_1_305' title='bbox 1040 2704 1220 2754; x_wconf 91' lang='lat' dir='ltr'><strong>statim</strong></span> <span class='ocrx_word' id='word_1_306' title='bbox 1249 2717 1370 2756; x_wconf 90' lang='lat' dir='ltr'><strong>cum</strong></span> <span class='ocrx_word' id='word_1_307' title='bbox 1422 2706 1653 2761; x_wconf 81' lang='lat' dir='ltr'><strong>Auctore</strong></span> <span class='ocrx_word' id='word_1_308' title='bbox 1695 2715 1882 2762; x_wconf 85' lang='lat' dir='ltr'><strong>nostro</strong></span> <span class='ocrx_word' id='word_1_309' title='bbox 1931 2711 2221 2767; x_wconf 90' lang='lat' dir='ltr'><strong>concludat</strong></span> 
     </span>
    </p>
   </div>
   <div class='ocr_carea' id='block_1_45' title="bbox 617 2793 2215 2870">
    <p class='ocr_par' dir='ltr' id='par_1_45' title="bbox 617 2793 2215 2870">
     <span class='ocr_line' id='line_1_45' title="bbox 617 2793 2215 2870; baseline 0.011 -28"><span class='ocrx_word' id='word_1_310' title='bbox 617 2802 883 2844; x_wconf 88' lang='lat' dir='ltr'><strong>summam</strong></span> <span class='ocrx_word' id='word_1_311' title='bbox 916 2806 1038 2847; x_wconf 90' lang='lat' dir='ltr'><strong>csse</strong></span> <span class='ocrx_word' id='word_1_312' title='bbox 1064 2793 1404 2850; x_wconf 87' lang='lat' dir='ltr'><strong>ethnicorum</strong></span> <span class='ocrx_word' id='word_1_313' title='bbox 1437 2797 1771 2867; x_wconf 86' lang='lat' dir='ltr'><strong>iniquitatem</strong></span> <span class='ocrx_word' id='word_1_314' title='bbox 1788 2801 2215 2870; x_wconf 87' lang='lat' dir='ltr'><strong>acdementiam,</strong></span> 
     </span>
    </p>
   </div>
   <div class='ocr_carea' id='block_1_46' title="bbox 625 2881 2222 2957">
    <p class='ocr_par' dir='ltr' id='par_1_46' title="bbox 625 2881 2222 2957">
     <span class='ocr_line' id='line_1_46' title="bbox 625 2881 2222 2957; baseline 0.014 -28"><span class='ocrx_word' id='word_1_315' title='bbox 625 2881 713 2944; x_wconf 86' lang='lat' dir='ltr'><strong>qui</strong></span> <span class='ocrx_word' id='word_1_316' title='bbox 745 2881 810 2934; x_wconf 91' lang='lat' dir='ltr'><strong>ad</strong></span> <span class='ocrx_word' id='word_1_317' title='bbox 839 2881 974 2937; x_wconf 91' lang='lat' dir='ltr'><strong>deos</strong></span> <span class='ocrx_word' id='word_1_318' title='bbox 1015 2885 1175 2939; x_wconf 88' lang='lat' dir='ltr'><strong>tantis</strong></span> <span class='ocrx_word' id='word_1_319' title='bbox 1223 2887 1466 2957; x_wconf 90' lang='lat' dir='ltr'><strong>adeoque</strong></span> <span class='ocrx_word' id='word_1_320' title='bbox 1498 2888 1742 2944; x_wconf 80' lang='lat' dir='ltr'><strong>nefandis</strong></span> <span class='ocrx_word' id='word_1_321' title='bbox 1765 2892 2061 2949; x_wconf 90' lang='lat' dir='ltr'><strong>sceleribus</strong></span> <span class='ocrx_word' id='word_1_322' title='bbox 2085 2896 2222 2950; x_wconf 87' lang='lat' dir='ltr'><strong>infa-</strong></span> 
     </span>
    </p>
   </div>
   <div class='ocr_carea' id='block_1_47' title="bbox 624 2975 2219 3048">
    <p class='ocr_par' dir='ltr' id='par_1_47' title="bbox 624 2975 2219 3048">
     <span class='ocr_line' id='line_1_47' title="bbox 624 2975 2219 3048; baseline 0.013 -23"><span class='ocrx_word' id='word_1_323' title='bbox 624 2987 742 3028; x_wconf 90' lang='lat' dir='ltr'><strong>mes</strong></span> <span class='ocrx_word' id='word_1_324' title='bbox 769 2975 1059 3038; x_wconf 87' lang='lat' dir='ltr'><strong>colendos.</strong></span> <span class='ocrx_word' id='word_1_325' title='bbox 1091 2989 1251 3048; x_wconf 90' lang='lat' dir='ltr'><strong>atque</strong></span> <span class='ocrx_word' id='word_1_326' title='bbox 1279 2979 1347 3034; x_wconf 92' lang='lat' dir='ltr'><strong>ad</strong></span> <span class='ocrx_word' id='word_1_327' title='bbox 1399 2989 1506 3035; x_wconf 90' lang='lat' dir='ltr'><strong>tam</strong></span> <span class='ocrx_word' id='word_1_328' title='bbox 1538 2983 1768 3039; x_wconf 89' lang='lat' dir='ltr'><strong>obscena</strong></span> <span class='ocrx_word' id='word_1_329' title='bbox 1802 3001 1865 3040; x_wconf 92' lang='lat' dir='ltr'><strong>ac</strong></span> <span class='ocrx_word' id='word_1_330' title='bbox 1884 2986 2219 3045; x_wconf 89' lang='lat' dir='ltr'><strong>detestabilia</strong></span> 
     </span>
    </p>
   </div>
   <div class='ocr_carea' id='block_1_48' title="bbox 617 3067 2214 3149">
    <p class='ocr_par' dir='ltr' id='par_1_48' title="bbox 617 3067 2214 3149">
     <span class='ocr_line' id='line_1_48' title="bbox 617 3067 2214 3149; baseline 0.014 -32"><span class='ocrx_word' id='word_1_331' title='bbox 617 3067 875 3136; x_wconf 89' lang='lat' dir='ltr'><strong>mysteria</strong></span> <span class='ocrx_word' id='word_1_332' title='bbox 904 3069 1206 3140; x_wconf 80' lang='lat' dir='ltr'><strong>peragenda</strong></span> <span class='ocrx_word' id='word_1_333' title='bbox 1234 3073 1378 3127; x_wconf 90' lang='lat' dir='ltr'><strong>omni</strong></span> <span class='ocrx_word' id='word_1_334' title='bbox 1405 3075 1790 3145; x_wconf 88' lang='lat' dir='ltr'><strong>suppliciorum</strong></span> <span class='ocrx_word' id='word_1_335' title='bbox 1812 3094 2012 3149; x_wconf 89' lang='lat' dir='ltr'><strong>genere</strong></span> <span class='ocrx_word' id='word_1_336' title='bbox 2039 3083 2214 3138; x_wconf 83' lang='lat' dir='ltr'><strong>chris-</strong></span> 
     </span>
    </p>
   </div>
   <div class='ocr_carea' id='block_1_49' title="bbox 2321 1847 3914 1935">
    <p class='ocr_par' dir='ltr' id='par_1_49' title="bbox 2321 1847 3914 1935">
     <span class='ocr_line' id='line_1_49' title="bbox 2321 1847 3914 1935; baseline 0.011 -33"><span class='ocrx_word' id='word_1_337' title='bbox 2321 1847 2430 1904; x_wconf 72' lang='lat'><strong>225</strong></span> <span class='ocrx_word' id='word_1_338' title='bbox 2453 1862 2502 1904; x_wconf 84' lang='lat' dir='ltr'><strong>et</strong></span> <span class='ocrx_word' id='word_1_339' title='bbox 2527 1867 2660 1922; x_wconf 84' lang='lat' dir='ltr'><strong>seq.;</strong></span> <span class='ocrx_word' id='word_1_340' title='bbox 2687 1861 2733 1906; x_wconf 86' lang='lat' dir='ltr'><strong>et</strong></span> <span class='ocrx_word' id='word_1_341' title='bbox 2760 1852 2849 1910; x_wconf 82' lang='lat' dir='ltr'><strong>lib.</strong></span> <span class='ocrx_word' id='word_1_342' title='bbox 2883 1870 2898 1909; x_wconf 94' lang='lat' dir='ltr'><strong>l</strong></span> <span class='ocrx_word' id='word_1_343' title='bbox 2956 1873 3076 1935; x_wconf 65' lang='lat' dir='ltr'><strong>pag.</strong></span> <span class='ocrx_word' id='word_1_344' title='bbox 3105 1857 3257 1930; x_wconf 80' lang='lat' dir='ltr'><strong>9.0L)</strong></span> <span class='ocrx_word' id='word_1_345' title='bbox 3289 1857 3573 1916; x_wconf 89' lang='lat' dir='ltr'><strong>Contendit</strong></span> <span class='ocrx_word' id='word_1_346' title='bbox 3612 1863 3794 1935; x_wconf 87' lang='lat' dir='ltr'><strong>itaque</strong></span> <span class='ocrx_word' id='word_1_347' title='bbox 3825 1879 3914 1920; x_wconf 89' lang='lat' dir='ltr'><strong>res</strong></span> 
     </span>
    </p>
   </div>
   <div class='ocr_carea' id='block_1_50' title="bbox 2322 1940 3928 2031">
    <p class='ocr_par' dir='ltr' id='par_1_50' title="bbox 2322 1940 3928 2031">
     <span class='ocr_line' id='line_1_50' title="bbox 2322 1940 3928 2031; baseline 0.012 -36"><span class='ocrx_word' id='word_1_348' title='bbox 2322 1940 2572 2014; x_wconf 85' lang='lat' dir='ltr'><strong>physicas</strong></span> <span class='ocrx_word' id='word_1_349' title='bbox 2615 1954 2670 2001; x_wconf 91' lang='lat' dir='ltr'><strong>et</strong></span> <span class='ocrx_word' id='word_1_350' title='bbox 2700 1949 2995 2014; x_wconf 89' lang='lat' dir='ltr'><strong>naturales,</strong></span> <span class='ocrx_word' id='word_1_351' title='bbox 3034 1966 3243 2005; x_wconf 89' lang='lat' dir='ltr'><strong>summa</strong></span> <span class='ocrx_word' id='word_1_352' title='bbox 3271 1965 3546 2022; x_wconf 86' lang='lat' dir='ltr'><strong>poetarum</strong></span> <span class='ocrx_word' id='word_1_353' title='bbox 3589 1955 3928 2031; x_wconf 88' lang='lat' dir='ltr'><strong>aliorumque</strong></span> 
     </span>
    </p>
   </div>
   <div class='ocr_carea' id='block_1_51' title="bbox 2323 2032 3929 2109">
    <p class='ocr_par' dir='ltr' id='par_1_51' title="bbox 2323 2032 3929 2109">
     <span class='ocr_line' id='line_1_51' title="bbox 2323 2032 3929 2109; baseline 0.014 -22"><span class='ocrx_word' id='word_1_354' title='bbox 2323 2032 2537 2090; x_wconf 89' lang='lat' dir='ltr'><strong>licentia</strong></span> <span class='ocrx_word' id='word_1_355' title='bbox 2565 2078 2579 2100; x_wconf 92' lang='lat'><strong>,</strong></span> <span class='ocrx_word' id='word_1_356' title='bbox 2612 2037 2678 2092; x_wconf 90' lang='lat' dir='ltr'><strong>ad</strong></span> <span class='ocrx_word' id='word_1_357' title='bbox 2722 2039 2856 2095; x_wconf 89' lang='lat' dir='ltr'><strong>deos</strong></span> <span class='ocrx_word' id='word_1_358' title='bbox 2893 2041 3055 2096; x_wconf 87' lang='lat' dir='ltr'><strong>falsos</strong></span> <span class='ocrx_word' id='word_1_359' title='bbox 3104 2053 3160 2098; x_wconf 94' lang='lat' dir='ltr'><strong>et</strong></span> <span class='ocrx_word' id='word_1_360' title='bbox 3203 2049 3606 2104; x_wconf 90' lang='lat' dir='ltr'><strong>commentitios</strong></span> <span class='ocrx_word' id='word_1_361' title='bbox 3638 2052 3929 2109; x_wconf 85' lang='lat' dir='ltr'><strong>translatas</strong></span> 
     </span>
    </p>
   </div>
   <div class='ocr_carea' id='block_1_52' title="bbox 2324 2124 3927 2204">
    <p class='ocr_par' dir='ltr' id='par_1_52' title="bbox 2324 2124 3927 2204">
     <span class='ocr_line' id='line_1_52' title="bbox 2324 2124 3927 2204; baseline 0.014 -26"><span class='ocrx_word' id='word_1_362' title='bbox 2324 2124 2510 2194; x_wconf 84' lang='lat' dir='ltr'><strong>fuisse,</strong></span> <span class='ocrx_word' id='word_1_363' title='bbox 2534 2131 2766 2198; x_wconf 88' lang='lat' dir='ltr'><strong>atquein</strong></span> <span class='ocrx_word' id='word_1_364' title='bbox 2789 2147 2884 2187; x_wconf 91' lang='lat' dir='ltr'><strong>eos</strong></span> <span class='ocrx_word' id='word_1_365' title='bbox 2911 2144 3239 2204; x_wconf 81' lang='lat' dir='ltr'><strong>praepostere</strong></span> <span class='ocrx_word' id='word_1_366' title='bbox 3267 2138 3696 2198; x_wconf 88' lang='lat' dir='ltr'><strong>transformatas.</strong></span> <span class='ocrx_word' id='word_1_367' title='bbox 3725 2143 3927 2201; x_wconf 82' lang='lat' dir='ltr'><strong>Contra</strong></span> 
     </span>
    </p>
   </div>
   <div class='ocr_carea' id='block_1_53' title="bbox 2327 2220 3922 2309">
    <p class='ocr_par' dir='ltr' id='par_1_53' title="bbox 2327 2220 3922 2309">
     <span class='ocr_line' id='line_1_53' title="bbox 2327 2220 3922 2309; baseline 0.015 -37"><span class='ocrx_word' id='word_1_368' title='bbox 2327 2228 2503 2274; x_wconf 91' lang='lat' dir='ltr'><strong>tamen</strong></span> <span class='ocrx_word' id='word_1_369' title='bbox 2537 2220 2798 2279; x_wconf 85' lang='lat' dir='ltr'><strong>Eusebius</strong></span> <span class='ocrx_word' id='word_1_370' title='bbox 2821 2224 3060 2297; x_wconf 79' lang='lat' dir='ltr'><strong>(Euseb.,</strong></span> <span class='ocrx_word' id='word_1_371' title='bbox 3107 2229 3196 2284; x_wconf 83' lang='lat' dir='ltr'><strong>lib.</strong></span> <span class='ocrx_word' id='word_1_372' title='bbox 3231 2247 3267 2285; x_wconf 92' lang='lat' dir='ltr'><strong>ll</strong></span> <span class='ocrx_word' id='word_1_373' title='bbox 3293 2229 3533 2304; x_wconf 72' lang='lat' dir='ltr'><strong>Prwpar.</strong></span> <span class='ocrx_word' id='word_1_374' title='bbox 3562 2252 3774 2309; x_wconf 76' lang='lat' dir='ltr'><strong>evang.,</strong></span> <span class='ocrx_word' id='word_1_375' title='bbox 3807 2256 3922 2309; x_wconf 84' lang='lat' dir='ltr'><strong>cap.</strong></span> 
     </span>
    </p>
   </div>
   <div class='ocr_carea' id='block_1_54' title="bbox 2325 2310 3928 2388">
    <p class='ocr_par' dir='ltr' id='par_1_54' title="bbox 2325 2310 3928 2388">
     <span class='ocr_line' id='line_1_54' title="bbox 2325 2310 3928 2388; baseline 0.014 -23"><span class='ocrx_word' id='word_1_376' title='bbox 2325 2310 2376 2376; x_wconf 89' lang='lat'><strong>6,</strong></span> <span class='ocrx_word' id='word_1_377' title='bbox 2408 2328 2529 2384; x_wconf 85' lang='lat' dir='ltr'><strong>pag.</strong></span> <span class='ocrx_word' id='word_1_378' title='bbox 2565 2314 2680 2386; x_wconf 71' lang='lat'><strong>74),</strong></span> <span class='ocrx_word' id='word_1_379' title='bbox 2713 2315 2931 2372; x_wconf 89' lang='lat' dir='ltr'><strong>Diodori</strong></span> <span class='ocrx_word' id='word_1_380' title='bbox 2961 2318 3131 2376; x_wconf 88' lang='lat' dir='ltr'><strong>Siculi</strong></span> <span class='ocrx_word' id='word_1_381' title='bbox 3153 2333 3208 2377; x_wconf 90' lang='lat' dir='ltr'><strong>et</strong></span> <span class='ocrx_word' id='word_1_382' title='bbox 3237 2322 3530 2382; x_wconf 89' lang='lat' dir='ltr'><strong>Clementis</strong></span> <span class='ocrx_word' id='word_1_383' title='bbox 3569 2328 3928 2388; x_wconf 79' lang='lat' dir='ltr'><strong>Alexandrini</strong></span> 
     </span>
    </p>
   </div>
   <div class='ocr_carea' id='block_1_55' title="bbox 2323 2407 3930 2492">
    <p class='ocr_par' dir='ltr' id='par_1_55' title="bbox 2323 2407 3930 2492">
     <span class='ocr_line' id='line_1_55' title="bbox 2323 2407 3930 2492; baseline 0.014 -35"><span class='ocrx_word' id='word_1_384' title='bbox 2323 2407 2645 2462; x_wconf 84' lang='lat' dir='ltr'><strong>auctoritate</strong></span> <span class='ocrx_word' id='word_1_385' title='bbox 2691 2407 2888 2477; x_wconf 89' lang='lat' dir='ltr'><strong>fretus,</strong></span> <span class='ocrx_word' id='word_1_386' title='bbox 2936 2414 3215 2470; x_wconf 90' lang='lat' dir='ltr'><strong>contendit</strong></span> <span class='ocrx_word' id='word_1_387' title='bbox 3253 2418 3402 2486; x_wconf 88' lang='lat' dir='ltr'><strong>prius</strong></span> <span class='ocrx_word' id='word_1_388' title='bbox 3431 2419 3501 2474; x_wconf 91' lang='lat' dir='ltr'><strong>ab</strong></span> <span class='ocrx_word' id='word_1_389' title='bbox 3537 2421 3930 2492; x_wconf 87' lang='lat' dir='ltr'><strong>antiquissimis</strong></span> 
     </span>
    </p>
   </div>
   <div class='ocr_carea' id='block_1_56' title="bbox 2323 2497 3929 2580">
    <p class='ocr_par' dir='ltr' id='par_1_56' title="bbox 2323 2497 3929 2580">
     <span class='ocr_line' id='line_1_56' title="bbox 2323 2497 3929 2580; baseline 0.014 -29"><span class='ocrx_word' id='word_1_390' title='bbox 2323 2497 2615 2568; x_wconf 86' lang='lat' dir='ltr'><strong>gentilibus</strong></span> <span class='ocrx_word' id='word_1_391' title='bbox 2645 2499 3028 2560; x_wconf 90' lang='lat' dir='ltr'><strong>disseminatas</strong></span> <span class='ocrx_word' id='word_1_392' title='bbox 3055 2505 3223 2564; x_wconf 85' lang='lat' dir='ltr'><strong>fuisse</strong></span> <span class='ocrx_word' id='word_1_393' title='bbox 3251 2511 3587 2580; x_wconf 75' lang='lat' dir='ltr'><strong>turpissimus</strong></span> <span class='ocrx_word' id='word_1_394' title='bbox 3605 2513 3722 2569; x_wconf 86' lang='lat' dir='ltr'><strong>illas</strong></span> <span class='ocrx_word' id='word_1_395' title='bbox 3739 2514 3814 2571; x_wconf 89' lang='lat' dir='ltr'><strong>de</strong></span> <span class='ocrx_word' id='word_1_396' title='bbox 3827 2517 3929 2573; x_wconf 88' lang='lat' dir='ltr'><strong>diis</strong></span> 
     </span>
    </p>
   </div>
   <div class='ocr_carea' id='block_1_57' title="bbox 2325 2592 3930 2680">
    <p class='ocr_par' dir='ltr' id='par_1_57' title="bbox 2325 2592 3930 2680">
     <span class='ocr_line' id='line_1_57' title="bbox 2325 2592 3930 2680; baseline 0.012 -36"><span class='ocrx_word' id='word_1_397' title='bbox 2325 2592 2437 2646; x_wconf 87' lang='lat' dir='ltr'><strong>suis</strong></span> <span class='ocrx_word' id='word_1_398' title='bbox 2451 2592 2752 2663; x_wconf 88' lang='lat' dir='ltr'><strong>opiniones,</strong></span> <span class='ocrx_word' id='word_1_399' title='bbox 2784 2597 2870 2652; x_wconf 89' lang='lat' dir='ltr'><strong>vel</strong></span> <span class='ocrx_word' id='word_1_400' title='bbox 2903 2598 3079 2668; x_wconf 90' lang='lat' dir='ltr'><strong>potius</strong></span> <span class='ocrx_word' id='word_1_401' title='bbox 3108 2601 3422 2670; x_wconf 81' lang='lat' dir='ltr'><strong>Opinionum</strong></span> <span class='ocrx_word' id='word_1_402' title='bbox 3453 2617 3697 2661; x_wconf 90' lang='lat' dir='ltr'><strong>monstra</strong></span> <span class='ocrx_word' id='word_1_403' title='bbox 3719 2623 3785 2663; x_wconf 90' lang='lat' dir='ltr'><strong>ac</strong></span> <span class='ocrx_word' id='word_1_404' title='bbox 3803 2623 3930 2680; x_wconf 80' lang='lat' dir='ltr'><strong>por-</strong></span> 
     </span>
    </p>
   </div>
   <div class='ocr_carea' id='block_1_58' title="bbox 2327 2685 3931 2770">
    <p class='ocr_par' dir='ltr' id='par_1_58' title="bbox 2327 2685 3931 2770">
     <span class='ocr_line' id='line_1_58' title="bbox 2327 2685 3931 2770; baseline 0.012 -32"><span class='ocrx_word' id='word_1_405' title='bbox 2327 2694 2493 2741; x_wconf 89' lang='lat' dir='ltr'><strong>tenta.</strong></span> <span class='ocrx_word' id='word_1_406' title='bbox 2527 2685 2776 2744; x_wconf 74' lang='lat' dir='ltr'><strong>POSthzec</strong></span> <span class='ocrx_word' id='word_1_407' title='bbox 2806 2705 2936 2746; x_wconf 90' lang='lat' dir='ltr'><strong>vero</strong></span> <span class='ocrx_word' id='word_1_408' title='bbox 2963 2707 3083 2747; x_wconf 91' lang='lat' dir='ltr'><strong>cum</strong></span> <span class='ocrx_word' id='word_1_409' title='bbox 3113 2697 3448 2752; x_wconf 86' lang='lat' dir='ltr'><strong>recentiores</strong></span> <span class='ocrx_word' id='word_1_410' title='bbox 3479 2708 3749 2755; x_wconf 87' lang='lat' dir='ltr'><strong>tantarum</strong></span> <span class='ocrx_word' id='word_1_411' title='bbox 3783 2745 3800 2770; x_wconf 89' lang='lat'><strong>,</strong></span> <span class='ocrx_word' id='word_1_412' title='bbox 3847 2704 3931 2758; x_wconf 91' lang='lat' dir='ltr'><strong>iu-</strong></span> 
     </span>
    </p>
   </div>
   <div class='ocr_carea' id='block_1_59' title="bbox 2325 2779 3933 2863">
    <p class='ocr_par' dir='ltr' id='par_1_59' title="bbox 2325 2779 3933 2863">
     <span class='ocr_line' id='line_1_59' title="bbox 2325 2779 3933 2863; baseline 0.011 -30"><span class='ocrx_word' id='word_1_413' title='bbox 2325 2779 2461 2850; x_wconf 87' lang='lat' dir='ltr'><strong>quit,</strong></span> <span class='ocrx_word' id='word_1_414' title='bbox 2494 2780 2938 2855; x_wconf 68' lang='lat' dir='ltr'><strong>obscaanitatum,</strong></span> <span class='ocrx_word' id='word_1_415' title='bbox 2971 2786 3024 2840; x_wconf 93' lang='lat' dir='ltr'><strong>in</strong></span> <span class='ocrx_word' id='word_1_416' title='bbox 3046 2785 3128 2840; x_wconf 93' lang='lat' dir='ltr'><strong>his</strong></span> <span class='ocrx_word' id='word_1_417' title='bbox 3155 2795 3266 2843; x_wconf 87' lang='lat' dir='ltr'><strong>tam</strong></span> <span class='ocrx_word' id='word_1_418' title='bbox 3295 2791 3527 2860; x_wconf 91' lang='lat' dir='ltr'><strong>turpiter</strong></span> <span class='ocrx_word' id='word_1_419' title='bbox 3551 2807 3933 2863; x_wconf 80' lang='lat' dir='ltr'><strong>expressarum</strong></span> 
     </span>
    </p>
   </div>
   <div class='ocr_carea' id='block_1_60' title="bbox 2325 2876 3930 2962">
    <p class='ocr_par' dir='ltr' id='par_1_60' title="bbox 2325 2876 3930 2962">
     <span class='ocr_line' id='line_1_60' title="bbox 2325 2876 3930 2962; baseline 0.011 -32"><span class='ocrx_word' id='word_1_420' title='bbox 2325 2876 2570 2947; x_wconf 90' lang='lat' dir='ltr'><strong>puderet,</strong></span> <span class='ocrx_word' id='word_1_421' title='bbox 2601 2895 2702 2935; x_wconf 90' lang='lat' dir='ltr'><strong>nec</strong></span> <span class='ocrx_word' id='word_1_422' title='bbox 2729 2895 2793 2935; x_wconf 88' lang='lat' dir='ltr'><strong>ea</strong></span> <span class='ocrx_word' id='word_1_423' title='bbox 2817 2890 2998 2937; x_wconf 89' lang='lat' dir='ltr'><strong>tamen</strong></span> <span class='ocrx_word' id='word_1_424' title='bbox 3022 2893 3248 2954; x_wconf 89' lang='lat' dir='ltr'><strong>possent</strong></span> <span class='ocrx_word' id='word_1_425' title='bbox 3273 2887 3499 2942; x_wconf 91' lang='lat' dir='ltr'><strong>omnino</strong></span> <span class='ocrx_word' id='word_1_426' title='bbox 3528 2901 3621 2944; x_wconf 88' lang='lat' dir='ltr'><strong>aut</strong></span> <span class='ocrx_word' id='word_1_427' title='bbox 3651 2891 3888 2962; x_wconf 88' lang='lat' dir='ltr'><strong>rejicere</strong></span> <span class='ocrx_word' id='word_1_428' title='bbox 3915 2937 3930 2960; x_wconf 94' lang='lat'><strong>,</strong></span> 
     </span>
    </p>
   </div>
   <div class='ocr_carea' id='block_1_61' title="bbox 2324 2971 3933 3055">
    <p class='ocr_par' dir='ltr' id='par_1_61' title="bbox 2324 2971 3933 3055">
     <span class='ocr_line' id='line_1_61' title="bbox 2324 2971 3933 3055; baseline 0.014 -33"><span class='ocrx_word' id='word_1_429' title='bbox 2324 2980 2417 3024; x_wconf 92' lang='lat' dir='ltr'><strong>aut</strong></span> <span class='ocrx_word' id='word_1_430' title='bbox 2461 2971 2686 3028; x_wconf 88' lang='lat' dir='ltr'><strong>inﬁciari</strong></span> <span class='ocrx_word' id='word_1_431' title='bbox 2718 3015 2733 3040; x_wconf 93' lang='lat'><strong>,</strong></span> <span class='ocrx_word' id='word_1_432' title='bbox 2784 2974 2852 3030; x_wconf 89' lang='lat' dir='ltr'><strong>ad</strong></span> <span class='ocrx_word' id='word_1_433' title='bbox 2899 2975 3182 3049; x_wconf 89' lang='lat' dir='ltr'><strong>physicum</strong></span> <span class='ocrx_word' id='word_1_434' title='bbox 3213 2979 3678 3055; x_wconf 89' lang='lat' dir='ltr'><strong>allegoricumque</strong></span> <span class='ocrx_word' id='word_1_435' title='bbox 3707 3001 3933 3045; x_wconf 87' lang='lat' dir='ltr'><strong>sensum</strong></span> 
     </span>
    </p>
   </div>
   <div class='ocr_carea' id='block_1_62' title="bbox 2327 3065 2988 3136">
    <p class='ocr_par' dir='ltr' id='par_1_62' title="bbox 2327 3065 2988 3136">
     <span class='ocr_line' id='line_1_62' title="bbox 2327 3065 2988 3136; baseline 0.008 -17"><span class='ocrx_word' id='word_1_436' title='bbox 2327 3065 2623 3136; x_wconf 82' lang='lat' dir='ltr'><strong>confugere</strong></span> <span class='ocrx_word' id='word_1_437' title='bbox 2643 3070 2814 3124; x_wconf 89' lang='lat' dir='ltr'><strong>coacti</strong></span> <span class='ocrx_word' id='word_1_438' title='bbox 2843 3079 2988 3124; x_wconf 91' lang='lat' dir='ltr'><strong>sunt.</strong></span> 
     </span>
    </p>
   </div>
   <div class='ocr_carea' id='block_1_63' title="bbox 615 3157 2216 3246">
    <p class='ocr_par' dir='ltr' id='par_1_63' title="bbox 615 3157 2216 3246">
     <span class='ocr_line' id='line_1_63' title="bbox 615 3157 2216 3246; baseline 0.015 -37"><span class='ocrx_word' id='word_1_439' title='bbox 615 3157 794 3211; x_wconf 88' lang='lat' dir='ltr'><strong>tianos</strong></span> <span class='ocrx_word' id='word_1_440' title='bbox 818 3162 1148 3230; x_wconf 89' lang='lat' dir='ltr'><strong>compellere</strong></span> <span class='ocrx_word' id='word_1_441' title='bbox 1176 3166 1556 3221; x_wconf 84' lang='lat' dir='ltr'><strong>conabantur?</strong></span> <span class='ocrx_word' id='word_1_442' title='bbox 1585 3169 1720 3237; x_wconf 87' lang='lat' dir='ltr'><strong>Quid</strong></span> <span class='ocrx_word' id='word_1_443' title='bbox 1747 3173 1892 3228; x_wconf 91' lang='lat' dir='ltr'><strong>enim</strong></span> <span class='ocrx_word' id='word_1_444' title='bbox 1924 3176 2094 3246; x_wconf 86' lang='lat' dir='ltr'><strong>magis</strong></span> <span class='ocrx_word' id='word_1_445' title='bbox 2113 3177 2216 3232; x_wconf 85' lang='lat' dir='ltr'><strong>ini-</strong></span> 
     </span>
    </p>
   </div>
   <div class='ocr_carea' id='block_1_64' title="bbox 2320 3157 3929 3246">
    <p class='ocr_par' dir='ltr' id='par_1_64' title="bbox 2396 3158 3929 3234">
     <span class='ocr_line' id='line_1_64' title="bbox 2396 3158 3929 3234; baseline 0.014 -21"><span class='ocrx_word' id='word_1_446' title='bbox 2396 3158 2618 3228; x_wconf 83' lang='lat' dir='ltr'><strong>Verum,</strong></span> <span class='ocrx_word' id='word_1_447' title='bbox 2634 3172 2923 3234; x_wconf 90' lang='lat' dir='ltr'><strong>utcumque</strong></span> <span class='ocrx_word' id='word_1_448' title='bbox 2946 3180 3032 3221; x_wconf 90' lang='lat' dir='ltr'><strong>res</strong></span> <span class='ocrx_word' id='word_1_449' title='bbox 3048 3181 3107 3222; x_wconf 92' lang='lat' dir='ltr'><strong>se</strong></span> <span class='ocrx_word' id='word_1_450' title='bbox 3124 3165 3393 3234; x_wconf 87' lang='lat' dir='ltr'><strong>habuerit,</strong></span> <span class='ocrx_word' id='word_1_451' title='bbox 3424 3183 3638 3229; x_wconf 82' lang='lat' dir='ltr'><strong>conStat</strong></span> <span class='ocrx_word' id='word_1_452' title='bbox 3657 3189 3796 3232; x_wconf 88' lang='lat' dir='ltr'><strong>sane</strong></span> <span class='ocrx_word' id='word_1_453' title='bbox 3815 3177 3929 3234; x_wconf 66' lang='grc' dir='ltr'><strong>ιιωο</strong></span> 
     </span>
    </p>
   </div>
   <div class='ocr_carea' id='block_1_65' title="bbox 619 3256 2218 3338">
    <p class='ocr_par' dir='ltr' id='par_1_65' title="bbox 619 3256 2218 3338">
     <span class='ocr_line' id='line_1_65' title="bbox 619 3256 2218 3338; baseline 0.017 -40"><span class='ocrx_word' id='word_1_454' title='bbox 619 3263 805 3317; x_wconf 87' lang='lat' dir='ltr'><strong>quum,</strong></span> <span class='ocrx_word' id='word_1_455' title='bbox 857 3266 1018 3320; x_wconf 90' lang='lat' dir='ltr'><strong>quam</strong></span> <span class='ocrx_word' id='word_1_456' title='bbox 1079 3268 1175 3308; x_wconf 90' lang='lat' dir='ltr'><strong>eos</strong></span> <span class='ocrx_word' id='word_1_457' title='bbox 1237 3256 1440 3311; x_wconf 86' lang='lat' dir='ltr'><strong>idcirco</strong></span> <span class='ocrx_word' id='word_1_458' title='bbox 1490 3262 1888 3332; x_wconf 88' lang='lat' dir='ltr'><strong>condemnare,</strong></span> <span class='ocrx_word' id='word_1_459' title='bbox 1945 3277 2218 3338; x_wconf 89' lang='lat' dir='ltr'><strong>tamquam</strong></span> 
     </span>
    </p>
   </div>
   <div class='ocr_carea' id='block_1_66' title="bbox 625 3340 2222 3432">
    <p class='ocr_par' dir='ltr' id='par_1_66' title="bbox 625 3340 2222 3432">
     <span class='ocr_line' id='line_1_66' title="bbox 625 3340 2222 3432; baseline 0.017 -40"><span class='ocrx_word' id='word_1_460' title='bbox 625 3340 874 3397; x_wconf 83' lang='lat' dir='ltr'><strong>atheismi</strong></span> <span class='ocrx_word' id='word_1_461' title='bbox 905 3346 1220 3402; x_wconf 88' lang='lat' dir='ltr'><strong>convictos?</strong></span> <span class='ocrx_word' id='word_1_462' title='bbox 1271 3348 1459 3407; x_wconf 88' lang='lat' dir='ltr'><strong>Nonne</strong></span> <span class='ocrx_word' id='word_1_463' title='bbox 1503 3353 1600 3423; x_wconf 85' lang='lat' dir='ltr'><strong>ipsi</strong></span> <span class='ocrx_word' id='word_1_464' title='bbox 1628 3359 1855 3424; x_wconf 81' lang='lat' dir='ltr'><strong>gentiles</strong></span> <span class='ocrx_word' id='word_1_465' title='bbox 1885 3362 2075 3428; x_wconf 90' lang='lat' dir='ltr'><strong>potiori</strong></span> <span class='ocrx_word' id='word_1_466' title='bbox 2099 3362 2222 3432; x_wconf 88' lang='lat' dir='ltr'><strong>jure</strong></span> 
     </span>
    </p>
   </div>
   <div class='ocr_carea' id='block_1_67' title="bbox 623 3433 2224 3526">
    <p class='ocr_par' dir='ltr' id='par_1_67' title="bbox 623 3433 2224 3526">
     <span class='ocr_line' id='line_1_67' title="bbox 623 3433 2224 3526; baseline 0.016 -41"><span class='ocrx_word' id='word_1_467' title='bbox 623 3433 768 3487; x_wconf 90' lang='lat' dir='ltr'><strong>athei</strong></span> <span class='ocrx_word' id='word_1_468' title='bbox 797 3435 1009 3492; x_wconf 87' lang='lat' dir='ltr'><strong>dicendi</strong></span> <span class='ocrx_word' id='word_1_469' title='bbox 1042 3451 1227 3507; x_wconf 88' lang='lat' dir='ltr'><strong>erant,</strong></span> <span class='ocrx_word' id='word_1_470' title='bbox 1281 3444 1392 3512; x_wconf 88' lang='lat' dir='ltr'><strong>qui,</strong></span> <span class='ocrx_word' id='word_1_471' title='bbox 1421 3445 1625 3514; x_wconf 89' lang='lat' dir='ltr'><strong>rejecto</strong></span> <span class='ocrx_word' id='word_1_472' title='bbox 1653 3450 1762 3504; x_wconf 89' lang='lat' dir='ltr'><strong>veri</strong></span> <span class='ocrx_word' id='word_1_473' title='bbox 1795 3450 1890 3506; x_wconf 90' lang='lat' dir='ltr'><strong>Dei</strong></span> <span class='ocrx_word' id='word_1_474' title='bbox 1921 3455 2091 3520; x_wconf 91' lang='lat' dir='ltr'><strong>cultu,</strong></span> <span class='ocrx_word' id='word_1_475' title='bbox 2125 3471 2224 3526; x_wconf 90' lang='lat' dir='ltr'><strong>pu-</strong></span> 
     </span>
    </p>
   </div>
   <div class='ocr_carea' id='block_1_68' title="bbox 623 3522 2219 3619">
    <p class='ocr_par' dir='ltr' id='par_1_68' title="bbox 623 3522 2219 3619">
     <span class='ocr_line' id='line_1_68' title="bbox 623 3522 2219 3619; baseline 0.016 -42"><span class='ocrx_word' id='word_1_476' title='bbox 623 3522 782 3579; x_wconf 87' lang='lat' dir='ltr'><strong>blicis</strong></span> <span class='ocrx_word' id='word_1_477' title='bbox 807 3527 858 3582; x_wconf 93' lang='lat' dir='ltr'><strong>in</strong></span> <span class='ocrx_word' id='word_1_478' title='bbox 887 3527 1038 3583; x_wconf 89' lang='lat' dir='ltr'><strong>festis</strong></span> <span class='ocrx_word' id='word_1_479' title='bbox 1063 3542 1114 3585; x_wconf 91' lang='lat' dir='ltr'><strong>ct</strong></span> <span class='ocrx_word' id='word_1_480' title='bbox 1144 3536 1414 3604; x_wconf 89' lang='lat' dir='ltr'><strong>mysteriis</strong></span> <span class='ocrx_word' id='word_1_481' title='bbox 1441 3537 1660 3594; x_wconf 87' lang='lat' dir='ltr'><strong>ﬁctitios</strong></span> <span class='ocrx_word' id='word_1_482' title='bbox 1685 3541 1935 3598; x_wconf 89' lang='lat' dir='ltr'><strong>colebant</strong></span> <span class='ocrx_word' id='word_1_483' title='bbox 1955 3544 2108 3615; x_wconf 89' lang='lat' dir='ltr'><strong>deos,</strong></span> <span class='ocrx_word' id='word_1_484' title='bbox 2127 3522 2219 3619; x_wconf 86' lang='lat' dir='ltr'><strong>qui</strong></span> 
     </span>
    </p>
   </div>
   <div class='ocr_carea' id='block_1_69' title="bbox 619 3623 2220 3710">
    <p class='ocr_par' dir='ltr' id='par_1_69' title="bbox 619 3623 2220 3710">
     <span class='ocr_line' id='line_1_69' title="bbox 619 3623 2220 3710; baseline 0.017 -40"><span class='ocrx_word' id='word_1_485' title='bbox 619 3623 920 3678; x_wconf 78' lang='lat' dir='ltr'><strong>execranda</strong></span> <span class='ocrx_word' id='word_1_486' title='bbox 969 3639 1063 3681; x_wconf 87' lang='lat' dir='ltr'><strong>sua</strong></span> <span class='ocrx_word' id='word_1_487' title='bbox 1093 3628 1161 3683; x_wconf 90' lang='lat' dir='ltr'><strong>ob</strong></span> <span class='ocrx_word' id='word_1_488' title='bbox 1190 3627 1386 3698; x_wconf 84' lang='lat' dir='ltr'><strong>ﬂagitia</strong></span> <span class='ocrx_word' id='word_1_489' title='bbox 1427 3646 1527 3688; x_wconf 91' lang='lat' dir='ltr'><strong>nec</strong></span> <span class='ocrx_word' id='word_1_490' title='bbox 1573 3632 1847 3692; x_wconf 90' lang='lat' dir='ltr'><strong>hominum</strong></span> <span class='ocrx_word' id='word_1_491' title='bbox 1878 3637 2023 3710; x_wconf 84' lang='lat' dir='ltr'><strong>digni</strong></span> <span class='ocrx_word' id='word_1_492' title='bbox 2065 3652 2220 3698; x_wconf 88' lang='lat' dir='ltr'><strong>erant</strong></span> 
     </span>
    </p>
   </div>
   <div class='ocr_carea' id='block_1_70' title="bbox 622 3713 880 3768">
    <p class='ocr_par' dir='ltr' id='par_1_70' title="bbox 622 3713 880 3768">
     <span class='ocr_line' id='line_1_70' title="bbox 622 3713 880 3768; baseline 0.012 -6"><span class='ocrx_word' id='word_1_493' title='bbox 622 3713 880 3768; x_wconf 84' lang='lat' dir='ltr'><strong>nomine?</strong></span> 
     </span>
    </p>
   </div>
   <div class='ocr_carea' id='block_1_71' title="bbox 1232 3898 1614 3942">
    <p class='ocr_par' dir='ltr' id='par_1_71' title="bbox 1232 3898 1614 3942">
     <span class='ocr_line' id='line_1_71' title="bbox 1232 3898 1614 3942; baseline 0.01 -5"><span class='ocrx_word' id='word_1_494' title='bbox 1232 3898 1530 3942; x_wconf 73' lang='grc' dir='ltr'><strong>Αιιτιευιυε</strong></span> <span class='ocrx_word' id='word_1_495' title='bbox 1562 3903 1614 3942; x_wconf 92' lang='lat' dir='ltr'><strong>ll.</strong></span> 
     </span>
    </p>
   </div>
   <div class='ocr_carea' id='block_1_72' title="bbox 627 4012 2219 4094">
    <p class='ocr_par' dir='ltr' id='par_1_72' title="bbox 627 4012 2219 4094">
     <span class='ocr_line' id='line_1_72' title="bbox 627 4012 2219 4094; baseline 0.014 -32"><span class='ocrx_word' id='word_1_496' title='bbox 627 4012 878 4094; x_wconf 76' lang='lat' dir='ltr'><strong>Quomodo</strong></span> <span class='ocrx_word' id='word_1_497' title='bbox 897 4021 1204 4094; x_wconf 78' lang='lat' dir='ltr'><strong>ethnicorum</strong></span> <span class='ocrx_word' id='word_1_498' title='bbox 1225 4027 1498 4094; x_wconf 78' lang='lat' dir='ltr'><strong>responsio,</strong></span> <span class='ocrx_word' id='word_1_499' title='bbox 1527 4041 1623 4094; x_wconf 75' lang='lat' dir='ltr'><strong>qua</strong></span> <span class='ocrx_word' id='word_1_500' title='bbox 1643 4033 1888 4094; x_wconf 60' lang='lat' dir='ltr'><strong>mysteria</strong></span> <span class='ocrx_word' id='word_1_501' title='bbox 1912 4030 1992 4081; x_wconf 88' lang='lat' dir='ltr'><strong>illa</strong></span> <span class='ocrx_word' id='word_1_502' title='bbox 2016 4045 2074 4083; x_wconf 90' lang='lat' dir='ltr'><strong>ac</strong></span> <span class='ocrx_word' id='word_1_503' title='bbox 2113 4041 2219 4085; x_wconf 87' lang='lat' dir='ltr'><strong>tur-</strong></span> 
     </span>
    </p>
   </div>
   <div class='ocr_carea' id='block_1_73' title="bbox 684 4081 2220 4154">
    <p class='ocr_par' dir='ltr' id='par_1_73' title="bbox 684 4081 2220 4154">
     <span class='ocr_line' id='line_1_73' title="bbox 684 4081 2220 4154; baseline 0.015 -28"><span class='ocrx_word' id='word_1_504' title='bbox 684 4081 909 4140; x_wconf 76' lang='lat' dir='ltr'><strong>pissimus</strong></span> <span class='ocrx_word' id='word_1_505' title='bbox 930 4084 1136 4154; x_wconf 76' lang='lat' dir='ltr'><strong>deorum</strong></span> <span class='ocrx_word' id='word_1_506' title='bbox 1153 4081 1351 4154; x_wconf 60' lang='lat' dir='ltr'><strong>succum</strong></span> <span class='ocrx_word' id='word_1_507' title='bbox 1372 4081 1597 4154; x_wconf 68' lang='lat' dir='ltr'><strong>historias</strong></span> <span class='ocrx_word' id='word_1_508' title='bbox 1611 4081 1879 4153; x_wconf 65' lang='lat' dir='ltr'><strong>allegorice</strong></span> <span class='ocrx_word' id='word_1_509' title='bbox 1907 4081 2220 4154; x_wconf 74' lang='lat' dir='ltr'><strong>ettplicandas</strong></span> 
     </span>
    </p>
   </div>
   <div class='ocr_carea' id='block_1_74' title="bbox 687 4148 2060 4223">
    <p class='ocr_par' dir='ltr' id='par_1_74' title="bbox 687 4148 2060 4223">
     <span class='ocr_line' id='line_1_74' title="bbox 687 4148 2060 4223; baseline 0.014 -34"><span class='ocrx_word' id='word_1_510' title='bbox 687 4155 801 4223; x_wconf 62' lang='lat' dir='ltr'><strong>esse</strong></span> <span class='ocrx_word' id='word_1_511' title='bbox 827 4148 1212 4206; x_wconf 85' lang='lat' dir='ltr'><strong>contendebant,</strong></span> <span class='ocrx_word' id='word_1_512' title='bbox 1237 4149 1299 4198; x_wconf 87' lang='lat' dir='ltr'><strong>ab</strong></span> <span class='ocrx_word' id='word_1_513' title='bbox 1315 4148 1532 4201; x_wconf 80' lang='lat' dir='ltr'><strong>Arnobio</strong></span> <span class='ocrx_word' id='word_1_514' title='bbox 1549 4148 1766 4204; x_wconf 70' lang='lat' dir='ltr'><strong>funditus</strong></span> <span class='ocrx_word' id='word_1_515' title='bbox 1787 4148 2060 4208; x_wconf 75' lang='lat' dir='ltr'><strong>evertatur.</strong></span> 
     </span>
    </p>
   </div>
   <div class='ocr_carea' id='block_1_75' title="bbox 697 4294 2222 4377">
    <p class='ocr_par' dir='ltr' id='par_1_75' title="bbox 697 4294 2222 4377">
     <span class='ocr_line' id='line_1_75' title="bbox 697 4294 2222 4377; baseline 0.012 -28"><span class='ocrx_word' id='word_1_516' title='bbox 697 4294 812 4350; x_wconf 86' lang='lat' dir='ltr'><strong>Non</strong></span> <span class='ocrx_word' id='word_1_517' title='bbox 853 4312 1042 4370; x_wconf 85' lang='lat' dir='ltr'><strong>magna</strong></span> <span class='ocrx_word' id='word_1_518' title='bbox 1085 4299 1202 4353; x_wconf 83' lang='lat' dir='ltr'><strong>sine</strong></span> <span class='ocrx_word' id='word_1_519' title='bbox 1239 4300 1401 4354; x_wconf 89' lang='lat' dir='ltr'><strong>animi</strong></span> <span class='ocrx_word' id='word_1_520' title='bbox 1429 4305 1788 4360; x_wconf 88' lang='lat' dir='ltr'><strong>commotione</strong></span> <span class='ocrx_word' id='word_1_521' title='bbox 1819 4309 2222 4377; x_wconf 89' lang='lat' dir='ltr'><strong>persentiebant</strong></span> 
     </span>
    </p>
   </div>
   <div class='ocr_carea' id='block_1_76' title="bbox 623 4387 2218 4476">
    <p class='ocr_par' dir='ltr' id='par_1_76' title="bbox 623 4387 2218 4476">
     <span class='ocr_line' id='line_1_76' title="bbox 623 4387 2218 4476; baseline 0.011 -33"><span class='ocrx_word' id='word_1_522' title='bbox 623 4387 846 4456; x_wconf 88' lang='lat' dir='ltr'><strong>ethnici,</strong></span> <span class='ocrx_word' id='word_1_523' title='bbox 878 4405 1036 4458; x_wconf 92' lang='lat' dir='ltr'><strong>quam</strong></span> <span class='ocrx_word' id='word_1_524' title='bbox 1069 4391 1346 4448; x_wconf 85' lang='lat' dir='ltr'><strong>evidenter</strong></span> <span class='ocrx_word' id='word_1_525' title='bbox 1374 4394 1595 4450; x_wconf 91' lang='lat' dir='ltr'><strong>deorum</strong></span> <span class='ocrx_word' id='word_1_526' title='bbox 1625 4413 1846 4454; x_wconf 91' lang='lat' dir='ltr'><strong>suorum</strong></span> <span class='ocrx_word' id='word_1_527' title='bbox 1890 4400 2043 4464; x_wconf 83' lang='lat' dir='ltr'><strong>festa,</strong></span> <span class='ocrx_word' id='word_1_528' title='bbox 2071 4420 2218 4476; x_wconf 86' lang='lat' dir='ltr'><strong>mys-</strong></span> 
     </span>
    </p>
   </div>
   <div class='ocr_carea' id='block_1_77' title="bbox 626 4484 2219 4569">
    <p class='ocr_par' dir='ltr' id='par_1_77' title="bbox 626 4484 2219 4569">
     <span class='ocr_line' id='line_1_77' title="bbox 626 4484 2219 4569; baseline 0.014 -36"><span class='ocrx_word' id='word_1_529' title='bbox 626 4484 786 4545; x_wconf 90' lang='lat' dir='ltr'><strong>teria,</strong></span> <span class='ocrx_word' id='word_1_530' title='bbox 818 4493 980 4552; x_wconf 88' lang='lat' dir='ltr'><strong>atque</strong></span> <span class='ocrx_word' id='word_1_531' title='bbox 1009 4485 1171 4538; x_wconf 88' lang='lat' dir='ltr'><strong>etiam</strong></span> <span class='ocrx_word' id='word_1_532' title='bbox 1205 4484 1465 4555; x_wconf 70' lang='lat' dir='ltr'><strong>ltistorim,</strong></span> <span class='ocrx_word' id='word_1_533' title='bbox 1499 4507 1633 4562; x_wconf 90' lang='lat' dir='ltr'><strong>quas</strong></span> <span class='ocrx_word' id='word_1_534' title='bbox 1662 4492 1712 4548; x_wconf 91' lang='lat' dir='ltr'><strong>in</strong></span> <span class='ocrx_word' id='word_1_535' title='bbox 1754 4496 2016 4564; x_wconf 90' lang='lat' dir='ltr'><strong>superiori</strong></span> <span class='ocrx_word' id='word_1_536' title='bbox 2045 4500 2219 4569; x_wconf 86' lang='lat' dir='ltr'><strong>capite</strong></span> 
     </span>
    </p>
   </div>
   <div class='ocr_carea' id='block_1_78' title="bbox 622 4575 2216 4648">
    <p class='ocr_par' dir='ltr' id='par_1_78' title="bbox 622 4575 2216 4648">
     <span class='ocr_line' id='line_1_78' title="bbox 622 4575 2216 4648; baseline 0.013 -21"><span class='ocrx_word' id='word_1_537' title='bbox 622 4575 999 4630; x_wconf 83' lang='lat' dir='ltr'><strong>recensuimus</strong></span> <span class='ocrx_word' id='word_1_538' title='bbox 1022 4618 1036 4640; x_wconf 96' lang='lat'><strong>,</strong></span> <span class='ocrx_word' id='word_1_539' title='bbox 1089 4577 1278 4632; x_wconf 84' lang='lat' dir='ltr'><strong>falsam</strong></span> <span class='ocrx_word' id='word_1_540' title='bbox 1305 4595 1488 4635; x_wconf 87' lang='lat' dir='ltr'><strong>eorum</strong></span> <span class='ocrx_word' id='word_1_541' title='bbox 1521 4583 1853 4642; x_wconf 88' lang='lat' dir='ltr'><strong>divinitatem</strong></span> <span class='ocrx_word' id='word_1_542' title='bbox 1877 4588 2216 4648; x_wconf 83' lang='lat' dir='ltr'><strong>demonstra-</strong></span> 
     </span>
    </p>
   </div>
   <div class='ocr_carea' id='block_1_79' title="bbox 621 4670 2220 4758">
    <p class='ocr_par' dir='ltr' id='par_1_79' title="bbox 621 4670 2220 4758">
     <span class='ocr_line' id='line_1_79' title="bbox 621 4670 2220 4758; baseline 0.012 -35"><span class='ocrx_word' id='word_1_543' title='bbox 621 4678 748 4723; x_wconf 82' lang='lat' dir='ltr'><strong>rent</strong></span> <span class='ocrx_word' id='word_1_544' title='bbox 799 4670 1038 4740; x_wconf 77' lang='lat' dir='ltr'><strong>(Arnob.,</strong></span> <span class='ocrx_word' id='word_1_545' title='bbox 1092 4672 1180 4727; x_wconf 81' lang='lat' dir='ltr'><strong>lib.</strong></span> <span class='ocrx_word' id='word_1_546' title='bbox 1213 4689 1265 4740; x_wconf 83' lang='grc' dir='ltr'><strong>ν,</strong></span> <span class='ocrx_word' id='word_1_547' title='bbox 1296 4691 1415 4747; x_wconf 83' lang='lat' dir='ltr'><strong>pag.</strong></span> <span class='ocrx_word' id='word_1_548' title='bbox 1451 4678 1596 4751; x_wconf 75' lang='grc'>179).</span> <span class='ocrx_word' id='word_1_549' title='bbox 1649 4679 2007 4749; x_wconf 85' lang='lat' dir='ltr'><strong>Quamobrem</strong></span> <span class='ocrx_word' id='word_1_550' title='bbox 2060 4701 2220 4758; x_wconf 84' lang='lat' dir='ltr'><strong>argu-</strong></span> 
     </span>
    </p>
   </div>
   <div class='ocr_carea' id='block_1_80' title="bbox 617 4765 2218 4842">
    <p class='ocr_par' dir='ltr' id='par_1_80' title="bbox 617 4765 2218 4842">
     <span class='ocr_line' id='line_1_80' title="bbox 617 4765 2218 4842; baseline 0.011 -22"><span class='ocrx_word' id='word_1_551' title='bbox 617 4774 800 4820; x_wconf 87' lang='lat' dir='ltr'><strong>menta</strong></span> <span class='ocrx_word' id='word_1_552' title='bbox 828 4781 894 4821; x_wconf 84' lang='lat' dir='ltr'><strong>ex</strong></span> <span class='ocrx_word' id='word_1_553' title='bbox 945 4767 1009 4821; x_wconf 90' lang='lat' dir='ltr'><strong>iis</strong></span> <span class='ocrx_word' id='word_1_554' title='bbox 1036 4765 1193 4821; x_wconf 90' lang='lat' dir='ltr'><strong>ducta</strong></span> <span class='ocrx_word' id='word_1_555' title='bbox 1216 4811 1232 4836; x_wconf 93' lang='lat'><strong>,</strong></span> <span class='ocrx_word' id='word_1_556' title='bbox 1264 4785 1478 4842; x_wconf 92' lang='lat' dir='ltr'><strong>quoquo</strong></span> <span class='ocrx_word' id='word_1_557' title='bbox 1505 4773 1722 4830; x_wconf 92' lang='lat' dir='ltr'><strong>tandem</strong></span> <span class='ocrx_word' id='word_1_558' title='bbox 1757 4775 1915 4831; x_wconf 89' lang='lat' dir='ltr'><strong>modo</strong></span> <span class='ocrx_word' id='word_1_559' title='bbox 1944 4777 2218 4838; x_wconf 89' lang='lat' dir='ltr'><strong>inﬁrmare</strong></span> 
     </span>
    </p>
   </div>
   <div class='ocr_carea' id='block_1_81' title="bbox 615 4859 2217 4939">
    <p class='ocr_par' dir='ltr' id='par_1_81' title="bbox 615 4859 2217 4939">
     <span class='ocr_line' id='line_1_81' title="bbox 615 4859 2217 4939; baseline 0.009 -27"><span class='ocrx_word' id='word_1_560' title='bbox 615 4860 1052 4915; x_wconf 88' lang='lat' dir='ltr'><strong>conuitebantur.</strong></span> <span class='ocrx_word' id='word_1_561' title='bbox 1086 4859 1272 4931; x_wconf 88' lang='lat' dir='ltr'><strong>Itaque</strong></span> <span class='ocrx_word' id='word_1_562' title='bbox 1310 4865 1706 4934; x_wconf 87' lang='lat' dir='ltr'><strong>respondebant</strong></span> <span class='ocrx_word' id='word_1_563' title='bbox 1731 4884 1792 4923; x_wconf 89' lang='lat' dir='ltr'><strong>ea</strong></span> <span class='ocrx_word' id='word_1_564' title='bbox 1844 4884 1966 4939; x_wconf 76' lang='lat' dir='ltr'><strong>quae</strong></span> <span class='ocrx_word' id='word_1_565' title='bbox 1992 4871 2094 4926; x_wconf 91' lang='lat' dir='ltr'><strong>sibi</strong></span> <span class='ocrx_word' id='word_1_566' title='bbox 2123 4871 2217 4927; x_wconf 88' lang='lat' dir='ltr'><strong>ob-</strong></span> 
     </span>
    </p>
   </div>
   <div class='ocr_carea' id='block_1_82' title="bbox 607 4951 2216 5033">
    <p class='ocr_par' dir='ltr' id='par_1_82' title="bbox 607 4951 2216 5033">
     <span class='ocr_line' id='line_1_82' title="bbox 607 4951 2216 5033; baseline 0.009 -27"><span class='ocrx_word' id='word_1_567' title='bbox 607 4951 958 5020; x_wconf 82' lang='lat' dir='ltr'><strong>jiciebantnr,</strong></span> <span class='ocrx_word' id='word_1_568' title='bbox 993 4969 1091 5009; x_wconf 84' lang='lat' dir='ltr'><strong>nec</strong></span> <span class='ocrx_word' id='word_1_569' title='bbox 1117 4971 1314 5028; x_wconf 82' lang='lat' dir='ltr'><strong>negare</strong></span> <span class='ocrx_word' id='word_1_570' title='bbox 1330 4967 1422 5012; x_wconf 93' lang='lat' dir='ltr'><strong>aut</strong></span> <span class='ocrx_word' id='word_1_571' title='bbox 1447 4959 1787 5017; x_wconf 89' lang='lat' dir='ltr'><strong>dissimulare</strong></span> <span class='ocrx_word' id='word_1_572' title='bbox 1806 4970 2074 5033; x_wconf 78' lang='lat' dir='ltr'><strong>poterant,</strong></span> <span class='ocrx_word' id='word_1_573' title='bbox 2105 4974 2216 5021; x_wconf 86' lang='lat' dir='ltr'><strong>tur-</strong></span> 
     </span>
    </p>
   </div>
   <div class='ocr_carea' id='block_1_83' title="bbox 616 5045 2212 5127">
    <p class='ocr_par' dir='ltr' id='par_1_83' title="bbox 616 5045 2212 5127">
     <span class='ocr_line' id='line_1_83' title="bbox 616 5045 2212 5127; baseline 0.008 -26"><span class='ocrx_word' id='word_1_574' title='bbox 616 5049 704 5118; x_wconf 87' lang='lat' dir='ltr'><strong>pia</strong></span> <span class='ocrx_word' id='word_1_575' title='bbox 729 5045 954 5102; x_wconf 91' lang='lat' dir='ltr'><strong>deorum</strong></span> <span class='ocrx_word' id='word_1_576' title='bbox 972 5063 1188 5105; x_wconf 90' lang='lat' dir='ltr'><strong>suorum</strong></span> <span class='ocrx_word' id='word_1_577' title='bbox 1207 5055 1410 5109; x_wconf 89' lang='lat' dir='ltr'><strong>scelera</strong></span> <span class='ocrx_word' id='word_1_578' title='bbox 1430 5055 1480 5109; x_wconf 90' lang='lat' dir='ltr'><strong>in</strong></span> <span class='ocrx_word' id='word_1_579' title='bbox 1515 5056 1787 5126; x_wconf 85' lang='lat' dir='ltr'><strong>mysteriis</strong></span> <span class='ocrx_word' id='word_1_580' title='bbox 1809 5068 2212 5127; x_wconf 66' lang='lat' dir='ltr'><strong>repraesentata,</strong></span> 
     </span>
    </p>
   </div>
   <div class='ocr_carea' id='block_1_84' title="bbox 613 5139 2215 5217">
    <p class='ocr_par' dir='ltr' id='par_1_84' title="bbox 613 5139 2215 5217">
     <span class='ocr_line' id='line_1_84' title="bbox 613 5139 2215 5217; baseline 0.006 -22"><span class='ocrx_word' id='word_1_581' title='bbox 613 5139 930 5207; x_wconf 86' lang='lat' dir='ltr'><strong>neutiquam</strong></span> <span class='ocrx_word' id='word_1_582' title='bbox 957 5141 1210 5198; x_wconf 89' lang='lat' dir='ltr'><strong>debuisse</strong></span> <span class='ocrx_word' id='word_1_583' title='bbox 1239 5145 1304 5199; x_wconf 90' lang='lat' dir='ltr'><strong>ad</strong></span> <span class='ocrx_word' id='word_1_584' title='bbox 1337 5145 1590 5212; x_wconf 88' lang='lat' dir='ltr'><strong>litteram,</strong></span> <span class='ocrx_word' id='word_1_585' title='bbox 1622 5146 1716 5201; x_wconf 88' lang='lat' dir='ltr'><strong>sed</strong></span> <span class='ocrx_word' id='word_1_586' title='bbox 1744 5147 2035 5217; x_wconf 83' lang='lat' dir='ltr'><strong>allegorico</strong></span> <span class='ocrx_word' id='word_1_587' title='bbox 2061 5148 2215 5204; x_wconf 85' lang='lat' dir='ltr'><strong>altio-</strong></span> 
     </span>
    </p>
   </div>
   <div class='ocr_carea' id='block_1_85' title="bbox 611 5234 2209 5307">
    <p class='ocr_par' dir='ltr' id='par_1_85' title="bbox 611 5234 2209 5307">
     <span class='ocr_line' id='line_1_85' title="bbox 611 5234 2209 5307; baseline 0.007 -21"><span class='ocrx_word' id='word_1_588' title='bbox 611 5234 766 5303; x_wconf 88' lang='lat' dir='ltr'><strong>riqtte</strong></span> <span class='ocrx_word' id='word_1_589' title='bbox 814 5247 974 5287; x_wconf 91' lang='lat' dir='ltr'><strong>sensu</strong></span> <span class='ocrx_word' id='word_1_590' title='bbox 1010 5234 1252 5307; x_wconf 81' lang='lat' dir='ltr'><strong>intelligi.</strong></span> <span class='ocrx_word' id='word_1_591' title='bbox 1286 5237 1576 5294; x_wconf 83' lang='lat' dir='ltr'><strong>Peritiores</strong></span> <span class='ocrx_word' id='word_1_592' title='bbox 1601 5240 1810 5295; x_wconf 80' lang='lat' dir='ltr'><strong>‘etenim</strong></span> <span class='ocrx_word' id='word_1_593' title='bbox 1847 5239 2114 5296; x_wconf 87' lang='lat' dir='ltr'><strong>docebant</strong></span> <span class='ocrx_word' id='word_1_594' title='bbox 2156 5241 2209 5296; x_wconf 91' lang='lat' dir='ltr'><strong>in</strong></span> 
     </span>
    </p>
   </div>
   <div class='ocr_carea' id='block_1_86' title="bbox 606 5326 2212 5406">
    <p class='ocr_par' dir='ltr' id='par_1_86' title="bbox 606 5326 2212 5406">
     <span class='ocr_line' id='line_1_86' title="bbox 606 5326 2212 5406; baseline 0.006 -24"><span class='ocrx_word' id='word_1_595' title='bbox 606 5326 678 5382; x_wconf 88' lang='lat' dir='ltr'><strong>iis</strong></span> <span class='ocrx_word' id='word_1_596' title='bbox 714 5329 1004 5393; x_wconf 89' lang='lat' dir='ltr'><strong>omnibus,</strong></span> <span class='ocrx_word' id='word_1_597' title='bbox 1043 5334 1436 5400; x_wconf 89' lang='lat' dir='ltr'><strong>quantumlibet</strong></span> <span class='ocrx_word' id='word_1_598' title='bbox 1480 5335 1651 5404; x_wconf 86' lang='lat' dir='ltr'><strong>turpia</strong></span> <span class='ocrx_word' id='word_1_599' title='bbox 1701 5336 2040 5406; x_wconf 89' lang='lat' dir='ltr'><strong>obscenaque</strong></span> <span class='ocrx_word' id='word_1_600' title='bbox 2064 5334 2212 5390; x_wconf 88' lang='lat' dir='ltr'><strong>vide-</strong></span> 
     </span>
    </p>
   </div>
   <div class='ocr_carea' id='block_1_87' title="bbox 609 5421 2210 5497">
    <p class='ocr_par' dir='ltr' id='par_1_87' title="bbox 609 5421 2210 5497">
     <span class='ocr_line' id='line_1_87' title="bbox 609 5421 2210 5497; baseline 0.007 -25"><span class='ocrx_word' id='word_1_601' title='bbox 609 5426 831 5483; x_wconf 86' lang='lat' dir='ltr'><strong>rentur,</strong></span> <span class='ocrx_word' id='word_1_602' title='bbox 883 5421 1146 5477; x_wconf 90' lang='lat' dir='ltr'><strong>contiueri</strong></span> <span class='ocrx_word' id='word_1_603' title='bbox 1197 5424 1466 5495; x_wconf 83' lang='lat' dir='ltr'><strong>physicas,</strong></span> <span class='ocrx_word' id='word_1_604' title='bbox 1497 5427 1778 5497; x_wconf 87' lang='lat' dir='ltr'><strong>mysticas,</strong></span> <span class='ocrx_word' id='word_1_605' title='bbox 1827 5427 2099 5484; x_wconf 89' lang='lat' dir='ltr'><strong>mirabiles</strong></span> <span class='ocrx_word' id='word_1_606' title='bbox 2146 5443 2210 5484; x_wconf 89' lang='lat' dir='ltr'><strong>ac</strong></span> 
     </span>
    </p>
   </div>
   <div class='ocr_carea' id='block_1_88' title="bbox 610 5512 2204 5588">
    <p class='ocr_par' dir='ltr' id='par_1_88' title="bbox 610 5512 2204 5588">
     <span class='ocr_line' id='line_1_88' title="bbox 610 5512 2204 5588; baseline 0.008 -23"><span class='ocrx_word' id='word_1_607' title='bbox 610 5512 796 5581; x_wconf 89' lang='lat' dir='ltr'><strong>paucis</strong></span> <span class='ocrx_word' id='word_1_608' title='bbox 826 5514 1068 5582; x_wconf 83' lang='lat' dir='ltr'><strong>cognitas</strong></span> <span class='ocrx_word' id='word_1_609' title='bbox 1099 5516 1358 5574; x_wconf 83' lang='lat' dir='ltr'><strong>rationes.</strong></span> <span class='ocrx_word' id='word_1_610' title='bbox 1387 5517 1517 5572; x_wconf 89' lang='lat' dir='ltr'><strong>Nam</strong></span> <span class='ocrx_word' id='word_1_611' title='bbox 1531 5516 1706 5582; x_wconf 85' lang='lat' dir='ltr'><strong>Jovis,</strong></span> <span class='ocrx_word' id='word_1_612' title='bbox 1737 5517 2065 5588; x_wconf 89' lang='lat' dir='ltr'><strong>iuquiebant,</strong></span> <span class='ocrx_word' id='word_1_613' title='bbox 2085 5536 2204 5577; x_wconf 92' lang='lat' dir='ltr'><strong>cum</strong></span> 
     </span>
    </p>
   </div>
   <div class='ocr_carea' id='block_1_89' title="bbox 609 5599 2202 5681">
    <p class='ocr_par' dir='ltr' id='par_1_89' title="bbox 609 5599 2202 5681">
     <span class='ocr_line' id='line_1_89' title="bbox 609 5599 2202 5681; baseline 0.01 -27"><span class='ocrx_word' id='word_1_614' title='bbox 609 5599 828 5668; x_wconf 78' lang='lat' dir='ltr'><strong>Cerere,</strong></span> <span class='ocrx_word' id='word_1_615' title='bbox 863 5613 955 5658; x_wconf 85' lang='lat' dir='ltr'><strong>aut</strong></span> <span class='ocrx_word' id='word_1_616' title='bbox 988 5606 1094 5662; x_wconf 89' lang='lat' dir='ltr'><strong>ﬁlia</strong></span> <span class='ocrx_word' id='word_1_617' title='bbox 1136 5623 1230 5662; x_wconf 91' lang='lat' dir='ltr'><strong>sua</strong></span> <span class='ocrx_word' id='word_1_618' title='bbox 1261 5609 1601 5674; x_wconf 89' lang='lat' dir='ltr'><strong>concubitus,</strong></span> <span class='ocrx_word' id='word_1_619' title='bbox 1634 5617 1820 5677; x_wconf 86' lang='lat' dir='ltr'><strong>raptus</strong></span> <span class='ocrx_word' id='word_1_620' title='bbox 1847 5607 2202 5681; x_wconf 67' lang='lat' dir='ltr'><strong>Proserpina),</strong></span> 
     </span>
    </p>
   </div>
   <div class='ocr_carea' id='block_1_90' title="bbox 604 5695 2202 5774">
    <p class='ocr_par' dir='ltr' id='par_1_90' title="bbox 604 5695 2202 5774">
     <span class='ocr_line' id='line_1_90' title="bbox 604 5695 2202 5774; baseline 0.011 -31"><span class='ocrx_word' id='word_1_621' title='bbox 604 5702 655 5744; x_wconf 77' lang='lat' dir='ltr'><strong>et</strong></span> <span class='ocrx_word' id='word_1_622' title='bbox 687 5699 792 5754; x_wconf 82' lang='lat' dir='ltr'><strong>alia</strong></span> <span class='ocrx_word' id='word_1_623' title='bbox 821 5695 1070 5763; x_wconf 80' lang='lat' dir='ltr'><strong>quzelihet</strong></span> <span class='ocrx_word' id='word_1_624' title='bbox 1115 5701 1198 5757; x_wconf 91' lang='lat' dir='ltr'><strong>his</strong></span> <span class='ocrx_word' id='word_1_625' title='bbox 1225 5700 1416 5758; x_wconf 89' lang='lat' dir='ltr'><strong>similia</strong></span> <span class='ocrx_word' id='word_1_626' title='bbox 1446 5701 1578 5757; x_wconf 88' lang='lat' dir='ltr'><strong>nihil</strong></span> <span class='ocrx_word' id='word_1_627' title='bbox 1609 5698 1985 5774; x_wconf 86' lang='lat' dir='ltr'><strong>signiﬁcabant</strong></span> <span class='ocrx_word' id='word_1_628' title='bbox 2015 5703 2156 5760; x_wconf 87' lang='lat' dir='ltr'><strong>aliud</strong></span> <span class='ocrx_word' id='word_1_629' title='bbox 2187 5750 2202 5774; x_wconf 95' lang='lat'><strong>,</strong></span> 
     </span>
    </p>
   </div>
   <div class='ocr_carea' id='block_1_91' title="bbox 593 5789 2208 5874">
    <p class='ocr_par' dir='ltr' id='par_1_91' title="bbox 593 5789 2208 5874">
     <span class='ocr_line' id='line_1_91' title="bbox 593 5789 2208 5874; baseline 0.009 -31"><span class='ocrx_word' id='word_1_630' title='bbox 593 5789 697 5847; x_wconf 83' lang='lat' dir='ltr'><strong>nisi</strong></span> <span class='ocrx_word' id='word_1_631' title='bbox 717 5789 985 5869; x_wconf 85' lang='lat' dir='ltr'><strong>pluviam,</strong></span> <span class='ocrx_word' id='word_1_632' title='bbox 1015 5795 1282 5861; x_wconf 90' lang='lat' dir='ltr'><strong>tellurem,</strong></span> <span class='ocrx_word' id='word_1_633' title='bbox 1314 5797 1568 5867; x_wconf 86' lang='lat' dir='ltr'><strong>imbrem,</strong></span> <span class='ocrx_word' id='word_1_634' title='bbox 1597 5798 1825 5864; x_wconf 81' lang='lat' dir='ltr'><strong>semina.</strong></span> <span class='ocrx_word' id='word_1_635' title='bbox 1853 5797 2098 5874; x_wconf 84' lang='lat' dir='ltr'><strong>aliasque</strong></span> <span class='ocrx_word' id='word_1_636' title='bbox 2118 5815 2208 5858; x_wconf 91' lang='lat' dir='ltr'><strong>res</strong></span> 
     </span>
    </p>
   </div>
   <div class='ocr_carea' id='block_1_92' title="bbox 2324 3253 3930 3336">
    <p class='ocr_par' dir='ltr' id='par_1_92' title="bbox 2324 3253 3930 3336">
     <span class='ocr_line' id='line_1_92' title="bbox 2324 3253 3930 3336; baseline 0.012 -28"><span class='ocrx_word' id='word_1_637' title='bbox 2324 3253 2661 3310; x_wconf 90' lang='lat' dir='ltr'><strong>ethnicorum</strong></span> <span class='ocrx_word' id='word_1_638' title='bbox 2680 3272 2960 3328; x_wconf 87' lang='lat' dir='ltr'><strong>responsa,</strong></span> <span class='ocrx_word' id='word_1_639' title='bbox 3003 3276 3279 3334; x_wconf 89' lang='lat' dir='ltr'><strong>vanasque</strong></span> <span class='ocrx_word' id='word_1_640' title='bbox 3309 3264 3703 3336; x_wconf 86' lang='lat' dir='ltr'><strong>explicationes</strong></span> <span class='ocrx_word' id='word_1_641' title='bbox 3731 3271 3808 3325; x_wconf 88' lang='lat' dir='ltr'><strong>ab</strong></span> <span class='ocrx_word' id='word_1_642' title='bbox 3831 3273 3930 3327; x_wconf 58' lang='lat' dir='ltr'><strong>Ar.</strong></span> 
     </span>
    </p>
   </div>
   <div class='ocr_carea' id='block_1_93' title="bbox 2323 3349 3933 3432">
    <p class='ocr_par' dir='ltr' id='par_1_93' title="bbox 2323 3349 3933 3432">
     <span class='ocr_line' id='line_1_93' title="bbox 2323 3349 3933 3432; baseline 0.012 -29"><span class='ocrx_word' id='word_1_643' title='bbox 2323 3349 2488 3405; x_wconf 90' lang='lat' dir='ltr'><strong>nobio</strong></span> <span class='ocrx_word' id='word_1_644' title='bbox 2513 3363 2700 3406; x_wconf 85' lang='lat' dir='ltr'><strong>nostro</strong></span> <span class='ocrx_word' id='word_1_645' title='bbox 2728 3352 2958 3424; x_wconf 90' lang='lat' dir='ltr'><strong>aliisque</strong></span> <span class='ocrx_word' id='word_1_646' title='bbox 2986 3354 3242 3412; x_wconf 81' lang='lat' dir='ltr'><strong>Ecclesiae</strong></span> <span class='ocrx_word' id='word_1_647' title='bbox 3273 3357 3524 3415; x_wconf 86' lang='lat' dir='ltr'><strong>Patribus</strong></span> <span class='ocrx_word' id='word_1_648' title='bbox 3565 3363 3814 3432; x_wconf 90' lang='lat' dir='ltr'><strong>stirpitus</strong></span> <span class='ocrx_word' id='word_1_649' title='bbox 3840 3381 3933 3421; x_wconf 75' lang='lat' dir='ltr'><strong>ex-</strong></span> 
     </span>
    </p>
   </div>
   <div class='ocr_carea' id='block_1_94' title="bbox 2323 3441 3932 3518">
    <p class='ocr_par' dir='ltr' id='par_1_94' title="bbox 2323 3441 3932 3518">
     <span class='ocr_line' id='line_1_94' title="bbox 2323 3441 3932 3518; baseline 0.011 -23"><span class='ocrx_word' id='word_1_650' title='bbox 2323 3441 2486 3496; x_wconf 90' lang='lat' dir='ltr'><strong>trahi.</strong></span> <span class='ocrx_word' id='word_1_651' title='bbox 2515 3442 2633 3511; x_wconf 93' lang='lat' dir='ltr'><strong>Quo</strong></span> <span class='ocrx_word' id='word_1_652' title='bbox 2662 3444 2806 3499; x_wconf 87' lang='lat' dir='ltr'><strong>enim</strong></span> <span class='ocrx_word' id='word_1_653' title='bbox 2837 3456 2992 3515; x_wconf 86' lang='lat' dir='ltr'><strong>pacto</strong></span> <span class='ocrx_word' id='word_1_654' title='bbox 3022 3489 3036 3512; x_wconf 95' lang='lat'><strong>,</strong></span> <span class='ocrx_word' id='word_1_655' title='bbox 3085 3448 3162 3502; x_wconf 88' lang='lat' dir='ltr'><strong>ait</strong></span> <span class='ocrx_word' id='word_1_656' title='bbox 3189 3459 3379 3505; x_wconf 91' lang='lat' dir='ltr'><strong>auctor</strong></span> <span class='ocrx_word' id='word_1_657' title='bbox 3397 3461 3606 3518; x_wconf 91' lang='lat' dir='ltr'><strong>noster,</strong></span> <span class='ocrx_word' id='word_1_658' title='bbox 3639 3454 3724 3509; x_wconf 70' lang='lat' dir='ltr'><strong>ha:</strong></span> <span class='ocrx_word' id='word_1_659' title='bbox 3759 3456 3932 3512; x_wconf 80' lang='lat' dir='ltr'><strong>inter-</strong></span> 
     </span>
    </p>
   </div>
   <div class='ocr_carea' id='block_1_95' title="bbox 2322 3537 3930 3621">
    <p class='ocr_par' dir='ltr' id='par_1_95' title="bbox 2322 3537 3930 3621">
     <span class='ocr_line' id='line_1_95' title="bbox 2322 3537 3930 3621; baseline 0.011 -30"><span class='ocrx_word' id='word_1_660' title='bbox 2322 3537 2650 3606; x_wconf 86' lang='lat' dir='ltr'><strong>pretationes</strong></span> <span class='ocrx_word' id='word_1_661' title='bbox 2672 3538 2960 3608; x_wconf 87' lang='lat' dir='ltr'><strong>prohibere</strong></span> <span class='ocrx_word' id='word_1_662' title='bbox 2984 3551 3208 3610; x_wconf 89' lang='lat' dir='ltr'><strong>possunt</strong></span> <span class='ocrx_word' id='word_1_663' title='bbox 3229 3541 3468 3616; x_wconf 79' lang='lat' dir='ltr'><strong>(Arnob.,</strong></span> <span class='ocrx_word' id='word_1_664' title='bbox 3492 3545 3581 3602; x_wconf 82' lang='lat' dir='ltr'><strong>lib.</strong></span> <span class='ocrx_word' id='word_1_665' title='bbox 3601 3564 3652 3615; x_wconf 89' lang='lat' dir='ltr'><strong>v,</strong></span> <span class='ocrx_word' id='word_1_666' title='bbox 3679 3567 3810 3621; x_wconf 80' lang='lat' dir='ltr'><strong>pag.</strong></span> <span class='ocrx_word' id='word_1_667' title='bbox 3828 3552 3930 3608; x_wconf 70' lang='lat'><strong>180</strong></span> 
     </span>
    </p>
   </div>
   <div class='ocr_carea' id='block_1_96' title="bbox 2323 3630 3928 3712">
    <p class='ocr_par' dir='ltr' id='par_1_96' title="bbox 2323 3630 3928 3712">
     <span class='ocr_line' id='line_1_96' title="bbox 2323 3630 3928 3712; baseline 0.009 -29"><span class='ocrx_word' id='word_1_668' title='bbox 2323 3639 2371 3683; x_wconf 82' lang='lat' dir='ltr'><strong>et</strong></span> <span class='ocrx_word' id='word_1_669' title='bbox 2419 3630 2585 3703; x_wconf 83' lang='lat' dir='ltr'><strong>seqq.)</strong></span> <span class='ocrx_word' id='word_1_670' title='bbox 2629 3632 2759 3702; x_wconf 91' lang='lat' dir='ltr'><strong>quin</strong></span> <span class='ocrx_word' id='word_1_671' title='bbox 2803 3647 2902 3698; x_wconf 89' lang='lat' dir='ltr'><strong>ea,</strong></span> <span class='ocrx_word' id='word_1_672' title='bbox 2949 3649 3068 3704; x_wconf 70' lang='lat' dir='ltr'><strong>qua:</strong></span> <span class='ocrx_word' id='word_1_673' title='bbox 3119 3635 3187 3690; x_wconf 91' lang='lat' dir='ltr'><strong>de</strong></span> <span class='ocrx_word' id='word_1_674' title='bbox 3242 3636 3345 3691; x_wconf 90' lang='lat' dir='ltr'><strong>diis</strong></span> <span class='ocrx_word' id='word_1_675' title='bbox 3391 3639 3590 3709; x_wconf 88' lang='lat' dir='ltr'><strong>scripta</strong></span> <span class='ocrx_word' id='word_1_676' title='bbox 3647 3641 3928 3712; x_wconf 87' lang='lat' dir='ltr'><strong>legimus,</strong></span> 
     </span>
    </p>
   </div>
   <div class='ocr_carea' id='block_1_97' title="bbox 2322 3727 3925 3812">
    <p class='ocr_par' dir='ltr' id='par_1_97' title="bbox 2322 3727 3925 3812">
     <span class='ocr_line' id='line_1_97' title="bbox 2322 3727 3925 3812; baseline 0.011 -34"><span class='ocrx_word' id='word_1_677' title='bbox 2322 3735 2484 3797; x_wconf 89' lang='lat' dir='ltr'><strong>prout</strong></span> <span class='ocrx_word' id='word_1_678' title='bbox 2513 3727 2673 3782; x_wconf 88' lang='lat' dir='ltr'><strong>verba</strong></span> <span class='ocrx_word' id='word_1_679' title='bbox 2691 3740 2906 3797; x_wconf 89' lang='lat' dir='ltr'><strong>sonant,</strong></span> <span class='ocrx_word' id='word_1_680' title='bbox 2936 3735 3044 3786; x_wconf 89' lang='lat' dir='ltr'><strong>sint</strong></span> <span class='ocrx_word' id='word_1_681' title='bbox 3069 3732 3332 3803; x_wconf 85' lang='lat' dir='ltr'><strong>ﬂagitiosa</strong></span> <span class='ocrx_word' id='word_1_682' title='bbox 3379 3751 3443 3791; x_wconf 88' lang='lat' dir='ltr'><strong>ac</strong></span> <span class='ocrx_word' id='word_1_683' title='bbox 3468 3738 3691 3793; x_wconf 88' lang='lat' dir='ltr'><strong>omnino</strong></span> <span class='ocrx_word' id='word_1_684' title='bbox 3715 3741 3925 3812; x_wconf 76' lang='lat' dir='ltr'><strong>impia?</strong></span> 
     </span>
    </p>
   </div>
   <div class='ocr_carea' id='block_1_98' title="bbox 2322 3821 3918 3902">
    <p class='ocr_par' dir='ltr' id='par_1_98' title="bbox 2322 3821 3918 3902">
     <span class='ocr_line' id='line_1_98' title="bbox 2322 3821 3918 3902; baseline 0.009 -26"><span class='ocrx_word' id='word_1_685' title='bbox 2322 3821 2455 3891; x_wconf 87' lang='lat' dir='ltr'><strong>Quis</strong></span> <span class='ocrx_word' id='word_1_686' title='bbox 2483 3838 2613 3880; x_wconf 85' lang='lat' dir='ltr'><strong>vero</strong></span> <span class='ocrx_word' id='word_1_687' title='bbox 2633 3840 2696 3880; x_wconf 89' lang='lat' dir='ltr'><strong>ea</strong></span> <span class='ocrx_word' id='word_1_688' title='bbox 2721 3826 3008 3898; x_wconf 87' lang='lat' dir='ltr'><strong>allegorico</strong></span> <span class='ocrx_word' id='word_1_689' title='bbox 3027 3838 3231 3884; x_wconf 82' lang='lat' dir='ltr'><strong>tantum</strong></span> <span class='ocrx_word' id='word_1_690' title='bbox 3263 3845 3428 3886; x_wconf 85' lang='lat' dir='ltr'><strong>sensu</strong></span> <span class='ocrx_word' id='word_1_691' title='bbox 3444 3832 3764 3902; x_wconf 86' lang='lat' dir='ltr'><strong>explicanda</strong></span> <span class='ocrx_word' id='word_1_692' title='bbox 3790 3851 3918 3892; x_wconf 90' lang='lat' dir='ltr'><strong>esse</strong></span> 
     </span>
    </p>
   </div>
   <div class='ocr_carea' id='block_1_99' title="bbox 2324 3914 3923 3992">
    <p class='ocr_par' dir='ltr' id='par_1_99' title="bbox 2324 3914 3923 3992">
     <span class='ocr_line' id='line_1_99' title="bbox 2324 3914 3923 3992; baseline 0.009 -23"><span class='ocrx_word' id='word_1_693' title='bbox 2324 3914 2560 3985; x_wconf 88' lang='lat' dir='ltr'><strong>probare</strong></span> <span class='ocrx_word' id='word_1_694' title='bbox 2603 3917 2839 3988; x_wconf 85' lang='lat' dir='ltr'><strong>poterit?</strong></span> <span class='ocrx_word' id='word_1_695' title='bbox 2863 3918 2918 3974; x_wconf 91' lang='lat' dir='ltr'><strong>Si</strong></span> <span class='ocrx_word' id='word_1_696' title='bbox 2948 3920 3033 3975; x_wconf 91' lang='lat' dir='ltr'><strong>hic</strong></span> <span class='ocrx_word' id='word_1_697' title='bbox 3063 3921 3342 3976; x_wconf 84' lang='lat' dir='ltr'><strong>enimvero</strong></span> <span class='ocrx_word' id='word_1_698' title='bbox 3368 3939 3591 3992; x_wconf 91' lang='lat' dir='ltr'><strong>sensus,</strong></span> <span class='ocrx_word' id='word_1_699' title='bbox 3625 3927 3782 3982; x_wconf 87' lang='lat' dir='ltr'><strong>sicuti</strong></span> <span class='ocrx_word' id='word_1_700' title='bbox 3806 3929 3923 3983; x_wconf 88' lang='lat' dir='ltr'><strong>aie-</strong></span> 
     </span>
    </p>
   </div>
   <div class='ocr_carea' id='block_1_100' title="bbox 2321 4007 3927 4088">
    <p class='ocr_par' dir='ltr' id='par_1_100' title="bbox 2321 4007 3927 4088">
     <span class='ocr_line' id='line_1_100' title="bbox 2321 4007 3927 4088; baseline 0.007 -26"><span class='ocrx_word' id='word_1_701' title='bbox 2321 4007 2452 4062; x_wconf 89' lang='lat' dir='ltr'><strong>bant</strong></span> <span class='ocrx_word' id='word_1_702' title='bbox 2473 4051 2487 4074; x_wconf 97' lang='lat'><strong>,</strong></span> <span class='ocrx_word' id='word_1_703' title='bbox 2547 4009 2789 4065; x_wconf 90' lang='lat' dir='ltr'><strong>occultus</strong></span> <span class='ocrx_word' id='word_1_704' title='bbox 2828 4020 2910 4066; x_wconf 92' lang='lat' dir='ltr'><strong>est</strong></span> <span class='ocrx_word' id='word_1_705' title='bbox 2937 4054 2952 4080; x_wconf 96' lang='lat'><strong>,</strong></span> <span class='ocrx_word' id='word_1_706' title='bbox 2981 4013 3101 4082; x_wconf 91' lang='lat' dir='ltr'><strong>quis</strong></span> <span class='ocrx_word' id='word_1_707' title='bbox 3127 4014 3276 4067; x_wconf 89' lang='lat' dir='ltr'><strong>illum</strong></span> <span class='ocrx_word' id='word_1_708' title='bbox 3306 4016 3594 4084; x_wconf 89' lang='lat' dir='ltr'><strong>gentilibus</strong></span> <span class='ocrx_word' id='word_1_709' title='bbox 3628 4018 3879 4088; x_wconf 80' lang='lat' dir='ltr'><strong>patefecit</strong></span> <span class='ocrx_word' id='word_1_710' title='bbox 3902 4024 3927 4075; x_wconf 88' lang='lat'><strong>?</strong></span> 
     </span>
    </p>
   </div>
   <div class='ocr_carea' id='block_1_101' title="bbox 2321 4100 3928 4182">
    <p class='ocr_par' dir='ltr' id='par_1_101' title="bbox 2321 4100 3928 4182">
     <span class='ocr_line' id='line_1_101' title="bbox 2321 4100 3928 4182; baseline 0.007 -26"><span class='ocrx_word' id='word_1_711' title='bbox 2321 4100 2511 4158; x_wconf 89' lang='lat' dir='ltr'><strong>Nonne</strong></span> <span class='ocrx_word' id='word_1_712' title='bbox 2538 4104 2699 4159; x_wconf 86' lang='lat' dir='ltr'><strong>etiam</strong></span> <span class='ocrx_word' id='word_1_713' title='bbox 2732 4105 2915 4176; x_wconf 88' lang='lat' dir='ltr'><strong>plures</strong></span> <span class='ocrx_word' id='word_1_714' title='bbox 2941 4106 3123 4163; x_wconf 85' lang='lat' dir='ltr'><strong>aﬁerri</strong></span> <span class='ocrx_word' id='word_1_715' title='bbox 3146 4119 3373 4178; x_wconf 88' lang='lat' dir='ltr'><strong>possunt</strong></span> <span class='ocrx_word' id='word_1_716' title='bbox 3396 4111 3552 4165; x_wconf 90' lang='lat' dir='ltr'><strong>unius</strong></span> <span class='ocrx_word' id='word_1_717' title='bbox 3578 4123 3632 4167; x_wconf 90' lang='lat' dir='ltr'><strong>et</strong></span> <span class='ocrx_word' id='word_1_718' title='bbox 3673 4112 3928 4182; x_wconf 80' lang='lat' dir='ltr'><strong>ejusdem</strong></span> 
     </span>
    </p>
   </div>
   <div class='ocr_carea' id='block_1_102' title="bbox 2323 4193 3930 4278">
    <p class='ocr_par' dir='ltr' id='par_1_102' title="bbox 2323 4193 3930 4278">
     <span class='ocr_line' id='line_1_102' title="bbox 2323 4193 3930 4278; baseline 0.009 -30"><span class='ocrx_word' id='word_1_719' title='bbox 2323 4193 2562 4250; x_wconf 70' lang='lat' dir='ltr'><strong>historiae</strong></span> <span class='ocrx_word' id='word_1_720' title='bbox 2591 4237 2607 4262; x_wconf 97' lang='lat'><strong>,</strong></span> <span class='ocrx_word' id='word_1_721' title='bbox 2650 4197 2800 4252; x_wconf 87' lang='lat' dir='ltr'><strong>verbi</strong></span> <span class='ocrx_word' id='word_1_722' title='bbox 2833 4201 3023 4270; x_wconf 88' lang='lat' dir='ltr'><strong>gratia,</strong></span> <span class='ocrx_word' id='word_1_723' title='bbox 3055 4200 3124 4256; x_wconf 92' lang='lat' dir='ltr'><strong>de</strong></span> <span class='ocrx_word' id='word_1_724' title='bbox 3149 4201 3282 4257; x_wconf 85' lang='lat' dir='ltr'><strong>Jove</strong></span> <span class='ocrx_word' id='word_1_725' title='bbox 3311 4213 3365 4257; x_wconf 80' lang='lat' dir='ltr'><strong>et</strong></span> <span class='ocrx_word' id='word_1_726' title='bbox 3393 4202 3592 4260; x_wconf 90' lang='lat' dir='ltr'><strong>Cerere</strong></span> <span class='ocrx_word' id='word_1_727' title='bbox 3609 4208 3930 4278; x_wconf 76' lang='lat' dir='ltr'><strong>explicatio-</strong></span> 
     </span>
    </p>
   </div>
   <div class='ocr_carea' id='block_1_103' title="bbox 2325 4292 3932 4376">
    <p class='ocr_par' dir='ltr' id='par_1_103' title="bbox 2325 4292 3932 4376">
     <span class='ocr_line' id='line_1_103' title="bbox 2325 4292 3932 4376; baseline 0.01 -30"><span class='ocrx_word' id='word_1_728' title='bbox 2325 4293 2461 4347; x_wconf 90' lang='lat' dir='ltr'><strong>nes?</strong></span> <span class='ocrx_word' id='word_1_729' title='bbox 2488 4292 2619 4362; x_wconf 90' lang='lat' dir='ltr'><strong>Quis</strong></span> <span class='ocrx_word' id='word_1_730' title='bbox 2647 4310 2779 4366; x_wconf 90' lang='lat' dir='ltr'><strong>ergo</strong></span> <span class='ocrx_word' id='word_1_731' title='bbox 2807 4312 2966 4351; x_wconf 91' lang='lat' dir='ltr'><strong>unam</strong></span> <span class='ocrx_word' id='word_1_732' title='bbox 2993 4299 3192 4368; x_wconf 90' lang='lat' dir='ltr'><strong>potius,</strong></span> <span class='ocrx_word' id='word_1_733' title='bbox 3222 4315 3380 4370; x_wconf 89' lang='lat' dir='ltr'><strong>quam</strong></span> <span class='ocrx_word' id='word_1_734' title='bbox 3412 4300 3594 4369; x_wconf 79' lang='lat' dir='ltr'><strong>aliain,</strong></span> <span class='ocrx_word' id='word_1_735' title='bbox 3627 4318 3814 4359; x_wconf 78' lang='lat' dir='ltr'><strong>veram</strong></span> <span class='ocrx_word' id='word_1_736' title='bbox 3843 4320 3932 4376; x_wconf 61' lang='lat' dir='ltr'><strong>ge</strong></span> 
     </span>
    </p>
   </div>
   <div class='ocr_carea' id='block_1_104' title="bbox 2325 4386 3493 4462">
    <p class='ocr_par' dir='ltr' id='par_1_104' title="bbox 2325 4386 3493 4462">
     <span class='ocr_line' id='line_1_104' title="bbox 2325 4386 3493 4462; baseline 0.006 -23"><span class='ocrx_word' id='word_1_737' title='bbox 2325 4386 2659 4457; x_wconf 89' lang='lat' dir='ltr'><strong>nuinamque</strong></span> <span class='ocrx_word' id='word_1_738' title='bbox 2687 4403 2810 4444; x_wconf 90' lang='lat' dir='ltr'><strong>esse</strong></span> <span class='ocrx_word' id='word_1_739' title='bbox 2839 4399 2990 4444; x_wconf 91' lang='lat' dir='ltr'><strong>certo</strong></span> <span class='ocrx_word' id='word_1_740' title='bbox 3023 4391 3180 4446; x_wconf 92' lang='lat' dir='ltr'><strong>nobis</strong></span> <span class='ocrx_word' id='word_1_741' title='bbox 3207 4393 3493 4462; x_wconf 80' lang='lat' dir='ltr'><strong>probabit?</strong></span> 
     </span>
    </p>
   </div>
   <div class='ocr_carea' id='block_1_105' title="bbox 2393 4479 3934 4563">
    <p class='ocr_par' dir='ltr' id='par_1_105' title="bbox 2393 4479 3934 4563">
     <span class='ocr_line' id='line_1_105' title="bbox 2393 4479 3934 4563; baseline 0.008 -29"><span class='ocrx_word' id='word_1_742' title='bbox 2393 4479 2508 4550; x_wconf 84' lang='lat' dir='ltr'><strong>Age</strong></span> <span class='ocrx_word' id='word_1_743' title='bbox 2540 4495 2700 4547; x_wconf 88' lang='lat' dir='ltr'><strong>vero;</strong></span> <span class='ocrx_word' id='word_1_744' title='bbox 2741 4483 2998 4554; x_wconf 91' lang='lat' dir='ltr'><strong>numquid</strong></span> <span class='ocrx_word' id='word_1_745' title='bbox 3037 4499 3228 4540; x_wconf 91' lang='lat' dir='ltr'><strong>omnes</strong></span> <span class='ocrx_word' id='word_1_746' title='bbox 3255 4485 3500 4555; x_wconf 90' lang='lat' dir='ltr'><strong>ejusdem</strong></span> <span class='ocrx_word' id='word_1_747' title='bbox 3526 4486 3774 4546; x_wconf 69' lang='lat' dir='ltr'><strong>historia:</strong></span> <span class='ocrx_word' id='word_1_748' title='bbox 3808 4507 3934 4563; x_wconf 85' lang='lat' dir='ltr'><strong>par-</strong></span> 
     </span>
    </p>
   </div>
   <div class='ocr_carea' id='block_1_106' title="bbox 2243 4557 3928 4652">
    <p class='ocr_par' dir='ltr' id='par_1_106' title="bbox 2243 4557 3928 4652">
     <span class='ocr_line' id='line_1_106' title="bbox 2243 4557 3928 4652; baseline 0.009 -27"><span class='ocrx_word' id='word_1_749' title='bbox 2243 4557 2296 4618; x_wconf 86' lang='grc' dir='ltr'><strong>Ῑ)</strong></span> <span class='ocrx_word' id='word_1_750' title='bbox 2321 4579 2401 4627; x_wconf 87' lang='lat' dir='ltr'><strong>tes</strong></span> <span class='ocrx_word' id='word_1_751' title='bbox 2431 4587 2593 4628; x_wconf 88' lang='lat' dir='ltr'><strong>sensu</strong></span> <span class='ocrx_word' id='word_1_752' title='bbox 2615 4573 2908 4645; x_wconf 85' lang='lat' dir='ltr'><strong>allegorico</strong></span> <span class='ocrx_word' id='word_1_753' title='bbox 2938 4576 3298 4648; x_wconf 73' lang='lat' dir='ltr'><strong>intelligenda:</strong></span> <span class='ocrx_word' id='word_1_754' title='bbox 3326 4579 3496 4634; x_wconf 83' lang='lat' dir='ltr'><strong>sunt?</strong></span> <span class='ocrx_word' id='word_1_755' title='bbox 3517 4579 3708 4652; x_wconf 82' lang='lat' dir='ltr'><strong>(lbid.,</strong></span> <span class='ocrx_word' id='word_1_756' title='bbox 3733 4600 3791 4646; x_wconf 76' lang='grc' dir='ltr'>ρ.</span> <span class='ocrx_word' id='word_1_757' title='bbox 3808 4557 3928 4640; x_wconf 44' lang='grc'><strong>’189</strong></span> 
     </span>
    </p>
   </div>
   <div class='ocr_carea' id='block_1_107' title="bbox 2324 4665 3934 4742">
    <p class='ocr_par' dir='ltr' id='par_1_107' title="bbox 2324 4665 3934 4742">
     <span class='ocr_line' id='line_1_107' title="bbox 2324 4665 3934 4742; baseline 0.009 -22"><span class='ocrx_word' id='word_1_758' title='bbox 2324 4675 2370 4720; x_wconf 83' lang='lat' dir='ltr'><strong>et</strong></span> <span class='ocrx_word' id='word_1_759' title='bbox 2393 4665 2555 4737; x_wconf 83' lang='lat' dir='ltr'><strong>seqq.)</strong></span> <span class='ocrx_word' id='word_1_760' title='bbox 2586 4665 2691 4722; x_wconf 91' lang='lat' dir='ltr'><strong>Sed</strong></span> <span class='ocrx_word' id='word_1_761' title='bbox 2725 4669 2844 4738; x_wconf 89' lang='lat' dir='ltr'><strong>quis</strong></span> <span class='ocrx_word' id='word_1_762' title='bbox 2874 4669 3030 4725; x_wconf 89' lang='lat' dir='ltr'><strong>nobis</strong></span> <span class='ocrx_word' id='word_1_763' title='bbox 3059 4686 3314 4742; x_wconf 86' lang='lat' dir='ltr'><strong>umquam</strong></span> <span class='ocrx_word' id='word_1_764' title='bbox 3343 4671 3636 4729; x_wconf 88' lang='lat' dir='ltr'><strong>edisseruit</strong></span> <span class='ocrx_word' id='word_1_765' title='bbox 3653 4686 3747 4731; x_wconf 86' lang='lat' dir='ltr'><strong>aut</strong></span> <span class='ocrx_word' id='word_1_766' title='bbox 3784 4677 3934 4733; x_wconf 81' lang='lat' dir='ltr'><strong>edis—</strong></span> 
     </span>
    </p>
   </div>
   <div class='ocr_carea' id='block_1_108' title="bbox 2322 4743 3934 4837">
    <p class='ocr_par' dir='ltr' id='par_1_108' title="bbox 2322 4743 3934 4837">
     <span class='ocr_line' id='line_1_108' title="bbox 2322 4743 3934 4837; baseline 0.008 -24"><span class='ocrx_word' id='word_1_767' title='bbox 2322 4772 2508 4815; x_wconf 88' lang='lat' dir='ltr'><strong>serere</strong></span> <span class='ocrx_word' id='word_1_768' title='bbox 2549 4761 2724 4830; x_wconf 88' lang='lat' dir='ltr'><strong>potuit</strong></span> <span class='ocrx_word' id='word_1_769' title='bbox 2750 4761 2876 4832; x_wconf 89' lang='lat' dir='ltr'><strong>quid</strong></span> <span class='ocrx_word' id='word_1_770' title='bbox 2921 4743 3126 4827; x_wconf 66' lang='lat' dir='ltr'><strong>Brimo,</strong></span> <span class='ocrx_word' id='word_1_771' title='bbox 3155 4763 3284 4835; x_wconf 92' lang='lat' dir='ltr'><strong>quid</strong></span> <span class='ocrx_word' id='word_1_772' title='bbox 3318 4763 3522 4831; x_wconf 84' lang='lat' dir='ltr'><strong>Baubo,</strong></span> <span class='ocrx_word' id='word_1_773' title='bbox 3555 4766 3686 4837; x_wconf 89' lang='lat' dir='ltr'><strong>quid</strong></span> <span class='ocrx_word' id='word_1_774' title='bbox 3719 4767 3934 4826; x_wconf 71' lang='lat' dir='ltr'><strong>Hennte</strong></span> 
     </span>
    </p>
   </div>
   <div class='ocr_carea' id='block_1_109' title="bbox 2320 4853 3935 4934">
    <p class='ocr_par' dir='ltr' id='par_1_109' title="bbox 2320 4853 3935 4934">
     <span class='ocr_line' id='line_1_109' title="bbox 2320 4853 3935 4934; baseline 0.008 -26"><span class='ocrx_word' id='word_1_775' title='bbox 2320 4868 2509 4909; x_wconf 84' lang='lat' dir='ltr'><strong>nemus</strong></span> <span class='ocrx_word' id='word_1_776' title='bbox 2530 4863 2586 4910; x_wconf 81' lang='lat' dir='ltr'><strong>et</strong></span> <span class='ocrx_word' id='word_1_777' title='bbox 2615 4853 2796 4924; x_wconf 82' lang='lat' dir='ltr'><strong>ﬂores,</strong></span> <span class='ocrx_word' id='word_1_778' title='bbox 2827 4856 2954 4926; x_wconf 88' lang='lat' dir='ltr'><strong>qttid</strong></span> <span class='ocrx_word' id='word_1_779' title='bbox 2997 4857 3176 4913; x_wconf 66' lang='lat' dir='ltr'><strong>JEtnte</strong></span> <span class='ocrx_word' id='word_1_780' title='bbox 3217 4858 3354 4930; x_wconf 85' lang='lat' dir='ltr'><strong>ignis</strong></span> <span class='ocrx_word' id='word_1_781' title='bbox 3384 4871 3439 4915; x_wconf 88' lang='lat' dir='ltr'><strong>et</strong></span> <span class='ocrx_word' id='word_1_782' title='bbox 3468 4861 3634 4928; x_wconf 80' lang='lat' dir='ltr'><strong>faces,</strong></span> <span class='ocrx_word' id='word_1_783' title='bbox 3668 4864 3802 4934; x_wconf 85' lang='lat' dir='ltr'><strong>quid</strong></span> <span class='ocrx_word' id='word_1_784' title='bbox 3832 4867 3935 4920; x_wconf 82' lang='lat' dir='ltr'><strong>At-</strong></span> 
     </span>
    </p>
   </div>
   <div class='ocr_carea' id='block_1_110' title="bbox 2321 4945 3932 5024">
    <p class='ocr_par' dir='ltr' id='par_1_110' title="bbox 2321 4945 3932 5024">
     <span class='ocr_line' id='line_1_110' title="bbox 2321 4945 3932 5024; baseline 0.01 -26"><span class='ocrx_word' id='word_1_785' title='bbox 2321 4945 2426 5000; x_wconf 87' lang='lat' dir='ltr'><strong>tica</strong></span> <span class='ocrx_word' id='word_1_786' title='bbox 2456 4946 2626 5017; x_wconf 85' lang='lat' dir='ltr'><strong>regio,</strong></span> <span class='ocrx_word' id='word_1_787' title='bbox 2653 4947 2782 5018; x_wconf 92' lang='lat' dir='ltr'><strong>quid</strong></span> <span class='ocrx_word' id='word_1_788' title='bbox 2813 4963 2979 5019; x_wconf 84' lang='lat' dir='ltr'><strong>pagus</strong></span> <span class='ocrx_word' id='word_1_789' title='bbox 3008 4949 3340 5024; x_wconf 73' lang='lat' dir='ltr'><strong>Eleusinius,</strong></span> <span class='ocrx_word' id='word_1_790' title='bbox 3369 4960 3424 5006; x_wconf 93' lang='lat' dir='ltr'><strong>ct</strong></span> <span class='ocrx_word' id='word_1_791' title='bbox 3453 4952 3555 5007; x_wconf 88' lang='lat' dir='ltr'><strong>alia</strong></span> <span class='ocrx_word' id='word_1_792' title='bbox 3587 4954 3932 5024; x_wconf 84' lang='lat' dir='ltr'><strong>ejuscemodi</strong></span> 
     </span>
    </p>
   </div>
   <div class='ocr_carea' id='block_1_111' title="bbox 2321 5041 3625 5117">
    <p class='ocr_par' dir='ltr' id='par_1_111' title="bbox 2321 5041 3625 5117">
     <span class='ocr_line' id='line_1_111' title="bbox 2321 5041 3625 5117; baseline 0.007 -23"><span class='ocrx_word' id='word_1_793' title='bbox 2321 5041 2711 5110; x_wconf 90' lang='lat' dir='ltr'><strong>propemodum</strong></span> <span class='ocrx_word' id='word_1_794' title='bbox 2735 5043 2938 5098; x_wconf 88' lang='lat' dir='ltr'><strong>inﬁnita</strong></span> <span class='ocrx_word' id='word_1_795' title='bbox 2965 5043 3255 5114; x_wconf 83' lang='lat' dir='ltr'><strong>allegorice</strong></span> <span class='ocrx_word' id='word_1_796' title='bbox 3280 5045 3625 5117; x_wconf 86' lang='lat' dir='ltr'><strong>signiﬁcent?</strong></span> 
     </span>
    </p>
   </div>
   <div class='ocr_carea' id='block_1_112' title="bbox 2391 5135 3929 5213">
    <p class='ocr_par' dir='ltr' id='par_1_112' title="bbox 2391 5135 3929 5213">
     <span class='ocr_line' id='line_1_112' title="bbox 2391 5135 3929 5213; baseline 0.008 -23"><span class='ocrx_word' id='word_1_797' title='bbox 2391 5136 2459 5190; x_wconf 84' lang='lat' dir='ltr'><strong>At</strong></span> <span class='ocrx_word' id='word_1_798' title='bbox 2486 5135 2613 5191; x_wconf 92' lang='lat' dir='ltr'><strong>illud</strong></span> <span class='ocrx_word' id='word_1_799' title='bbox 2643 5137 2887 5207; x_wconf 88' lang='lat' dir='ltr'><strong>inprimis</strong></span> <span class='ocrx_word' id='word_1_800' title='bbox 2933 5139 3233 5195; x_wconf 87' lang='lat' dir='ltr'><strong>attentione</strong></span> <span class='ocrx_word' id='word_1_801' title='bbox 3251 5138 3492 5211; x_wconf 91' lang='lat' dir='ltr'><strong>dignum,</strong></span> <span class='ocrx_word' id='word_1_802' title='bbox 3531 5141 3675 5213; x_wconf 91' lang='lat' dir='ltr'><strong>quod</strong></span> <span class='ocrx_word' id='word_1_803' title='bbox 3706 5143 3762 5199; x_wconf 90' lang='lat' dir='ltr'><strong>in</strong></span> <span class='ocrx_word' id='word_1_804' title='bbox 3795 5145 3929 5202; x_wconf 81' lang='lat' dir='ltr'><strong>illo-</strong></span> 
     </span>
    </p>
   </div>
   <div class='ocr_carea' id='block_1_113' title="bbox 2319 5232 3929 5306">
    <p class='ocr_par' dir='ltr' id='par_1_113' title="bbox 2319 5232 3929 5306">
     <span class='ocr_line' id='line_1_113' title="bbox 2319 5232 3929 5306; baseline 0.006 -20"><span class='ocrx_word' id='word_1_805' title='bbox 2319 5245 2438 5286; x_wconf 91' lang='lat' dir='ltr'><strong>rum</strong></span> <span class='ocrx_word' id='word_1_806' title='bbox 2470 5232 2784 5288; x_wconf 89' lang='lat' dir='ltr'><strong>memoriam</strong></span> <span class='ocrx_word' id='word_1_807' title='bbox 2817 5234 2946 5287; x_wconf 85' lang='lat' dir='ltr'><strong>festa</strong></span> <span class='ocrx_word' id='word_1_808' title='bbox 3009 5243 3062 5288; x_wconf 90' lang='lat' dir='ltr'><strong>et</strong></span> <span class='ocrx_word' id='word_1_809' title='bbox 3103 5236 3378 5306; x_wconf 86' lang='lat' dir='ltr'><strong>mysteria,</strong></span> <span class='ocrx_word' id='word_1_810' title='bbox 3411 5236 3607 5291; x_wconf 88' lang='lat' dir='ltr'><strong>annuis</strong></span> <span class='ocrx_word' id='word_1_811' title='bbox 3649 5252 3714 5292; x_wconf 90' lang='lat' dir='ltr'><strong>ac</strong></span> <span class='ocrx_word' id='word_1_812' title='bbox 3762 5243 3929 5296; x_wconf 84' lang='lat' dir='ltr'><strong>statis</strong></span> 
     </span>
    </p>
   </div>
   <div class='ocr_carea' id='block_1_114' title="bbox 2318 5323 3925 5402">
    <p class='ocr_par' dir='ltr' id='par_1_114' title="bbox 2318 5323 3925 5402">
     <span class='ocr_line' id='line_1_114' title="bbox 2318 5323 3925 5402; baseline 0.007 -26"><span class='ocrx_word' id='word_1_813' title='bbox 2318 5324 2641 5392; x_wconf 90' lang='lat' dir='ltr'><strong>quibusdam</strong></span> <span class='ocrx_word' id='word_1_814' title='bbox 2673 5323 2864 5380; x_wconf 90' lang='lat' dir='ltr'><strong>diebus</strong></span> <span class='ocrx_word' id='word_1_815' title='bbox 2890 5366 2906 5392; x_wconf 95' lang='lat'><strong>,</strong></span> <span class='ocrx_word' id='word_1_816' title='bbox 2939 5324 3008 5379; x_wconf 90' lang='lat' dir='ltr'><strong>ab</strong></span> <span class='ocrx_word' id='word_1_817' title='bbox 3034 5326 3287 5382; x_wconf 90' lang='lat' dir='ltr'><strong>omnibus</strong></span> <span class='ocrx_word' id='word_1_818' title='bbox 3313 5326 3545 5382; x_wconf 89' lang='lat' dir='ltr'><strong>ethnicis</strong></span> <span class='ocrx_word' id='word_1_819' title='bbox 3578 5331 3925 5402; x_wconf 81' lang='lat' dir='ltr'><strong>perageban-</strong></span> 
     </span>
    </p>
   </div>
   <div class='ocr_carea' id='block_1_115' title="bbox 2317 5405 3924 5497">
    <p class='ocr_par' dir='ltr' id='par_1_115' title="bbox 2317 5405 3924 5497">
     <span class='ocr_line' id='line_1_115' title="bbox 2317 5405 3924 5497; baseline 0.004 -21"><span class='ocrx_word' id='word_1_820' title='bbox 2317 5430 2404 5476; x_wconf 89' lang='lat' dir='ltr'><strong>tur</strong></span> <span class='ocrx_word' id='word_1_821' title='bbox 2434 5420 2620 5493; x_wconf 86' lang='lat' dir='ltr'><strong>(Ibid.,</strong></span> <span class='ocrx_word' id='word_1_822' title='bbox 2673 5405 2803 5493; x_wconf 45' lang='lat' dir='ltr'><strong>‘pag.</strong></span> <span class='ocrx_word' id='word_1_823' title='bbox 2845 5421 2947 5476; x_wconf 78' lang='grc' dir='ltr'><strong>18ι</strong></span> <span class='ocrx_word' id='word_1_824' title='bbox 2993 5430 3040 5475; x_wconf 85' lang='lat' dir='ltr'><strong>et</strong></span> <span class='ocrx_word' id='word_1_825' title='bbox 3083 5421 3233 5492; x_wconf 85' lang='lat' dir='ltr'><strong>seq.).</strong></span> <span class='ocrx_word' id='word_1_826' title='bbox 3263 5422 3734 5490; x_wconf 89' lang='lat' dir='ltr'><strong>Quemadmodum</strong></span> <span class='ocrx_word' id='word_1_827' title='bbox 3785 5442 3924 5497; x_wconf 85' lang='lat' dir='ltr'><strong>ergo</strong></span> 
     </span>
    </p>
   </div>
   <div class='ocr_carea' id='block_1_116' title="bbox 2314 5511 3919 5587">
    <p class='ocr_par' dir='ltr' id='par_1_116' title="bbox 2314 5511 3919 5587">
     <span class='ocr_line' id='line_1_116' title="bbox 2314 5511 3919 5587; baseline 0.004 -19"><span class='ocrx_word' id='word_1_828' title='bbox 2314 5522 2459 5570; x_wconf 90' lang='lat' dir='ltr'><strong>certa</strong></span> <span class='ocrx_word' id='word_1_829' title='bbox 2492 5523 2545 5569; x_wconf 95' lang='lat' dir='ltr'><strong>et</strong></span> <span class='ocrx_word' id='word_1_830' title='bbox 2567 5523 2843 5582; x_wconf 84' lang='lat' dir='ltr'><strong>constans,</strong></span> <span class='ocrx_word' id='word_1_831' title='bbox 2875 5529 2937 5569; x_wconf 86' lang='lat' dir='ltr'><strong>ac</strong></span> <span class='ocrx_word' id='word_1_832' title='bbox 2965 5515 3156 5585; x_wconf 76' lang='lat' dir='ltr'><strong>insigni</strong></span> <span class='ocrx_word' id='word_1_833' title='bbox 3190 5511 3332 5570; x_wconf 87' lang='lat' dir='ltr'><strong>facto</strong></span> <span class='ocrx_word' id='word_1_834' title='bbox 3362 5515 3544 5587; x_wconf 92' lang='lat' dir='ltr'><strong>aliquo</strong></span> <span class='ocrx_word' id='word_1_835' title='bbox 3571 5515 3795 5574; x_wconf 85' lang='lat' dir='ltr'><strong>fundata</strong></span> <span class='ocrx_word' id='word_1_836' title='bbox 3821 5534 3919 5574; x_wconf 85' lang='lat' dir='ltr'><strong>es-</strong></span> 
     </span>
    </p>
   </div>
   <div class='ocr_carea' id='block_1_117' title="bbox 2311 5607 3920 5683">
    <p class='ocr_par' dir='ltr' id='par_1_117' title="bbox 2311 5607 3920 5683">
     <span class='ocr_line' id='line_1_117' title="bbox 2311 5607 3920 5683; baseline 0.002 -19"><span class='ocrx_word' id='word_1_837' title='bbox 2311 5623 2372 5664; x_wconf 89' lang='lat' dir='ltr'><strong>se</strong></span> <span class='ocrx_word' id='word_1_838' title='bbox 2399 5607 2626 5663; x_wconf 89' lang='lat' dir='ltr'><strong>debebat</strong></span> <span class='ocrx_word' id='word_1_839' title='bbox 2653 5608 2909 5664; x_wconf 87' lang='lat' dir='ltr'><strong>borutncc</strong></span> <span class='ocrx_word' id='word_1_840' title='bbox 2943 5607 3200 5664; x_wconf 88' lang='lat' dir='ltr'><strong>festorum</strong></span> <span class='ocrx_word' id='word_1_841' title='bbox 3223 5607 3432 5664; x_wconf 89' lang='lat' dir='ltr'><strong>dierum</strong></span> <span class='ocrx_word' id='word_1_842' title='bbox 3461 5610 3612 5682; x_wconf 90' lang='lat' dir='ltr'><strong>origo</strong></span> <span class='ocrx_word' id='word_1_843' title='bbox 3646 5629 3660 5665; x_wconf 89' lang='lat'><strong>:</strong></span> <span class='ocrx_word' id='word_1_844' title='bbox 3693 5613 3764 5666; x_wconf 88' lang='lat' dir='ltr'><strong>ita</strong></span> <span class='ocrx_word' id='word_1_845' title='bbox 3792 5627 3920 5683; x_wconf 73' lang='lat' dir='ltr'><strong>qua:</strong></span> 
     </span>
    </p>
   </div>
   <div class='ocr_carea' id='block_1_118' title="bbox 2311 5701 3921 5777">
    <p class='ocr_par' dir='ltr' id='par_1_118' title="bbox 2311 5701 3921 5777">
     <span class='ocr_line' id='line_1_118' title="bbox 2311 5701 3921 5777; baseline 0.003 -19"><span class='ocrx_word' id='word_1_846' title='bbox 2311 5702 2558 5758; x_wconf 88' lang='lat' dir='ltr'><strong>solebant</strong></span> <span class='ocrx_word' id='word_1_847' title='bbox 2595 5701 2648 5757; x_wconf 90' lang='lat' dir='ltr'><strong>in</strong></span> <span class='ocrx_word' id='word_1_848' title='bbox 2693 5705 2772 5758; x_wconf 90' lang='lat' dir='ltr'><strong>eis</strong></span> <span class='ocrx_word' id='word_1_849' title='bbox 2803 5703 3071 5771; x_wconf 75' lang='lat' dir='ltr'><strong>exhiberi,</strong></span> <span class='ocrx_word' id='word_1_850' title='bbox 3095 5702 3296 5775; x_wconf 89' lang='lat' dir='ltr'><strong>aliquid</strong></span> <span class='ocrx_word' id='word_1_851' title='bbox 3327 5719 3520 5777; x_wconf 90' lang='lat' dir='ltr'><strong>reapse</strong></span> <span class='ocrx_word' id='word_1_852' title='bbox 3542 5716 3703 5761; x_wconf 89' lang='lat' dir='ltr'><strong>antea</strong></span> <span class='ocrx_word' id='word_1_853' title='bbox 3729 5717 3921 5764; x_wconf 87' lang='lat' dir='ltr'><strong>actum</strong></span> 
     </span>
    </p>
   </div>
   <div class='ocr_carea' id='block_1_119' title="bbox 2312 5795 3918 5872">
    <p class='ocr_par' dir='ltr' id='par_1_119' title="bbox 2312 5795 3918 5872">
     <span class='ocr_line' id='line_1_119' title="bbox 2312 5795 3918 5872; baseline 0.004 -20"><span class='ocrx_word' id='word_1_854' title='bbox 2312 5795 2792 5869; x_wconf 67' lang='lat' dir='ltr'><strong>reprmsentabant.</strong></span> <span class='ocrx_word' id='word_1_855' title='bbox 2820 5796 3052 5854; x_wconf 85' lang='lat' dir='ltr'><strong>Necesse</strong></span> <span class='ocrx_word' id='word_1_856' title='bbox 3073 5797 3232 5868; x_wconf 84' lang='lat' dir='ltr'><strong>igitur</strong></span> <span class='ocrx_word' id='word_1_857' title='bbox 3252 5796 3350 5855; x_wconf 89' lang='lat' dir='ltr'><strong>fuit</strong></span> <span class='ocrx_word' id='word_1_858' title='bbox 3364 5809 3424 5855; x_wconf 93' lang='lat' dir='ltr'><strong>ut</strong></span> <span class='ocrx_word' id='word_1_859' title='bbox 3442 5801 3688 5872; x_wconf 61' lang='lat' dir='ltr'><strong>quaedam</strong></span> <span class='ocrx_word' id='word_1_860' title='bbox 3710 5803 3918 5860; x_wconf 87' lang='lat' dir='ltr'><strong>saltem</strong></span> 
     </span>
    </p>
   </div>
  </div>
