4230 6266
320 368 418 425 601

1526 357 1592 414 IN
1631 349 2007 419 ARNOBIUM,
2047 346 2201 407 CAP.
2242 349 2386 406 ΧΙΧ.

3503 336 3611 393 602

312 482 666 539 historiarum
689 479 899 537 illarum
928 485 1112 552 partes
1141 442 1440 533 naturalem
1471 484 1527 530 et
1554 471 1777 528 minime
1832 469 1906 523 al-
1936 471 1991 530 Α
2015 470 2166 539 tiaui,
2202 480 2313 525 tum
2351 468 2574 538 ethnici,
2600 466 2722 524 illos
2752 481 2818 524 ex
2839 466 2941 523 hac
2978 462 3258 522 levissima
3289 459 3607 517 defensione

330 580 610 649 egoricum
666 589 885 632 sensum
927 572 1232 629 habuerint.
1262 574 1330 626 At
1359 571 1405 625 si
1441 566 1687 640 quaedam
1722 573 1907 636 partes

308 670 545 727 naturali
587 678 645 726 et
691 669 814 724 aliae
858 666 1151 738 allegorico
1181 679 1345 719 sensu
1376 669 1501 718 sunt
1526 655 1853 728 accipiendae
1883 695 1898 720 ,

308 764 434 834 quis
460 776 558 819 eas
586 770 734 817 recte
761 759 1073 816 discernet?
1098 757 1254 813 Nulla
1286 755 1564 811 enimvero
1593 759 1717 806 nuta
1735 791 1752 818 ,
1791 746 1908 803 nul-

310 855 537 924 lumque
560 855 773 925 signum
804 860 889 909 est
909 865 1016 923 quo
1048 865 1149 905 una
1177 850 1243 905 ab
1269 848 1374 902 alia
1397 854 1734 902 secernatur.

387 947 499 1005 Sed
538 946 786 1004 ethnicos
818 944 995 1000 adhuc
1015 943 1191 999 acrius
1220 948 1374 1011 urget
1408 936 1697 992 Arnobius.
1731 930 1911 989 Gratis

313 1045 465 1101 ettim
492 1043 853 1099 etlibemliter
878 1040 985 1096 illis
1011 1036 1259 1094 concedit
1284 1034 1383 1089 has
1414 1032 1691 1096 historias,
1708 1038 1763 1083 et
1789 1040 1909 1095 qua:

310 1138 372 1193 in
397 1136 672 1209 mysteriis
701 1132 902 1190 ﬁebant
921 1173 937 1200 ,
978 1130 1288 1199 neutiquam
1317 1124 1557 1188 litterati,
1586 1120 1682 1176 sed
1711 1119 1911 1189 allego-

310 1232 433 1288 rico
465 1241 670 1286 tantum
711 1243 875 1284 sensu
906 1240 1065 1298 posse
1095 1221 1377 1295 explicari.
1408 1222 1477 1274 At
1504 1231 1612 1272 non
1637 1213 1760 1269 inde
1791 1225 1914 1281 pro.

306 1322 481 1390 tecto,
514 1322 690 1393 arguit
720 1320 830 1388 ille,
877 1320 1057 1373 minor
1087 1317 1140 1370 iu
1190 1314 1322 1369 deos
1368 1308 1634 1367 redundat
1670 1304 1909 1361 infamia.

312 1414 437 1483 Quo
458 1416 602 1470 enim
624 1411 859 1484 graviori
888 1408 1134 1465 convicio
1158 1403 1431 1462 verberari
1464 1408 1732 1473 poterant,
1751 1410 1911 1467 quam

312 1509 439 1565 illos
475 1506 678 1563 idcirco
723 1503 1034 1561 nominibus
1080 1499 1353 1572 appellare
1390 1495 1588 1567 ﬂagitia
1629 1502 1684 1547 et
1707 1489 1913 1546 scelera

314 1601 658 1674 apertissime
686 1595 1135 1671 signiﬁcantibus,
1166 1593 1289 1664 quia
1312 1591 1496 1662 plures
1523 1578 1912 1658 garriebautiis

312 1711 410 1752 res
428 1694 705 1751 naturales
729 1692 959 1765 mystico
987 1702 1150 1745 sensu
1177 1684 1401 1741 indicari
1427 1683 1451 1738 ἲ

386 1790 524 1860 Quid
563 1789 752 1846 iisdem
781 1788 885 1844 diis
911 1788 1080 1858 magis
1107 1779 1561 1840 contumeliosum
1608 1789 1770 1847 quam
1801 1783 1914 1828 tur-

313 1888 543 1960 pissima
573 1885 789 1941 illorum
816 1883 950 1939 facta
980 1881 1153 1952 palam
1181 1888 1236 1935 et
1256 1876 1453 1948 ubique
1473 1884 1528 1930 et
1549 1867 1910 1944 praedicando,
1941 1860 1991 1922 B

315 1992 375 2038 et
417 1978 881 2052 reprzesentaudo,
928 1990 1016 2031 res
1065 1973 1205 2030 velle
1252 1969 1544 2044 significari
1589 1978 1782 2038 graves
1815 1977 1917 2017 nec

312 2073 672 2130 inbonestas?
721 2071 800 2127 Eo
854 2071 1050 2142 quippe
1097 2065 1332 2122 absurdo
1392 2061 1606 2134 penitus
1662 2055 1917 2129 loquendi

312 2167 478 2224 modo
506 2165 783 2238 turpitudo
801 2165 948 2236 prius
977 2163 1235 2225 animum,
1272 2173 1431 2230 quam
1459 2170 1649 2212 sensus
1677 2154 1820 2208 illius
1838 2151 1916 2206 ai-

312 2261 611 2333 legoricus,
665 2268 720 2315 et
774 2256 1048 2330 religionis
1074 2252 1363 2310 auctoritas
1412 2248 1740 2321 perstringit.
1784 2244 1916 2313 Quis

321 2356 487 2413 etiam
538 2353 746 2411 inﬁcias
797 2354 878 2409 ire
937 2351 1131 2407 audeat
1184 2349 1344 2419 longe
1391 2346 1557 2400 satius
1593 2343 1758 2399 fuisse
1800 2354 1914 2396 rem

313 2449 611 2523 quamlibet
641 2446 875 2504 naturali
900 2460 1021 2513 suo,
1063 2458 1221 2515 quam
1254 2441 1413 2496 ullius
1435 2438 1654 2495 obsceni
1686 2444 1777 2491 aut
1794 2449 1918 2489 cru-

314 2546 457 2602 delis
479 2545 704 2601 deorum
736 2542 990 2599 facinoris
1028 2540 1245 2595 nomine
1273 2533 1493 2591 vocari?
1517 2531 1653 2588 Tum
1684 2531 1825 2586 enim
1852 2543 1916 2585 ea

316 2650 378 2695 et
417 2639 628 2710 cognitu
681 2636 875 2700 facilis,
915 2644 973 2692 et
1009 2633 1179 2689 illaesa
1234 2638 1448 2687 servata
1490 2625 1680 2682 fuisset
1722 2622 1917 2680 coales-

316 2733 457 2788 tium
486 2731 757 2786 numinum
784 2727 1043 2799 dignitas.

384 2826 503 2882 Non
555 2826 736 2896 itaque
782 2822 1035 2878 audiendi
1065 2819 1295 2890 amplius
1319 2816 1553 2890 gentiles
1578 2857 1592 2882 ,
1620 2814 1713 2886 qui
1739 2811 1917 2868 adhuc

230 2918 251 2924 ’
310 2919 662 2991 obiectabant
684 2916 817 2973 deos
856 2916 1001 2972 nolle
1030 2929 1125 2970 sua
1163 2913 1287 2969 sciri
1330 2912 1583 2984 mysteria
1606 2952 1620 2977 ,
1652 2919 1813 2980 atque
1842 2920 1907 2963 ea

308 3014 514 3071 idcirco
538 3054 555 3080 ,
615 3020 670 3067 et
718 3011 931 3065 illorum
976 3006 1231 3063 historias
1255 3004 1557 3076 allegoricis
1589 3010 1757 3057 tectas
1794 3013 1915 3056 esse

312 3106 635 3177 ambagibus
684 3102 846 3177 (Ibid.
878 3144 894 3170 ,
949 3118 1070 3173 pag.
1106 3096 1253 3170 187).
1282 3098 1410 3166 Quis
1438 3096 1715 3151 enimvero
1755 3106 1916 3148 nosse

310 3202 487 3272 potuit
540 3199 614 3254 ita
641 3197 745 3253 diis
779 3196 949 3253 fuisse
984 3192 1286 3268 placitum?
1323 3189 1485 3247 Certo
1526 3200 1702 3244 autem
1757 3187 1914 3243 nobis

311 3302 652 3364 compertum
682 3301 763 3349 est
788 3291 920 3347 deos
948 3303 1239 3360 numquam
1270 3286 1511 3341 voluisse
1549 3287 1724 3355 turpia
1751 3283 1820 3338 de
1849 3297 1911 3339 se

309 3387 417 3443 dici
437 3396 491 3442 et
518 3384 818 3457 praedicari.
844 3382 984 3450 Quid
1010 3382 1155 3438 enim
1197 3380 1300 3445 sol,
1327 3379 1479 3435 verbi
1504 3394 1663 3434 causa
1683 3424 1697 3445 ,
1726 3376 1907 3443 tellus,

312 3477 545 3548 aliaeque
571 3492 661 3533 res
682 3475 979 3541 naturales,
1012 3476 1056 3529 si
1104 3474 1349 3545 quaedam
1379 3473 1487 3527 sint
1516 3472 1758 3539 numina,
1794 3486 1909 3527 me-

310 3581 539 3628 ruerunt
569 3579 629 3625 ut
652 3569 719 3624 ab
744 3569 994 3635 ethnicis,
1040 3566 1239 3622 Attidis
1259 3609 1275 3633 ,
1306 3565 1359 3620 id
1386 3576 1492 3633 est,
1524 3565 1760 3621 hominis
1791 3578 1903 3619 cas.

310 3665 438 3721 trati
465 3674 521 3722 et
541 3663 802 3727 semiviri,
848 3663 1186 3732 aliorumque
1215 3659 1604 3716 sceleratorum
1636 3658 1913 3714 hominum

315 3760 626 3817 nominibus
677 3757 1151 3830 nuncnparentur?
1195 3756 1442 3827 Denique
1485 3769 1591 3809 non
1640 3754 1815 3808 stilum
1838 3751 1910 3810 dii

322 3853 431 3927 ipsi
457 3855 688 3920 colendi,
718 3852 816 3910 sed
859 3854 1073 3909 illorum
1102 3851 1262 3908 etiam
1302 3849 1518 3905 nomina
1568 3849 1913 3903 veneratione

320 3959 377 4006 et
407 3948 611 4005 honore
655 3944 814 4019 digna
867 3956 1011 4011 sunt,
1054 3960 1228 4016 neque
1268 3943 1356 3998 illa
1401 3941 1523 3996 aliis
1562 3940 1913 4010 proculdubio

318 4042 551 4098 terrenis
575 4050 628 4096 et
656 4039 899 4110 abiectis,
920 4038 1197 4107 multoque
1219 4036 1395 4089 minus
1413 4032 1657 4102 turpibus
1677 4047 1739 4086 ac
1758 4030 1914 4087 foedis

319 4136 481 4191 rebus
506 4132 854 4205 imponenda.
883 4130 1015 4201 Quis
1043 4146 1171 4201 ergo
1199 4128 1283 4183 his
1328 4126 1624 4183 rationibus
1664 4127 1765 4179 rite
1794 4140 1912 4193 per-

318 4230 521 4301 pensis,
549 4242 656 4283 non
685 4226 833 4283 videt
858 4241 1016 4297 quant
1045 4232 1193 4279 recte
1232 4221 1499 4278 Arnobius
1522 4219 1827 4290 probaverit
1847 4217 1914 4274 ab

320 4322 407 4387 iis,
433 4321 525 4393 qui
548 4319 773 4376 deorum
815 4333 1036 4374 suorum
1072 4316 1324 4371 historias
1352 4322 1407 4370 et
1432 4311 1687 4387 mysteria
1717 4311 1915 4382 allego-

319 4416 433 4470 rico
476 4414 815 4485 mysticoque
840 4427 1000 4467 sensu
1032 4409 1376 4482 explicahant
1401 4447 1416 4471 ,
1461 4422 1565 4461 nou
1597 4410 1765 4476 magis
1784 4404 1915 4460 reli—

318 4509 569 4580 gionibus
594 4508 709 4563 suis
739 4507 903 4563 fuisse
925 4505 1251 4571 consultum,
1276 4518 1434 4574 quam
1465 4503 1533 4558 ab
1552 4500 1690 4566 aliis,
1711 4500 1801 4571 qui
1822 4514 1915 4555 eas

318 4603 537 4659 litterali
561 4603 826 4672 obvioque
853 4617 1016 4657 sensu
1049 4597 1421 4671 intelligendas
1461 4611 1583 4651 esse
1618 4594 1937 4677 opinaban—I

319 4696 450 4750 tur?
479 4695 674 4750 Parem
702 4693 975 4749 enimvero
1023 4693 1238 4762 utrique
1264 4690 1365 4745 diis
1399 4689 1513 4743 suis
1540 4686 1742 4743 faciunt
1766 4688 1910 4757 inju-

319 4788 453 4843 riam
474 4832 491 4857 ,
533 4803 860 4861 omnemque
895 4786 1262 4860 imprudentes
1287 4786 1366 4842 eis
1392 4784 1636 4840 adimunt
1665 4782 1912 4839 divinita-

321 4891 449 4937 tem.

918 4988 1205 5030 ARTICULUS
1236 4989 1316 5028 lll.

322 5089 569 5148 Quomodo
591 5090 767 5141 eadem
788 5090 1050 5154 gentilium
1075 5090 1333 5154 responsio
1356 5088 1420 5138 ab
1455 5086 1564 5138 aliis
1595 5087 1917 5149 scriptoribus

663 5154 862 5217 penitus
886 5153 1172 5204 iuﬁrtnetur'
1199 5163 1249 5203 et
1269 5153 1570 5203 destruatur.

397 5261 755 5332 Exposuimus
795 5276 953 5331 quam
999 5261 1217 5316 brevius
1244 5259 1550 5328 clariusque
1579 5255 1695 5311 fieri
1716 5255 1916 5311 anobis

322 5355 525 5425 potuit,
554 5355 735 5409 omnia
766 5354 993 5410 Arnobii
1025 5361 1213 5408 contra
1242 5353 1399 5407 datas
1423 5352 1491 5407 ab
1521 5351 1811 5424 gentilibus
1839 5352 1916 5405 al-

329 5445 587 5516 legoricas
626 5458 681 5501 et
714 5450 965 5519 mysticas
996 5446 1218 5502 deorum
1261 5445 1750 5518 mysteriorumque
1789 5460 1915 5500 suo-

330 5552 444 5592 rum
478 5538 972 5610 interpretationes,
1005 5547 1316 5609 argutnenta
1345 5554 1359 5603 ;
1396 5545 1451 5591 ut
1479 5551 1669 5593 omnes
1702 5535 1909 5592 facilius

330 5630 621 5701 intelligant
655 5631 771 5685 illas
804 5640 952 5685 tanto
980 5630 1190 5701 planius
1215 5628 1283 5684 ab
1311 5644 1375 5684 eo
1407 5628 1698 5693 confutari,
1728 5644 1904 5699 quau.

334 5731 385 5777 to
412 5724 606 5793 smpius
633 5723 834 5781 ethnici
863 5724 929 5779 ad
958 5739 1049 5780 cas
1081 5732 1332 5792 tanquam
1361 5722 1426 5776 ad
1455 5724 1749 5777 maximum
1779 5722 1909 5778 reli-

330 5816 499 5884 gionis
543 5831 655 5900 sua;
680 5819 1135 5891 propugnaculum
1166 5814 1559 5886 confugiebant.
1601 5815 1718 5871 Non
1759 5816 1908 5872 solus

334 5918 506 5964 tamen
536 5908 822 5976 Arnobius,
847 5908 940 5966 sed
971 5909 1059 5965 alii
1081 5909 1240 5965 etiam
1267 5907 1558 5978 scriptores
1581 5922 1703 5962 cum
1739 5907 1912 5964 chris-

2012 564 2341 635 dejecerunt.

2082 675 2271 731 Cicero
2299 675 2559 745 siquidem
2585 675 2636 729 in
2666 674 2825 731 tertio
2856 673 2923 730 de
2962 672 3163 729 Natura
3198 670 3426 727 deorum
3468 669 3608 730 libro

2011 766 2276 835 Balbum,
2340 766 2423 823 his
2471 768 2919 839 explicationibus
2960 767 3242 838 opiniones
3310 763 3607 820 Stoicorum

2016 872 2465 936 propugnantem,
2491 862 2659 917 Cottae
2678 844 2984 917 Academici
3011 860 3251 925 nomine,
3270 859 3350 914 sic
3369 856 3567 913 refellit
3592 875 3606 912 :

2018 975 2037 1007 ι
2066 956 2183 1011 Jam
2223 940 2349 1012 vero
2387 956 2513 1027 quid
2542 971 2670 1022 vos,
2710 977 2728 1008 ι
2765 956 2956 1027 inquit,
2987 973 3005 1007 ι
3043 956 3130 1009 illa
3160 953 3395 1010 delectat
3418 952 3595 1025 expli-

2012 1051 2153 1105 catio
2184 1049 2516 1118 fabularumi,
2561 1061 2615 1106 et
2650 1050 2905 1106 enodatio
2927 1049 3327 1105 nominum.....
3358 1046 3606 1119 Magnam

2013 1141 2315 1197 molestiam
2346 1147 2614 1213 suscepit,
2665 1153 2719 1196 et
2747 1142 2968 1197 minime
2995 1141 3363 1198 necessariam
3394 1141 3604 1213 primus

2012 1234 2179 1298 Zeno,
2213 1246 2333 1306 post
2372 1234 2679 1303 Cleanthes,
2704 1236 2898 1292 deinde
2925 1234 3259 1307 Chrysippus
3283 1277 3300 1303 ,
3328 1249 3610 1291 commen-

2017 1330 2251 1385 titiarum
2282 1330 2583 1387 fabularum
2609 1330 2836 1386 reddere
2858 1332 3123 1387 rationem
3153 1350 3167 1400 ;
3195 1330 3602 1400 vocabulorum,

2015 1439 2112 1480 cur
2155 1426 2388 1498 quidque
2437 1428 2508 1483 ita
2562 1427 2881 1498 explicatum
2925 1426 3032 1494 sit,
3072 1441 3264 1482 causas
3309 1424 3606 1495 explicare.

2016 1518 2167 1587 Quod
2199 1534 2321 1575 cum
2354 1518 2529 1576 facitis
2551 1563 2566 1585 ,
2624 1520 2754 1575 illud
2801 1522 3041 1591 profecto
3067 1519 3399 1576 confitemini
3437 1520 3605 1591 longe

2014 1614 2168 1669 aliter
2183 1628 2241 1668 se
2270 1629 2384 1669 rem
2418 1613 2617 1668 habere
2642 1623 2803 1683 atque
2826 1612 3107 1667 hominum
3135 1612 3318 1681 Opinio
3342 1610 3451 1677 sit;
3502 1625 3596 1667 eos

2014 1708 2179 1770 enim,
2211 1706 2299 1776 qui
2328 1706 2401 1761 dii
2452 1706 2811 1777 appellantur,
2849 1720 3029 1761 rerum
3058 1718 3277 1761 naturas
3302 1719 3424 1761 esse
3451 1747 3466 1772 ,
3498 1720 3607 1760 non

2019 1798 2215 1871 figuras
2235 1800 2479 1853 deorum.
2513 1798 2613 1866 Qui
2643 1808 2821 1854 tantus
2854 1814 3008 1854 error
3037 1799 3162 1865 fuit;
3198 1806 3254 1854 ut
3290 1797 3609 1867 perniciosis

2015 1894 2177 1948 etiam
2212 1893 2370 1948 rebus
2399 1909 2505 1947 non
2538 1892 2699 1947 modo
2732 1908 2927 1948 nomen
2960 1892 3185 1948 deorum
3234 1891 3561 1948 tribueretur
3589 1934 3606 1961 ,

2015 1984 2110 2041 sed
2135 1990 2295 2040 etiam
2322 2000 2473 2040 sacra
2499 1988 2976 2041 constituerentur.
3010 1983 3203 2040 Febris
3242 1987 3387 2040 enim
3419 1984 3605 2041 fanum

2016 2076 2072 2132 in
2102 2080 2416 2148 palatio.....
2440 2078 2627 2135 Omnis
2668 2080 2828 2151 igitur
2857 2079 2978 2135 talis
3008 2095 3035 2132 a
3068 2078 3409 2150 philosophia
3439 2079 3609 2152 pella-

2017 2181 2104 2227 tur
2122 2186 2310 2237 error;
2342 2181 2397 2226 ut
2419 2187 2541 2227 cum
2559 2173 2627 2228 de
2647 2171 2747 2228 diis
2773 2172 3127 2243 disputamus,
3159 2173 3403 2229 dicamus
3432 2173 3600 2245 digna

2016 2264 2119 2320 diis
2151 2266 2539 2321 immortalibus
2572 2284 2586 2321 :
2615 2265 2683 2321 de
2722 2268 2917 2337 quibus
2967 2266 3143 2322 habeo
3169 2266 3297 2339 quid
3325 2269 3556 2324 sentiam
3586 2308 3604 2335 ,

2019 2373 2126 2413 non
2166 2357 2340 2413 habeo
2391 2369 2567 2414 autem
2593 2358 2736 2429 quod
2791 2359 2885 2413 tibi
2915 2359 3182 2414 assentiar
3219 2378 3237 2410 ι
3263 2358 3474 2429 (Cicer.,
3509 2358 3600 2414 lib.

2018 2467 2054 2508 tt
2086 2452 2148 2506 de
2181 2451 2371 2506 Natur.
2428 2453 2593 2519 deor.,
2620 2470 2739 2524 pag.
2763 2452 2866 2508 248
2897 2462 2947 2508 et
2974 2450 3127 2524 seq.).
3180 2453 3419 2509 Audisne
3447 2468 3608 2525 quam

2017 2557 2165 2602 recte
2190 2546 2396 2603 Tullius
2444 2546 2539 2603 has
2575 2548 2870 2602 stoicorum
2921 2548 3394 2618 interpretationes
3420 2588 3437 2613 ,
3468 2557 3610 2604 tam-

2019 2656 2178 2713 quam
2206 2640 2500 2696 absurdum
2530 2641 2741 2712 penitus
2763 2656 3029 2708 errorem,
3067 2656 3097 2695 a
3141 2640 3479 2713 philosophia
3520 2658 3607 2701 re-

2020 2736 2351 2807 pellendum,
2380 2734 2671 2806 explodat‘?
2695 2734 2806 2791 Nec
2831 2735 3040 2790 minore
3077 2733 3330 2791 facilitate
3363 2735 3610 2792 animad-

2018 2832 2226 2887 vertisti
2253 2840 2453 2902 quanta
2506 2830 2772 2886 evidentia
2813 2831 3149 2887 demonstret
3199 2830 3264 2885 iis
3303 2831 3478 2896 nihil,
3532 2832 3609 2887 uti

2018 2926 2179 2982 etiam
2222 2926 2491 2981 Arnobius
2524 2924 2838 2993 contendit,
2882 2924 2994 2983 Deo
3042 2924 3338 2980 immortali
3387 2924 3608 2996 dignum

2020 3019 2268 3091 proferri.

2091 3154 2352 3211 Eusebius
2401 3169 2560 3221 vero,
2600 3164 2657 3210 et
2690 3163 2815 3227 post
2852 3168 2977 3209 eum
3033 3152 3436 3219 Theodoretus,
3467 3161 3613 3208 tran-

1940 3250 1987 3314 C
2016 3250 2232 3322 scriptis
2274 3250 2511 3305 Platonis
2537 3264 2604 3306 ex
2630 3250 2798 3321 ipsius
2838 3249 3045 3304 Timaeo
3095 3247 3274 3303 verbis
3319 3247 3613 3304 ostendunt

2014 3345 2168 3400 illum
2217 3344 2417 3400 diserte
2446 3354 2501 3400 et
2532 3344 2798 3415 explicate
2841 3342 3092 3399 docuisse
3120 3341 3369 3413 vulgares
3396 3341 3515 3396 illas
3543 3340 3611 3397 de

2013 3436 2116 3492 diis
2144 3436 2368 3504 fabulas,
2399 3438 2513 3493 sive
2537 3436 2805 3502 historias,
2842 3447 3137 3506 omnesque
3160 3434 3481 3506 allegoricos
3503 3449 3600 3489 ea-

2014 3546 2131 3586 rum
2154 3545 2366 3599 sensus,
2385 3545 2517 3602 quos
2546 3530 2757 3586 Ethnici
2785 3528 2853 3584 ad
2883 3528 3277 3600 philosophiam
3307 3542 3612 3584 accommo-

2013 3623 2167 3679 datos
2217 3638 2339 3679 esse
2394 3623 2681 3690 rebantur,
2733 3620 3099 3677 excludendos
3143 3634 3265 3675 esse
3304 3634 3527 3691 prorsus
3555 3630 3612 3676 et

2013 3716 2342 3772 coercendos
2385 3715 2621 3789 (Each,
2682 3715 2771 3771 lib.
2798 3730 2837 3769 tt
2890 3713 3128 3781 Prwpar.
3154 3728 3366 3783 evong.,
3395 3727 3510 3784 cap.
3542 3712 3607 3778 7,

2015 3824 2135 3879 pag.
2166 3808 2235 3863 76
2262 3817 2307 3862 et
2334 3823 2476 3877 mp;
2514 3805 2767 3863 Theudor.
2790 3846 2805 3872 ,
2846 3822 2999 3860 term.
3027 3806 3094 3873 5,
3137 3804 3200 3858 de
3226 3803 3406 3875 Auget.
3437 3813 3483 3859 et
3505 3802 3611 3857 dw-

2014 3915 2180 3965 mon.,
2213 3908 2336 3953 tom.
2369 3914 2444 3961 tv,
2474 3915 2595 3970 pag.
2625 3896 2731 3954 512
2750 3907 2796 3952 et
2822 3894 2976 3969 ηιμ).
3036 3895 3117 3951 Ad
3160 3894 3275 3951 haec
3308 3909 3437 3950 vero
3466 3893 3608 3949 idem

2018 3992 2302 4057 Eusebius,
2341 3991 2580 4063 Dionysii
2609 3989 3007 4046 Halicarnassei
3035 3987 3249 4055 verbis,
3281 4002 3347 4043 ex
3373 3986 3611 4042 secundo

2016 4084 2160 4139 illius
2215 4085 2603 4154 Autiquitatum
2674 4096 3017 4138 romanarum
3076 4081 3214 4136 libro
3265 4079 3607 4149 desumptis,

2019 4178 2253 4246 probata
2274 4177 2462 4246 priscis
2489 4176 2745 4232 Romanis
2771 4184 3024 4230 statutum
3055 4173 3239 4238 luisse,
3276 4183 3335 4228 ut
3358 4174 3608 4229 universa

2017 4269 2105 4323 illa
2153 4268 2462 4324 Grmcorum
2515 4268 2867 4341 physiologia,
2921 4275 3171 4337 tanquam
3204 4266 3359 4337 plane
3387 4266 3609 4335 inutilis,

2016 4377 2118 4417 nec
2145 4361 2247 4416 sibi
2277 4360 2593 4427 cohaerens,
2645 4362 2714 4417 ab
2766 4358 3031 4416 universis
3086 4358 3371 4430 tlteologize
3418 4358 3612 4416 finibus

2017 4455 2302 4527 ejiceretur
2331 4457 2905 4527 exterminareturque.

2087 4592 2205 4649 Non
2233 4593 2424 4649 mirum
2454 4594 2653 4666 itaque,
2686 4595 2731 4650 si
2756 4593 3113 4665 antiquissimi
3140 4592 3395 4651 Ecclesia:
3421 4603 3605 4665 patres

2020 4698 2167 4745 tanto
2194 4690 2359 4744 animi
2386 4690 2579 4746 ardore
2607 4689 2825 4747 eosdem
2865 4689 3182 4760 allegoricos
3211 4703 3400 4745 sensus
3432 4689 3608 4746 insec-

2021 4785 2113 4839 tati
2156 4793 2298 4839 sunt.
2345 4783 2478 4839 Nam
2508 4795 2566 4840 ut
2595 4784 3037 4855 Recoguitionum
3065 4784 3359 4839 Clementis
3395 4784 3613 4840 nomine

2019 4876 2395 4947 inscriptarum
2417 4885 2472 4931 et
2494 4875 2946 4932 (llemeutinarum
2988 4884 3262 4931 auctorem
3293 4875 3383 4945 qui
3413 4890 3505 4930 eas
3537 4877 3613 4930 si-

2020 4968 2235 5024 milibus
2260 4978 2421 5039 atque
2448 4969 2716 5024 Arnobius
2743 4977 2926 5022 noster
2961 4968 3258 5023 rationibus
3301 4967 3610 5038 impugnat,

2021 5066 2246 5118 missum
2269 5063 2544 5131 faciamus,
2578 5063 2948 5133 Athenagoras
2973 5063 3251 5118 evidenter
3277 5063 3612 5117 demonstrat

2025 5156 2291 5223 etlmicos,
2323 5171 2386 5212 ac
2417 5156 2732 5212 nominatim
2784 5155 2983 5212 stoicos
3032 5156 3177 5212 hisce
3226 5156 3496 5227 allegoriis
3545 5171 3615 5213 ne

2024 5252 2191 5307 hilum
2236 5252 2449 5323 quidem
2495 5252 2560 5305 ad
2611 5250 2883 5322 religionis
2911 5267 3021 5307 suae
3047 5251 3416 5309 defensionem
3446 5251 3610 5324 profi-

2024 5342 2402 5400 cere.Certum
2431 5345 2627 5415 quippe
2656 5358 2777 5400 esse
2806 5343 2967 5400 debet
2993 5345 3057 5400 iis
3087 5344 3420 5400 divinitatem
3452 5344 3614 5401 rebus

2022 5439 2297 5496 dumtaxat
2332 5438 2526 5493 creatis
2560 5446 2614 5492 et
2638 5438 2910 5508 corporeis
2961 5438 3199 5493 attribui.
3255 5436 3381 5492 Veri
3431 5446 3612 5492 autem

2022 5528 2116 5583 Dei
2147 5544 2251 5583 una
2280 5538 2483 5583 tantum
2512 5543 2634 5583 esse
2663 5538 2838 5597 potest
2878 5528 3109 5598 ingenita
3131 5570 3146 5593 ,
3201 5528 3516 5598 incorporea
3558 5537 3614 5584 et

2020 5628 2221 5675 aeterna
2278 5621 2598 5675 subsmntia.
2630 5621 2697 5675 At
2739 5619 2863 5675 hinc
2905 5620 3062 5691 plane
3097 5620 3379 5677 conficitur
3420 5621 3610 5677 Satur-

2018 5728 2143 5767 num
2167 5756 2181 5781 ,
2209 5712 2431 5781 Jovem,
2469 5724 2524 5768 et
2547 5713 2683 5768 alios
2730 5712 3059 5784 cjuscemodi
3096 5730 3386 5786 numquam
3443 5713 3610 5771 fuisse

2016 5805 2148 5862 deos
2178 5805 2541 5880 (Clem.,lib.x
2578 5805 2831 5878 Recogn.,
2850 5824 2965 5878 cap.
2996 5807 3066 5864 55
3093 5817 3138 5862 et
3163 5824 3291 5879 seq.,
3321 5825 3443 5881 pag.
3470 5798 3611 5874 517,-

2016 5899 2277 5965 Clement.,
2314 5902 2451 5956 hom.
2483 5901 2540 5968 4,
2568 5917 2683 5969 cap.
2709 5900 2780 5956 9.4
2804 5910 2850 5955 et
2873 5918 3003 5974 δρψ,
3026 5920 3146 5975 pag.
3176 5901 3299 5972 607,
3323 5913 3369 5961 et
3387 5905 3524 5962 honr.
3551 5904 3604 5972 6,
