4230 6266
624 287 731 351 603

1873 309 2324 379 DISSERTATIO
2359 316 2642 376 PREVIA

3809 331 3917 388 60‘

624 422 744 480 cap.
772 410 839 473 17
866 418 914 466 et
938 427 1043 485 seq.
1066 454 1081 483 ,
1126 431 1249 487 pag.
1274 417 1380 475 625
1400 428 1446 477 et
1468 435 1611 490 seq.;
1657 422 1933 496 Athenag.,
1965 424 2090 498 Leg.
2122 445 2214 498 pro
2242 436 2293 499 Α
2319 442 2579 501 meretur,
2607 442 2662 489 et
2687 436 2833 506 quod
2879 446 3101 495 exterae
3149 442 3315 498 oculis
3344 442 3615 514 obiicitur,
3646 445 3917 505 funestum

624 503 912 569 christiam,
945 522 1065 578 pag.
1093 507 1165 563 22
1189 521 1236 564 et
1264 516 1416 583 seq.).

699 595 900 655 Eodem
951 614 1163 677 quoque
1215 605 1376 661 modo
1432 606 1719 677 Tatianus,
1768 613 2216 682 quemadmodum

625 686 753 743 alibi
782 694 1157 751 annotavimus
1180 738 1195 764 ,
1225 699 1451 770 corripit
1486 702 1747 774 gentiles,
1802 721 1865 761 ac
1924 711 2219 779 praesertim

624 777 985 845 Metrodorum
1014 785 1462 861 Lampsacenum,
1486 796 1574 865 qui
1606 811 1794 852 omnes
1824 777 1973 869 deos,
2008 817 2220 856 eorum-

624 888 730 949 que
761 873 1036 946 historias,
1069 879 1137 935 ad
1166 882 1512 955 allegoricum
1539 904 1758 944 sensum
1807 891 2021 947 trahere
2051 895 2220 949 moliti

625 973 752 1019 sunt
774 964 944 1034 (Tom.
969 986 987 1024 1
1036 971 1314 1044 Apparat.,
1332 994 1452 1049 pag.
1475 978 1581 1033 522
1601 990 1647 1034 et
1669 979 1773 1036 530
1792 998 1811 1048 ,'
1833 982 2040 1038 Tatian.
2070 985 2219 1043 Orat.

625 1065 789 1112 contr.
817 1058 1011 1131 Greca,
1043 1082 1165 1138 pag.
1186 1069 1335 1138 160).

697 1152 768 1209 At
795 1153 1056 1214 Eusebius
1083 1161 1203 1218 aliis
1237 1164 1412 1221 adhuc
1465 1167 1762 1226 rationibus
1818 1170 1956 1227 hanc
2003 1190 2218 1243 novam,

627 1247 703 1301 uti
728 1248 987 1320 loquitur,
1016 1261 1070 1308 et
1095 1256 1415 1315 insolentem
1459 1261 1797 1318 ethnicorum
1832 1269 2221 1323 contumaciam

626 1341 871 1426 reprimit
926 1345 946 1417 (
970 1343 1159 1403 Euseb.
1182 1391 1197 1417 ,
1243 1351 1330 1406 lib.
1388 1369 1424 1408 ιι
1464 1353 1702 1429 Prwpar.
1733 1357 1935 1431 Evang.
1960 1402 1975 1426 ,
2006 1379 2122 1431 cap.
2153 1362 2219 1431 6,

628 1449 750 1527 pag.
780 1435 896 1510 74).
944 1438 1074 1495 Post
1124 1444 1368 1501 inventas
1422 1449 1697 1505 enimvero
1744 1452 1863 1508 illas
1911 1454 2226 1527 allegoricus

627 1525 984 1601 physicasque
1028 1535 1526 1609 interpretationes,
1572 1544 1734 1600 iidem
1781 1547 1980 1603 ethnici
2023 1525 2225 1621 patrios

626 1623 976 1682 colendorum
999 1627 1224 1686 deorum
1251 1633 1385 1690 ritus
1412 1652 1519 1692 non
1547 1648 1844 1696 mutavere.
1891 1641 2028 1710 Quin
2063 1644 2226 1701 immo

627 1716 885 1786 pecudes,
919 1719 1166 1780 homines
1185 1768 1199 1793 ,
1230 1728 1481 1800 ipsasque
1511 1730 1727 1789 humani
1750 1737 1991 1807 corporis
2021 1748 2223 1810 partes,

2323 534 2377 579 et
2402 526 2686 582 exitiosum
2737 538 2838 583 est.
2878 550 2897 582 ι
2940 531 3121 604 (Greg.
3177 534 3313 589 Naz.
3343 577 3359 603 ,
3404 548 3539 594 arat.
3568 539 3659 604 59,
3690 541 3825 594 seu!
3862 541 3919 594 in

2321 615 2544 694 Julian.,
2577 638 2696 693 pag.
2726 621 2878 690 250.)
2924 624 3079 680 Prius
3125 642 3253 683 vero
3293 628 3549 699 Origenes
3593 631 3683 686 ubi
3728 642 3921 687 contra

2323 710 2536 765 Celsum
2560 712 2818 787 disputat,
2843 718 2977 772 scite
2996 718 3212 789 quidem
3242 724 3475 778 ostendit
3501 724 3918 784 christiauorum

2291 805 2711 876 .gentiliumque
2748 811 3032 881 allegorias
3062 829 3128 869 eo
3153 814 3291 871 inter
3309 831 3369 872 se
3395 817 3629 885 differre,
3662 820 3805 889 quod
3830 820 3920 877 hae

2323 898 2419 954 Dei
2445 899 2718 957 oii‘endant
2766 906 3103 975 majestatem
3151 909 3448 980 (Origen.,
3496 913 3583 969 lib.
3638 929 3694 970 tv
3750 927 3916 972 contr.

2324 988 2482 1059 Cels.,
2516 1012 2634 1064 pag.
2662 995 2787 1069 196)
2819 1016 2833 1052 :
2884 999 2990 1054 illae
3038 1016 3166 1058 vero
3212 1005 3460 1063 omnibus
3494 1007 3610 1062 sive
3650 1007 3919 1076 indoctis,

2321 1087 2435 1143 sive
2461 1086 2653 1156 doctis,
2705 1106 2770 1147 ac
2797 1093 3243 1168 quibuscumque,
3281 1100 3371 1169 qui
3399 1101 3619 1170 cupiunt
3641 1117 3801 1157 veros
3829 1120 3922 1159 sa—

2321 1193 2431 1234 crae
2478 1178 2773 1252 Scriptura:
2811 1199 3001 1241 sensus
3044 1191 3303 1257 scrutari,
3334 1193 3533 1263 optime
3559 1196 3922 1263 conveniant,

2324 1282 2482 1343 atque
2505 1284 2563 1329 ut
2581 1290 2647 1331 ex
2666 1277 2966 1346 Augustino
2991 1282 3313 1349 audivimus,
3335 1301 3439 1339 non
3470 1285 3763 1355 impediant
3786 1304 3925 1359 quo-

2324 1369 2501 1421 minus
2529 1383 2689 1427 verus
2718 1369 2897 1439 Deus,
2926 1389 2993 1429 eo
3014 1415 3028 1437 ,
3080 1391 3240 1445 quem
3284 1377 3472 1445 decet,
3521 1380 3631 1435 ritu
3655 1381 3924 1452 modoque

2324 1458 2554 1515 colatur.

2926 1557 3154 1617 CAPUT
3192 1560 3311 1619 XX.

2331 1643 2499 1711 Quam
2538 1650 2732 1717 [rustra
2757 1650 2942 1709 ethnici
2972 1667 3036 1708 ea;
3061 1654 3364 1724 quibusdam
3415 1657 3708 1727 miraculis,
3742 1670 3834 1714 aut
3863 1662 3929 1718 de

2398 1756 2453 1793 re
2476 1741 2651 1811 aliqua
2675 1747 2852 1812 futura
2879 1750 3138 1817 responsis
3159 1791 3174 1818 ,
3216 1752 3434 1823 probare
3457 1755 3770 1810 conabantur
3799 1757 3932 1812 deos

627 1823 762 1878 quas
784 1812 1062 1871 nominare
1088 1817 1270 1887 pudet,
1296 1821 1487 1877 iisdem
1514 1823 1705 1881 divinis
1734 1827 2049 1897 honoribus,
2073 1835 2225 1905 hymo
2255 1827 2301 1895 Β
2399 1850 2521 1891 suos
2547 1852 2723 1893 revera
2751 1840 2986 1897 existere.

627 1902 743 1969 nis,
786 1905 1064 1964 sacrificiis
1084 1951 1098 1976 ,
1122 1910 1349 1984 aliisque
1375 1916 1637 1989 religiosis
1666 1920 1858 1977 ritibus
1883 1935 2007 1980 sunt
2035 1902 2225 1995 prose-

628 1992 758 2048 cuti.
817 1996 864 2051 A
901 1995 1044 2055 Julio
1085 2011 1262 2058 autem
1311 2005 1544 2063 Firinico
1592 2011 1779 2067 eadem
1838 1992 2225 2087 propemodum

627 2084 895 2143 rationum
924 2103 1194 2148 momenta
1224 2107 1408 2153 contra
1438 2099 1685 2159 ethnicos
1737 2084 2060 2163 adhibentur
2089 2108 2222 2183 (Jul.

628 2175 821 2247 Firm.,
848 2183 912 2238 de
944 2183 1118 2241 Error.
1152 2190 1287 2262 prof.
1315 2193 1486 2264 relig.,
1517 2212 1633 2266 pag.
1659 2196 1738 2270 4).

699 2272 1056 2342 Quamobrem
1109 2282 1438 2354 Augustinus
1467 2293 1600 2344 scite
1648 2291 1806 2347 docet
1837 2308 1957 2347 eum
1988 2295 2077 2365 qui
2108 2311 2220 2351 sce-

628 2366 776 2423 lestis
805 2372 1155 2446 turpibusque
1181 2378 1364 2447 rebus,
1389 2397 1476 2438 res
1497 2381 1632 2438 alias
1657 2388 1929 2443 naturales
1957 2389 2105 2456 colit,
2138 2390 2224 2444 bis

628 2475 852 2531 peccare
905 2465 1222 2539 (Augustin.
1256 2516 1271 2541 ,
1335 2473 1423 2528 lib.
1477 2492 1551 2531 vn
1602 2479 1665 2533 de
1706 2478 1937 2549 Civitat.,
1972 2500 2086 2553 cap.
2116 2484 2222 2552 27,

626 2570 748 2647 pag.
776 2556 937 2625 185):
965 2572 1073 2615 tum
1096 2564 1217 2634 quia
1241 2582 1425 2622 verum
1459 2568 1625 2626 Deum
1654 2587 1759 2627 non
1783 2574 1930 2641 colit,
1961 2584 2069 2629 tum
2100 2578 2224 2647 quia

627 2644 778 2702 illum
808 2664 873 2704 eo
895 2652 1056 2709 modo
1087 2672 1193 2711 non
1219 2659 1367 2724 colit,
1396 2677 1502 2732 quo
1528 2664 1785 2720 colendus
1810 2677 1911 2722 est.
1939 2668 2077 2722 Alibi
2097 2684 2226 2724 vero

626 2737 1088 2815 illas'allegoricas
1112 2758 1166 2803 et
1194 2749 1444 2823 physicas
1477 2757 1711 2826 turpium
1739 2758 1962 2815 deorum
1992 2762 2227 2832 explica-

626 2832 802 2890 tiones
830 2851 860 2891 a
889 2836 1221 2897 doctioribus
1251 2845 1439 2900 allatas
1469 2851 1707 2918 explodit
1726 2893 1741 2918 ,
1772 2853 1893 2923 quia
1926 2869 2110 2923 parum
2140 2855 2224 2911 in-

628 2934 796 2985 terest
841 2941 1016 2988 utrum
1054 2952 1074 2986 ‹
1105 2935 1239 3004 hoc,
1275 2958 1294 2991 ι
1336 2940 1539 3011 inquit,
1590 2963 1609 2996 ‹
1645 2945 1694 2998 in
1742 2947 2022 3001 vcracibus
2074 2948 2223 3004 libris

626 3021 876 3081 homines
905 3026 1134 3084 instruat
1160 3032 1473 3102 religiosos,
1521 3037 1649 3091 illud
1690 3038 1741 3091 in
1773 3038 2052 3095 fallacibus
2084 3040 2222 3096 ludis

622 3116 897 3179 dtemones
933 3121 1160 3179 delectet
1204 3125 1478 3195 impuros,
1510 3144 1647 3200 quos
1676 3139 1852 3186 tamen
1886 3131 1959 3185 illi
1983 3132 2221 3201 religiosi

2864 1949 3161 1992 ARTICULUS
3190 1952 3401 1995 PRIMUS.

2328 2018 2518 2080 Quanta
2548 2022 3185 2085 perSpicuitateArnobius
3227 2027 3383 2077 diluat
3422 2031 3734 2081 ethnicorum
3777 2046 3932 2085 arim-

2388 2090 2608 2155 mentum
2638 2084 2700 2132 ex
2729 2084 2977 2156 miraculis
3012 2090 3237 2156 petitum,
3262 2092 3367 2139 sive
3403 2106 3513 2141 cum
3554 2096 3714 2156 pestis
3757 2084 3932 2146 sedata

2390 2152 2487 2213 e_s_t,
2508 2146 2742 2213 si_ve_cum
2767 2147 2886 2213 ludi,
2925 2146 3160 2199 monente
3189 2146 3333 2207 Juve.
3378 2146 3651 2213 instaurati,
3684 2158 3791 2207 sive
3814 2172 3930 2209 cum

2388 2206 2650 2320 {Escqlaipii
2672 2209 2985 2260 simulacrum
3001 2213 3052 2263 in
3082 2214 3287 2264 insulam
3313 2206 3597 2269 Tiberinum
3618 2206 3925 2284 transporta:

2414 2283 2493 2319 um
2536 2285 2565 2320 u
2614 2308 2627 2319 .

2414 2283 2493 2319 um
2519 2283 2627 2320 ιυιι.

2403 2372 2627 2429 Unicum
2671 2376 2899 2433 ethnicis
2955 2387 3140 2435 contra
3183 2390 3258 2435 tot
3287 2382 3707 2442 christianorum
3761 2396 3947 2459 argu-‘

2328 2476 2531 2539 menta,
2562 2484 2790 2541 quorum
2819 2471 2903 2526 vel
2929 2489 3034 2527 uno
3064 2473 3182 2529 solo
3204 2477 3378 2529 omnis
3406 2477 3625 2533 deorum
3648 2481 3843 2550 cultus,
3870 2494 3930 2539 et

2329 2568 2436 2615 tota
2470 2561 2682 2616 illorum
2714 2563 2904 2631 religio
2932 2564 3168 2621 funditus
3215 2569 3590 2637 evertebatur,
3649 2586 3935 2644 supererat

2329 2653 2637 2721 praesidium
2662 2696 2677 2721 ,
2724 2656 2866 2726 quod
2893 2657 3162 2715 Arnobius
3193 2661 3404 2730 penitus
3427 2662 3588 2719 diruit
3613 2681 3677 2721 ac
3698 2667 3932 2724 demoli-

2330 2754 2433 2800 tur.
2486 2746 2827 2817 Objiciebant
2856 2753 2996 2806 enim
3029 2752 3191 2808 multa
3219 2769 3248 2807 a
3278 2754 3379 2808 iliis
3410 2765 3619 2825 patrata
3648 2760 3930 2828 miracula,

2326 2850 2379 2895 et
2407 2840 2613 2895 reddita
2642 2842 2709 2896 de
2751 2841 2945 2899 futuris
2974 2845 3133 2901 rebus
3161 2863 3451 2917 respousa,
3485 2851 3680 2919 quibus
3711 2869 3803 2909 eos
3834 2871 3930 2910 re-

2324 2950 2447 2989 vera
2480 2936 2711 2991 existere
2738 2947 2791 2993 et
2819 2937 3094 2997 hominum
3148 2941 3513 2999 satisfactione
3551 2953 3713 3016 atque
3753 2948 3931 3003 sacri-

2327 3024 2465 3080 ficiis
2498 3026 2717 3094 placari,
2751 3044 2851 3083 nec
2879 3031 3049 3087 semel
3078 3048 3175 3087 nec
3216 3034 3445 3091 obscure
3498 3036 3929 3096 demonstratum

2329 3119 2751 3175 arbitrabantur.

626 3215 880 3279 tanquam
906 3211 1040 3269 deos
1075 3216 1295 3282 colum;
1325 3228 1519 3276 ειουω
1540 3221 1609 3277 (ιθ
1630 3221 1738 3278 mis
1763 3222 1879 3279 haec
1901 3235 2114 3295 negaui,
2153 3226 2222 3282 ab
2246 3216 2293 3287 ﬂ
2397 3213 2633 3269 Primum
2665 3216 2846 3287 itaque
2870 3216 3158 3272 narrabant
3175 3217 3375 3275 editum
3400 3220 3564 3277 fuisse
3588 3221 3930 3294 miraculum,

621 3302 770 3357 omni
796 3316 891 3357 eos
921 3305 1146 3363 crimine
1169 3323 1397 3379 purgare
1424 3327 1532 3369 non
1562 3326 1822 3383 possunt;
1857 3320 2107 3388 quoniam
2140 3319 2221 3374 lu—

622 3390 723 3449 dos
751 3392 817 3451 iis
842 3395 1035 3457 ritibus
1059 3399 1354 3469 exhibent,
1403 3405 1492 3461 ubi
1543 3410 1770 3477 turpiter
1822 3419 2072 3480 aguntur,
2101 3427 2221 3482 quae

621 3485 769 3549 velut
789 3489 1062 3558 sapienter
1085 3483 1385 3563 negantur;
1415 3505 1471 3553 et
1499 3497 1582 3554 his
1607 3500 1758 3557 falsis
1784 3518 1846 3558 ac
1876 3505 2121 3574 turpibus
2146 3505 2219 3560 dii

621 3578 934 3647 placantur,
979 3583 1068 3639 ubi
1108 3587 1207 3643 etsi
1248 3587 1429 3647 fabula
1469 3600 1651 3651 cantat
1687 3593 1892 3650 crimen
1938 3597 2218 3652 numinum

621 3671 847 3737 falsum,
877 3675 1132 3735 delectari
1171 3688 1348 3738 tamen
1392 3682 1528 3741 falso
1576 3686 1836 3753 crimine},
1886 3689 2089 3744 crimen
2139 3704 2222 3746 est

621 3779 807 3823 verum
842 3785 862 3827 ι
905 3767 1125 3841 (Idem,
1152 3772 1303 3837 ibid.,
1320 3774 1436 3830 libr.
1460 3791 1649 3841 xxvut,
1675 3792 1791 3846 cap.
1819 3778 1904 3844 12,
1926 3796 2047 3850 pag.
2064 3780 2218 3850 497).

690 3857 860 3916 Nobis
906 3876 1069 3931 porro
1114 3864 1316 3924 ethnici
1363 3867 1598 3936 objicere
1624 3885 1729 3925 non
1762 3880 2012 3940 poterant
2042 3888 2223 3929 sacra-

620 3965 740 4011 rum
763 3967 977 4025 quoque
1007 3966 1311 4013 nostrarum
1369 3960 1766 4031 Scripturarum
1818 3964 2116 4031 abstrusos,
2148 3966 2221 4021 la-

622 4050 798 4107 tentes
819 4087 836 4112 ,
864 4055 917 4103 et
946 4047 1265 4120 allegoricos
1294 4065 1416 4109 esse
1440 4066 1651 4109 sensus.
1684 4053 1818 4109 Nam
1844 4054 1900 4110 hi
1928 4055 2085 4124 plane
2126 4072 2221 4126 pe-

621 4136 873 4209 nitusque
902 4139 971 4195 ab
1000 4142 1214 4199 illorum
1236 4147 1663 4215 expositionibus
1680 4148 2008 4217 discrepant,
2028 4166 2221 4221 quem-
2253 4146 2259 4152 ’

619 4227 905 4286 admodum
944 4231 1238 4304 Gregorius
1300 4235 1701 4306 Nazianzenus,
1757 4241 1908 4298 hisce
1927 4242 2108 4297 verbis
2134 4242 2219 4297 di-

620 4322 919 4385 sertissime
972 4327 1241 4396 explicat:
1278 4347 1297 4385 ς
1330 4330 1484 4399 Apud
1533 4347 1631 4389 nos
1679 4348 1922 4405 quoque,
1958 4354 1976 4387 ι
2021 4335 2216 4406 inquit,

628 4434 645 4465 ι
680 4415 845 4470 abditi
875 4419 1091 4488 quidem
1122 4432 1175 4474 et
1198 4422 1429 4478 abSIrusi
1458 4439 1738 4483 sermones
1762 4436 1920 4494 sunt;
1952 4442 2050 4483 nec
2074 4428 2217 4483 enim

620 4506 827 4562 inficias
869 4509 1039 4565 ivero.
1068 4511 1267 4568 Verum
1297 4531 1541 4584 quaenam
1565 4516 1791 4588 duplicis
1815 4534 2000 4573 eorum
2029 4534 2221 4576 sensus

2322 3323 2443 3364 cum
2493 3318 2711 3380 prapter
2755 3312 2908 3367 ludos
2950 3314 3250 3381 circenses,
3297 3318 3387 3386 qui
3410 3317 3460 3373 in
3482 3317 3630 3372 Jovis
3659 3320 3925 3377 honorem

2324 3398 2551 3454 instituti
2582 3412 2754 3470 erant,
2786 3418 2889 3461 non
2923 3402 3023 3458 rite
3053 3404 3241 3469 factos,
3266 3408 3429 3475 pestis
3454 3408 3640 3463 urbem
3671 3409 3920 3482 depopu-

2320 3490 2530 3546 labatur
2559 3490 2796 3566 (Arnob.,
2828 3495 2915 3550 lib.
2946 3513 3038 3564 vn,
3073 3516 3191 3568 pag.
3220 3497 3326 3553 242
3352 3508 3397 3552 et
3419 3502 3573 3572 δρψ).
3625 3502 3718 3557 [lis
3769 3506 3921 3560 enim

2321 3582 2462 3638 ludis
2505 3600 2571 3639 eo
2611 3602 2770 3654 quem
2821 3588 2979 3643 alibis
3033 3590 3400 3659 exposuimus,
3427 3591 3579 3648 Jovis
3608 3595 3816 3652 monitu
3846 3597 3926 3652 iu-

2322 3677 2594 3743 Stauratis,
2624 3677 2738 3734 lues
2766 3678 3050 3736 confestim
3105 3685 3335 3740 cessavit
3370 3684 3612 3759 (Dissert.
3643 3689 3699 3743 in
3723 3690 3931 3745 Minue.

2327 3766 2533 3834 Octav.,
2564 3788 2682 3840 cap.
2721 3772 2809 3836 i7,
2839 3783 2941 3828 art.
2972 3775 3050 3846 ⁸5).

2394 3863 2552 3918 Aliud
2580 3867 2897 3922 miraculum
2920 3869 3120 3925 factum
3148 3871 3311 3927 fuisse
3333 3874 3563 3942 gentiles
3584 3876 3929 3946 iactitabant,

2323 3955 2537 4025 quando
2585 3958 2654 4013 ob
2695 3960 3041 4016 simulacrum
3098 3962 3395 4035 Esculapii
3451 3966 3752 4038 Epidauro,
3803 3987 3931 4041 qum

2324 4046 2687 4120 Peloponnesi
2717 4052 2911 4108 civitas
2938 4064 3042 4123 est,
3066 4054 3119 4110 in
3143 4055 3456 4114 Tiberinum
3489 4060 3717 4116 insulam
3746 4072 3934 4121 trans-

2324 4152 2595 4217 portatum
2616 4189 2629 4211 ,
2661 4147 2833 4219 pestis
2883 4149 3062 4205 adhuc
3088 4150 3276 4207 sedata
3301 4152 3399 4208 fuit
3426 4156 3446 4225 (
3464 4154 3681 4222 Arnob.,
3714 4158 3802 4212 lib.
3828 4175 3933 4229 ver,

2325 4251 2446 4306 pag.
2477 4236 2585 4291 248
2616 4247 2663 4291 et
2693 4256 2831 4310 seqq.
2853 4240 2895 4314 ).
2924 4241 3032 4297 Res
3062 4251 3244 4298 autem
3284 4253 3393 4299 tota
3424 4244 3597 4303 Ovidii
3642 4248 3932 4307 decantata

2324 4330 2659 4386 carminibus
2700 4332 2872 4403 hunc,
2907 4336 2950 4389 si
2979 4351 3097 4407 quae
3127 4336 3181 4392 ei
3211 4336 3379 4403 fides,
3414 4353 3472 4394 se
3504 4340 3691 4398 habuit
3717 4344 3769 4397 in
3805 4360 3932 4400 mo-

2323 4421 2451 4477 dum
2484 4422 2694 4493 (0vid.,
2724 4426 2814 4481 lib.
2843 4444 2906 4481 xv
2931 4425 3170 4496 Metam,
3203 4448 3326 4502 pag.
3355 4431 3463 4487 580
3488 4442 3534 4486 et
3560 4434 3724 4506 seqq.)
3745 4452 3759 4488 :
3784 4435 3925 4492 Cum

2324 4512 2596 4570 dirissima
2638 4520 2807 4589 pestis
2836 4519 3063 4575 Romam
3098 4520 3413 4594 vicinasque
3448 4527 3699 4595 regiones
3728 4527 3931 4584 devas-

618 4608 702 4653 est
726 4601 885 4667 ratio,
917 4613 973 4657 et
997 4619 1116 4672 quae
1150 4606 1251 4673 vis,
1282 4622 1402 4678 quae
1425 4607 1683 4663 facultas?
1706 4607 1817 4666 Nec
1844 4618 2062 4666 externa
2096 4629 2220 4684 spe-
2244 4608 2300 4669 D
2326 4617 2463 4665 taret
2482 4652 2495 4675 ,
2529 4610 2757 4667 Romani
2786 4620 2910 4682 post
2936 4613 3173 4670 adhibita
3200 4617 3475 4674 incassum
3536 4620 3768 4677 humana
3805 4639 3932 4679 me-

618 4696 729 4752 cies
780 4696 1035 4753 indecora
1079 4707 1132 4754 et
1184 4700 1468 4756 inhonesta
1516 4714 1625 4771 est;
1670 4712 1724 4759 et
1751 4704 1892 4774 quod
1920 4705 2220 4762 occultatur

617 4790 992 4847 admirandum
1037 4801 1116 4848 est
1139 4835 1155 4861 ,
1201 4793 1372 4864 iisque
1399 4795 1485 4866 qui
1516 4796 1566 4850 in
1600 4797 1891 4866 penetralia
1924 4802 2037 4868 ipsa
2071 4800 2218 4854 incu-

616 4886 833 4952 duntur,
884 4887 1019 4943 mire
1067 4887 1404 4958 Splendidam
1428 4931 1442 4954 ,
1475 4906 1536 4944 ac
1568 4891 1912 4961 pulcherrimi
1941 4892 2217 4964 cujusdam

616 4981 858 5053 corporis
902 4982 1104 5049 instar,
1137 4982 1277 5037 haud
1307 4985 1643 5055 aspernanda
1692 4996 1841 5042 veste
1883 4989 2208 5059 contegitur.

616 5072 817 5129 Rerum
850 5074 991 5129 enim
1019 5074 1355 5145 divinarum,
1407 5094 1525 5134 mea
1553 5079 1770 5150 quidem
1803 5082 2102 5141 sententia.
2148 5097 2217 5136 ne

616 5168 972 5224 indicationes
997 5168 1212 5239 quidem
1245 5170 1387 5240 ipsas
1418 5180 1777 5242 externasque
1815 5174 2022 5243 species
2064 5175 2218 5227 inho-

617 5270 800 5316 nestas
836 5275 956 5317 esse
997 5263 1268 5327 convenit,
1301 5265 1568 5335 rebusque
1598 5267 1910 5337 significatis
1941 5266 2209 5338 indignas,
2242 5258 2250 5287 ’

615 5369 678 5410 ac
729 5354 961 5426 denique
1012 5356 1177 5420 tales,
1225 5365 1278 5409 ut
1314 5354 1561 5412 homines
1590 5375 1802 5430 quoque
1831 5361 1927 5432 ipsi
1950 5375 2039 5415 eas
2069 5359 2136 5415 de
2158 5375 2218 5417 se

616 5445 897 5521 prmdicari
923 5450 1247 5519 permoleste
1279 5450 1434 5505 laturi
1464 5452 1591 5519 sint,
1611 5469 1792 5507 veram
1814 5464 1908 5509 aut
1927 5454 2216 5511 maximam

615 5540 837 5595 omnino
864 5541 1312 5610 pulchritudinem
1349 5543 1579 5609 habere,
1630 5555 1719 5599 aut
1774 5555 1922 5602 certe
1950 5564 1979 5601 a
2007 5564 2215 5604 summa

615 5634 947 5706 turpitudine
989 5635 1202 5704 abesse,
1231 5647 1282 5693 ut
1314 5639 1505 5711 partim
1553 5639 1874 5695 eruditiores
1920 5642 2214 5711 oblectent,

618 5728 814 5794 partim
846 5727 988 5796 vulgi
1020 5730 1228 5786 animos
1279 5731 1500 5787 minime
1550 5731 1901 5788 labefactent.
1941 5734 2094 5804 Apud
2125 5750 2221 5793 vos

635 5826 857 5887 contra,
898 5834 999 5873 nec
1041 5822 1183 5888 quod
1236 5823 1641 5893 intelligendum
1689 5826 2031 5898 proponitur,
2061 5827 2221 5885 fidem

2325 4702 2662 4772 dicamenta,
2719 4705 3035 4777 Delphicum
3085 4710 3363 4765 oraculum
3417 4712 3485 4767 ab
3535 4729 3601 4769 eo
3647 4716 3933 4788 accipiunt

2323 4795 2691 4869 JEsculapium
2713 4799 2991 4870 Epidauro
3015 4801 3241 4858 Romam
3273 4807 3682 4863 arcessendum.
3718 4811 3931 4867 Parent

2328 4890 2547 4946 oraculo
2600 4891 2868 4960 Romani,
2921 4894 3239 4966 legatosque
3296 4898 3624 4968 Epidaurum
3678 4902 3921 4959 mittunt.

2324 4981 2529 5037 Eorum
2584 4984 2837 5053 precibus
2892 4997 3137 5043 annuunt
3194 4988 3470 5059 Epidaurii
3519 4993 3778 5063 quidam,
3835 5013 3929 5052 re-

2324 5084 2496 5131 nuunt
2531 5076 2642 5132 alii.
2704 5075 2809 5132 Sed
2856 5077 3083 5134 Romani
3124 5081 3191 5136 ab
3238 5080 3554 5154 Esculapio
3610 5084 3925 5157 admoniti,

2325 5172 2475 5227 illum
2516 5173 2566 5227 in
2607 5171 2874 5241 serpentis
2914 5172 3140 5229 formam
3182 5183 3479 5241 mutatum,
3524 5178 3576 5231 in
3609 5177 3928 5236 Tiberinum

2324 5266 2552 5321 insulam
2580 5266 2909 5321 detulerunt.
2935 5266 3051 5335 Quo
3074 5267 3214 5324 facto
3240 5270 3544 5341 pestilentia
3565 5272 3788 5343 depulsa
3817 5285 3925 5331 est.

2326 5357 2393 5413 Et
2433 5365 2501 5414 ita
2543 5358 2759 5430 quidem
2798 5358 3054 5427 Ovidius,
3087 5360 3312 5433 ejusque
3346 5365 3583 5419 narratio
3611 5375 3793 5436 potest
3820 5367 3931 5424 Va-

2325 5451 2443 5506 lerii
2474 5452 2721 5522 Maximi,
2754 5452 2925 5522 Livii,
2956 5452 3269 5522 Plutarchi,
3300 5457 3504 5512 Aurelii
3533 5457 3800 5528 Victoris,
3834 5460 3931 5519 La‘

2327 5547 2515 5599 ctantii
2556 5554 2610 5603 et
2648 5547 2936 5617 Augustini
2969 5550 3292 5605 auctoritate
3322 5551 3632 5605 confirmari
3657 5595 3671 5617 ,
3706 5557 3931 5612 tametsi

2324 5647 2414 5692 aut
2440 5639 2699 5706 brevius,
2733 5650 2824 5696 aut
2856 5641 3013 5711 paulo
3040 5641 3195 5696 aliter
3226 5642 3484 5708 quasdam
3519 5643 3661 5698 illius
3688 5644 3932 5700 circurn—

2324 5733 2548 5787 stautias
2578 5733 2863 5789 rettulerint
2890 5737 2906 5805 (
2938 5734 3056 5789 Val.
3093 5734 3266 5806 Manu,
3299 5737 3385 5792 lib.
3419 5755 3467 5805 1,
3501 5756 3617 5809 cap.
3653 5738 3707 5807 8,
3762 5740 3789 5812 §
3844 5741 3881 5796 2
3911 5760 3928 5809 ;

2331 5823 2465 5893 Liv.,
2491 5828 2540 5881 in
2564 5827 2654 5895 lin.
2706 5825 2791 5881 lib.
2850 5844 2921 5897 κ,
2953 5838 3001 5885 et
3029 5828 3115 5885 lib.
3148 5847 3304 5903 χχιι,
3337 5848 3450 5901 cap.
3485 5832 3542 5889 ll
3574 5849 3588 5899 ;
3619 5831 3929 5905 Plutarch.,
