  <div class='ocr_page' id='page_1' title='image "/cluster/home/n/w/nwhite01/storage/ocr_20150623/5/hvd.32044073505224/308.png"; bbox 0 0 4172 6252; ppageno 0'>
   <div class='ocr_carea' id='block_1_1' title="bbox 312 299 412 357">
    <p class='ocr_par' dir='ltr' id='par_1_1' title="bbox 312 299 412 357">
     <span class='ocr_line' id='line_1_1' title="bbox 312 299 412 357; baseline 0 0"><span class='ocrx_word' id='word_1_1' title='bbox 312 299 412 357; x_wconf 79' lang='lat'><strong>605</strong></span> 
     </span>
    </p>
   </div>
   <div class='ocr_carea' id='block_1_2' title="bbox 1521 290 2361 361">
    <p class='ocr_par' dir='ltr' id='par_1_2' title="bbox 1521 290 2361 361">
     <span class='ocr_line' id='line_1_2' title="bbox 1521 290 2361 361; baseline -0.004 -7"><span class='ocrx_word' id='word_1_2' title='bbox 1521 298 1586 354; x_wconf 75' lang='grc' dir='ltr'><strong>ΙΝ</strong></span> <span class='ocrx_word' id='word_1_3' title='bbox 1631 290 2007 361; x_wconf 74' lang='lat' dir='ltr'><strong>A-RNOBIUM,</strong></span> <span class='ocrx_word' id='word_1_4' title='bbox 2046 294 2201 351; x_wconf 79' lang='lat' dir='ltr'><strong>CAP.</strong></span> <span class='ocrx_word' id='word_1_5' title='bbox 2244 293 2361 351; x_wconf 76' lang='lat' dir='ltr'><strong>XX.</strong></span> 
     </span>
    </p>
   </div>
   <div class='ocr_carea' id='block_1_3' title="bbox 3476 289 3582 346">
    <p class='ocr_par' dir='ltr' id='par_1_3' title="bbox 3476 289 3582 346">
     <span class='ocr_line' id='line_1_3' title="bbox 3476 289 3582 346; baseline 0 0"><span class='ocrx_word' id='word_1_6' title='bbox 3476 289 3582 346; x_wconf 85' lang='lat'><strong>606</strong></span> 
     </span>
    </p>
   </div>
   <div class='ocr_carea' id='block_1_4' title="bbox 306 401 3581 484">
    <p class='ocr_par' dir='ltr' id='par_1_4' title="bbox 306 401 3581 484">
     <span class='ocr_line' id='line_1_4' title="bbox 306 401 3581 484; baseline -0.004 -17"><span class='ocrx_word' id='word_1_7' title='bbox 306 411 505 478; x_wconf 62' lang='lat' dir='ltr'><strong>Quen.</strong></span> <span class='ocrx_word' id='word_1_8' title='bbox 546 426 778 480; x_wconf 63' lang='lat' dir='ltr'><strong>romam,</strong></span> <span class='ocrx_word' id='word_1_9' title='bbox 820 421 943 470; x_wconf 74' lang='lat' dir='ltr'><strong>tam.</strong></span> <span class='ocrx_word' id='word_1_10' title='bbox 977 420 1012 467; x_wconf 90' lang='lat' dir='ltr'><strong>tt</strong></span> <span class='ocrx_word' id='word_1_11' title='bbox 1034 453 1048 478; x_wconf 95' lang='lat'><strong>,</strong></span> <span class='ocrx_word' id='word_1_12' title='bbox 1082 428 1203 484; x_wconf 86' lang='lat' dir='ltr'><strong>pag.</strong></span> <span class='ocrx_word' id='word_1_13' title='bbox 1233 411 1378 479; x_wconf 69' lang='lat'><strong>286;</strong></span> <span class='ocrx_word' id='word_1_14' title='bbox 1415 411 1593 466; x_wconf 81' lang='lat' dir='ltr'><strong>Aurel.</strong></span> <span class='ocrx_word' id='word_1_15' title='bbox 1639 409 1796 478; x_wconf 86' lang='lat' dir='ltr'><strong>Vict.,</strong></span> <span class='ocrx_word' id='word_1_16' title='bbox 1830 407 1895 460; x_wconf 85' lang='lat' dir='ltr'><strong>de</strong></span> <span class='ocrx_word' id='word_1_17' title='bbox 1922 406 1974 466; x_wconf 78' lang='grc' dir='ltr'><strong>Α</strong></span> <span class='ocrx_word' id='word_1_18' title='bbox 1997 421 2104 477; x_wconf 87' lang='lat' dir='ltr'><strong>quo</strong></span> <span class='ocrx_word' id='word_1_19' title='bbox 2133 407 2363 464; x_wconf 89' lang='lat' dir='ltr'><strong>ﬁliorum</strong></span> <span class='ocrx_word' id='word_1_20' title='bbox 2389 409 2674 464; x_wconf 76' lang='lat' dir='ltr'><strong>orbitatem</strong></span> <span class='ocrx_word' id='word_1_21' title='bbox 2722 415 2776 462; x_wconf 90' lang='lat' dir='ltr'><strong>et</strong></span> <span class='ocrx_word' id='word_1_22' title='bbox 2826 413 3054 462; x_wconf 91' lang='lat' dir='ltr'><strong>mortem</strong></span> <span class='ocrx_word' id='word_1_23' title='bbox 3106 404 3273 460; x_wconf 80' lang='lat' dir='ltr'><strong>sensit</strong></span> <span class='ocrx_word' id='word_1_24' title='bbox 3318 401 3581 458; x_wconf 77' lang='lat' dir='ltr'><strong>acerbius.</strong></span> 
     </span>
    </p>
   </div>
   <div class='ocr_carea' id='block_1_5' title="bbox 309 501 1889 577">
    <p class='ocr_par' dir='ltr' id='par_1_5' title="bbox 309 501 1889 577">
     <span class='ocr_line' id='line_1_5' title="bbox 309 501 1889 577; baseline 0 -21"><span class='ocrx_word' id='word_1_25' title='bbox 309 501 425 557; x_wconf 85' lang='lat' dir='ltr'><strong>Vir.</strong></span> <span class='ocrx_word' id='word_1_26' title='bbox 463 504 656 571; x_wconf 62' lang='lat' dir='ltr'><strong>illust,</strong></span> <span class='ocrx_word' id='word_1_27' title='bbox 702 523 820 577; x_wconf 84' lang='lat' dir='ltr'><strong>cap.</strong></span> <span class='ocrx_word' id='word_1_28' title='bbox 869 506 972 572; x_wconf 61' lang='grc' dir='ltr'><strong>ἥς</strong></span> <span class='ocrx_word' id='word_1_29' title='bbox 1012 507 1274 573; x_wconf 83' lang='lat' dir='ltr'><strong>Lactant.,</strong></span> <span class='ocrx_word' id='word_1_30' title='bbox 1307 505 1396 560; x_wconf 84' lang='lat' dir='ltr'><strong>lib.</strong></span> <span class='ocrx_word' id='word_1_31' title='bbox 1429 521 1501 570; x_wconf 90' lang='lat' dir='ltr'><strong>tt,</strong></span> <span class='ocrx_word' id='word_1_32' title='bbox 1537 522 1653 575; x_wconf 86' lang='lat' dir='ltr'><strong>cap.</strong></span> <span class='ocrx_word' id='word_1_33' title='bbox 1684 504 1738 570; x_wconf 87' lang='lat'><strong>7,</strong></span> <span class='ocrx_word' id='word_1_34' title='bbox 1770 520 1889 574; x_wconf 87' lang='lat' dir='ltr'><strong>pag.</strong></span> 
     </span>
    </p>
   </div>
   <div class='ocr_carea' id='block_1_6' title="bbox 303 599 1891 674">
    <p class='ocr_par' dir='ltr' id='par_1_6' title="bbox 303 599 1891 674">
     <span class='ocr_line' id='line_1_6' title="bbox 303 599 1891 674; baseline 0.001 -21"><span class='ocrx_word' id='word_1_35' title='bbox 303 599 442 668; x_wconf 61' lang='lat'><strong>£75;</strong></span> <span class='ocrx_word' id='word_1_36' title='bbox 475 601 722 672; x_wconf 81' lang='lat' dir='ltr'><strong>August.,</strong></span> <span class='ocrx_word' id='word_1_37' title='bbox 754 602 844 657; x_wconf 86' lang='lat' dir='ltr'><strong>lib.</strong></span> <span class='ocrx_word' id='word_1_38' title='bbox 876 618 934 658; x_wconf 85' lang='grc' dir='ltr'>ιιι</span> <span class='ocrx_word' id='word_1_39' title='bbox 964 604 1030 658; x_wconf 87' lang='lat' dir='ltr'><strong>de</strong></span> <span class='ocrx_word' id='word_1_40' title='bbox 1059 603 1234 668; x_wconf 60' lang='lat' dir='ltr'><strong>Cirin,</strong></span> <span class='ocrx_word' id='word_1_41' title='bbox 1268 619 1389 674; x_wconf 86' lang='lat' dir='ltr'><strong>pag.</strong></span> <span class='ocrx_word' id='word_1_42' title='bbox 1427 601 1497 656; x_wconf 73' lang='grc' dir='ltr'><strong><em>η</em></strong></span> <span class='ocrx_word' id='word_1_43' title='bbox 1527 611 1572 655; x_wconf 86' lang='lat' dir='ltr'><strong>et</strong></span> <span class='ocrx_word' id='word_1_44' title='bbox 1605 603 1693 662; x_wconf 78' lang='lat' dir='ltr'><strong>i7.</strong></span> <span class='ocrx_word' id='word_1_45' title='bbox 1727 611 1772 655; x_wconf 89' lang='lat' dir='ltr'><strong>et</strong></span> <span class='ocrx_word' id='word_1_46' title='bbox 1804 601 1891 654; x_wconf 89' lang='lat' dir='ltr'><strong>lib.</strong></span> 
     </span>
    </p>
   </div>
   <div class='ocr_carea' id='block_1_7' title="bbox 300 693 691 766">
    <p class='ocr_par' dir='ltr' id='par_1_7' title="bbox 300 693 691 766">
     <span class='ocr_line' id='line_1_7' title="bbox 300 693 691 766; baseline 0.005 -20"><span class='ocrx_word' id='word_1_47' title='bbox 300 706 341 746; x_wconf 73' lang='grc' dir='ltr'><strong>ι</strong></span> <span class='ocrx_word' id='word_1_48' title='bbox 361 735 376 760; x_wconf 89' lang='grc'><em>,</em></span> <span class='ocrx_word' id='word_1_49' title='bbox 407 709 528 765; x_wconf 82' lang='lat' dir='ltr'><strong>cap.</strong></span> <span class='ocrx_word' id='word_1_50' title='bbox 564 693 691 766; x_wconf 70' lang='grc'><strong>16).</strong></span> 
     </span>
    </p>
   </div>
   <div class='ocr_carea' id='block_1_8' title="bbox 374 786 1890 862">
    <p class='ocr_par' dir='ltr' id='par_1_8' title="bbox 374 786 1890 862">
     <span class='ocr_line' id='line_1_8' title="bbox 374 786 1890 862; baseline 0.001 -21"><span class='ocrx_word' id='word_1_51' title='bbox 374 786 593 842; x_wconf 76' lang='lat' dir='ltr'><strong>Ethnici</strong></span> <span class='ocrx_word' id='word_1_52' title='bbox 625 788 804 858; x_wconf 80' lang='lat' dir='ltr'><strong>itaque</strong></span> <span class='ocrx_word' id='word_1_53' title='bbox 833 790 1162 860; x_wconf 61' lang='lat' dir='ltr'><strong>praecipuum</strong></span> <span class='ocrx_word' id='word_1_54' title='bbox 1185 831 1198 854; x_wconf 95' lang='lat'><strong>,</strong></span> <span class='ocrx_word' id='word_1_55' title='bbox 1230 799 1391 862; x_wconf 87' lang='lat' dir='ltr'><strong>atque</strong></span> <span class='ocrx_word' id='word_1_56' title='bbox 1421 800 1479 844; x_wconf 92' lang='lat' dir='ltr'><strong>ut</strong></span> <span class='ocrx_word' id='word_1_57' title='bbox 1507 788 1640 860; x_wconf 84' lang='lat' dir='ltr'><strong>ipsis</strong></span> <span class='ocrx_word' id='word_1_58' title='bbox 1669 787 1890 842; x_wconf 84' lang='lat' dir='ltr'><strong>videba-</strong></span> 
     </span>
    </p>
   </div>
   <div class='ocr_carea' id='block_1_9' title="bbox 296 881 1886 955">
    <p class='ocr_par' dir='ltr' id='par_1_9' title="bbox 296 881 1886 955">
     <span class='ocr_line' id='line_1_9' title="bbox 296 881 1886 955; baseline 0.002 -21"><span class='ocrx_word' id='word_1_59' title='bbox 296 886 410 944; x_wconf 91' lang='lat' dir='ltr'><strong>tur,</strong></span> <span class='ocrx_word' id='word_1_60' title='bbox 442 881 761 950; x_wconf 85' lang='lat' dir='ltr'><strong>palmarium</strong></span> <span class='ocrx_word' id='word_1_61' title='bbox 795 897 892 950; x_wconf 90' lang='lat' dir='ltr'><strong>pro</strong></span> <span class='ocrx_word' id='word_1_62' title='bbox 921 897 1015 938; x_wconf 87' lang='lat' dir='ltr'><strong>sua</strong></span> <span class='ocrx_word' id='word_1_63' title='bbox 1035 925 1050 950; x_wconf 93' lang='lat'><strong>,</strong></span> <span class='ocrx_word' id='word_1_64' title='bbox 1082 892 1138 939; x_wconf 89' lang='lat' dir='ltr'><strong>et</strong></span> <span class='ocrx_word' id='word_1_65' title='bbox 1159 895 1344 940; x_wconf 89' lang='lat' dir='ltr'><strong>contra</strong></span> <span class='ocrx_word' id='word_1_66' title='bbox 1370 884 1687 955; x_wconf 78' lang='lat' dir='ltr'><strong>religionem</strong></span> <span class='ocrx_word' id='word_1_67' title='bbox 1715 882 1886 937; x_wconf 59' lang='lat' dir='ltr'><strong>chriso</strong></span> 
     </span>
    </p>
   </div>
   <div class='ocr_carea' id='block_1_10' title="bbox 299 971 1894 1047">
    <p class='ocr_par' dir='ltr' id='par_1_10' title="bbox 299 971 1894 1047">
     <span class='ocr_line' id='line_1_10' title="bbox 299 971 1894 1047; baseline 0.003 -22"><span class='ocrx_word' id='word_1_68' title='bbox 299 971 506 1027; x_wconf 88' lang='lat' dir='ltr'><strong>tianam</strong></span> <span class='ocrx_word' id='word_1_69' title='bbox 531 984 909 1043; x_wconf 77' lang='lat' dir='ltr'><strong>argumentum</strong></span> <span class='ocrx_word' id='word_1_70' title='bbox 935 990 1001 1029; x_wconf 79' lang='lat' dir='ltr'><strong>ex</strong></span> <span class='ocrx_word' id='word_1_71' title='bbox 1028 975 1140 1030; x_wconf 88' lang='lat' dir='ltr'><strong>illis</strong></span> <span class='ocrx_word' id='word_1_72' title='bbox 1165 976 1390 1047; x_wconf 84' lang='lat' dir='ltr'><strong>aliisque</strong></span> <span class='ocrx_word' id='word_1_73' title='bbox 1417 977 1658 1045; x_wconf 85' lang='lat' dir='ltr'><strong>ejusdem</strong></span> <span class='ocrx_word' id='word_1_74' title='bbox 1679 977 1894 1046; x_wconf 81' lang='lat' dir='ltr'><strong>generis</strong></span> 
     </span>
    </p>
   </div>
   <div class='ocr_carea' id='block_1_11' title="bbox 297 1066 1890 1140">
    <p class='ocr_par' dir='ltr' id='par_1_11' title="bbox 297 1066 1890 1140">
     <span class='ocr_line' id='line_1_11' title="bbox 297 1066 1890 1140; baseline 0.003 -20"><span class='ocrx_word' id='word_1_75' title='bbox 297 1066 700 1121; x_wconf 79' lang='lat' dir='ltr'><strong>narrationibus</strong></span> <span class='ocrx_word' id='word_1_76' title='bbox 732 1077 918 1137; x_wconf 83' lang='lat' dir='ltr'><strong>petere</strong></span> <span class='ocrx_word' id='word_1_77' title='bbox 947 1069 1222 1126; x_wconf 80' lang='lat' dir='ltr'><strong>solebant.</strong></span> <span class='ocrx_word' id='word_1_78' title='bbox 1256 1070 1365 1126; x_wconf 87' lang='lat' dir='ltr'><strong>Nec</strong></span> <span class='ocrx_word' id='word_1_79' title='bbox 1392 1071 1654 1126; x_wconf 86' lang='lat' dir='ltr'><strong>difﬁtetur</strong></span> <span class='ocrx_word' id='word_1_80' title='bbox 1676 1070 1890 1140; x_wconf 83' lang='lat' dir='ltr'><strong>quidem</strong></span> 
     </span>
    </p>
   </div>
   <div class='ocr_carea' id='block_1_12' title="bbox 294 1159 1893 1233">
    <p class='ocr_par' dir='ltr' id='par_1_12' title="bbox 294 1159 1893 1233">
     <span class='ocr_line' id='line_1_12' title="bbox 294 1159 1893 1233; baseline 0.003 -19"><span class='ocrx_word' id='word_1_81' title='bbox 294 1159 574 1214; x_wconf 79' lang='lat' dir='ltr'><strong>Arnobius</strong></span> <span class='ocrx_word' id='word_1_82' title='bbox 615 1161 718 1216; x_wconf 89' lang='lat' dir='ltr'><strong>hac</strong></span> <span class='ocrx_word' id='word_1_83' title='bbox 755 1162 810 1215; x_wconf 91' lang='lat' dir='ltr'><strong>in</strong></span> <span class='ocrx_word' id='word_1_84' title='bbox 851 1177 912 1216; x_wconf 90' lang='lat' dir='ltr'><strong>re</strong></span> <span class='ocrx_word' id='word_1_85' title='bbox 949 1164 1254 1228; x_wconf 77' lang='lat' dir='ltr'><strong>articulum,</strong></span> <span class='ocrx_word' id='word_1_86' title='bbox 1291 1165 1446 1218; x_wconf 88' lang='lat' dir='ltr'><strong>sicuti</strong></span> <span class='ocrx_word' id='word_1_87' title='bbox 1485 1163 1745 1233; x_wconf 88' lang='lat' dir='ltr'><strong>loquitur,</strong></span> <span class='ocrx_word' id='word_1_88' title='bbox 1778 1165 1893 1218; x_wconf 85' lang='lat' dir='ltr'><strong>sive</strong></span> 
     </span>
    </p>
   </div>
   <div class='ocr_carea' id='block_1_13' title="bbox 296 1252 1893 1330">
    <p class='ocr_par' dir='ltr' id='par_1_13' title="bbox 296 1252 1893 1330">
     <span class='ocr_line' id='line_1_13' title="bbox 296 1252 1893 1330; baseline 0.004 -23"><span class='ocrx_word' id='word_1_89' title='bbox 296 1252 583 1310; x_wconf 82' lang='lat' dir='ltr'><strong>cardinem</strong></span> <span class='ocrx_word' id='word_1_90' title='bbox 637 1256 803 1312; x_wconf 88' lang='lat' dir='ltr'><strong>totius</strong></span> <span class='ocrx_word' id='word_1_91' title='bbox 852 1255 1011 1327; x_wconf 87' lang='lat' dir='ltr'><strong>hujus</strong></span> <span class='ocrx_word' id='word_1_92' title='bbox 1056 1274 1235 1313; x_wconf 67' lang='lat' dir='ltr'><strong>causai</strong></span> <span class='ocrx_word' id='word_1_93' title='bbox 1282 1275 1346 1314; x_wconf 89' lang='lat' dir='ltr'><strong>ac</strong></span> <span class='ocrx_word' id='word_1_94' title='bbox 1393 1260 1706 1330; x_wconf 69' lang='lat' dir='ltr'><strong>quaestionis</strong></span> <span class='ocrx_word' id='word_1_95' title='bbox 1753 1259 1893 1313; x_wconf 82' lang='lat' dir='ltr'><strong>verti</strong></span> 
     </span>
    </p>
   </div>
   <div class='ocr_carea' id='block_1_14' title="bbox 293 1348 1893 1424">
    <p class='ocr_par' dir='ltr' id='par_1_14' title="bbox 293 1348 1893 1424">
     <span class='ocr_line' id='line_1_14' title="bbox 293 1348 1893 1424; baseline 0.005 -23"><span class='ocrx_word' id='word_1_96' title='bbox 293 1348 546 1416; x_wconf 80' lang='lat' dir='ltr'><strong>(Arnob.,</strong></span> <span class='ocrx_word' id='word_1_97' title='bbox 571 1349 661 1404; x_wconf 88' lang='lat' dir='ltr'><strong>lib.</strong></span> <span class='ocrx_word' id='word_1_98' title='bbox 685 1366 790 1417; x_wconf 86' lang='lat' dir='ltr'><strong>vn,</strong></span> <span class='ocrx_word' id='word_1_99' title='bbox 826 1369 950 1423; x_wconf 84' lang='lat' dir='ltr'><strong>pag.</strong></span> <span class='ocrx_word' id='word_1_100' title='bbox 975 1351 1138 1424; x_wconf 68' lang='lat'><strong>243).</strong></span> <span class='ocrx_word' id='word_1_101' title='bbox 1170 1353 1250 1408; x_wconf 89' lang='lat' dir='ltr'><strong>Eo</strong></span> <span class='ocrx_word' id='word_1_102' title='bbox 1273 1355 1416 1408; x_wconf 89' lang='lat' dir='ltr'><strong>enim</strong></span> <span class='ocrx_word' id='word_1_103' title='bbox 1445 1353 1578 1408; x_wconf 89' lang='lat' dir='ltr'><strong>illud</strong></span> <span class='ocrx_word' id='word_1_104' title='bbox 1605 1369 1893 1424; x_wconf 83' lang='lat' dir='ltr'><strong>argumen-</strong></span> 
     </span>
    </p>
   </div>
   <div class='ocr_carea' id='block_1_15' title="bbox 293 1441 1887 1516">
    <p class='ocr_par' dir='ltr' id='par_1_15' title="bbox 293 1441 1887 1516">
     <span class='ocr_line' id='line_1_15' title="bbox 293 1441 1887 1516; baseline 0.004 -22"><span class='ocrx_word' id='word_1_105' title='bbox 293 1447 417 1495; x_wconf 84' lang='lat' dir='ltr'><strong>tum</strong></span> <span class='ocrx_word' id='word_1_106' title='bbox 446 1441 672 1498; x_wconf 81' lang='lat' dir='ltr'><strong>validius</strong></span> <span class='ocrx_word' id='word_1_107' title='bbox 701 1442 934 1510; x_wconf 88' lang='lat' dir='ltr'><strong>videtur,</strong></span> <span class='ocrx_word' id='word_1_108' title='bbox 966 1446 1108 1516; x_wconf 87' lang='lat' dir='ltr'><strong>quod</strong></span> <span class='ocrx_word' id='word_1_109' title='bbox 1139 1444 1257 1501; x_wconf 65' lang='lat' dir='ltr'><strong>haec</strong></span> <span class='ocrx_word' id='word_1_110' title='bbox 1300 1448 1353 1501; x_wconf 90' lang='lat' dir='ltr'><strong>in</strong></span> <span class='ocrx_word' id='word_1_111' title='bbox 1395 1447 1736 1502; x_wconf 89' lang='lat' dir='ltr'><strong>ethnicorum</strong></span> <span class='ocrx_word' id='word_1_112' title='bbox 1786 1461 1887 1500; x_wconf 88' lang='lat' dir='ltr'><strong>an-</strong></span> 
     </span>
    </p>
   </div>
   <div class='ocr_carea' id='block_1_16' title="bbox 297 1535 1893 1611">
    <p class='ocr_par' dir='ltr' id='par_1_16' title="bbox 297 1535 1893 1611">
     <span class='ocr_line' id='line_1_16' title="bbox 297 1535 1893 1611; baseline 0.004 -23"><span class='ocrx_word' id='word_1_113' title='bbox 297 1535 519 1590; x_wconf 82' lang='lat' dir='ltr'><strong>nalibus</strong></span> <span class='ocrx_word' id='word_1_114' title='bbox 544 1539 740 1607; x_wconf 83' lang='lat' dir='ltr'><strong>scripta</strong></span> <span class='ocrx_word' id='word_1_115' title='bbox 773 1552 884 1608; x_wconf 70' lang='lat' dir='ltr'><strong>pra:</strong></span> <span class='ocrx_word' id='word_1_116' title='bbox 908 1551 968 1592; x_wconf 90' lang='lat' dir='ltr'><strong>se</strong></span> <span class='ocrx_word' id='word_1_117' title='bbox 1010 1537 1254 1594; x_wconf 80' lang='lat' dir='ltr'><strong>ferebant</strong></span> <span class='ocrx_word' id='word_1_118' title='bbox 1291 1540 1524 1611; x_wconf 82' lang='lat' dir='ltr'><strong>aliquam</strong></span> <span class='ocrx_word' id='word_1_119' title='bbox 1555 1539 1799 1594; x_wconf 83' lang='lat' dir='ltr'><strong>veritatis</strong></span> <span class='ocrx_word' id='word_1_120' title='bbox 1829 1555 1893 1594; x_wconf 90' lang='lat' dir='ltr'><strong>ac</strong></span> 
     </span>
    </p>
   </div>
   <div class='ocr_carea' id='block_1_17' title="bbox 297 1627 1893 1704">
    <p class='ocr_par' dir='ltr' id='par_1_17' title="bbox 297 1627 1893 1704">
     <span class='ocr_line' id='line_1_17' title="bbox 297 1627 1893 1704; baseline 0.004 -22"><span class='ocrx_word' id='word_1_121' title='bbox 297 1627 544 1683; x_wconf 85' lang='lat' dir='ltr'><strong>miraculi</strong></span> <span class='ocrx_word' id='word_1_122' title='bbox 575 1630 836 1699; x_wconf 84' lang='lat' dir='ltr'><strong>speciem.</strong></span> <span class='ocrx_word' id='word_1_123' title='bbox 868 1630 1066 1686; x_wconf 84' lang='lat' dir='ltr'><strong>Verum</strong></span> <span class='ocrx_word' id='word_1_124' title='bbox 1094 1633 1138 1687; x_wconf 88' lang='lat' dir='ltr'><strong>si</strong></span> <span class='ocrx_word' id='word_1_125' title='bbox 1170 1633 1388 1702; x_wconf 82' lang='lat' dir='ltr'><strong>penitus</strong></span> <span class='ocrx_word' id='word_1_126' title='bbox 1410 1676 1425 1699; x_wconf 94' lang='lat'><strong>,</strong></span> <span class='ocrx_word' id='word_1_127' title='bbox 1457 1633 1663 1704; x_wconf 88' lang='lat' dir='ltr'><strong>inquit,</strong></span> <span class='ocrx_word' id='word_1_128' title='bbox 1694 1635 1893 1688; x_wconf 90' lang='lat' dir='ltr'><strong>intros-</strong></span> 
     </span>
    </p>
   </div>
   <div class='ocr_carea' id='block_1_18' title="bbox 295 1723 1888 1802">
    <p class='ocr_par' dir='ltr' id='par_1_18' title="bbox 295 1723 1888 1802">
     <span class='ocr_line' id='line_1_18' title="bbox 295 1723 1888 1802; baseline 0.004 -25"><span class='ocrx_word' id='word_1_129' title='bbox 295 1723 590 1793; x_wconf 90' lang='lat' dir='ltr'><strong>piciantur,</strong></span> <span class='ocrx_word' id='word_1_130' title='bbox 624 1734 735 1780; x_wconf 90' lang='lat' dir='ltr'><strong>tum</strong></span> <span class='ocrx_word' id='word_1_131' title='bbox 768 1727 1144 1798; x_wconf 86' lang='lat' dir='ltr'><strong>deprehendes</strong></span> <span class='ocrx_word' id='word_1_132' title='bbox 1174 1728 1306 1784; x_wconf 90' lang='lat' dir='ltr'><strong>nihil</strong></span> <span class='ocrx_word' id='word_1_133' title='bbox 1337 1729 1539 1786; x_wconf 87' lang='lat' dir='ltr'><strong>habere</strong></span> <span class='ocrx_word' id='word_1_134' title='bbox 1581 1730 1720 1802; x_wconf 89' lang='lat' dir='ltr'><strong>quod</strong></span> <span class='ocrx_word' id='word_1_135' title='bbox 1749 1731 1888 1798; x_wconf 91' lang='lat' dir='ltr'><strong>diis,</strong></span> 
     </span>
    </p>
   </div>
   <div class='ocr_carea' id='block_1_19' title="bbox 2068 494 3586 570">
    <p class='ocr_par' dir='ltr' id='par_1_19' title="bbox 2068 494 3586 570">
     <span class='ocr_line' id='line_1_19' title="bbox 2068 494 3586 570; baseline -0.006 -14"><span class='ocrx_word' id='word_1_136' title='bbox 2068 502 2182 557; x_wconf 87' lang='lat' dir='ltr'><strong>Non</strong></span> <span class='ocrx_word' id='word_1_137' title='bbox 2212 502 2390 557; x_wconf 90' lang='lat' dir='ltr'><strong>minus</strong></span> <span class='ocrx_word' id='word_1_138' title='bbox 2415 503 2617 557; x_wconf 90' lang='lat' dir='ltr'><strong>insulse</strong></span> <span class='ocrx_word' id='word_1_139' title='bbox 2647 512 2702 557; x_wconf 89' lang='lat' dir='ltr'><strong>et</strong></span> <span class='ocrx_word' id='word_1_140' title='bbox 2730 504 2909 570; x_wconf 86' lang='lat' dir='ltr'><strong>inepte</strong></span> <span class='ocrx_word' id='word_1_141' title='bbox 2935 499 3162 554; x_wconf 90' lang='lat' dir='ltr'><strong>conﬁcta</strong></span> <span class='ocrx_word' id='word_1_142' title='bbox 3204 497 3373 550; x_wconf 83' lang='lat' dir='ltr'><strong>fuerat</strong></span> <span class='ocrx_word' id='word_1_143' title='bbox 3400 494 3586 550; x_wconf 61' lang='lat' dir='ltr'><strong>discu-</strong></span> 
     </span>
    </p>
   </div>
   <div class='ocr_carea' id='block_1_20' title="bbox 1995 586 3584 665">
    <p class='ocr_par' dir='ltr' id='par_1_20' title="bbox 1995 586 3584 665">
     <span class='ocr_line' id='line_1_20' title="bbox 1995 586 3584 665; baseline -0.007 -16"><span class='ocrx_word' id='word_1_144' title='bbox 1995 595 2153 665; x_wconf 89' lang='lat' dir='ltr'><strong>lapii,</strong></span> <span class='ocrx_word' id='word_1_145' title='bbox 2217 597 2483 665; x_wconf 81' lang='lat' dir='ltr'><strong>Epidauro</strong></span> <span class='ocrx_word' id='word_1_146' title='bbox 2538 596 2763 648; x_wconf 81' lang='lat' dir='ltr'><strong>Romam</strong></span> <span class='ocrx_word' id='word_1_147' title='bbox 2810 593 3052 656; x_wconf 79' lang='lat' dir='ltr'><strong>advecti,</strong></span> <span class='ocrx_word' id='word_1_148' title='bbox 3101 590 3326 646; x_wconf 85' lang='lat' dir='ltr'><strong>historia</strong></span> <span class='ocrx_word' id='word_1_149' title='bbox 3367 586 3584 657; x_wconf 85' lang='lat' dir='ltr'><strong>(Ibid.,</strong></span> 
     </span>
    </p>
   </div>
   <div class='ocr_carea' id='block_1_21' title="bbox 1996 680 3583 761">
    <p class='ocr_par' dir='ltr' id='par_1_21' title="bbox 1996 680 3583 761">
     <span class='ocr_line' id='line_1_21' title="bbox 1996 680 3583 761; baseline -0.007 -19"><span class='ocrx_word' id='word_1_150' title='bbox 1996 707 2114 761; x_wconf 88' lang='lat' dir='ltr'><strong>pag.</strong></span> <span class='ocrx_word' id='word_1_151' title='bbox 2137 688 2292 760; x_wconf 71' lang='grc'><strong>249).</strong></span> <span class='ocrx_word' id='word_1_152' title='bbox 2321 688 2437 742; x_wconf 85' lang='grc' dir='ltr'><strong>Νοη</strong></span> <span class='ocrx_word' id='word_1_153' title='bbox 2467 688 2609 742; x_wconf 89' lang='lat' dir='ltr'><strong>enim</strong></span> <span class='ocrx_word' id='word_1_154' title='bbox 2631 687 2721 741; x_wconf 90' lang='lat' dir='ltr'><strong>ille</strong></span> <span class='ocrx_word' id='word_1_155' title='bbox 2747 685 3031 740; x_wconf 86' lang='lat' dir='ltr'><strong>Coronidis</strong></span> <span class='ocrx_word' id='word_1_156' title='bbox 3073 684 3214 737; x_wconf 87' lang='lat' dir='ltr'><strong>ﬁlius</strong></span> <span class='ocrx_word' id='word_1_157' title='bbox 3253 680 3358 736; x_wconf 91' lang='lat' dir='ltr'><strong>dici</strong></span> <span class='ocrx_word' id='word_1_158' title='bbox 3386 689 3583 751; x_wconf 88' lang='lat' dir='ltr'><strong>potest,</strong></span> 
     </span>
    </p>
   </div>
   <div class='ocr_carea' id='block_1_22' title="bbox 1991 771 3582 851">
    <p class='ocr_par' dir='ltr' id='par_1_22' title="bbox 1991 771 3582 851">
     <span class='ocr_line' id='line_1_22' title="bbox 1991 771 3582 851; baseline -0.006 -16"><span class='ocrx_word' id='word_1_159' title='bbox 1991 782 2086 851; x_wconf 86' lang='lat' dir='ltr'><strong>qui</strong></span> <span class='ocrx_word' id='word_1_160' title='bbox 2116 781 2339 836; x_wconf 90' lang='lat' dir='ltr'><strong>fulmine</strong></span> <span class='ocrx_word' id='word_1_161' title='bbox 2359 781 2638 850; x_wconf 89' lang='lat' dir='ltr'><strong>perculsus</strong></span> <span class='ocrx_word' id='word_1_162' title='bbox 2662 778 2885 834; x_wconf 87' lang='lat' dir='ltr'><strong>interiit.</strong></span> <span class='ocrx_word' id='word_1_163' title='bbox 2905 776 3010 832; x_wconf 89' lang='lat' dir='ltr'><strong>Sed</strong></span> <span class='ocrx_word' id='word_1_164' title='bbox 3033 774 3276 845; x_wconf 86' lang='lat' dir='ltr'><strong>quisquis</strong></span> <span class='ocrx_word' id='word_1_165' title='bbox 3296 773 3387 828; x_wconf 92' lang='lat' dir='ltr'><strong>ille</strong></span> <span class='ocrx_word' id='word_1_166' title='bbox 3404 771 3582 836; x_wconf 85' lang='lat' dir='ltr'><strong>fuerit,</strong></span> 
     </span>
    </p>
   </div>
   <div class='ocr_carea' id='block_1_23' title="bbox 1995 866 3586 943">
    <p class='ocr_par' dir='ltr' id='par_1_23' title="bbox 1995 866 3586 943">
     <span class='ocr_line' id='line_1_23' title="bbox 1995 866 3586 943; baseline -0.007 -15"><span class='ocrx_word' id='word_1_167' title='bbox 1995 874 2128 928; x_wconf 89' lang='lat' dir='ltr'><strong>nihil</strong></span> <span class='ocrx_word' id='word_1_168' title='bbox 2184 873 2326 928; x_wconf 87' lang='lat' dir='ltr'><strong>aliud</strong></span> <span class='ocrx_word' id='word_1_169' title='bbox 2368 873 2636 943; x_wconf 82' lang='lat' dir='ltr'><strong>Epidauro</strong></span> <span class='ocrx_word' id='word_1_170' title='bbox 2685 871 2904 934; x_wconf 85' lang='lat' dir='ltr'><strong>allatum</strong></span> <span class='ocrx_word' id='word_1_171' title='bbox 2955 869 3177 934; x_wconf 87' lang='lat' dir='ltr'><strong>ferunt,</strong></span> <span class='ocrx_word' id='word_1_172' title='bbox 3228 866 3332 922; x_wconf 90' lang='lat' dir='ltr'><strong>nisi</strong></span> <span class='ocrx_word' id='word_1_173' title='bbox 3376 880 3586 935; x_wconf 74' lang='lat' dir='ltr'><strong>magna:</strong></span> 
     </span>
    </p>
   </div>
   <div class='ocr_carea' id='block_1_24' title="bbox 1995 957 3587 1034">
    <p class='ocr_par' dir='ltr' id='par_1_24' title="bbox 1995 957 3587 1034">
     <span class='ocr_line' id='line_1_24' title="bbox 1995 957 3587 1034; baseline -0.008 -11"><span class='ocrx_word' id='word_1_174' title='bbox 1995 969 2153 1023; x_wconf 90' lang='lat' dir='ltr'><strong>molis</strong></span> <span class='ocrx_word' id='word_1_175' title='bbox 2197 977 2253 1022; x_wconf 88' lang='lat' dir='ltr'><strong>et</strong></span> <span class='ocrx_word' id='word_1_176' title='bbox 2283 967 2560 1022; x_wconf 81' lang='lat' dir='ltr'><strong>immensae</strong></span> <span class='ocrx_word' id='word_1_177' title='bbox 2605 962 2943 1034; x_wconf 83' lang='lat' dir='ltr'><strong>proceritatis</strong></span> <span class='ocrx_word' id='word_1_178' title='bbox 2985 969 3314 1030; x_wconf 87' lang='lat' dir='ltr'><strong>serpentem.</strong></span> <span class='ocrx_word' id='word_1_179' title='bbox 3339 957 3472 1025; x_wconf 87' lang='lat' dir='ltr'><strong>Quis</strong></span> <span class='ocrx_word' id='word_1_180' title='bbox 3493 972 3587 1011; x_wconf 87' lang='lat' dir='ltr'><strong>au-</strong></span> 
     </span>
    </p>
   </div>
   <div class='ocr_carea' id='block_1_25' title="bbox 1997 1049 3584 1128">
    <p class='ocr_par' dir='ltr' id='par_1_25' title="bbox 1997 1049 3584 1128">
     <span class='ocr_line' id='line_1_25' title="bbox 1997 1049 3584 1128; baseline -0.007 -15"><span class='ocrx_word' id='word_1_181' title='bbox 1997 1071 2101 1115; x_wconf 90' lang='lat' dir='ltr'><strong>tem</strong></span> <span class='ocrx_word' id='word_1_182' title='bbox 2129 1060 2227 1114; x_wconf 89' lang='lat' dir='ltr'><strong>sibi</strong></span> <span class='ocrx_word' id='word_1_183' title='bbox 2257 1059 2409 1113; x_wconf 77' lang='lat' dir='ltr'><strong>facile</strong></span> <span class='ocrx_word' id='word_1_184' title='bbox 2434 1056 2753 1128; x_wconf 87' lang='lat' dir='ltr'><strong>persuadeat</strong></span> <span class='ocrx_word' id='word_1_185' title='bbox 2806 1055 2965 1110; x_wconf 91' lang='lat' dir='ltr'><strong>deum</strong></span> <span class='ocrx_word' id='word_1_186' title='bbox 3011 1051 3254 1107; x_wconf 86' lang='lat' dir='ltr'><strong>vilissimi</strong></span> <span class='ocrx_word' id='word_1_187' title='bbox 3297 1049 3584 1120; x_wconf 89' lang='lat' dir='ltr'><strong>serpentis,</strong></span> 
     </span>
    </p>
   </div>
   <div class='ocr_carea' id='block_1_26' title="bbox 1993 1143 3584 1224">
    <p class='ocr_par' dir='ltr' id='par_1_26' title="bbox 1993 1143 3584 1224">
     <span class='ocr_line' id='line_1_26' title="bbox 1993 1143 3584 1224; baseline -0.008 -15"><span class='ocrx_word' id='word_1_188' title='bbox 1993 1169 2158 1224; x_wconf 88' lang='lat' dir='ltr'><strong>super</strong></span> <span class='ocrx_word' id='word_1_189' title='bbox 2212 1163 2405 1208; x_wconf 89' lang='lat' dir='ltr'><strong>terram</strong></span> <span class='ocrx_word' id='word_1_190' title='bbox 2454 1151 2750 1220; x_wconf 83' lang='lat' dir='ltr'><strong>reptantis,</strong></span> <span class='ocrx_word' id='word_1_191' title='bbox 2782 1149 3020 1204; x_wconf 87' lang='lat' dir='ltr'><strong>induisse</strong></span> <span class='ocrx_word' id='word_1_192' title='bbox 3048 1147 3274 1202; x_wconf 85' lang='lat' dir='ltr'><strong>formam</strong></span> <span class='ocrx_word' id='word_1_193' title='bbox 3297 1188 3312 1214; x_wconf 92' lang='lat'><strong>,</strong></span> <span class='ocrx_word' id='word_1_194' title='bbox 3346 1143 3584 1199; x_wconf 88' lang='lat' dir='ltr'><strong>membra</strong></span> 
     </span>
    </p>
   </div>
   <div class='ocr_carea' id='block_1_27' title="bbox 1995 1237 3582 1312">
    <p class='ocr_par' dir='ltr' id='par_1_27' title="bbox 1995 1237 3582 1312">
     <span class='ocr_line' id='line_1_27' title="bbox 1995 1237 3582 1312; baseline -0.007 -13"><span class='ocrx_word' id='word_1_195' title='bbox 1995 1247 2247 1301; x_wconf 75' lang='lat' dir='ltr'><strong>habuisse</strong></span> <span class='ocrx_word' id='word_1_196' title='bbox 2268 1247 2333 1300; x_wconf 92' lang='lat' dir='ltr'><strong>ad</strong></span> <span class='ocrx_word' id='word_1_197' title='bbox 2356 1244 2785 1300; x_wconf 86' lang='lat' dir='ltr'><strong>manducandum</strong></span> <span class='ocrx_word' id='word_1_198' title='bbox 2809 1250 2864 1297; x_wconf 91' lang='lat' dir='ltr'><strong>et</strong></span> <span class='ocrx_word' id='word_1_199' title='bbox 2885 1238 3235 1312; x_wconf 78' lang='lat' dir='ltr'><strong>digerendum</strong></span> <span class='ocrx_word' id='word_1_200' title='bbox 3259 1237 3582 1302; x_wconf 88' lang='lat' dir='ltr'><strong>necessaria,</strong></span> 
     </span>
    </p>
   </div>
   <div class='ocr_carea' id='block_1_28' title="bbox 1993 1326 3586 1411">
    <p class='ocr_par' dir='ltr' id='par_1_28' title="bbox 1993 1326 3586 1411">
     <span class='ocr_line' id='line_1_28' title="bbox 1993 1326 3586 1411; baseline -0.009 -15"><span class='ocrx_word' id='word_1_201' title='bbox 1993 1350 2155 1411; x_wconf 88' lang='lat' dir='ltr'><strong>atque</strong></span> <span class='ocrx_word' id='word_1_202' title='bbox 2185 1351 2240 1396; x_wconf 91' lang='lat' dir='ltr'><strong>ut</strong></span> <span class='ocrx_word' id='word_1_203' title='bbox 2269 1341 2434 1395; x_wconf 85' lang='lat' dir='ltr'><strong>maria</strong></span> <span class='ocrx_word' id='word_1_204' title='bbox 2467 1344 2861 1402; x_wconf 87' lang='lat' dir='ltr'><strong>transnataret,</strong></span> <span class='ocrx_word' id='word_1_205' title='bbox 2917 1349 3051 1389; x_wconf 86' lang='lat' dir='ltr'><strong>nave</strong></span> <span class='ocrx_word' id='word_1_206' title='bbox 3101 1330 3432 1403; x_wconf 78' lang='lat' dir='ltr'><strong>indiguisse?</strong></span> <span class='ocrx_word' id='word_1_207' title='bbox 3479 1326 3586 1382; x_wconf 85' lang='lat' dir='ltr'><strong>Cur</strong></span> 
     </span>
    </p>
   </div>
   <div class='ocr_carea' id='block_1_29' title="bbox 1993 1425 3583 1506">
    <p class='ocr_par' dir='ltr' id='par_1_29' title="bbox 1993 1425 3583 1506">
     <span class='ocr_line' id='line_1_29' title="bbox 1993 1425 3583 1506; baseline -0.008 -18"><span class='ocrx_word' id='word_1_208' title='bbox 1993 1450 2124 1490; x_wconf 86' lang='lat' dir='ltr'><strong>vero</strong></span> <span class='ocrx_word' id='word_1_209' title='bbox 2151 1451 2212 1490; x_wconf 90' lang='lat' dir='ltr'><strong>se</strong></span> <span class='ocrx_word' id='word_1_210' title='bbox 2237 1436 2410 1506; x_wconf 90' lang='lat' dir='ltr'><strong>ipsum</strong></span> <span class='ocrx_word' id='word_1_211' title='bbox 2461 1434 2642 1498; x_wconf 87' lang='lat' dir='ltr'><strong>talem,</strong></span> <span class='ocrx_word' id='word_1_212' title='bbox 2663 1431 2837 1501; x_wconf 86' lang='lat' dir='ltr'><strong>qualis</strong></span> <span class='ocrx_word' id='word_1_213' title='bbox 2861 1433 2974 1500; x_wconf 89' lang='lat' dir='ltr'><strong>ipse</strong></span> <span class='ocrx_word' id='word_1_214' title='bbox 3000 1439 3082 1484; x_wconf 90' lang='lat' dir='ltr'><strong>est</strong></span> <span class='ocrx_word' id='word_1_215' title='bbox 3106 1471 3120 1494; x_wconf 91' lang='lat'><strong>,</strong></span> <span class='ocrx_word' id='word_1_216' title='bbox 3151 1425 3444 1483; x_wconf 87' lang='lat' dir='ltr'><strong>videndum</strong></span> <span class='ocrx_word' id='word_1_217' title='bbox 3477 1437 3583 1477; x_wconf 89' lang='lat' dir='ltr'><strong>non</strong></span> 
     </span>
    </p>
   </div>
   <div class='ocr_carea' id='block_1_30' title="bbox 1993 1515 3583 1600">
    <p class='ocr_par' dir='ltr' id='par_1_30' title="bbox 1993 1515 3583 1600">
     <span class='ocr_line' id='line_1_30' title="bbox 1993 1515 3583 1600; baseline -0.009 -17"><span class='ocrx_word' id='word_1_218' title='bbox 1993 1530 2257 1600; x_wconf 64' lang='lat' dir='ltr'><strong>praebuit?</strong></span> <span class='ocrx_word' id='word_1_219' title='bbox 2286 1529 2341 1583; x_wconf 87' lang='lat' dir='ltr'><strong>Si</strong></span> <span class='ocrx_word' id='word_1_220' title='bbox 2368 1537 2546 1582; x_wconf 88' lang='lat' dir='ltr'><strong>autem</strong></span> <span class='ocrx_word' id='word_1_221' title='bbox 2579 1526 2794 1580; x_wconf 87' lang='lat' dir='ltr'><strong>mentiri</strong></span> <span class='ocrx_word' id='word_1_222' title='bbox 2821 1534 2876 1579; x_wconf 88' lang='lat' dir='ltr'><strong>et</strong></span> <span class='ocrx_word' id='word_1_223' title='bbox 2902 1524 3128 1578; x_wconf 78' lang='lat' dir='ltr'><strong>formam</strong></span> <span class='ocrx_word' id='word_1_224' title='bbox 3159 1529 3367 1574; x_wconf 89' lang='lat' dir='ltr'><strong>mutare</strong></span> <span class='ocrx_word' id='word_1_225' title='bbox 3391 1515 3583 1580; x_wconf 91' lang='lat' dir='ltr'><strong>voluit,</strong></span> 
     </span>
    </p>
   </div>
   <div class='ocr_carea' id='block_1_31' title="bbox 1993 1607 3587 1688">
    <p class='ocr_par' dir='ltr' id='par_1_31' title="bbox 1993 1607 3587 1688">
     <span class='ocr_line' id='line_1_31' title="bbox 1993 1607 3587 1688; baseline -0.011 -12"><span class='ocrx_word' id='word_1_226' title='bbox 1993 1635 2090 1675; x_wconf 91' lang='lat' dir='ltr'><strong>cur</strong></span> <span class='ocrx_word' id='word_1_227' title='bbox 2111 1637 2215 1676; x_wconf 89' lang='lat' dir='ltr'><strong>non</strong></span> <span class='ocrx_word' id='word_1_228' title='bbox 2247 1620 2403 1674; x_wconf 88' lang='lat' dir='ltr'><strong>aliam</strong></span> <span class='ocrx_word' id='word_1_229' title='bbox 2436 1618 2754 1688; x_wconf 89' lang='lat' dir='ltr'><strong>assumpsit,</strong></span> <span class='ocrx_word' id='word_1_230' title='bbox 2780 1631 2937 1686; x_wconf 84' lang='lat' dir='ltr'><strong>quam</strong></span> <span class='ocrx_word' id='word_1_231' title='bbox 2967 1612 3289 1669; x_wconf 86' lang='lat' dir='ltr'><strong>horrendam</strong></span> <span class='ocrx_word' id='word_1_232' title='bbox 3325 1607 3587 1677; x_wconf 87' lang='lat' dir='ltr'><strong>serpentis</strong></span> 
     </span>
    </p>
   </div>
   <div class='ocr_carea' id='block_1_32' title="bbox 1994 1703 3581 1769">
    <p class='ocr_par' dir='ltr' id='par_1_32' title="bbox 1994 1703 3581 1769">
     <span class='ocr_line' id='line_1_32' title="bbox 1994 1703 3581 1769; baseline -0.008 -2"><span class='ocrx_word' id='word_1_233' title='bbox 1994 1713 2445 1769; x_wconf 77' lang='lat' dir='ltr'><strong>similitudinem?</strong></span> <span class='ocrx_word' id='word_1_234' title='bbox 2487 1712 2676 1767; x_wconf 83' lang='lat' dir='ltr'><strong>Nonne</strong></span> <span class='ocrx_word' id='word_1_235' title='bbox 2724 1713 2898 1765; x_wconf 90' lang='lat' dir='ltr'><strong>locum</strong></span> <span class='ocrx_word' id='word_1_236' title='bbox 2934 1705 3209 1763; x_wconf 88' lang='lat' dir='ltr'><strong>dubitandi</strong></span> <span class='ocrx_word' id='word_1_237' title='bbox 3237 1703 3383 1759; x_wconf 87' lang='lat' dir='ltr'><strong>dedit</strong></span> <span class='ocrx_word' id='word_1_238' title='bbox 3404 1711 3581 1756; x_wconf 89' lang='lat' dir='ltr'><strong>utrum</strong></span> 
     </span>
    </p>
   </div>
   <div class='ocr_carea' id='block_1_33' title="bbox 291 1795 3552 1894">
    <p class='ocr_par' dir='ltr' id='par_1_33' title="bbox 291 1795 3552 1894">
     <span class='ocr_line' id='line_1_33' title="bbox 291 1795 3552 1894; baseline -0.001 -22"><span class='ocrx_word' id='word_1_239' title='bbox 291 1831 596 1888; x_wconf 88' lang='lat' dir='ltr'><strong>eorumque</strong></span> <span class='ocrx_word' id='word_1_240' title='bbox 618 1819 804 1876; x_wconf 82' lang='lat' dir='ltr'><strong>divino</strong></span> <span class='ocrx_word' id='word_1_241' title='bbox 829 1795 1069 1889; x_wconf 84' lang='lat' dir='ltr'><strong>numini,</strong></span> <span class='ocrx_word' id='word_1_242' title='bbox 1097 1838 1161 1879; x_wconf 89' lang='lat' dir='ltr'><strong>ac</strong></span> <span class='ocrx_word' id='word_1_243' title='bbox 1187 1838 1414 1878; x_wconf 66' lang='lat' dir='ltr'><strong>summae</strong></span> <span class='ocrx_word' id='word_1_244' title='bbox 1459 1795 1727 1894; x_wconf 77' lang='lat' dir='ltr'><strong>majestati</strong></span> <span class='ocrx_word' id='word_1_245' title='bbox 1756 1795 1889 1879; x_wconf 45' lang='lat' dir='ltr'><strong>con;</strong></span> <span class='ocrx_word' id='word_1_246' title='bbox 1918 1798 1968 1860; x_wconf 82' lang='lat' dir='ltr'><strong>B</strong></span> <span class='ocrx_word' id='word_1_247' title='bbox 1996 1823 2185 1863; x_wconf 63' lang='lat' dir='ltr'><strong>revera</strong></span> <span class='ocrx_word' id='word_1_248' title='bbox 2208 1808 2322 1878; x_wconf 58' lang='lat' dir='ltr'><strong>ipse</strong></span> <span class='ocrx_word' id='word_1_249' title='bbox 2345 1817 2509 1873; x_wconf 57' lang='lat' dir='ltr'><strong>esset,</strong></span> <span class='ocrx_word' id='word_1_250' title='bbox 2537 1807 2621 1861; x_wconf 64' lang='grc' dir='ltr'><strong>νει</strong></span> <span class='ocrx_word' id='word_1_251' title='bbox 2649 1805 2791 1861; x_wconf 69' lang='grc' dir='ltr'><strong>διίυά</strong></span> <span class='ocrx_word' id='word_1_252' title='bbox 2821 1805 2887 1859; x_wconf 69' lang='lat' dir='ltr'><strong>ab</strong></span> <span class='ocrx_word' id='word_1_253' title='bbox 2911 1805 3028 1873; x_wconf 73' lang='grc' dir='ltr'>ἰρεο</span> <span class='ocrx_word' id='word_1_254' title='bbox 3059 1801 3214 1894; x_wconf 59' lang='lat' dir='ltr'><strong>Pli‘l&#39;e</strong></span> <span class='ocrx_word' id='word_1_255' title='bbox 3240 1795 3552 1894; x_wconf 45' lang='grc' dir='ltr'><strong>ᾇίνέΐευηλῗ</strong></span> 
     </span>
    </p>
   </div>
   <div class='ocr_carea' id='block_1_34' title="bbox 291 1911 500 1965">
    <p class='ocr_par' dir='ltr' id='par_1_34' title="bbox 291 1911 500 1965">
     <span class='ocr_line' id='line_1_34' title="bbox 291 1911 500 1965; baseline 0.01 -3"><span class='ocrx_word' id='word_1_256' title='bbox 291 1911 500 1965; x_wconf 84' lang='lat' dir='ltr'><strong>veniat.</strong></span> 
     </span>
    </p>
   </div>
   <div class='ocr_carea' id='block_1_35' title="bbox 369 2002 1891 2080">
    <p class='ocr_par' dir='ltr' id='par_1_35' title="bbox 369 2002 1891 2080">
     <span class='ocr_line' id='line_1_35' title="bbox 369 2002 1891 2080; baseline 0.005 -23"><span class='ocrx_word' id='word_1_257' title='bbox 369 2002 452 2058; x_wconf 74' lang='lat' dir='ltr'><strong>Ad</strong></span> <span class='ocrx_word' id='word_1_258' title='bbox 471 2002 801 2061; x_wconf 86' lang='lat' dir='ltr'><strong>instauratos</strong></span> <span class='ocrx_word' id='word_1_259' title='bbox 818 2006 1097 2063; x_wconf 90' lang='lat' dir='ltr'><strong>enimvero</strong></span> <span class='ocrx_word' id='word_1_260' title='bbox 1121 2007 1275 2063; x_wconf 90' lang='lat' dir='ltr'><strong>ludos</strong></span> <span class='ocrx_word' id='word_1_261' title='bbox 1292 2008 1434 2079; x_wconf 89' lang='lat' dir='ltr'><strong>quod</strong></span> <span class='ocrx_word' id='word_1_262' title='bbox 1452 2017 1689 2080; x_wconf 87' lang='lat' dir='ltr'><strong>spectat,</strong></span> <span class='ocrx_word' id='word_1_263' title='bbox 1710 2025 1891 2065; x_wconf 91' lang='lat' dir='ltr'><strong>nonne</strong></span> 
     </span>
    </p>
   </div>
   <div class='ocr_carea' id='block_1_36' title="bbox 299 2097 1887 2174">
    <p class='ocr_par' dir='ltr' id='par_1_36' title="bbox 299 2097 1887 2174">
     <span class='ocr_line' id='line_1_36' title="bbox 299 2097 1887 2174; baseline 0.002 -20"><span class='ocrx_word' id='word_1_264' title='bbox 299 2097 479 2164; x_wconf 84' lang='lat' dir='ltr'><strong>dictu,</strong></span> <span class='ocrx_word' id='word_1_265' title='bbox 511 2097 714 2170; x_wconf 88' lang='lat' dir='ltr'><strong>inquit,</strong></span> <span class='ocrx_word' id='word_1_266' title='bbox 744 2099 1033 2156; x_wconf 90' lang='lat' dir='ltr'><strong>absurdum</strong></span> <span class='ocrx_word' id='word_1_267' title='bbox 1064 2111 1148 2156; x_wconf 87' lang='lat' dir='ltr'><strong>est</strong></span> <span class='ocrx_word' id='word_1_268' title='bbox 1176 2101 1362 2158; x_wconf 85' lang='lat' dir='ltr'><strong>Jovem</strong></span> <span class='ocrx_word' id='word_1_269' title='bbox 1397 2102 1549 2157; x_wconf 90' lang='lat' dir='ltr'><strong>illum</strong></span> <span class='ocrx_word' id='word_1_270' title='bbox 1581 2103 1887 2174; x_wconf 90' lang='lat' dir='ltr'><strong>Optimum,</strong></span> 
     </span>
    </p>
   </div>
   <div class='ocr_carea' id='block_1_37' title="bbox 298 2191 1892 2260">
    <p class='ocr_par' dir='ltr' id='par_1_37' title="bbox 298 2191 1892 2260">
     <span class='ocr_line' id='line_1_37' title="bbox 298 2191 1892 2260; baseline 0.004 -14"><span class='ocrx_word' id='word_1_271' title='bbox 298 2191 618 2258; x_wconf 76' lang='lat' dir='ltr'><strong>Maximum,</strong></span> <span class='ocrx_word' id='word_1_272' title='bbox 648 2208 833 2248; x_wconf 88' lang='lat' dir='ltr'><strong>rerum</strong></span> <span class='ocrx_word' id='word_1_273' title='bbox 860 2195 1132 2257; x_wconf 89' lang='lat' dir='ltr'><strong>omnium,</strong></span> <span class='ocrx_word' id='word_1_274' title='bbox 1166 2197 1241 2250; x_wconf 91' lang='lat' dir='ltr'><strong>uti</strong></span> <span class='ocrx_word' id='word_1_275' title='bbox 1273 2195 1650 2260; x_wconf 84' lang='lat' dir='ltr'><strong>venditabant,</strong></span> <span class='ocrx_word' id='word_1_276' title='bbox 1683 2207 1892 2252; x_wconf 86' lang='lat' dir='ltr'><strong>creato-</strong></span> 
     </span>
    </p>
   </div>
   <div class='ocr_carea' id='block_1_38' title="bbox 300 2289 1890 2362">
    <p class='ocr_par' dir='ltr' id='par_1_38' title="bbox 300 2289 1890 2362">
     <span class='ocr_line' id='line_1_38' title="bbox 300 2289 1890 2362; baseline 0.005 -24"><span class='ocrx_word' id='word_1_277' title='bbox 300 2299 415 2340; x_wconf 88' lang='lat' dir='ltr'><strong>rem</strong></span> <span class='ocrx_word' id='word_1_278' title='bbox 436 2328 450 2351; x_wconf 94' lang='lat'><strong>,</strong></span> <span class='ocrx_word' id='word_1_279' title='bbox 481 2301 676 2357; x_wconf 74' lang='lat' dir='ltr'><strong>magna</strong></span> <span class='ocrx_word' id='word_1_280' title='bbox 707 2301 830 2342; x_wconf 90' lang='lat' dir='ltr'><strong>cum</strong></span> <span class='ocrx_word' id='word_1_281' title='bbox 861 2289 1025 2343; x_wconf 90' lang='lat' dir='ltr'><strong>animi</strong></span> <span class='ocrx_word' id='word_1_282' title='bbox 1056 2290 1418 2346; x_wconf 86' lang='lat' dir='ltr'><strong>oblectatione</strong></span> <span class='ocrx_word' id='word_1_283' title='bbox 1445 2306 1476 2347; x_wconf 92' lang='lat' dir='ltr'><strong>e</strong></span> <span class='ocrx_word' id='word_1_284' title='bbox 1505 2292 1644 2348; x_wconf 84' lang='lat' dir='ltr'><strong>coelo</strong></span> <span class='ocrx_word' id='word_1_285' title='bbox 1675 2301 1890 2362; x_wconf 88' lang='lat' dir='ltr'><strong>specta-</strong></span> 
     </span>
    </p>
   </div>
   <div class='ocr_carea' id='block_1_39' title="bbox 302 2380 1892 2455">
    <p class='ocr_par' dir='ltr' id='par_1_39' title="bbox 302 2380 1892 2455">
     <span class='ocr_line' id='line_1_39' title="bbox 302 2380 1892 2455; baseline 0.006 -23"><span class='ocrx_word' id='word_1_286' title='bbox 302 2388 414 2432; x_wconf 91' lang='lat' dir='ltr'><strong>tum</strong></span> <span class='ocrx_word' id='word_1_287' title='bbox 446 2380 664 2436; x_wconf 82' lang='lat' dir='ltr'><strong>venisse</strong></span> <span class='ocrx_word' id='word_1_288' title='bbox 703 2384 1014 2438; x_wconf 83' lang='lat' dir='ltr'><strong>cantherios</strong></span> <span class='ocrx_word' id='word_1_289' title='bbox 1056 2400 1148 2439; x_wconf 90' lang='lat' dir='ltr'><strong>seu</strong></span> <span class='ocrx_word' id='word_1_290' title='bbox 1179 2400 1346 2455; x_wconf 83' lang='lat' dir='ltr'><strong>equos</strong></span> <span class='ocrx_word' id='word_1_291' title='bbox 1377 2395 1673 2453; x_wconf 84' lang='lat' dir='ltr'><strong>castratos,</strong></span> <span class='ocrx_word' id='word_1_292' title='bbox 1703 2387 1769 2442; x_wconf 92' lang='lat' dir='ltr'><strong>de</strong></span> <span class='ocrx_word' id='word_1_293' title='bbox 1796 2402 1892 2442; x_wconf 89' lang='lat' dir='ltr'><strong>ve-</strong></span> 
     </span>
    </p>
   </div>
   <div class='ocr_carea' id='block_1_40' title="bbox 294 2470 1888 2548">
    <p class='ocr_par' dir='ltr' id='par_1_40' title="bbox 294 2470 1888 2548">
     <span class='ocr_line' id='line_1_40' title="bbox 294 2470 1888 2548; baseline 0.006 -24"><span class='ocrx_word' id='word_1_294' title='bbox 294 2470 517 2528; x_wconf 84' lang='lat' dir='ltr'><strong>locitate</strong></span> <span class='ocrx_word' id='word_1_295' title='bbox 555 2480 862 2540; x_wconf 84' lang='lat' dir='ltr'><strong>certantes,</strong></span> <span class='ocrx_word' id='word_1_296' title='bbox 903 2476 1212 2546; x_wconf 80' lang='lat' dir='ltr'><strong>replicantes</strong></span> <span class='ocrx_word' id='word_1_297' title='bbox 1250 2494 1401 2548; x_wconf 83' lang='lat' dir='ltr'><strong>gyros</strong></span> <span class='ocrx_word' id='word_1_298' title='bbox 1430 2487 1654 2548; x_wconf 77' lang='lat' dir='ltr'><strong>septem,</strong></span> <span class='ocrx_word' id='word_1_299' title='bbox 1684 2478 1736 2532; x_wconf 91' lang='lat' dir='ltr'><strong>id</strong></span> <span class='ocrx_word' id='word_1_300' title='bbox 1767 2488 1848 2533; x_wconf 91' lang='lat' dir='ltr'><strong>est</strong></span> <span class='ocrx_word' id='word_1_301' title='bbox 1873 2521 1888 2546; x_wconf 96' lang='lat'><strong>,</strong></span> 
     </span>
    </p>
   </div>
   <div class='ocr_carea' id='block_1_41' title="bbox 296 2565 1892 2640">
    <p class='ocr_par' dir='ltr' id='par_1_41' title="bbox 296 2565 1892 2640">
     <span class='ocr_line' id='line_1_41' title="bbox 296 2565 1892 2640; baseline 0.005 -22"><span class='ocrx_word' id='word_1_302' title='bbox 296 2565 503 2632; x_wconf 84' lang='lat' dir='ltr'><strong>septies</strong></span> <span class='ocrx_word' id='word_1_303' title='bbox 531 2565 662 2622; x_wconf 84' lang='lat' dir='ltr'><strong>circi</strong></span> <span class='ocrx_word' id='word_1_304' title='bbox 695 2575 890 2622; x_wconf 87' lang='lat' dir='ltr'><strong>metam</strong></span> <span class='ocrx_word' id='word_1_305' title='bbox 921 2570 1359 2638; x_wconf 88' lang='lat' dir='ltr'><strong>circumeuntes,</strong></span> <span class='ocrx_word' id='word_1_306' title='bbox 1393 2579 1617 2640; x_wconf 87' lang='lat' dir='ltr'><strong>tumque</strong></span> <span class='ocrx_word' id='word_1_307' title='bbox 1648 2570 1892 2628; x_wconf 90' lang='lat' dir='ltr'><strong>homines</strong></span> 
     </span>
    </p>
   </div>
   <div class='ocr_carea' id='block_1_42' title="bbox 226 2658 1893 2727">
    <p class='ocr_par' dir='ltr' id='par_1_42' title="bbox 226 2658 1893 2727">
     <span class='ocr_line' id='line_1_42' title="bbox 226 2658 1893 2727; baseline 0.005 -17"><span class='ocrx_word' id='word_1_308' title='bbox 226 2701 234 2704; x_wconf 92' lang='lat'><strong>.</strong></span> <span class='ocrx_word' id='word_1_309' title='bbox 301 2671 428 2711; x_wconf 87' lang='lat' dir='ltr'><strong>cum</strong></span> <span class='ocrx_word' id='word_1_310' title='bbox 468 2658 708 2713; x_wconf 86' lang='lat' dir='ltr'><strong>curribus</strong></span> <span class='ocrx_word' id='word_1_311' title='bbox 748 2664 951 2727; x_wconf 86' lang='lat' dir='ltr'><strong>everti,</strong></span> <span class='ocrx_word' id='word_1_312' title='bbox 995 2670 1086 2717; x_wconf 90' lang='lat' dir='ltr'><strong>aut</strong></span> <span class='ocrx_word' id='word_1_313' title='bbox 1129 2661 1314 2718; x_wconf 87' lang='lat' dir='ltr'><strong>fratris</strong></span> <span class='ocrx_word' id='word_1_314' title='bbox 1342 2663 1467 2719; x_wconf 91' lang='lat' dir='ltr'><strong>inde</strong></span> <span class='ocrx_word' id='word_1_315' title='bbox 1497 2665 1692 2720; x_wconf 87' lang='lat' dir='ltr'><strong>retrahi</strong></span> <span class='ocrx_word' id='word_1_316' title='bbox 1721 2665 1893 2719; x_wconf 90' lang='lat' dir='ltr'><strong>cruri-</strong></span> 
     </span>
    </p>
   </div>
   <div class='ocr_carea' id='block_1_43' title="bbox 300 2749 1894 2826">
    <p class='ocr_par' dir='ltr' id='par_1_43' title="bbox 300 2749 1894 2826">
     <span class='ocr_line' id='line_1_43' title="bbox 300 2749 1894 2826; baseline 0.008 -23"><span class='ocrx_word' id='word_1_317' title='bbox 300 2749 444 2804; x_wconf 83' lang='lat' dir='ltr'><strong>bus?</strong></span> <span class='ocrx_word' id='word_1_318' title='bbox 465 2749 651 2820; x_wconf 84' lang='lat' dir='ltr'><strong>(Ibid.,</strong></span> <span class='ocrx_word' id='word_1_319' title='bbox 680 2769 800 2824; x_wconf 84' lang='lat' dir='ltr'><strong>pag.</strong></span> <span class='ocrx_word' id='word_1_320' title='bbox 824 2754 933 2809; x_wconf 67' lang='grc'><strong>245</strong></span> <span class='ocrx_word' id='word_1_321' title='bbox 954 2765 999 2808; x_wconf 85' lang='lat' dir='ltr'><strong>et</strong></span> <span class='ocrx_word' id='word_1_322' title='bbox 1021 2755 1151 2826; x_wconf 86' lang='lat' dir='ltr'><strong>seq.)</strong></span> <span class='ocrx_word' id='word_1_323' title='bbox 1176 2756 1306 2824; x_wconf 86' lang='lat' dir='ltr'><strong>Quis</strong></span> <span class='ocrx_word' id='word_1_324' title='bbox 1331 2757 1567 2826; x_wconf 86' lang='lat' dir='ltr'><strong>prudens</strong></span> <span class='ocrx_word' id='word_1_325' title='bbox 1595 2759 1758 2814; x_wconf 90' lang='lat' dir='ltr'><strong>homo</strong></span> <span class='ocrx_word' id='word_1_326' title='bbox 1780 2761 1894 2816; x_wconf 73' lang='lat' dir='ltr'><strong>lucc</strong></span> 
     </span>
    </p>
   </div>
   <div class='ocr_carea' id='block_1_44' title="bbox 294 2845 1894 2918">
    <p class='ocr_par' dir='ltr' id='par_1_44' title="bbox 294 2845 1894 2918">
     <span class='ocr_line' id='line_1_44' title="bbox 294 2845 1894 2918; baseline 0.008 -23"><span class='ocrx_word' id='word_1_327' title='bbox 294 2852 574 2912; x_wconf 89' lang='lat' dir='ltr'><strong>tamquam</strong></span> <span class='ocrx_word' id='word_1_328' title='bbox 602 2845 836 2914; x_wconf 90' lang='lat' dir='ltr'><strong>pueriles</strong></span> <span class='ocrx_word' id='word_1_329' title='bbox 860 2846 1202 2918; x_wconf 89' lang='lat' dir='ltr'><strong>ludicrasque</strong></span> <span class='ocrx_word' id='word_1_330' title='bbox 1234 2849 1631 2907; x_wconf 86' lang='lat' dir='ltr'><strong>ludiﬁcatioucs</strong></span> <span class='ocrx_word' id='word_1_331' title='bbox 1667 2868 1774 2906; x_wconf 92' lang='lat' dir='ltr'><strong>non</strong></span> <span class='ocrx_word' id='word_1_332' title='bbox 1808 2867 1894 2907; x_wconf 83' lang='lat' dir='ltr'><strong>as-</strong></span> 
     </span>
    </p>
   </div>
   <div class='ocr_carea' id='block_1_45' title="bbox 299 2935 656 3002">
    <p class='ocr_par' dir='ltr' id='par_1_45' title="bbox 299 2935 656 3002">
     <span class='ocr_line' id='line_1_45' title="bbox 299 2935 656 3002; baseline 0.006 -13"><span class='ocrx_word' id='word_1_333' title='bbox 299 2935 656 3002; x_wconf 79' lang='lat' dir='ltr'><strong>pernabitur?</strong></span> 
     </span>
    </p>
   </div>
   <div class='ocr_carea' id='block_1_46' title="bbox 369 3027 1895 3108">
    <p class='ocr_par' dir='ltr' id='par_1_46' title="bbox 369 3027 1895 3108">
     <span class='ocr_line' id='line_1_46' title="bbox 369 3027 1895 3108; baseline 0.009 -26"><span class='ocrx_word' id='word_1_334' title='bbox 369 3027 508 3094; x_wconf 85' lang='lat' dir='ltr'><strong>Quid</strong></span> <span class='ocrx_word' id='word_1_335' title='bbox 553 3040 730 3085; x_wconf 85' lang='lat' dir='ltr'><strong>autem</strong></span> <span class='ocrx_word' id='word_1_336' title='bbox 769 3031 904 3087; x_wconf 85' lang='lat' dir='ltr'><strong>Jove</strong></span> <span class='ocrx_word' id='word_1_337' title='bbox 946 3035 1115 3105; x_wconf 82' lang='lat' dir='ltr'><strong>magis</strong></span> <span class='ocrx_word' id='word_1_338' title='bbox 1145 3035 1421 3106; x_wconf 85' lang='lat' dir='ltr'><strong>indignum</strong></span> <span class='ocrx_word' id='word_1_339' title='bbox 1471 3053 1630 3108; x_wconf 90' lang='lat' dir='ltr'><strong>quam</strong></span> <span class='ocrx_word' id='word_1_340' title='bbox 1665 3039 1741 3093; x_wconf 90' lang='lat' dir='ltr'><strong>ira</strong></span> <span class='ocrx_word' id='word_1_341' title='bbox 1772 3038 1895 3096; x_wconf 89' lang='lat' dir='ltr'><strong>ideo</strong></span> 
     </span>
    </p>
   </div>
   <div class='ocr_carea' id='block_1_47' title="bbox 296 3120 1893 3199">
    <p class='ocr_par' dir='ltr' id='par_1_47' title="bbox 296 3120 1893 3199">
     <span class='ocr_line' id='line_1_47' title="bbox 296 3120 1893 3199; baseline 0.008 -26"><span class='ocrx_word' id='word_1_342' title='bbox 296 3120 733 3187; x_wconf 76' lang='lat' dir='ltr'><strong>excandescere;</strong></span> <span class='ocrx_word' id='word_1_343' title='bbox 766 3125 885 3193; x_wconf 89' lang='lat' dir='ltr'><strong>quia</strong></span> <span class='ocrx_word' id='word_1_344' title='bbox 918 3140 1106 3182; x_wconf 87' lang='lat' dir='ltr'><strong>servus</strong></span> <span class='ocrx_word' id='word_1_345' title='bbox 1136 3127 1188 3181; x_wconf 92' lang='lat' dir='ltr'><strong>in</strong></span> <span class='ocrx_word' id='word_1_346' title='bbox 1218 3129 1364 3182; x_wconf 90' lang='lat' dir='ltr'><strong>circo</strong></span> <span class='ocrx_word' id='word_1_347' title='bbox 1396 3129 1577 3199; x_wconf 86' lang='lat' dir='ltr'><strong>ﬂagris</strong></span> <span class='ocrx_word' id='word_1_348' title='bbox 1604 3144 1800 3196; x_wconf 65' lang='lat' dir='ltr'><strong>caesus,</strong></span> <span class='ocrx_word' id='word_1_349' title='bbox 1830 3147 1893 3186; x_wconf 90' lang='lat' dir='ltr'><strong>ac</strong></span> 
     </span>
    </p>
   </div>
   <div class='ocr_carea' id='block_1_48' title="bbox 298 3213 1894 3291">
    <p class='ocr_par' dir='ltr' id='par_1_48' title="bbox 298 3213 1894 3291">
     <span class='ocr_line' id='line_1_48' title="bbox 298 3213 1894 3291; baseline 0.009 -26"><span class='ocrx_word' id='word_1_350' title='bbox 298 3213 490 3268; x_wconf 81' lang='lat' dir='ltr'><strong>mortis</strong></span> <span class='ocrx_word' id='word_1_351' title='bbox 535 3215 800 3286; x_wconf 90' lang='lat' dir='ltr'><strong>supplicio</strong></span> <span class='ocrx_word' id='word_1_352' title='bbox 849 3216 1075 3272; x_wconf 81' lang='lat' dir='ltr'><strong>affectus</strong></span> <span class='ocrx_word' id='word_1_353' title='bbox 1132 3218 1265 3274; x_wconf 87' lang='lat' dir='ltr'><strong>fuit?</strong></span> <span class='ocrx_word' id='word_1_354' title='bbox 1311 3221 1367 3275; x_wconf 87' lang='lat' dir='ltr'><strong>Si</strong></span> <span class='ocrx_word' id='word_1_355' title='bbox 1413 3223 1556 3276; x_wconf 91' lang='lat' dir='ltr'><strong>enim</strong></span> <span class='ocrx_word' id='word_1_356' title='bbox 1591 3237 1776 3291; x_wconf 66' lang='lat' dir='ltr'><strong>plenas</strong></span> <span class='ocrx_word' id='word_1_357' title='bbox 1807 3225 1894 3280; x_wconf 89' lang='lat' dir='ltr'><strong>ille</strong></span> 
     </span>
    </p>
   </div>
   <div class='ocr_carea' id='block_1_49' title="bbox 299 3308 1893 3384">
    <p class='ocr_par' dir='ltr' id='par_1_49' title="bbox 299 3308 1893 3384">
     <span class='ocr_line' id='line_1_49' title="bbox 299 3308 1893 3384; baseline 0.006 -24"><span class='ocrx_word' id='word_1_358' title='bbox 299 3308 496 3362; x_wconf 89' lang='lat' dir='ltr'><strong>merito</strong></span> <span class='ocrx_word' id='word_1_359' title='bbox 519 3308 688 3374; x_wconf 87' lang='lat' dir='ltr'><strong>dedit,</strong></span> <span class='ocrx_word' id='word_1_360' title='bbox 723 3327 827 3364; x_wconf 86' lang='lat' dir='ltr'><strong>non</strong></span> <span class='ocrx_word' id='word_1_361' title='bbox 858 3311 1043 3368; x_wconf 89' lang='lat' dir='ltr'><strong>debuit</strong></span> <span class='ocrx_word' id='word_1_362' title='bbox 1070 3312 1278 3384; x_wconf 78' lang='lat' dir='ltr'><strong>Jupiter</strong></span> <span class='ocrx_word' id='word_1_363' title='bbox 1304 3314 1380 3368; x_wconf 91' lang='lat' dir='ltr'><strong>ira</strong></span> <span class='ocrx_word' id='word_1_364' title='bbox 1413 3315 1646 3370; x_wconf 87' lang='lat' dir='ltr'><strong>incendi.</strong></span> <span class='ocrx_word' id='word_1_365' title='bbox 1689 3315 1742 3371; x_wconf 91' lang='lat' dir='ltr'><strong>Si</strong></span> <span class='ocrx_word' id='word_1_366' title='bbox 1765 3332 1893 3370; x_wconf 82' lang='lat' dir='ltr'><strong>vero</strong></span> 
     </span>
    </p>
   </div>
   <div class='ocr_carea' id='block_1_50' title="bbox 295 3401 1891 3480">
    <p class='ocr_par' dir='ltr' id='par_1_50' title="bbox 295 3401 1891 3480">
     <span class='ocr_line' id='line_1_50' title="bbox 295 3401 1891 3480; baseline 0.007 -26"><span class='ocrx_word' id='word_1_367' title='bbox 295 3401 558 3456; x_wconf 84' lang='lat' dir='ltr'><strong>innocens</strong></span> <span class='ocrx_word' id='word_1_368' title='bbox 587 3404 797 3458; x_wconf 90' lang='lat' dir='ltr'><strong>occisus</strong></span> <span class='ocrx_word' id='word_1_369' title='bbox 819 3414 920 3472; x_wconf 84' lang='lat' dir='ltr'><strong>est,</strong></span> <span class='ocrx_word' id='word_1_370' title='bbox 947 3422 1070 3461; x_wconf 89' lang='lat' dir='ltr'><strong>reus</strong></span> <span class='ocrx_word' id='word_1_371' title='bbox 1097 3409 1198 3462; x_wconf 91' lang='lat' dir='ltr'><strong>fuit</strong></span> <span class='ocrx_word' id='word_1_372' title='bbox 1225 3407 1607 3479; x_wconf 86' lang='lat' dir='ltr'><strong>ludimagister,</strong></span> <span class='ocrx_word' id='word_1_373' title='bbox 1633 3411 1720 3480; x_wconf 89' lang='lat' dir='ltr'><strong>qui</strong></span> <span class='ocrx_word' id='word_1_374' title='bbox 1744 3411 1891 3465; x_wconf 91' lang='lat' dir='ltr'><strong>illum</strong></span> 
     </span>
    </p>
   </div>
   <div class='ocr_carea' id='block_1_51' title="bbox 293 3502 1891 3573">
    <p class='ocr_par' dir='ltr' id='par_1_51' title="bbox 293 3502 1891 3573">
     <span class='ocr_line' id='line_1_51' title="bbox 293 3502 1891 3573; baseline 0.008 -27"><span class='ocrx_word' id='word_1_375' title='bbox 293 3508 424 3547; x_wconf 89' lang='lat' dir='ltr'><strong>cum</strong></span> <span class='ocrx_word' id='word_1_376' title='bbox 458 3505 676 3564; x_wconf 84' lang='lat' dir='ltr'><strong>posset,</strong></span> <span class='ocrx_word' id='word_1_377' title='bbox 711 3511 739 3549; x_wconf 71' lang='grc' dir='ltr'><strong>ιι</strong></span> <span class='ocrx_word' id='word_1_378' title='bbox 769 3509 942 3554; x_wconf 88' lang='lat' dir='ltr'><strong>morte</strong></span> <span class='ocrx_word' id='word_1_379' title='bbox 969 3515 1075 3554; x_wconf 91' lang='lat' dir='ltr'><strong>non</strong></span> <span class='ocrx_word' id='word_1_380' title='bbox 1097 3502 1327 3570; x_wconf 86' lang='lat' dir='ltr'><strong>eripuit,</strong></span> <span class='ocrx_word' id='word_1_381' title='bbox 1356 3509 1410 3556; x_wconf 90' lang='lat' dir='ltr'><strong>et</strong></span> <span class='ocrx_word' id='word_1_382' title='bbox 1437 3502 1624 3557; x_wconf 82' lang='lat' dir='ltr'><strong>Jovem</strong></span> <span class='ocrx_word' id='word_1_383' title='bbox 1654 3518 1891 3573; x_wconf 89' lang='lat' dir='ltr'><strong>pronun-</strong></span> 
     </span>
    </p>
   </div>
   <div class='ocr_carea' id='block_1_52' title="bbox 298 3585 1893 3666">
    <p class='ocr_par' dir='ltr' id='par_1_52' title="bbox 298 3585 1893 3666">
     <span class='ocr_line' id='line_1_52' title="bbox 298 3585 1893 3666; baseline 0.007 -26"><span class='ocrx_word' id='word_1_384' title='bbox 298 3585 633 3657; x_wconf 86' lang='lat' dir='ltr'><strong>tiavithujus</strong></span> <span class='ocrx_word' id='word_1_385' title='bbox 652 3603 787 3644; x_wconf 83' lang='lat' dir='ltr'><strong>nece</strong></span> <span class='ocrx_word' id='word_1_386' title='bbox 817 3589 1104 3646; x_wconf 66' lang='lat' dir='ltr'><strong>offensum.</strong></span> <span class='ocrx_word' id='word_1_387' title='bbox 1134 3592 1235 3660; x_wconf 93' lang='lat' dir='ltr'><strong>Qui</strong></span> <span class='ocrx_word' id='word_1_388' title='bbox 1262 3604 1441 3648; x_wconf 89' lang='lat' dir='ltr'><strong>autem</strong></span> <span class='ocrx_word' id='word_1_389' title='bbox 1474 3595 1587 3650; x_wconf 89' lang='lat' dir='ltr'><strong>ﬁeri</strong></span> <span class='ocrx_word' id='word_1_390' title='bbox 1619 3602 1810 3666; x_wconf 91' lang='lat' dir='ltr'><strong>potuit,</strong></span> <span class='ocrx_word' id='word_1_391' title='bbox 1837 3606 1893 3651; x_wconf 93' lang='lat' dir='ltr'><strong>ut</strong></span> 
     </span>
    </p>
   </div>
   <div class='ocr_carea' id='block_1_53' title="bbox 300 3679 1892 3758">
    <p class='ocr_par' dir='ltr' id='par_1_53' title="bbox 300 3679 1892 3758">
     <span class='ocr_line' id='line_1_53' title="bbox 300 3679 1892 3758; baseline 0.007 -26"><span class='ocrx_word' id='word_1_392' title='bbox 300 3693 365 3732; x_wconf 89' lang='lat' dir='ltr'><strong>ea</strong></span> <span class='ocrx_word' id='word_1_393' title='bbox 394 3679 534 3734; x_wconf 86' lang='lat' dir='ltr'><strong>servi</strong></span> <span class='ocrx_word' id='word_1_394' title='bbox 562 3690 736 3736; x_wconf 90' lang='lat' dir='ltr'><strong>morte</strong></span> <span class='ocrx_word' id='word_1_395' title='bbox 764 3681 976 3753; x_wconf 87' lang='lat' dir='ltr'><strong>Jupiter</strong></span> <span class='ocrx_word' id='word_1_396' title='bbox 1004 3684 1291 3740; x_wconf 72' lang='lat' dir='ltr'><strong>ltederetur</strong></span> <span class='ocrx_word' id='word_1_397' title='bbox 1310 3727 1325 3750; x_wconf 96' lang='lat'><strong>,</strong></span> <span class='ocrx_word' id='word_1_398' title='bbox 1375 3688 1464 3757; x_wconf 89' lang='lat' dir='ltr'><strong>qui</strong></span> <span class='ocrx_word' id='word_1_399' title='bbox 1502 3687 1698 3742; x_wconf 89' lang='lat' dir='ltr'><strong>dicitur</strong></span> <span class='ocrx_word' id='word_1_400' title='bbox 1723 3689 1892 3758; x_wconf 83' lang='lat' dir='ltr'><strong>pluri-</strong></span> 
     </span>
    </p>
   </div>
   <div class='ocr_carea' id='block_1_54' title="bbox 303 3774 1892 3842">
    <p class='ocr_par' dir='ltr' id='par_1_54' title="bbox 303 3774 1892 3842">
     <span class='ocr_line' id='line_1_54' title="bbox 303 3774 1892 3842; baseline 0.006 -16"><span class='ocrx_word' id='word_1_401' title='bbox 303 3786 426 3827; x_wconf 85' lang='lat' dir='ltr'><strong>mos</strong></span> <span class='ocrx_word' id='word_1_402' title='bbox 449 3775 604 3842; x_wconf 83' lang='lat' dir='ltr'><strong>plane</strong></span> <span class='ocrx_word' id='word_1_403' title='bbox 632 3774 950 3831; x_wconf 83' lang='lat' dir='ltr'><strong>innocentes</strong></span> <span class='ocrx_word' id='word_1_404' title='bbox 979 3778 1030 3830; x_wconf 92' lang='lat' dir='ltr'><strong>in</strong></span> <span class='ocrx_word' id='word_1_405' title='bbox 1061 3778 1145 3834; x_wconf 90' lang='lat' dir='ltr'><strong>his</strong></span> <span class='ocrx_word' id='word_1_406' title='bbox 1167 3778 1307 3834; x_wconf 87' lang='lat' dir='ltr'><strong>ludis</strong></span> <span class='ocrx_word' id='word_1_407' title='bbox 1325 3781 1534 3834; x_wconf 88' lang='lat' dir='ltr'><strong>occisos</strong></span> <span class='ocrx_word' id='word_1_408' title='bbox 1565 3781 1686 3835; x_wconf 66' lang='lat' dir='ltr'><strong>latio</strong></span> <span class='ocrx_word' id='word_1_409' title='bbox 1713 3783 1892 3836; x_wconf 91' lang='lat' dir='ltr'><strong>animo</strong></span> 
     </span>
    </p>
   </div>
   <div class='ocr_carea' id='block_1_55' title="bbox 301 3867 1893 3946">
    <p class='ocr_par' dir='ltr' id='par_1_55' title="bbox 301 3867 1893 3946">
     <span class='ocr_line' id='line_1_55' title="bbox 301 3867 1893 3946; baseline 0.008 -29"><span class='ocrx_word' id='word_1_410' title='bbox 301 3867 688 3935; x_wconf 80' lang='lat' dir='ltr'><strong>conspexisse?</strong></span> <span class='ocrx_word' id='word_1_411' title='bbox 715 3867 938 3923; x_wconf 85' lang='lat' dir='ltr'><strong>Fatetur</strong></span> <span class='ocrx_word' id='word_1_412' title='bbox 961 3870 1176 3940; x_wconf 86' lang='lat' dir='ltr'><strong>quidem</strong></span> <span class='ocrx_word' id='word_1_413' title='bbox 1212 3873 1503 3938; x_wconf 83' lang='lat' dir='ltr'><strong>Arnobius,</strong></span> <span class='ocrx_word' id='word_1_414' title='bbox 1532 3875 1576 3927; x_wconf 91' lang='lat' dir='ltr'><strong>si</strong></span> <span class='ocrx_word' id='word_1_415' title='bbox 1601 3876 1653 3928; x_wconf 92' lang='lat' dir='ltr'><strong>in</strong></span> <span class='ocrx_word' id='word_1_416' title='bbox 1681 3875 1893 3946; x_wconf 79' lang='lat' dir='ltr'><strong>religio—</strong></span> 
     </span>
    </p>
   </div>
   <div class='ocr_carea' id='block_1_56' title="bbox 299 3959 1893 4034">
    <p class='ocr_par' dir='ltr' id='par_1_56' title="bbox 299 3959 1893 4034">
     <span class='ocr_line' id='line_1_56' title="bbox 299 3959 1893 4034; baseline 0.006 -23"><span class='ocrx_word' id='word_1_417' title='bbox 299 3959 389 4011; x_wconf 88' lang='lat' dir='ltr'><strong>nis</strong></span> <span class='ocrx_word' id='word_1_418' title='bbox 401 3966 763 4029; x_wconf 89' lang='lat' dir='ltr'><strong>contemptum</strong></span> <span class='ocrx_word' id='word_1_419' title='bbox 787 3961 839 4014; x_wconf 91' lang='lat' dir='ltr'><strong>id</strong></span> <span class='ocrx_word' id='word_1_420' title='bbox 863 3970 986 4016; x_wconf 85' lang='lat' dir='ltr'><strong>ante</strong></span> <span class='ocrx_word' id='word_1_421' title='bbox 1013 3962 1168 4016; x_wconf 89' lang='lat' dir='ltr'><strong>ludos</strong></span> <span class='ocrx_word' id='word_1_422' title='bbox 1193 3975 1370 4018; x_wconf 91' lang='lat' dir='ltr'><strong>actum</strong></span> <span class='ocrx_word' id='word_1_423' title='bbox 1397 3965 1893 4034; x_wconf 85' lang='lat' dir='ltr'><strong>fuerit,condonan—</strong></span> 
     </span>
    </p>
   </div>
   <div class='ocr_carea' id='block_1_57' title="bbox 298 4051 1892 4127">
    <p class='ocr_par' dir='ltr' id='par_1_57' title="bbox 298 4051 1892 4127">
     <span class='ocr_line' id='line_1_57' title="bbox 298 4051 1892 4127; baseline 0.006 -21"><span class='ocrx_word' id='word_1_424' title='bbox 298 4051 429 4106; x_wconf 88' lang='lat' dir='ltr'><strong>dum</strong></span> <span class='ocrx_word' id='word_1_425' title='bbox 485 4051 611 4106; x_wconf 87' lang='lat' dir='ltr'><strong>Jovi</strong></span> <span class='ocrx_word' id='word_1_426' title='bbox 640 4093 656 4116; x_wconf 93' lang='lat'><strong>,</strong></span> <span class='ocrx_word' id='word_1_427' title='bbox 687 4053 791 4122; x_wconf 79' lang='lat' dir='ltr'><strong>qui</strong></span> <span class='ocrx_word' id='word_1_428' title='bbox 836 4054 1124 4126; x_wconf 85' lang='lat' dir='ltr'><strong>sacrilegio</strong></span> <span class='ocrx_word' id='word_1_429' title='bbox 1153 4071 1214 4111; x_wconf 90' lang='lat' dir='ltr'><strong>se</strong></span> <span class='ocrx_word' id='word_1_430' title='bbox 1245 4057 1428 4126; x_wconf 89' lang='lat' dir='ltr'><strong>sperni</strong></span> <span class='ocrx_word' id='word_1_431' title='bbox 1459 4059 1726 4127; x_wconf 89' lang='lat' dir='ltr'><strong>patienter</strong></span> <span class='ocrx_word' id='word_1_432' title='bbox 1753 4061 1892 4116; x_wconf 89' lang='lat' dir='ltr'><strong>ferre</strong></span> 
     </span>
    </p>
   </div>
   <div class='ocr_carea' id='block_1_58' title="bbox 297 4143 1893 4215">
    <p class='ocr_par' dir='ltr' id='par_1_58' title="bbox 297 4143 1893 4215">
     <span class='ocr_line' id='line_1_58' title="bbox 297 4143 1893 4215; baseline 0.007 -18"><span class='ocrx_word' id='word_1_433' title='bbox 297 4144 576 4214; x_wconf 88' lang='lat' dir='ltr'><strong>nequibat.</strong></span> <span class='ocrx_word' id='word_1_434' title='bbox 601 4143 693 4198; x_wconf 89' lang='lat' dir='ltr'><strong>Sin</strong></span> <span class='ocrx_word' id='word_1_435' title='bbox 716 4155 896 4200; x_wconf 88' lang='lat' dir='ltr'><strong>autem</strong></span> <span class='ocrx_word' id='word_1_436' title='bbox 925 4161 1112 4202; x_wconf 89' lang='lat' dir='ltr'><strong>errore</strong></span> <span class='ocrx_word' id='word_1_437' title='bbox 1139 4157 1190 4202; x_wconf 91' lang='lat' dir='ltr'><strong>et</strong></span> <span class='ocrx_word' id='word_1_438' title='bbox 1219 4163 1345 4203; x_wconf 90' lang='lat' dir='ltr'><strong>casu</strong></span> <span class='ocrx_word' id='word_1_439' title='bbox 1376 4148 1570 4203; x_wconf 89' lang='lat' dir='ltr'><strong>factum</strong></span> <span class='ocrx_word' id='word_1_440' title='bbox 1599 4159 1700 4215; x_wconf 89' lang='lat' dir='ltr'><strong>est,</strong></span> <span class='ocrx_word' id='word_1_441' title='bbox 1731 4151 1893 4207; x_wconf 90' lang='lat' dir='ltr'><strong>debe-</strong></span> 
     </span>
    </p>
   </div>
   <div class='ocr_carea' id='block_1_59' title="bbox 297 4241 1891 4315">
    <p class='ocr_par' dir='ltr' id='par_1_59' title="bbox 297 4241 1891 4315">
     <span class='ocr_line' id='line_1_59' title="bbox 297 4241 1891 4315; baseline 0.003 -19"><span class='ocrx_word' id='word_1_442' title='bbox 297 4241 391 4296; x_wconf 89' lang='lat' dir='ltr'><strong>bat</strong></span> <span class='ocrx_word' id='word_1_443' title='bbox 419 4241 605 4312; x_wconf 91' lang='lat' dir='ltr'><strong>utique</strong></span> <span class='ocrx_word' id='word_1_444' title='bbox 631 4241 862 4312; x_wconf 88' lang='lat' dir='ltr'><strong>optimus</strong></span> <span class='ocrx_word' id='word_1_445' title='bbox 891 4241 1100 4311; x_wconf 90' lang='lat' dir='ltr'><strong>Jupiter</strong></span> <span class='ocrx_word' id='word_1_446' title='bbox 1124 4242 1370 4298; x_wconf 82' lang='lat' dir='ltr'><strong>humanae</strong></span> <span class='ocrx_word' id='word_1_447' title='bbox 1404 4243 1676 4315; x_wconf 84' lang='lat' dir='ltr'><strong>fragilitati</strong></span> <span class='ocrx_word' id='word_1_448' title='bbox 1706 4255 1760 4301; x_wconf 92' lang='lat' dir='ltr'><strong>et</strong></span> <span class='ocrx_word' id='word_1_449' title='bbox 1789 4247 1891 4300; x_wconf 85' lang='lat' dir='ltr'><strong>im—</strong></span> 
     </span>
    </p>
   </div>
   <div class='ocr_carea' id='block_1_60' title="bbox 297 4331 1892 4408">
    <p class='ocr_par' dir='ltr' id='par_1_60' title="bbox 297 4331 1892 4408">
     <span class='ocr_line' id='line_1_60' title="bbox 297 4331 1892 4408; baseline 0.004 -22"><span class='ocrx_word' id='word_1_450' title='bbox 297 4331 603 4402; x_wconf 75' lang='lat' dir='ltr'><strong>prudentia:</strong></span> <span class='ocrx_word' id='word_1_451' title='bbox 632 4332 762 4387; x_wconf 87' lang='lat' dir='ltr'><strong>dare</strong></span> <span class='ocrx_word' id='word_1_452' title='bbox 782 4335 1020 4388; x_wconf 89' lang='lat' dir='ltr'><strong>veniam.</strong></span> <span class='ocrx_word' id='word_1_453' title='bbox 1054 4333 1311 4402; x_wconf 86' lang='lat' dir='ltr'><strong>Quamvis</strong></span> <span class='ocrx_word' id='word_1_454' title='bbox 1339 4351 1502 4405; x_wconf 88' lang='lat' dir='ltr'><strong>porro</strong></span> <span class='ocrx_word' id='word_1_455' title='bbox 1532 4336 1661 4392; x_wconf 88' lang='lat' dir='ltr'><strong>illud</strong></span> <span class='ocrx_word' id='word_1_456' title='bbox 1687 4379 1700 4400; x_wconf 88' lang='lat'><strong>,</strong></span> <span class='ocrx_word' id='word_1_457' title='bbox 1755 4353 1892 4408; x_wconf 82' lang='lat' dir='ltr'><strong>quo-</strong></span> 
     </span>
    </p>
   </div>
   <div class='ocr_carea' id='block_1_61' title="bbox 295 4424 1888 4500">
    <p class='ocr_par' dir='ltr' id='par_1_61' title="bbox 295 4424 1888 4500">
     <span class='ocr_line' id='line_1_61' title="bbox 295 4424 1888 4500; baseline 0.003 -21"><span class='ocrx_word' id='word_1_458' title='bbox 295 4424 573 4495; x_wconf 88' lang='lat' dir='ltr'><strong>quomodo</strong></span> <span class='ocrx_word' id='word_1_459' title='bbox 613 4424 848 4491; x_wconf 86' lang='lat' dir='ltr'><strong>factum,</strong></span> <span class='ocrx_word' id='word_1_460' title='bbox 893 4440 998 4481; x_wconf 91' lang='lat' dir='ltr'><strong>non</strong></span> <span class='ocrx_word' id='word_1_461' title='bbox 1041 4425 1288 4482; x_wconf 89' lang='lat' dir='ltr'><strong>debuerit</strong></span> <span class='ocrx_word' id='word_1_462' title='bbox 1341 4428 1567 4482; x_wconf 89' lang='lat' dir='ltr'><strong>inultum</strong></span> <span class='ocrx_word' id='word_1_463' title='bbox 1624 4429 1888 4500; x_wconf 86' lang='lat' dir='ltr'><strong>relinqui;</strong></span> 
     </span>
    </p>
   </div>
   <div class='ocr_carea' id='block_1_62' title="bbox 297 4518 1892 4589">
    <p class='ocr_par' dir='ltr' id='par_1_62' title="bbox 297 4518 1892 4589">
     <span class='ocr_line' id='line_1_62' title="bbox 297 4518 1892 4589; baseline 0.004 -17"><span class='ocrx_word' id='word_1_464' title='bbox 297 4518 457 4572; x_wconf 90' lang='lat' dir='ltr'><strong>unius</strong></span> <span class='ocrx_word' id='word_1_465' title='bbox 511 4526 684 4573; x_wconf 86' lang='lat' dir='ltr'><strong>tamen</strong></span> <span class='ocrx_word' id='word_1_466' title='bbox 737 4530 958 4589; x_wconf 89' lang='lat' dir='ltr'><strong>propter</strong></span> <span class='ocrx_word' id='word_1_467' title='bbox 1007 4519 1264 4575; x_wconf 88' lang='lat' dir='ltr'><strong>delictum</strong></span> <span class='ocrx_word' id='word_1_468' title='bbox 1298 4536 1402 4576; x_wconf 93' lang='lat' dir='ltr'><strong>non</strong></span> <span class='ocrx_word' id='word_1_469' title='bbox 1435 4521 1670 4578; x_wconf 88' lang='lat' dir='ltr'><strong>dehuere</strong></span> <span class='ocrx_word' id='word_1_470' title='bbox 1715 4524 1892 4578; x_wconf 89' lang='lat' dir='ltr'><strong>omnis</strong></span> 
     </span>
    </p>
   </div>
   <div class='ocr_carea' id='block_1_63' title="bbox 2065 1886 3588 1970">
    <p class='ocr_par' dir='ltr' id='par_1_63' title="bbox 2065 1886 3588 1970">
     <span class='ocr_line' id='line_1_63' title="bbox 2065 1886 3588 1970; baseline -0.009 -15"><span class='ocrx_word' id='word_1_471' title='bbox 2065 1901 2251 1956; x_wconf 84' lang='lat' dir='ltr'><strong>Nonne</strong></span> <span class='ocrx_word' id='word_1_472' title='bbox 2297 1901 2461 1955; x_wconf 89' lang='lat' dir='ltr'><strong>etiam</strong></span> <span class='ocrx_word' id='word_1_473' title='bbox 2507 1901 2683 1970; x_wconf 90' lang='lat' dir='ltr'><strong>aliqua</strong></span> <span class='ocrx_word' id='word_1_474' title='bbox 2724 1898 2912 1953; x_wconf 84' lang='lat' dir='ltr'><strong>saltem</strong></span> <span class='ocrx_word' id='word_1_475' title='bbox 2945 1895 3084 1950; x_wconf 89' lang='lat' dir='ltr'><strong>ratio</strong></span> <span class='ocrx_word' id='word_1_476' title='bbox 3110 1893 3177 1947; x_wconf 90' lang='lat' dir='ltr'><strong>ab</strong></span> <span class='ocrx_word' id='word_1_477' title='bbox 3205 1891 3434 1946; x_wconf 89' lang='lat' dir='ltr'><strong>ethnicis</strong></span> <span class='ocrx_word' id='word_1_478' title='bbox 3467 1886 3588 1943; x_wconf 89' lang='lat' dir='ltr'><strong>red-</strong></span> 
     </span>
    </p>
   </div>
   <div class='ocr_carea' id='block_1_64' title="bbox 1991 1982 3585 2063">
    <p class='ocr_par' dir='ltr' id='par_1_64' title="bbox 1991 1982 3585 2063">
     <span class='ocr_line' id='line_1_64' title="bbox 1991 1982 3585 2063; baseline -0.01 -13"><span class='ocrx_word' id='word_1_479' title='bbox 1991 1995 2166 2052; x_wconf 89' lang='lat' dir='ltr'><strong>denda</strong></span> <span class='ocrx_word' id='word_1_480' title='bbox 2213 2004 2330 2050; x_wconf 84' lang='lat' dir='ltr'><strong>erat</strong></span> <span class='ocrx_word' id='word_1_481' title='bbox 2359 2037 2374 2060; x_wconf 94' lang='lat'><strong>,</strong></span> <span class='ocrx_word' id='word_1_482' title='bbox 2420 2009 2518 2048; x_wconf 89' lang='lat' dir='ltr'><strong>cur</strong></span> <span class='ocrx_word' id='word_1_483' title='bbox 2561 2007 2786 2063; x_wconf 87' lang='lat' dir='ltr'><strong>serpens</strong></span> <span class='ocrx_word' id='word_1_484' title='bbox 2827 1990 2916 2044; x_wconf 90' lang='lat' dir='ltr'><strong>ille</strong></span> <span class='ocrx_word' id='word_1_485' title='bbox 2941 1996 3063 2059; x_wconf 91' lang='lat' dir='ltr'><strong>post</strong></span> <span class='ocrx_word' id='word_1_486' title='bbox 3085 2000 3240 2041; x_wconf 90' lang='lat' dir='ltr'><strong>suum</strong></span> <span class='ocrx_word' id='word_1_487' title='bbox 3265 1983 3334 2038; x_wconf 89' lang='lat' dir='ltr'><strong>ad</strong></span> <span class='ocrx_word' id='word_1_488' title='bbox 3358 1982 3585 2038; x_wconf 91' lang='lat' dir='ltr'><strong>insulam</strong></span> 
     </span>
    </p>
   </div>
   <div class='ocr_carea' id='block_1_65' title="bbox 1994 2075 3589 2162">
    <p class='ocr_par' dir='ltr' id='par_1_65' title="bbox 1994 2075 3589 2162">
     <span class='ocr_line' id='line_1_65' title="bbox 1994 2075 3589 2162; baseline -0.011 -16"><span class='ocrx_word' id='word_1_489' title='bbox 1994 2090 2318 2162; x_wconf 85' lang='lat' dir='ltr'><strong>Tyberinam</strong></span> <span class='ocrx_word' id='word_1_490' title='bbox 2343 2102 2619 2144; x_wconf 89' lang='lat' dir='ltr'><strong>accessum</strong></span> <span class='ocrx_word' id='word_1_491' title='bbox 2645 2103 2749 2141; x_wconf 89' lang='lat' dir='ltr'><strong>non</strong></span> <span class='ocrx_word' id='word_1_492' title='bbox 2779 2085 3010 2154; x_wconf 90' lang='lat' dir='ltr'><strong>amplius</strong></span> <span class='ocrx_word' id='word_1_493' title='bbox 3029 2077 3424 2150; x_wconf 79' lang='lat' dir='ltr'><strong>comparuerit?</strong></span> <span class='ocrx_word' id='word_1_494' title='bbox 3448 2075 3589 2130; x_wconf 85' lang='lat' dir='ltr'><strong>Nihil</strong></span> 
     </span>
    </p>
   </div>
   <div class='ocr_carea' id='block_1_66' title="bbox 1992 2169 3586 2254">
    <p class='ocr_par' dir='ltr' id='par_1_66' title="bbox 1992 2169 3586 2254">
     <span class='ocr_line' id='line_1_66' title="bbox 1992 2169 3586 2254; baseline -0.008 -18"><span class='ocrx_word' id='word_1_495' title='bbox 1992 2187 2191 2254; x_wconf 88' lang='lat' dir='ltr'><strong>quippe</strong></span> <span class='ocrx_word' id='word_1_496' title='bbox 2212 2181 2514 2248; x_wconf 86' lang='lat' dir='ltr'><strong>christiani,</strong></span> <span class='ocrx_word' id='word_1_497' title='bbox 2539 2195 2716 2252; x_wconf 88' lang='lat' dir='ltr'><strong>neque</strong></span> <span class='ocrx_word' id='word_1_498' title='bbox 2743 2179 2958 2252; x_wconf 89' lang='lat' dir='ltr'><strong>ipsimet</strong></span> <span class='ocrx_word' id='word_1_499' title='bbox 2981 2173 3338 2247; x_wconf 89' lang='lat' dir='ltr'><strong>proculdubio</strong></span> <span class='ocrx_word' id='word_1_500' title='bbox 3364 2169 3586 2234; x_wconf 88' lang='lat' dir='ltr'><strong>ethnici,</strong></span> 
     </span>
    </p>
   </div>
   <div class='ocr_carea' id='block_1_67' title="bbox 1993 2265 3588 2338">
    <p class='ocr_par' dir='ltr' id='par_1_67' title="bbox 1993 2265 3588 2338">
     <span class='ocr_line' id='line_1_67' title="bbox 1993 2265 3588 2338; baseline -0.009 -10"><span class='ocrx_word' id='word_1_501' title='bbox 1993 2274 2135 2328; x_wconf 88' lang='lat' dir='ltr'><strong>aliud</strong></span> <span class='ocrx_word' id='word_1_502' title='bbox 2163 2275 2230 2328; x_wconf 91' lang='lat' dir='ltr'><strong>de</strong></span> <span class='ocrx_word' id='word_1_503' title='bbox 2260 2275 2357 2329; x_wconf 89' lang='lat' dir='ltr'><strong>hac</strong></span> <span class='ocrx_word' id='word_1_504' title='bbox 2387 2273 2564 2328; x_wconf 86' lang='lat' dir='ltr'><strong>fabula</strong></span> <span class='ocrx_word' id='word_1_505' title='bbox 2596 2280 2854 2326; x_wconf 86' lang='lat' dir='ltr'><strong>noverant</strong></span> <span class='ocrx_word' id='word_1_506' title='bbox 2879 2311 2893 2335; x_wconf 92' lang='lat'><strong>,</strong></span> <span class='ocrx_word' id='word_1_507' title='bbox 2933 2283 3092 2338; x_wconf 88' lang='lat' dir='ltr'><strong>quam</strong></span> <span class='ocrx_word' id='word_1_508' title='bbox 3123 2265 3269 2335; x_wconf 87' lang='lat' dir='ltr'><strong>quod</strong></span> <span class='ocrx_word' id='word_1_509' title='bbox 3295 2265 3348 2318; x_wconf 95' lang='lat' dir='ltr'><strong>in</strong></span> <span class='ocrx_word' id='word_1_510' title='bbox 3370 2276 3588 2318; x_wconf 85' lang='lat' dir='ltr'><strong>eorum—</strong></span> 
     </span>
    </p>
   </div>
   <div class='ocr_carea' id='block_1_68' title="bbox 1993 2358 3292 2438">
    <p class='ocr_par' dir='ltr' id='par_1_68' title="bbox 1993 2358 3292 2438">
     <span class='ocr_line' id='line_1_68' title="bbox 1993 2358 3292 2438; baseline -0.008 -16"><span class='ocrx_word' id='word_1_511' title='bbox 1993 2367 2116 2423; x_wconf 87' lang='lat' dir='ltr'><strong>dem</strong></span> <span class='ocrx_word' id='word_1_512' title='bbox 2145 2369 2425 2438; x_wconf 87' lang='lat' dir='ltr'><strong>gentilium</strong></span> <span class='ocrx_word' id='word_1_513' title='bbox 2453 2365 2670 2435; x_wconf 90' lang='lat' dir='ltr'><strong>scriptis</strong></span> <span class='ocrx_word' id='word_1_514' title='bbox 2699 2363 2953 2418; x_wconf 87' lang='lat' dir='ltr'><strong>traditum</strong></span> <span class='ocrx_word' id='word_1_515' title='bbox 2983 2358 3292 2415; x_wconf 81' lang='lat' dir='ltr'><strong>invenitur?</strong></span> 
     </span>
    </p>
   </div>
   <div class='ocr_carea' id='block_1_69' title="bbox 2068 2450 3576 2531">
    <p class='ocr_par' dir='ltr' id='par_1_69' title="bbox 2068 2450 3576 2531">
     <span class='ocr_line' id='line_1_69' title="bbox 2068 2450 3576 2531; baseline -0.009 -16"><span class='ocrx_word' id='word_1_516' title='bbox 2068 2461 2307 2531; x_wconf 86' lang='lat' dir='ltr'><strong>Denique</strong></span> <span class='ocrx_word' id='word_1_517' title='bbox 2353 2458 2556 2514; x_wconf 89' lang='lat' dir='ltr'><strong>ethnici</strong></span> <span class='ocrx_word' id='word_1_518' title='bbox 2607 2472 2802 2528; x_wconf 82' lang='lat' dir='ltr'><strong>negare</strong></span> <span class='ocrx_word' id='word_1_519' title='bbox 2831 2471 2936 2510; x_wconf 87' lang='lat' dir='ltr'><strong>non</strong></span> <span class='ocrx_word' id='word_1_520' title='bbox 2963 2462 3252 2524; x_wconf 78' lang='lat' dir='ltr'><strong>potuertint</strong></span> <span class='ocrx_word' id='word_1_521' title='bbox 3290 2450 3432 2504; x_wconf 88' lang='lat' dir='ltr'><strong>hunc</strong></span> <span class='ocrx_word' id='word_1_522' title='bbox 3462 2463 3576 2503; x_wconf 89' lang='lat' dir='ltr'><strong>ser-</strong></span> 
     </span>
    </p>
   </div>
   <div class='ocr_carea' id='block_1_70' title="bbox 1995 2544 3582 2628">
    <p class='ocr_par' dir='ltr' id='par_1_70' title="bbox 1995 2544 3582 2628">
     <span class='ocr_line' id='line_1_70' title="bbox 1995 2544 3582 2628; baseline -0.011 -15"><span class='ocrx_word' id='word_1_523' title='bbox 1995 2564 2208 2628; x_wconf 88' lang='lat' dir='ltr'><strong>pentem</strong></span> <span class='ocrx_word' id='word_1_524' title='bbox 2261 2555 2476 2626; x_wconf 82' lang='lat' dir='ltr'><strong>generis</strong></span> <span class='ocrx_word' id='word_1_525' title='bbox 2526 2553 2688 2608; x_wconf 82' lang='lat' dir='ltr'><strong>fuisse</strong></span> <span class='ocrx_word' id='word_1_526' title='bbox 2743 2549 2976 2615; x_wconf 89' lang='lat' dir='ltr'><strong>terreni,</strong></span> <span class='ocrx_word' id='word_1_527' title='bbox 3007 2566 3025 2598; x_wconf 73' lang='grc' dir='ltr'><strong>ι</strong></span> <span class='ocrx_word' id='word_1_528' title='bbox 3054 2545 3318 2617; x_wconf 87' lang='lat' dir='ltr'><strong>quamvis,</strong></span> <span class='ocrx_word' id='word_1_529' title='bbox 3357 2563 3375 2594; x_wconf 75' lang='grc' dir='ltr'><strong>ι</strong></span> <span class='ocrx_word' id='word_1_530' title='bbox 3413 2544 3582 2613; x_wconf 89' lang='lat' dir='ltr'><strong>inquit</strong></span> 
     </span>
    </p>
   </div>
   <div class='ocr_carea' id='block_1_71' title="bbox 1993 2637 3587 2717">
    <p class='ocr_par' dir='ltr' id='par_1_71' title="bbox 1993 2637 3587 2717">
     <span class='ocr_line' id='line_1_71' title="bbox 1993 2637 3587 2717; baseline -0.008 -14"><span class='ocrx_word' id='word_1_531' title='bbox 1993 2649 2263 2704; x_wconf 82' lang='lat' dir='ltr'><strong>Arnobius</strong></span> <span class='ocrx_word' id='word_1_532' title='bbox 2290 2646 2454 2717; x_wconf 83' lang='lat' dir='ltr'><strong>(Ibid.</strong></span> <span class='ocrx_word' id='word_1_533' title='bbox 2486 2688 2501 2709; x_wconf 90' lang='lat'><strong>,</strong></span> <span class='ocrx_word' id='word_1_534' title='bbox 2546 2663 2665 2717; x_wconf 85' lang='lat' dir='ltr'><strong>pag.</strong></span> <span class='ocrx_word' id='word_1_535' title='bbox 2688 2643 2842 2714; x_wconf 72' lang='grc'><strong>251),</strong></span> <span class='ocrx_word' id='word_1_536' title='bbox 2877 2661 2895 2693; x_wconf 76' lang='grc' dir='ltr'><strong>ι</strong></span> <span class='ocrx_word' id='word_1_537' title='bbox 2935 2642 3096 2696; x_wconf 89' lang='lat' dir='ltr'><strong>fuerit</strong></span> <span class='ocrx_word' id='word_1_538' title='bbox 3144 2638 3393 2694; x_wconf 87' lang='lat' dir='ltr'><strong>immanis</strong></span> <span class='ocrx_word' id='word_1_539' title='bbox 3424 2645 3480 2692; x_wconf 88' lang='lat' dir='ltr'><strong>ot</strong></span> <span class='ocrx_word' id='word_1_540' title='bbox 3505 2637 3587 2690; x_wconf 88' lang='lat' dir='ltr'><strong>ni—</strong></span> 
     </span>
    </p>
   </div>
   <div class='ocr_carea' id='block_1_72' title="bbox 1994 2730 3583 2811">
    <p class='ocr_par' dir='ltr' id='par_1_72' title="bbox 1994 2730 3583 2811">
     <span class='ocr_line' id='line_1_72' title="bbox 1994 2730 3583 2811; baseline -0.009 -16"><span class='ocrx_word' id='word_1_541' title='bbox 1994 2741 2152 2807; x_wconf 90' lang='lat' dir='ltr'><strong>mius,</strong></span> <span class='ocrx_word' id='word_1_542' title='bbox 2183 2740 2426 2811; x_wconf 89' lang='lat' dir='ltr'><strong>quamvis</strong></span> <span class='ocrx_word' id='word_1_543' title='bbox 2455 2738 2606 2793; x_wconf 90' lang='lat' dir='ltr'><strong>illum</strong></span> <span class='ocrx_word' id='word_1_544' title='bbox 2633 2737 2701 2792; x_wconf 86' lang='lat' dir='ltr'><strong>ab</strong></span> <span class='ocrx_word' id='word_1_545' title='bbox 2733 2734 2957 2805; x_wconf 85' lang='lat' dir='ltr'><strong>Regulo,</strong></span> <span class='ocrx_word' id='word_1_546' title='bbox 2988 2732 3255 2788; x_wconf 81' lang='lat' dir='ltr'><strong>exercitus</strong></span> <span class='ocrx_word' id='word_1_547' title='bbox 3283 2730 3331 2784; x_wconf 91' lang='lat' dir='ltr'><strong>vi</strong></span> <span class='ocrx_word' id='word_1_548' title='bbox 3361 2742 3583 2791; x_wconf 68' lang='lat' dir='ltr'><strong>cansttm,</strong></span> 
     </span>
    </p>
   </div>
   <div class='ocr_carea' id='block_1_73' title="bbox 1994 2821 3587 2904">
    <p class='ocr_par' dir='ltr' id='par_1_73' title="bbox 1994 2821 3587 2904">
     <span class='ocr_line' id='line_1_73' title="bbox 1994 2821 3587 2904; baseline -0.009 -17"><span class='ocrx_word' id='word_1_549' title='bbox 1994 2832 2326 2904; x_wconf 83' lang='lat' dir='ltr'><strong>longitudine</strong></span> <span class='ocrx_word' id='word_1_550' title='bbox 2371 2831 2614 2903; x_wconf 90' lang='lat' dir='ltr'><strong>corporis</strong></span> <span class='ocrx_word' id='word_1_551' title='bbox 2652 2837 2707 2882; x_wconf 86' lang='lat' dir='ltr'><strong>et</strong></span> <span class='ocrx_word' id='word_1_552' title='bbox 2759 2825 2969 2882; x_wconf 85' lang='lat' dir='ltr'><strong>roboris</strong></span> <span class='ocrx_word' id='word_1_553' title='bbox 3021 2825 3273 2880; x_wconf 86' lang='lat' dir='ltr'><strong>anteiret.</strong></span> <span class='ocrx_word' id='word_1_554' title='bbox 3311 2842 3332 2875; x_wconf 72' lang='grc' dir='ltr'><strong>ι</strong></span> <span class='ocrx_word' id='word_1_555' title='bbox 3361 2821 3587 2890; x_wconf 75' lang='lat' dir='ltr'><strong>Quanta:</strong></span> 
     </span>
    </p>
   </div>
   <div class='ocr_carea' id='block_1_74' title="bbox 1997 2916 3586 2992">
    <p class='ocr_par' dir='ltr' id='par_1_74' title="bbox 1997 2916 3586 2992">
     <span class='ocr_line' id='line_1_74' title="bbox 1997 2916 3586 2992; baseline -0.008 -14"><span class='ocrx_word' id='word_1_556' title='bbox 1997 2941 2126 2982; x_wconf 89' lang='lat' dir='ltr'><strong>vero</strong></span> <span class='ocrx_word' id='word_1_557' title='bbox 2159 2925 2315 2980; x_wconf 91' lang='lat' dir='ltr'><strong>molis</strong></span> <span class='ocrx_word' id='word_1_558' title='bbox 2342 2925 2428 2979; x_wconf 89' lang='lat' dir='ltr'><strong>hic</strong></span> <span class='ocrx_word' id='word_1_559' title='bbox 2453 2923 2646 2987; x_wconf 76' lang='lat' dir='ltr'><strong>fuerit,</strong></span> <span class='ocrx_word' id='word_1_560' title='bbox 2693 2921 2816 2977; x_wconf 88' lang='lat' dir='ltr'><strong>inde</strong></span> <span class='ocrx_word' id='word_1_561' title='bbox 2852 2919 3062 2992; x_wconf 89' lang='lat' dir='ltr'><strong>judica,</strong></span> <span class='ocrx_word' id='word_1_562' title='bbox 3111 2916 3252 2988; x_wconf 88' lang='lat' dir='ltr'><strong>quod</strong></span> <span class='ocrx_word' id='word_1_563' title='bbox 3307 2923 3586 2986; x_wconf 87' lang='lat' dir='ltr'><strong>postquam</strong></span> 
     </span>
    </p>
   </div>
   <div class='ocr_carea' id='block_1_75' title="bbox 1993 3007 3588 3086">
    <p class='ocr_par' dir='ltr' id='par_1_75' title="bbox 1993 3007 3588 3086">
     <span class='ocr_line' id='line_1_75' title="bbox 1993 3007 3588 3086; baseline -0.009 -12"><span class='ocrx_word' id='word_1_564' title='bbox 1993 3020 2087 3074; x_wconf 89' lang='lat' dir='ltr'><strong>ille</strong></span> <span class='ocrx_word' id='word_1_565' title='bbox 2114 3018 2179 3073; x_wconf 87' lang='lat' dir='ltr'><strong>ab</strong></span> <span class='ocrx_word' id='word_1_566' title='bbox 2205 3017 2374 3074; x_wconf 77' lang='lat' dir='ltr'><strong>Attilii</strong></span> <span class='ocrx_word' id='word_1_567' title='bbox 2422 3016 2612 3086; x_wconf 82' lang='lat' dir='ltr'><strong>Reguli</strong></span> <span class='ocrx_word' id='word_1_568' title='bbox 2656 3014 2897 3070; x_wconf 79' lang='lat' dir='ltr'><strong>exercitu</strong></span> <span class='ocrx_word' id='word_1_569' title='bbox 2947 3010 3088 3082; x_wconf 88' lang='lat' dir='ltr'><strong>apud</strong></span> <span class='ocrx_word' id='word_1_570' title='bbox 3141 3009 3435 3081; x_wconf 83' lang='lat' dir='ltr'><strong>Bragadam</strong></span> <span class='ocrx_word' id='word_1_571' title='bbox 3489 3007 3588 3061; x_wconf 89' lang='lat' dir='ltr'><strong>ﬁtt-</strong></span> 
     </span>
    </p>
   </div>
   <div class='ocr_carea' id='block_1_76' title="bbox 1997 3105 3586 3179">
    <p class='ocr_par' dir='ltr' id='par_1_76' title="bbox 1997 3105 3586 3179">
     <span class='ocr_line' id='line_1_76' title="bbox 1997 3105 3586 3179; baseline -0.007 -16"><span class='ocrx_word' id='word_1_572' title='bbox 1997 3112 2164 3176; x_wconf 87' lang='lat' dir='ltr'><strong>vium,</strong></span> <span class='ocrx_word' id='word_1_573' title='bbox 2199 3109 2286 3163; x_wconf 94' lang='lat' dir='ltr'><strong>ubi</strong></span> <span class='ocrx_word' id='word_1_574' title='bbox 2319 3109 2555 3179; x_wconf 86' lang='lat' dir='ltr'><strong>Regulus</strong></span> <span class='ocrx_word' id='word_1_575' title='bbox 2583 3117 2758 3162; x_wconf 85' lang='lat' dir='ltr'><strong>castra</strong></span> <span class='ocrx_word' id='word_1_576' title='bbox 2786 3115 3058 3176; x_wconf 80' lang='lat' dir='ltr'><strong>posuerat,</strong></span> <span class='ocrx_word' id='word_1_577' title='bbox 3091 3105 3444 3172; x_wconf 87' lang='lat' dir='ltr'><strong>interemptus</strong></span> <span class='ocrx_word' id='word_1_578' title='bbox 3465 3109 3586 3164; x_wconf 89' lang='lat' dir='ltr'><strong>est;</strong></span> 
     </span>
    </p>
   </div>
   <div class='ocr_carea' id='block_1_77' title="bbox 1921 3186 3589 3270">
    <p class='ocr_par' dir='ltr' id='par_1_77' title="bbox 1921 3186 3589 3270">
     <span class='ocr_line' id='line_1_77' title="bbox 1921 3186 3589 3270; baseline -0.008 -9"><span class='ocrx_word' id='word_1_579' title='bbox 1921 3186 1967 3251; x_wconf 63' lang='grc' dir='ltr'><strong>(ἶ</strong></span> <span class='ocrx_word' id='word_1_580' title='bbox 2000 3206 2140 3262; x_wconf 90' lang='lat' dir='ltr'><strong>illius</strong></span> <span class='ocrx_word' id='word_1_581' title='bbox 2185 3205 2427 3268; x_wconf 90' lang='lat' dir='ltr'><strong>corium,</strong></span> <span class='ocrx_word' id='word_1_582' title='bbox 2484 3202 2705 3258; x_wconf 83' lang='lat' dir='ltr'><strong>Romam</strong></span> <span class='ocrx_word' id='word_1_583' title='bbox 2749 3211 2934 3270; x_wconf 89' lang='lat' dir='ltr'><strong>postea</strong></span> <span class='ocrx_word' id='word_1_584' title='bbox 2972 3200 3226 3264; x_wconf 88' lang='lat' dir='ltr'><strong>missum,</strong></span> <span class='ocrx_word' id='word_1_585' title='bbox 3286 3195 3450 3266; x_wconf 88' lang='lat' dir='ltr'><strong>pedes</strong></span> <span class='ocrx_word' id='word_1_586' title='bbox 3492 3194 3589 3249; x_wconf 69' lang='lat'><strong>120</strong></span> 
     </span>
    </p>
   </div>
   <div class='ocr_carea' id='block_1_78' title="bbox 1996 3291 3585 3371">
    <p class='ocr_par' dir='ltr' id='par_1_78' title="bbox 1996 3291 3585 3371">
     <span class='ocr_line' id='line_1_78' title="bbox 1996 3291 3585 3371; baseline -0.008 -16"><span class='ocrx_word' id='word_1_587' title='bbox 1996 3302 2210 3371; x_wconf 88' lang='lat' dir='ltr'><strong>longum</strong></span> <span class='ocrx_word' id='word_1_588' title='bbox 2261 3299 2424 3353; x_wconf 88' lang='lat' dir='ltr'><strong>fuisse</strong></span> <span class='ocrx_word' id='word_1_589' title='bbox 2472 3297 2802 3370; x_wconf 83' lang='lat' dir='ltr'><strong>perhibetur.</strong></span> <span class='ocrx_word' id='word_1_590' title='bbox 2855 3295 3045 3350; x_wconf 77' lang='lat' dir='ltr'><strong>Testes</strong></span> <span class='ocrx_word' id='word_1_591' title='bbox 3085 3293 3244 3363; x_wconf 84' lang='lat' dir='ltr'><strong>hujus</strong></span> <span class='ocrx_word' id='word_1_592' title='bbox 3272 3292 3350 3346; x_wconf 88' lang='lat' dir='ltr'><strong>rei</strong></span> <span class='ocrx_word' id='word_1_593' title='bbox 3381 3291 3422 3345; x_wconf 86' lang='lat' dir='ltr'><strong>si</strong></span> <span class='ocrx_word' id='word_1_594' title='bbox 3449 3303 3585 3358; x_wconf 87' lang='lat' dir='ltr'><strong>quos</strong></span> 
     </span>
    </p>
   </div>
   <div class='ocr_carea' id='block_1_79' title="bbox 1993 3381 3590 3458">
    <p class='ocr_par' dir='ltr' id='par_1_79' title="bbox 1993 3381 3590 3458">
     <span class='ocr_line' id='line_1_79' title="bbox 1993 3381 3590 3458; baseline -0.008 -11"><span class='ocrx_word' id='word_1_595' title='bbox 1993 3392 2290 3458; x_wconf 88' lang='lat' dir='ltr'><strong>desideras,</strong></span> <span class='ocrx_word' id='word_1_596' title='bbox 2327 3391 2418 3445; x_wconf 83' lang='lat' dir='ltr'><strong>tibi</strong></span> <span class='ocrx_word' id='word_1_597' title='bbox 2450 3391 2697 3444; x_wconf 84' lang='lat' dir='ltr'><strong>dabimus</strong></span> <span class='ocrx_word' id='word_1_598' title='bbox 2726 3392 2788 3443; x_wconf 89' lang='lat' dir='ltr'><strong>A.</strong></span> <span class='ocrx_word' id='word_1_599' title='bbox 2819 3387 3068 3450; x_wconf 88' lang='lat' dir='ltr'><strong>Gellium,</strong></span> <span class='ocrx_word' id='word_1_600' title='bbox 3088 3385 3292 3438; x_wconf 85' lang='lat' dir='ltr'><strong>Livium</strong></span> <span class='ocrx_word' id='word_1_601' title='bbox 3323 3398 3351 3435; x_wconf 89' lang='lat' dir='ltr'><strong>a</strong></span> <span class='ocrx_word' id='word_1_602' title='bbox 3377 3381 3590 3436; x_wconf 86' lang='lat' dir='ltr'><strong>Valerio</strong></span> 
     </span>
    </p>
   </div>
   <div class='ocr_carea' id='block_1_80' title="bbox 1992 3475 3590 3552">
    <p class='ocr_par' dir='ltr' id='par_1_80' title="bbox 1992 3475 3590 3552">
     <span class='ocr_line' id='line_1_80' title="bbox 1992 3475 3590 3552; baseline -0.009 -12"><span class='ocrx_word' id='word_1_603' title='bbox 1992 3486 2223 3540; x_wconf 74' lang='lat' dir='ltr'><strong>Maximo</strong></span> <span class='ocrx_word' id='word_1_604' title='bbox 2253 3487 2503 3552; x_wconf 86' lang='lat' dir='ltr'><strong>citatum,</strong></span> <span class='ocrx_word' id='word_1_605' title='bbox 2536 3484 2762 3538; x_wconf 86' lang='lat' dir='ltr'><strong>Plinium</strong></span> <span class='ocrx_word' id='word_1_606' title='bbox 2784 3523 2799 3549; x_wconf 95' lang='lat'><strong>,</strong></span> <span class='ocrx_word' id='word_1_607' title='bbox 2830 3481 3091 3536; x_wconf 91' lang='lat' dir='ltr'><strong>Senecam</strong></span> <span class='ocrx_word' id='word_1_608' title='bbox 3119 3520 3134 3544; x_wconf 94' lang='lat'><strong>,</strong></span> <span class='ocrx_word' id='word_1_609' title='bbox 3165 3478 3419 3540; x_wconf 84' lang='lat' dir='ltr'><strong>Florum,</strong></span> <span class='ocrx_word' id='word_1_610' title='bbox 3456 3475 3590 3528; x_wconf 84' lang='lat' dir='ltr'><strong>Uro-</strong></span> 
     </span>
    </p>
   </div>
   <div class='ocr_carea' id='block_1_81' title="bbox 1993 3569 3588 3644">
    <p class='ocr_par' dir='ltr' id='par_1_81' title="bbox 1993 3569 3588 3644">
     <span class='ocr_line' id='line_1_81' title="bbox 1993 3569 3588 3644; baseline -0.007 -12"><span class='ocrx_word' id='word_1_611' title='bbox 1993 3578 2130 3632; x_wconf 89' lang='lat' dir='ltr'><strong>sium</strong></span> <span class='ocrx_word' id='word_1_612' title='bbox 2152 3623 2166 3644; x_wconf 97' lang='lat'><strong>,</strong></span> <span class='ocrx_word' id='word_1_613' title='bbox 2192 3589 2247 3634; x_wconf 90' lang='lat' dir='ltr'><strong>et</strong></span> <span class='ocrx_word' id='word_1_614' title='bbox 2276 3579 2408 3632; x_wconf 90' lang='lat' dir='ltr'><strong>alios</strong></span> <span class='ocrx_word' id='word_1_615' title='bbox 2431 3577 2607 3632; x_wconf 88' lang='lat' dir='ltr'><strong>adhuc</strong></span> <span class='ocrx_word' id='word_1_616' title='bbox 2631 3618 2645 3641; x_wconf 93' lang='lat'><strong>,</strong></span> <span class='ocrx_word' id='word_1_617' title='bbox 2688 3576 2734 3632; x_wconf 90' lang='lat' dir='ltr'><strong>si</strong></span> <span class='ocrx_word' id='word_1_618' title='bbox 2768 3589 2990 3630; x_wconf 88' lang='lat' dir='ltr'><strong>necesse</strong></span> <span class='ocrx_word' id='word_1_619' title='bbox 3037 3573 3175 3627; x_wconf 85' lang='lat' dir='ltr'><strong>foret</strong></span> <span class='ocrx_word' id='word_1_620' title='bbox 3205 3569 3387 3643; x_wconf 53' lang='grc' dir='ltr'><strong>(δαίμ,</strong></span> <span class='ocrx_word' id='word_1_621' title='bbox 3419 3569 3508 3622; x_wconf 83' lang='lat' dir='ltr'><strong>lib.</strong></span> <span class='ocrx_word' id='word_1_622' title='bbox 3536 3583 3588 3621; x_wconf 81' lang='lat' dir='ltr'><strong>vr</strong></span> 
     </span>
    </p>
   </div>
   <div class='ocr_carea' id='block_1_82' title="bbox 1994 3659 3586 3740">
    <p class='ocr_par' dir='ltr' id='par_1_82' title="bbox 1994 3659 3586 3740">
     <span class='ocr_line' id='line_1_82' title="bbox 1994 3659 3586 3740; baseline -0.008 -16"><span class='ocrx_word' id='word_1_623' title='bbox 1994 3669 2155 3725; x_wconf 86' lang='lat' dir='ltr'><strong>Nocl.</strong></span> <span class='ocrx_word' id='word_1_624' title='bbox 2202 3671 2390 3738; x_wconf 62' lang='lat' dir='ltr'><strong>Attia,</strong></span> <span class='ocrx_word' id='word_1_625' title='bbox 2443 3686 2558 3740; x_wconf 85' lang='lat' dir='ltr'><strong>cap.</strong></span> <span class='ocrx_word' id='word_1_626' title='bbox 2594 3670 2662 3734; x_wconf 77' lang='grc' dir='ltr'><strong>ὅ,</strong></span> <span class='ocrx_word' id='word_1_627' title='bbox 2709 3684 2828 3739; x_wconf 84' lang='lat' dir='ltr'><strong>pag.</strong></span> <span class='ocrx_word' id='word_1_628' title='bbox 2861 3665 2998 3728; x_wconf 76' lang='lat'><strong>368;</strong></span> <span class='ocrx_word' id='word_1_629' title='bbox 3054 3663 3168 3717; x_wconf 85' lang='lat' dir='ltr'><strong>Val.</strong></span> <span class='ocrx_word' id='word_1_630' title='bbox 3207 3661 3350 3715; x_wconf 71' lang='lat' dir='ltr'><strong>Max.</strong></span> <span class='ocrx_word' id='word_1_631' title='bbox 3375 3703 3388 3727; x_wconf 91' lang='lat'><strong>,</strong></span> <span class='ocrx_word' id='word_1_632' title='bbox 3421 3659 3508 3713; x_wconf 91' lang='lat' dir='ltr'><strong>lib.</strong></span> <span class='ocrx_word' id='word_1_633' title='bbox 3541 3675 3586 3725; x_wconf 87' lang='grc' dir='ltr'>ι,</span> 
     </span>
    </p>
   </div>
   <div class='ocr_carea' id='block_1_83' title="bbox 1992 3753 3588 3835">
    <p class='ocr_par' dir='ltr' id='par_1_83' title="bbox 1992 3753 3588 3835">
     <span class='ocr_line' id='line_1_83' title="bbox 1992 3753 3588 3835; baseline -0.009 -18"><span class='ocrx_word' id='word_1_634' title='bbox 1992 3780 2108 3835; x_wconf 85' lang='lat' dir='ltr'><strong>cap.</strong></span> <span class='ocrx_word' id='word_1_635' title='bbox 2136 3765 2255 3830; x_wconf 86' lang='lat' dir='ltr'><strong>ull.,</strong></span> <span class='ocrx_word' id='word_1_636' title='bbox 2289 3763 2430 3834; x_wconf 72' lang='lat'><strong>§19,</strong></span> <span class='ocrx_word' id='word_1_637' title='bbox 2453 3779 2571 3832; x_wconf 87' lang='lat' dir='ltr'><strong>pag.</strong></span> <span class='ocrx_word' id='word_1_638' title='bbox 2599 3763 2701 3826; x_wconf 82' lang='lat'><strong>71;</strong></span> <span class='ocrx_word' id='word_1_639' title='bbox 2736 3759 2899 3821; x_wconf 84' lang='lat' dir='ltr'><strong>Plin.,</strong></span> <span class='ocrx_word' id='word_1_640' title='bbox 2929 3757 3014 3812; x_wconf 85' lang='lat' dir='ltr'><strong>lib.</strong></span> <span class='ocrx_word' id='word_1_641' title='bbox 3047 3772 3140 3811; x_wconf 87' lang='lat' dir='ltr'><strong>vut</strong></span> <span class='ocrx_word' id='word_1_642' title='bbox 3199 3753 3339 3808; x_wconf 82' lang='lat' dir='ltr'><strong>Hist.</strong></span> <span class='ocrx_word' id='word_1_643' title='bbox 3390 3762 3588 3817; x_wconf 84' lang='lat' dir='ltr'><strong>natur.,</strong></span> 
     </span>
    </p>
   </div>
   <div class='ocr_carea' id='block_1_84' title="bbox 1993 3846 3588 3928">
    <p class='ocr_par' dir='ltr' id='par_1_84' title="bbox 1993 3846 3588 3928">
     <span class='ocr_line' id='line_1_84' title="bbox 1993 3846 3588 3928; baseline -0.009 -17"><span class='ocrx_word' id='word_1_644' title='bbox 1993 3874 2109 3928; x_wconf 88' lang='lat' dir='ltr'><strong>cap.</strong></span> <span class='ocrx_word' id='word_1_645' title='bbox 2136 3859 2220 3923; x_wconf 78' lang='grc'><strong>15,</strong></span> <span class='ocrx_word' id='word_1_646' title='bbox 2255 3875 2373 3926; x_wconf 83' lang='lat' dir='ltr'><strong>pag.</strong></span> <span class='ocrx_word' id='word_1_647' title='bbox 2401 3857 2541 3920; x_wconf 74' lang='lat'><strong>155;</strong></span> <span class='ocrx_word' id='word_1_648' title='bbox 2575 3857 2781 3918; x_wconf 63' lang='lat' dir='ltr'><strong>Scaea,</strong></span> <span class='ocrx_word' id='word_1_649' title='bbox 2813 3854 2961 3922; x_wconf 79' lang='lat' dir='ltr'><strong>epist.</strong></span> <span class='ocrx_word' id='word_1_650' title='bbox 2993 3852 3082 3914; x_wconf 65' lang='lat'><strong>82,</strong></span> <span class='ocrx_word' id='word_1_651' title='bbox 3102 3868 3222 3920; x_wconf 84' lang='lat' dir='ltr'><strong>pag.</strong></span> <span class='ocrx_word' id='word_1_652' title='bbox 3255 3849 3388 3911; x_wconf 78' lang='lat'><strong>156;</strong></span> <span class='ocrx_word' id='word_1_653' title='bbox 3417 3846 3588 3907; x_wconf 59' lang='lat' dir='ltr'><strong>Flam,</strong></span> 
     </span>
    </p>
   </div>
   <div class='ocr_carea' id='block_1_85' title="bbox 1995 3939 3590 4018">
    <p class='ocr_par' dir='ltr' id='par_1_85' title="bbox 1995 3939 3590 4018">
     <span class='ocr_line' id='line_1_85' title="bbox 1995 3939 3590 4018; baseline -0.007 -16"><span class='ocrx_word' id='word_1_654' title='bbox 1995 3950 2083 4004; x_wconf 89' lang='lat' dir='ltr'><strong>lib.</strong></span> <span class='ocrx_word' id='word_1_655' title='bbox 2119 3967 2171 4004; x_wconf 90' lang='grc' dir='ltr'><strong>ιιι</strong></span> <span class='ocrx_word' id='word_1_656' title='bbox 2196 3991 2208 4014; x_wconf 87' lang='grc'><em>,</em></span> <span class='ocrx_word' id='word_1_657' title='bbox 2246 3958 2377 4018; x_wconf 77' lang='lat' dir='ltr'><strong>post.</strong></span> <span class='ocrx_word' id='word_1_658' title='bbox 2409 3951 2564 4013; x_wconf 87' lang='lat' dir='ltr'><strong>init.;</strong></span> <span class='ocrx_word' id='word_1_659' title='bbox 2596 3949 2770 4009; x_wconf 81' lang='lat' dir='ltr'><strong>(lros.,</strong></span> <span class='ocrx_word' id='word_1_660' title='bbox 2804 3946 2891 4000; x_wconf 88' lang='lat' dir='ltr'><strong>lib.</strong></span> <span class='ocrx_word' id='word_1_661' title='bbox 2925 3960 2977 3999; x_wconf 89' lang='lat' dir='ltr'><strong>tv</strong></span> <span class='ocrx_word' id='word_1_662' title='bbox 3018 3943 3175 4008; x_wconf 83' lang='lat' dir='ltr'><strong>Hist.,</strong></span> <span class='ocrx_word' id='word_1_663' title='bbox 3209 3959 3326 4011; x_wconf 85' lang='lat' dir='ltr'><strong>cap.</strong></span> <span class='ocrx_word' id='word_1_664' title='bbox 3352 3941 3427 4009; x_wconf 77' lang='lat'><strong>8).</strong></span> <span class='ocrx_word' id='word_1_665' title='bbox 3458 3939 3590 4006; x_wconf 88' lang='lat' dir='ltr'><strong>Quis</strong></span> 
     </span>
    </p>
   </div>
   <div class='ocr_carea' id='block_1_86' title="bbox 1994 4034 3586 4113">
    <p class='ocr_par' dir='ltr' id='par_1_86' title="bbox 1994 4034 3586 4113">
     <span class='ocr_line' id='line_1_86' title="bbox 1994 4034 3586 4113; baseline -0.009 -14"><span class='ocrx_word' id='word_1_666' title='bbox 1994 4060 2122 4113; x_wconf 86' lang='lat' dir='ltr'><strong>ergo</strong></span> <span class='ocrx_word' id='word_1_667' title='bbox 2147 4042 2391 4098; x_wconf 89' lang='lat' dir='ltr'><strong>ethnicos</strong></span> <span class='ocrx_word' id='word_1_668' title='bbox 2418 4057 2524 4096; x_wconf 89' lang='lat' dir='ltr'><strong>non</strong></span> <span class='ocrx_word' id='word_1_669' title='bbox 2557 4042 2802 4106; x_wconf 92' lang='lat' dir='ltr'><strong>miretur,</strong></span> <span class='ocrx_word' id='word_1_670' title='bbox 2828 4039 2918 4108; x_wconf 90' lang='lat' dir='ltr'><strong>qui</strong></span> <span class='ocrx_word' id='word_1_671' title='bbox 2948 4034 3257 4107; x_wconf 64' lang='lat' dir='ltr'><strong>huiusmodi</strong></span> <span class='ocrx_word' id='word_1_672' title='bbox 3279 4040 3586 4102; x_wconf 84' lang='lat' dir='ltr'><strong>serpentem</strong></span> 
     </span>
    </p>
   </div>
   <div class='ocr_carea' id='block_1_87' title="bbox 1991 4131 3000 4192">
    <p class='ocr_par' dir='ltr' id='par_1_87' title="bbox 1991 4131 3000 4192">
     <span class='ocr_line' id='line_1_87' title="bbox 1991 4131 3000 4192; baseline -0.009 0"><span class='ocrx_word' id='word_1_673' title='bbox 1991 4136 2152 4192; x_wconf 91' lang='lat' dir='ltr'><strong>deum</strong></span> <span class='ocrx_word' id='word_1_674' title='bbox 2179 4151 2301 4191; x_wconf 88' lang='lat' dir='ltr'><strong>esse</strong></span> <span class='ocrx_word' id='word_1_675' title='bbox 2330 4135 2581 4190; x_wconf 86' lang='lat' dir='ltr'><strong>dixerunt</strong></span> <span class='ocrx_word' id='word_1_676' title='bbox 2600 4143 2654 4189; x_wconf 90' lang='lat' dir='ltr'><strong>et</strong></span> <span class='ocrx_word' id='word_1_677' title='bbox 2683 4131 3000 4187; x_wconf 88' lang='lat' dir='ltr'><strong>coluerunt?</strong></span> 
     </span>
    </p>
   </div>
   <div class='ocr_carea' id='block_1_88' title="bbox 2066 4219 3584 4300">
    <p class='ocr_par' dir='ltr' id='par_1_88' title="bbox 2066 4219 3584 4300">
     <span class='ocr_line' id='line_1_88' title="bbox 2066 4219 3584 4300; baseline -0.009 -16"><span class='ocrx_word' id='word_1_678' title='bbox 2066 4229 2336 4300; x_wconf 85' lang='lat' dir='ltr'><strong>Urgebant</strong></span> <span class='ocrx_word' id='word_1_679' title='bbox 2362 4238 2560 4291; x_wconf 91' lang='lat' dir='ltr'><strong>tamen,</strong></span> <span class='ocrx_word' id='word_1_680' title='bbox 2587 4227 2676 4282; x_wconf 92' lang='lat' dir='ltr'><strong>ubi</strong></span> <span class='ocrx_word' id='word_1_681' title='bbox 2714 4225 2942 4294; x_wconf 90' lang='lat' dir='ltr'><strong>primum</strong></span> <span class='ocrx_word' id='word_1_682' title='bbox 2971 4224 3077 4288; x_wconf 89' lang='lat' dir='ltr'><strong>ille,</strong></span> <span class='ocrx_word' id='word_1_683' title='bbox 3104 4237 3221 4286; x_wconf 88' lang='lat' dir='ltr'><strong>seu,</strong></span> <span class='ocrx_word' id='word_1_684' title='bbox 3249 4228 3309 4275; x_wconf 92' lang='lat' dir='ltr'><strong>ut</strong></span> <span class='ocrx_word' id='word_1_685' title='bbox 3350 4219 3584 4284; x_wconf 88' lang='lat' dir='ltr'><strong>aiebant,</strong></span> 
     </span>
    </p>
   </div>
   <div class='ocr_carea' id='block_1_89' title="bbox 1996 4311 3586 4394">
    <p class='ocr_par' dir='ltr' id='par_1_89' title="bbox 1996 4311 3586 4394">
     <span class='ocr_line' id='line_1_89' title="bbox 1996 4311 3586 4394; baseline -0.008 -15"><span class='ocrx_word' id='word_1_686' title='bbox 1996 4323 2353 4394; x_wconf 66' lang='lat' dir='ltr'><strong>Esculapius,</strong></span> <span class='ocrx_word' id='word_1_687' title='bbox 2383 4338 2447 4376; x_wconf 81' lang='lat' dir='ltr'><strong>ea:</strong></span> <span class='ocrx_word' id='word_1_688' title='bbox 2472 4321 2614 4375; x_wconf 84' lang='lat' dir='ltr'><strong>libris</strong></span> <span class='ocrx_word' id='word_1_689' title='bbox 2641 4317 2901 4391; x_wconf 78' lang='lat' dir='ltr'><strong>fatalibus,</strong></span> <span class='ocrx_word' id='word_1_690' title='bbox 2936 4318 2986 4372; x_wconf 91' lang='lat' dir='ltr'><strong>id</strong></span> <span class='ocrx_word' id='word_1_691' title='bbox 3017 4325 3120 4381; x_wconf 89' lang='lat' dir='ltr'><strong>est,</strong></span> <span class='ocrx_word' id='word_1_692' title='bbox 3146 4314 3439 4387; x_wconf 86' lang='lat' dir='ltr'><strong>Sibyllinis,</strong></span> <span class='ocrx_word' id='word_1_693' title='bbox 3483 4311 3586 4366; x_wconf 79' lang='lat' dir='ltr'><strong>Va-</strong></span> 
     </span>
    </p>
   </div>
   <div class='ocr_carea' id='block_1_90' title="bbox 1998 4407 3587 4489">
    <p class='ocr_par' dir='ltr' id='par_1_90' title="bbox 1998 4407 3587 4489">
     <span class='ocr_line' id='line_1_90' title="bbox 1998 4407 3587 4489; baseline -0.009 -17"><span class='ocrx_word' id='word_1_694' title='bbox 1998 4430 2224 4489; x_wconf 88' lang='lat' dir='ltr'><strong>tumque,</strong></span> <span class='ocrx_word' id='word_1_695' title='bbox 2257 4417 2357 4471; x_wconf 91' lang='lat' dir='ltr'><strong>hoc</strong></span> <span class='ocrx_word' id='word_1_696' title='bbox 2385 4425 2486 4480; x_wconf 88' lang='lat' dir='ltr'><strong>est,</strong></span> <span class='ocrx_word' id='word_1_697' title='bbox 2517 4412 2780 4485; x_wconf 76' lang='lat' dir='ltr'><strong>Apollinis</strong></span> <span class='ocrx_word' id='word_1_698' title='bbox 2805 4411 3081 4482; x_wconf 80' lang='lat' dir='ltr'><strong>responsis,</strong></span> <span class='ocrx_word' id='word_1_699' title='bbox 3104 4409 3330 4462; x_wconf 88' lang='lat' dir='ltr'><strong>Romam</strong></span> <span class='ocrx_word' id='word_1_700' title='bbox 3356 4407 3587 4462; x_wconf 85' lang='lat' dir='ltr'><strong>advoca-</strong></span> 
     </span>
    </p>
   </div>
   <div class='ocr_carea' id='block_1_91' title="bbox 1999 4503 3583 4581">
    <p class='ocr_par' dir='ltr' id='par_1_91' title="bbox 1999 4503 3583 4581">
     <span class='ocr_line' id='line_1_91' title="bbox 1999 4503 3583 4581; baseline -0.007 -17"><span class='ocrx_word' id='word_1_701' title='bbox 1999 4521 2082 4566; x_wconf 92' lang='lat' dir='ltr'><strong>tus</strong></span> <span class='ocrx_word' id='word_1_702' title='bbox 2112 4521 2212 4578; x_wconf 90' lang='lat' dir='ltr'><strong>est,</strong></span> <span class='ocrx_word' id='word_1_703' title='bbox 2246 4521 2354 4565; x_wconf 92' lang='lat' dir='ltr'><strong>tum</strong></span> <span class='ocrx_word' id='word_1_704' title='bbox 2386 4521 2588 4581; x_wconf 86' lang='lat' dir='ltr'><strong>pestem</strong></span> <span class='ocrx_word' id='word_1_705' title='bbox 2624 4508 2887 4579; x_wconf 84' lang='lat' dir='ltr'><strong>protinus,</strong></span> <span class='ocrx_word' id='word_1_706' title='bbox 2932 4520 3031 4560; x_wconf 87' lang='lat' dir='ltr'><strong>nec</strong></span> <span class='ocrx_word' id='word_1_707' title='bbox 3059 4519 3250 4574; x_wconf 85' lang='lat' dir='ltr'><strong>magno</strong></span> <span class='ocrx_word' id='word_1_708' title='bbox 3281 4507 3395 4557; x_wconf 87' lang='lat' dir='ltr'><strong>sine</strong></span> <span class='ocrx_word' id='word_1_709' title='bbox 3426 4503 3583 4556; x_wconf 88' lang='lat' dir='ltr'><strong>mira-</strong></span> 
     </span>
    </p>
   </div>
   <div class='ocr_carea' id='block_1_92' title="bbox 296 4575 3590 4682">
    <p class='ocr_par' dir='ltr' id='par_1_92' title="bbox 296 4575 3590 4682">
     <span class='ocr_line' id='line_1_92' title="bbox 296 4575 3590 4682; baseline -0.001 -18"><span class='ocrx_word' id='word_1_710' title='bbox 296 4607 533 4664; x_wconf 83' lang='lat' dir='ltr'><strong>civitatis</strong></span> <span class='ocrx_word' id='word_1_711' title='bbox 554 4575 800 4679; x_wconf 74' lang='lat' dir='ltr'><strong>populus,</strong></span> <span class='ocrx_word' id='word_1_712' title='bbox 829 4575 1018 4666; x_wconf 73' lang='lat' dir='ltr'><strong>omnes</strong></span> <span class='ocrx_word' id='word_1_713' title='bbox 1048 4575 1894 4682; x_wconf 60' lang='lat' dir='ltr'><strong>feminae,pueri,infantes,alii1</strong></span> <span class='ocrx_word' id='word_1_714' title='bbox 1919 4575 1973 4636; x_wconf 83' lang='lat' dir='ltr'><strong>D</strong></span> <span class='ocrx_word' id='word_1_715' title='bbox 1999 4606 2120 4660; x_wconf 79' lang='grc' dir='ltr'><strong>ουΙο</strong></span> <span class='ocrx_word' id='word_1_716' title='bbox 2148 4575 2314 4659; x_wconf 57' lang='lat' dir='ltr'><strong>fuisse</strong></span> <span class='ocrx_word' id='word_1_717' title='bbox 2344 4575 2640 4674; x_wconf 43' lang='lat' dir='ltr'><strong>déPU&#39;Sam-</strong></span> <span class='ocrx_word' id='word_1_718' title='bbox 2659 4600 2900 4675; x_wconf 66' lang='grc' dir='ltr'><strong>(Αιήοθο,</strong></span> <span class='ocrx_word' id='word_1_719' title='bbox 2941 4597 3033 4653; x_wconf 66' lang='grc' dir='ltr'><strong>ίίθ·</strong></span> <span class='ocrx_word' id='word_1_720' title='bbox 3064 4612 3157 4662; x_wconf 70' lang='grc' dir='ltr'><strong>νη,</strong></span> <span class='ocrx_word' id='word_1_721' title='bbox 3191 4611 3310 4666; x_wconf 61' lang='lat' dir='ltr'><strong>Pullo</strong></span> <span class='ocrx_word' id='word_1_722' title='bbox 3338 4594 3490 4666; x_wconf 70' lang='grc'>251).</span> <span class='ocrx_word' id='word_1_723' title='bbox 3521 4595 3590 4648; x_wconf 74' lang='grc' dir='ltr'>Λι</span> 
     </span>
    </p>
   </div>
   <div class='ocr_carea' id='block_1_93' title="bbox 297 4703 1890 4778">
    <p class='ocr_par' dir='ltr' id='par_1_93' title="bbox 297 4703 1890 4778">
     <span class='ocr_line' id='line_1_93' title="bbox 297 4703 1890 4778; baseline 0.004 -22"><span class='ocrx_word' id='word_1_724' title='bbox 297 4717 403 4771; x_wconf 90' lang='lat' dir='ltr'><strong>que</strong></span> <span class='ocrx_word' id='word_1_725' title='bbox 431 4703 697 4758; x_wconf 87' lang='lat' dir='ltr'><strong>innumeri</strong></span> <span class='ocrx_word' id='word_1_726' title='bbox 723 4705 963 4760; x_wconf 87' lang='lat' dir='ltr'><strong>insontes</strong></span> <span class='ocrx_word' id='word_1_727' title='bbox 992 4705 1194 4760; x_wconf 89' lang='lat' dir='ltr'><strong>crudeli</strong></span> <span class='ocrx_word' id='word_1_728' title='bbox 1228 4705 1386 4774; x_wconf 89' lang='lat' dir='ltr'><strong>plecti</strong></span> <span class='ocrx_word' id='word_1_729' title='bbox 1414 4708 1579 4775; x_wconf 86' lang='lat' dir='ltr'><strong>pestis</strong></span> <span class='ocrx_word' id='word_1_730' title='bbox 1606 4709 1890 4778; x_wconf 87' lang='lat' dir='ltr'><strong>supplicio.</strong></span> 
     </span>
    </p>
   </div>
   <div class='ocr_carea' id='block_1_94' title="bbox 295 4793 1889 4870">
    <p class='ocr_par' dir='ltr' id='par_1_94' title="bbox 295 4793 1889 4870">
     <span class='ocr_line' id='line_1_94' title="bbox 295 4793 1889 4870; baseline 0.004 -21"><span class='ocrx_word' id='word_1_731' title='bbox 295 4793 492 4849; x_wconf 85' lang='lat' dir='ltr'><strong>Nonne</strong></span> <span class='ocrx_word' id='word_1_732' title='bbox 514 4797 656 4850; x_wconf 88' lang='lat' dir='ltr'><strong>enim</strong></span> <span class='ocrx_word' id='word_1_733' title='bbox 684 4796 924 4866; x_wconf 88' lang='lat' dir='ltr'><strong>iniquum</strong></span> <span class='ocrx_word' id='word_1_734' title='bbox 952 4806 1036 4852; x_wconf 90' lang='lat' dir='ltr'><strong>est</strong></span> <span class='ocrx_word' id='word_1_735' title='bbox 1060 4808 1135 4854; x_wconf 91' lang='lat' dir='ltr'><strong>tot</strong></span> <span class='ocrx_word' id='word_1_736' title='bbox 1162 4799 1412 4854; x_wconf 85' lang='lat' dir='ltr'><strong>innoxios</strong></span> <span class='ocrx_word' id='word_1_737' title='bbox 1435 4815 1531 4870; x_wconf 90' lang='lat' dir='ltr'><strong>pro</strong></span> <span class='ocrx_word' id='word_1_738' title='bbox 1553 4815 1660 4854; x_wconf 93' lang='lat' dir='ltr'><strong>uno</strong></span> <span class='ocrx_word' id='word_1_739' title='bbox 1688 4809 1889 4856; x_wconf 91' lang='lat' dir='ltr'><strong>tantum</strong></span> 
     </span>
    </p>
   </div>
   <div class='ocr_carea' id='block_1_95' title="bbox 299 4891 1090 4960">
    <p class='ocr_par' dir='ltr' id='par_1_95' title="bbox 299 4891 1090 4960">
     <span class='ocr_line' id='line_1_95' title="bbox 299 4891 1090 4960; baseline 0 -16"><span class='ocrx_word' id='word_1_740' title='bbox 299 4903 397 4945; x_wconf 91' lang='lat' dir='ltr'><strong>reo</strong></span> <span class='ocrx_word' id='word_1_741' title='bbox 420 4893 769 4945; x_wconf 87' lang='lat' dir='ltr'><strong>condemnari</strong></span> <span class='ocrx_word' id='word_1_742' title='bbox 795 4900 851 4946; x_wconf 91' lang='lat' dir='ltr'><strong>et</strong></span> <span class='ocrx_word' id='word_1_743' title='bbox 875 4891 1090 4960; x_wconf 81' lang='lat' dir='ltr'><strong>puniri?</strong></span> 
     </span>
    </p>
   </div>
   <div class='ocr_carea' id='block_1_96' title="bbox 370 4981 1888 5053">
    <p class='ocr_par' dir='ltr' id='par_1_96' title="bbox 370 4981 1888 5053">
     <span class='ocr_line' id='line_1_96' title="bbox 370 4981 1888 5053; baseline 0.001 -15"><span class='ocrx_word' id='word_1_744' title='bbox 370 4982 662 5047; x_wconf 71' lang='lat' dir='ltr'><strong>Praeterea,</strong></span> <span class='ocrx_word' id='word_1_745' title='bbox 692 4983 736 5038; x_wconf 86' lang='lat' dir='ltr'><strong>si</strong></span> <span class='ocrx_word' id='word_1_746' title='bbox 757 4981 964 5053; x_wconf 90' lang='lat' dir='ltr'><strong>Jupiter</strong></span> <span class='ocrx_word' id='word_1_747' title='bbox 991 4982 1144 5038; x_wconf 92' lang='lat' dir='ltr'><strong>ludos</strong></span> <span class='ocrx_word' id='word_1_748' title='bbox 1164 4985 1374 5038; x_wconf 88' lang='lat' dir='ltr'><strong>restitui</strong></span> <span class='ocrx_word' id='word_1_749' title='bbox 1397 4985 1583 5050; x_wconf 89' lang='lat' dir='ltr'><strong>voluit,</strong></span> <span class='ocrx_word' id='word_1_750' title='bbox 1615 4999 1710 5040; x_wconf 91' lang='lat' dir='ltr'><strong>cur</strong></span> <span class='ocrx_word' id='word_1_751' title='bbox 1727 4986 1888 5040; x_wconf 83' lang='lat' dir='ltr'><strong>rusti-</strong></span> 
     </span>
    </p>
   </div>
   <div class='ocr_carea' id='block_1_97' title="bbox 296 5077 1886 5149">
    <p class='ocr_par' dir='ltr' id='par_1_97' title="bbox 296 5077 1886 5149">
     <span class='ocr_line' id='line_1_97' title="bbox 296 5077 1886 5149; baseline 0 -15"><span class='ocrx_word' id='word_1_752' title='bbox 296 5094 423 5134; x_wconf 90' lang='lat' dir='ltr'><strong>cum</strong></span> <span class='ocrx_word' id='word_1_753' title='bbox 470 5077 742 5134; x_wconf 88' lang='lat' dir='ltr'><strong>hominem</strong></span> <span class='ocrx_word' id='word_1_754' title='bbox 790 5079 990 5149; x_wconf 90' lang='lat' dir='ltr'><strong>potius,</strong></span> <span class='ocrx_word' id='word_1_755' title='bbox 1021 5095 1178 5149; x_wconf 84' lang='lat' dir='ltr'><strong>quam</strong></span> <span class='ocrx_word' id='word_1_756' title='bbox 1205 5079 1514 5148; x_wconf 88' lang='lat' dir='ltr'><strong>Consulem,</strong></span> <span class='ocrx_word' id='word_1_757' title='bbox 1548 5090 1642 5134; x_wconf 85' lang='lat' dir='ltr'><strong>aut</strong></span> <span class='ocrx_word' id='word_1_758' title='bbox 1672 5081 1886 5149; x_wconf 87' lang='lat' dir='ltr'><strong>pontifi-</strong></span> 
     </span>
    </p>
   </div>
   <div class='ocr_carea' id='block_1_98' title="bbox 297 5169 1890 5237">
    <p class='ocr_par' dir='ltr' id='par_1_98' title="bbox 297 5169 1890 5237">
     <span class='ocr_line' id='line_1_98' title="bbox 297 5169 1890 5237; baseline 0.001 -10"><span class='ocrx_word' id='word_1_759' title='bbox 297 5187 420 5230; x_wconf 87' lang='lat' dir='ltr'><strong>cem</strong></span> <span class='ocrx_word' id='word_1_760' title='bbox 445 5169 762 5234; x_wconf 79' lang='lat' dir='ltr'><strong>maximum,</strong></span> <span class='ocrx_word' id='word_1_761' title='bbox 787 5181 879 5226; x_wconf 89' lang='lat' dir='ltr'><strong>aut</strong></span> <span class='ocrx_word' id='word_1_762' title='bbox 904 5172 1172 5226; x_wconf 88' lang='lat' dir='ltr'><strong>ﬁaminem</strong></span> <span class='ocrx_word' id='word_1_763' title='bbox 1204 5187 1358 5226; x_wconf 92' lang='lat' dir='ltr'><strong>suum</strong></span> <span class='ocrx_word' id='word_1_764' title='bbox 1386 5171 1609 5237; x_wconf 86' lang='lat' dir='ltr'><strong>dialem,</strong></span> <span class='ocrx_word' id='word_1_765' title='bbox 1636 5172 1890 5229; x_wconf 89' lang='lat' dir='ltr'><strong>horumce</strong></span> 
     </span>
    </p>
   </div>
   <div class='ocr_carea' id='block_1_99' title="bbox 295 5263 1891 5333">
    <p class='ocr_par' dir='ltr' id='par_1_99' title="bbox 295 5263 1891 5333">
     <span class='ocr_line' id='line_1_99' title="bbox 295 5263 1891 5333; baseline -0.002 -12"><span class='ocrx_word' id='word_1_766' title='bbox 295 5266 500 5321; x_wconf 86' lang='lat' dir='ltr'><strong>rituum</strong></span> <span class='ocrx_word' id='word_1_767' title='bbox 521 5263 678 5333; x_wconf 84' lang='lat' dir='ltr'><strong>longe</strong></span> <span class='ocrx_word' id='word_1_768' title='bbox 707 5265 1025 5333; x_wconf 86' lang='lat' dir='ltr'><strong>peritiores,</strong></span> <span class='ocrx_word' id='word_1_769' title='bbox 1074 5264 1359 5319; x_wconf 89' lang='lat' dir='ltr'><strong>voluntatis</strong></span> <span class='ocrx_word' id='word_1_770' title='bbox 1397 5279 1506 5318; x_wconf 67' lang='lat' dir='ltr'><strong>sua:</strong></span> <span class='ocrx_word' id='word_1_771' title='bbox 1536 5263 1891 5321; x_wconf 88' lang='lat' dir='ltr'><strong>admonebat?</strong></span> 
     </span>
    </p>
   </div>
   <div class='ocr_carea' id='block_1_100' title="bbox 297 5356 1888 5427">
    <p class='ocr_par' dir='ltr' id='par_1_100' title="bbox 297 5356 1888 5427">
     <span class='ocr_line' id='line_1_100' title="bbox 297 5356 1888 5427; baseline 0 -15"><span class='ocrx_word' id='word_1_772' title='bbox 297 5357 411 5412; x_wconf 89' lang='lat' dir='ltr'><strong>Cur</strong></span> <span class='ocrx_word' id='word_1_773' title='bbox 459 5357 647 5413; x_wconf 87' lang='lat' dir='ltr'><strong>rustici</strong></span> <span class='ocrx_word' id='word_1_774' title='bbox 691 5357 928 5412; x_wconf 88' lang='lat' dir='ltr'><strong>animum</strong></span> <span class='ocrx_word' id='word_1_775' title='bbox 953 5356 1020 5412; x_wconf 89' lang='lat' dir='ltr'><strong>ad</strong></span> <span class='ocrx_word' id='word_1_776' title='bbox 1051 5371 1256 5412; x_wconf 90' lang='lat' dir='ltr'><strong>morem</strong></span> <span class='ocrx_word' id='word_1_777' title='bbox 1300 5358 1401 5412; x_wconf 89' lang='lat' dir='ltr'><strong>sibi</strong></span> <span class='ocrx_word' id='word_1_778' title='bbox 1447 5357 1740 5427; x_wconf 86' lang='lat' dir='ltr'><strong>gerendum</strong></span> <span class='ocrx_word' id='word_1_779' title='bbox 1783 5373 1888 5412; x_wconf 92' lang='lat' dir='ltr'><strong>non</strong></span> 
     </span>
    </p>
   </div>
   <div class='ocr_carea' id='block_1_101' title="bbox 298 5448 1891 5520">
    <p class='ocr_par' dir='ltr' id='par_1_101' title="bbox 298 5448 1891 5520">
     <span class='ocr_line' id='line_1_101' title="bbox 298 5448 1891 5520; baseline -0.001 -15"><span class='ocrx_word' id='word_1_780' title='bbox 298 5452 452 5520; x_wconf 90' lang='lat' dir='ltr'><strong>prius</strong></span> <span class='ocrx_word' id='word_1_781' title='bbox 479 5448 911 5518; x_wconf 48' lang='lat' dir='ltr'><strong>adduxit,‘quam</strong></span> <span class='ocrx_word' id='word_1_782' title='bbox 942 5449 996 5504; x_wconf 91' lang='lat' dir='ltr'><strong>in</strong></span> <span class='ocrx_word' id='word_1_783' title='bbox 1028 5464 1150 5504; x_wconf 89' lang='lat' dir='ltr'><strong>eum</strong></span> <span class='ocrx_word' id='word_1_784' title='bbox 1179 5458 1285 5504; x_wconf 90' lang='lat' dir='ltr'><strong>tam</strong></span> <span class='ocrx_word' id='word_1_785' title='bbox 1314 5448 1507 5504; x_wconf 86' lang='lat' dir='ltr'><strong>acerbe</strong></span> <span class='ocrx_word' id='word_1_786' title='bbox 1545 5449 1792 5504; x_wconf 61' lang='lat' dir='ltr'><strong>saeviret?</strong></span> <span class='ocrx_word' id='word_1_787' title='bbox 1823 5450 1891 5504; x_wconf 82' lang='lat' dir='ltr'><strong>At</strong></span> 
     </span>
    </p>
   </div>
   <div class='ocr_carea' id='block_1_102' title="bbox 302 5539 1890 5610">
    <p class='ocr_par' dir='ltr' id='par_1_102' title="bbox 302 5539 1890 5610">
     <span class='ocr_line' id='line_1_102' title="bbox 302 5539 1890 5610; baseline -0.001 -14"><span class='ocrx_word' id='word_1_788' title='bbox 302 5542 594 5610; x_wconf 89' lang='lat' dir='ltr'><strong>completo,</strong></span> <span class='ocrx_word' id='word_1_789' title='bbox 625 5540 968 5609; x_wconf 88' lang='lat' dir='ltr'><strong>inquiebant,</strong></span> <span class='ocrx_word' id='word_1_790' title='bbox 995 5541 1418 5596; x_wconf 85' lang='lat' dir='ltr'><strong>annuntiationis</strong></span> <span class='ocrx_word' id='word_1_791' title='bbox 1445 5539 1624 5596; x_wconf 89' lang='lat' dir='ltr'><strong>ofﬁcio</strong></span> <span class='ocrx_word' id='word_1_792' title='bbox 1645 5583 1659 5607; x_wconf 96' lang='lat'><strong>,</strong></span> <span class='ocrx_word' id='word_1_793' title='bbox 1686 5542 1776 5597; x_wconf 90' lang='lat' dir='ltr'><strong>ille</strong></span> <span class='ocrx_word' id='word_1_794' title='bbox 1801 5558 1890 5596; x_wconf 88' lang='lat' dir='ltr'><strong>sa-</strong></span> 
     </span>
    </p>
   </div>
   <div class='ocr_carea' id='block_1_103' title="bbox 301 5632 1889 5706">
    <p class='ocr_par' dir='ltr' id='par_1_103' title="bbox 301 5632 1889 5706">
     <span class='ocr_line' id='line_1_103' title="bbox 301 5632 1889 5706; baseline -0.001 -16"><span class='ocrx_word' id='word_1_795' title='bbox 301 5644 460 5690; x_wconf 90' lang='lat' dir='ltr'><strong>natus</strong></span> <span class='ocrx_word' id='word_1_796' title='bbox 491 5643 594 5690; x_wconf 88' lang='lat' dir='ltr'><strong>est.</strong></span> <span class='ocrx_word' id='word_1_797' title='bbox 626 5632 828 5704; x_wconf 86' lang='lat' dir='ltr'><strong>Ecquid</strong></span> <span class='ocrx_word' id='word_1_798' title='bbox 860 5633 1074 5700; x_wconf 89' lang='lat' dir='ltr'><strong>mirum,</strong></span> <span class='ocrx_word' id='word_1_799' title='bbox 1106 5635 1318 5704; x_wconf 91' lang='lat' dir='ltr'><strong>reponit</strong></span> <span class='ocrx_word' id='word_1_800' title='bbox 1343 5633 1631 5698; x_wconf 81' lang='lat' dir='ltr'><strong>Arnobius,</strong></span> <span class='ocrx_word' id='word_1_801' title='bbox 1663 5635 1706 5689; x_wconf 92' lang='lat' dir='ltr'><strong>si</strong></span> <span class='ocrx_word' id='word_1_802' title='bbox 1730 5634 1776 5689; x_wconf 90' lang='lat' dir='ltr'><strong>is</strong></span> <span class='ocrx_word' id='word_1_803' title='bbox 1801 5635 1889 5706; x_wconf 85' lang='lat' dir='ltr'><strong>qui</strong></span> 
     </span>
    </p>
   </div>
   <div class='ocr_carea' id='block_1_104' title="bbox 299 5725 1888 5796">
    <p class='ocr_par' dir='ltr' id='par_1_104' title="bbox 299 5725 1888 5796">
     <span class='ocr_line' id='line_1_104' title="bbox 299 5725 1888 5796; baseline -0.001 -12"><span class='ocrx_word' id='word_1_804' title='bbox 299 5728 485 5784; x_wconf 87' lang='lat' dir='ltr'><strong>intulit</strong></span> <span class='ocrx_word' id='word_1_805' title='bbox 523 5726 719 5784; x_wconf 87' lang='lat' dir='ltr'><strong>malum</strong></span> <span class='ocrx_word' id='word_1_806' title='bbox 745 5767 759 5792; x_wconf 94' lang='lat'><strong>,</strong></span> <span class='ocrx_word' id='word_1_807' title='bbox 819 5725 946 5782; x_wconf 89' lang='lat' dir='ltr'><strong>illud</strong></span> <span class='ocrx_word' id='word_1_808' title='bbox 989 5727 1224 5796; x_wconf 87' lang='lat' dir='ltr'><strong>repulit?</strong></span> <span class='ocrx_word' id='word_1_809' title='bbox 1275 5725 1502 5782; x_wconf 86' lang='lat' dir='ltr'><strong>Reddita</strong></span> <span class='ocrx_word' id='word_1_810' title='bbox 1535 5743 1661 5783; x_wconf 86' lang='lat' dir='ltr'><strong>vero</strong></span> <span class='ocrx_word' id='word_1_811' title='bbox 1690 5730 1888 5784; x_wconf 87' lang='lat' dir='ltr'><strong>sanitas</strong></span> 
     </span>
    </p>
   </div>
   <div class='ocr_carea' id='block_1_105' title="bbox 301 5817 1886 5890">
    <p class='ocr_par' dir='ltr' id='par_1_105' title="bbox 301 5817 1886 5890">
     <span class='ocr_line' id='line_1_105' title="bbox 301 5817 1886 5890; baseline 0.002 -15"><span class='ocrx_word' id='word_1_812' title='bbox 301 5819 523 5877; x_wconf 83' lang='lat' dir='ltr'><strong>crudele</strong></span> <span class='ocrx_word' id='word_1_813' title='bbox 591 5817 944 5890; x_wconf 85' lang='lat' dir='ltr'><strong>proculdubio</strong></span> <span class='ocrx_word' id='word_1_814' title='bbox 993 5817 1093 5874; x_wconf 85' lang='lat' dir='ltr'><strong>fuit</strong></span> <span class='ocrx_word' id='word_1_815' title='bbox 1142 5819 1346 5876; x_wconf 87' lang='lat' dir='ltr'><strong>homini</strong></span> <span class='ocrx_word' id='word_1_816' title='bbox 1397 5819 1474 5875; x_wconf 92' lang='lat' dir='ltr'><strong>illi</strong></span> <span class='ocrx_word' id='word_1_817' title='bbox 1527 5821 1886 5889; x_wconf 87' lang='lat' dir='ltr'><strong>beneﬁcium,</strong></span> 
     </span>
    </p>
   </div>
   <div class='ocr_carea' id='block_1_106' title="bbox 1996 4687 3591 4766">
    <p class='ocr_par' dir='ltr' id='par_1_106' title="bbox 1996 4687 3591 4766">
     <span class='ocr_line' id='line_1_106' title="bbox 1996 4687 3591 4766; baseline -0.008 -13"><span class='ocrx_word' id='word_1_818' title='bbox 1996 4699 2040 4753; x_wconf 90' lang='lat' dir='ltr'><strong>si</strong></span> <span class='ocrx_word' id='word_1_819' title='bbox 2064 4697 2405 4766; x_wconf 69' lang='lat' dir='ltr'><strong>Esculapius</strong></span> <span class='ocrx_word' id='word_1_820' title='bbox 2437 4697 2488 4750; x_wconf 91' lang='lat' dir='ltr'><strong>in</strong></span> <span class='ocrx_word' id='word_1_821' title='bbox 2519 4705 2821 4764; x_wconf 89' lang='lat' dir='ltr'><strong>serpentem</strong></span> <span class='ocrx_word' id='word_1_822' title='bbox 2850 4707 3163 4756; x_wconf 82' lang='lat' dir='ltr'><strong>conversus,</strong></span> <span class='ocrx_word' id='word_1_823' title='bbox 3193 4691 3269 4744; x_wconf 88' lang='lat' dir='ltr'><strong>uti</strong></span> <span class='ocrx_word' id='word_1_824' title='bbox 3299 4687 3591 4759; x_wconf 90' lang='lat' dir='ltr'><strong>respondet</strong></span> 
     </span>
    </p>
   </div>
   <div class='ocr_carea' id='block_1_107' title="bbox 1994 4785 3585 4860">
    <p class='ocr_par' dir='ltr' id='par_1_107' title="bbox 1994 4785 3585 4860">
     <span class='ocr_line' id='line_1_107' title="bbox 1994 4785 3585 4860; baseline -0.009 -12"><span class='ocrx_word' id='word_1_825' title='bbox 1994 4794 2286 4860; x_wconf 83' lang='lat' dir='ltr'><strong>Arnobius,</strong></span> <span class='ocrx_word' id='word_1_826' title='bbox 2309 4792 2432 4848; x_wconf 88' lang='lat' dir='ltr'><strong>ideo</strong></span> <span class='ocrx_word' id='word_1_827' title='bbox 2455 4792 2655 4846; x_wconf 83' lang='lat' dir='ltr'><strong>accitus</strong></span> <span class='ocrx_word' id='word_1_828' title='bbox 2683 4797 2784 4854; x_wconf 90' lang='lat' dir='ltr'><strong>est,</strong></span> <span class='ocrx_word' id='word_1_829' title='bbox 2813 4796 2871 4841; x_wconf 90' lang='lat' dir='ltr'><strong>ut</strong></span> <span class='ocrx_word' id='word_1_830' title='bbox 2896 4788 3033 4842; x_wconf 87' lang='lat' dir='ltr'><strong>hanc</strong></span> <span class='ocrx_word' id='word_1_831' title='bbox 3069 4785 3273 4839; x_wconf 88' lang='lat' dir='ltr'><strong>cladem</strong></span> <span class='ocrx_word' id='word_1_832' title='bbox 3301 4791 3585 4845; x_wconf 85' lang='lat' dir='ltr'><strong>averteret,</strong></span> 
     </span>
    </p>
   </div>
   <div class='ocr_carea' id='block_1_108' title="bbox 1995 4877 3587 4954">
    <p class='ocr_par' dir='ltr' id='par_1_108' title="bbox 1995 4877 3587 4954">
     <span class='ocr_line' id='line_1_108' title="bbox 1995 4877 3587 4954; baseline -0.009 -14"><span class='ocrx_word' id='word_1_833' title='bbox 1995 4888 2084 4940; x_wconf 92' lang='lat' dir='ltr'><strong>ubi</strong></span> <span class='ocrx_word' id='word_1_834' title='bbox 2118 4895 2243 4941; x_wconf 90' lang='lat' dir='ltr'><strong>tunc</strong></span> <span class='ocrx_word' id='word_1_835' title='bbox 2281 4893 2418 4950; x_wconf 88' lang='lat' dir='ltr'><strong>erat,</strong></span> <span class='ocrx_word' id='word_1_836' title='bbox 2451 4883 2667 4954; x_wconf 89' lang='lat' dir='ltr'><strong>quando</strong></span> <span class='ocrx_word' id='word_1_837' title='bbox 2710 4880 2896 4936; x_wconf 91' lang='lat' dir='ltr'><strong>eadem</strong></span> <span class='ocrx_word' id='word_1_838' title='bbox 2941 4880 3128 4934; x_wconf 87' lang='lat' dir='ltr'><strong>civitas</strong></span> <span class='ocrx_word' id='word_1_839' title='bbox 3171 4877 3360 4931; x_wconf 91' lang='lat' dir='ltr'><strong>eodem</strong></span> <span class='ocrx_word' id='word_1_840' title='bbox 3407 4881 3587 4944; x_wconf 89' lang='lat' dir='ltr'><strong>postea</strong></span> 
     </span>
    </p>
   </div>
   <div class='ocr_carea' id='block_1_109' title="bbox 1996 4965 3586 5041">
    <p class='ocr_par' dir='ltr' id='par_1_109' title="bbox 1996 4965 3586 5041">
     <span class='ocr_line' id='line_1_109' title="bbox 1996 4965 3586 5041; baseline -0.011 -7"><span class='ocrx_word' id='word_1_841' title='bbox 1996 4980 2185 5035; x_wconf 90' lang='lat' dir='ltr'><strong>morbo</strong></span> <span class='ocrx_word' id='word_1_842' title='bbox 2225 4980 2383 5034; x_wconf 89' lang='lat' dir='ltr'><strong>toties</strong></span> <span class='ocrx_word' id='word_1_843' title='bbox 2419 4976 2614 5032; x_wconf 80' lang='lat' dir='ltr'><strong>afflicta</strong></span> <span class='ocrx_word' id='word_1_844' title='bbox 2654 4975 2768 5037; x_wconf 89' lang='lat' dir='ltr'><strong>fuit,</strong></span> <span class='ocrx_word' id='word_1_845' title='bbox 2813 4981 3062 5041; x_wconf 86' lang='lat' dir='ltr'><strong>tantaque</strong></span> <span class='ocrx_word' id='word_1_846' title='bbox 3108 4971 3383 5024; x_wconf 91' lang='lat' dir='ltr'><strong>hominum</strong></span> <span class='ocrx_word' id='word_1_847' title='bbox 3424 4965 3586 5020; x_wconf 88' lang='lat' dir='ltr'><strong>millia</strong></span> 
     </span>
    </p>
   </div>
   <div class='ocr_carea' id='block_1_110' title="bbox 1997 5060 3585 5143">
    <p class='ocr_par' dir='ltr' id='par_1_110' title="bbox 1997 5060 3585 5143">
     <span class='ocr_line' id='line_1_110' title="bbox 1997 5060 3585 5143; baseline -0.011 -14"><span class='ocrx_word' id='word_1_848' title='bbox 1997 5075 2158 5129; x_wconf 89' lang='lat' dir='ltr'><strong>simili</strong></span> <span class='ocrx_word' id='word_1_849' title='bbox 2191 5083 2341 5143; x_wconf 90' lang='lat' dir='ltr'><strong>peste</strong></span> <span class='ocrx_word' id='word_1_850' title='bbox 2371 5069 2679 5140; x_wconf 84' lang='lat' dir='ltr'><strong>perierunt?</strong></span> <span class='ocrx_word' id='word_1_851' title='bbox 2704 5067 2814 5121; x_wconf 81' lang='lat' dir='ltr'><strong>Cur</strong></span> <span class='ocrx_word' id='word_1_852' title='bbox 2853 5074 2972 5135; x_wconf 87' lang='lat' dir='ltr'><strong>post</strong></span> <span class='ocrx_word' id='word_1_853' title='bbox 3005 5064 3196 5132; x_wconf 85' lang='lat' dir='ltr'><strong>templa</strong></span> <span class='ocrx_word' id='word_1_854' title='bbox 3227 5063 3273 5115; x_wconf 89' lang='lat' dir='ltr'><strong>ei</strong></span> <span class='ocrx_word' id='word_1_855' title='bbox 3305 5060 3585 5122; x_wconf 69' lang='lat' dir='ltr'><strong>aediﬁcata,</strong></span> 
     </span>
    </p>
   </div>
   <div class='ocr_carea' id='block_1_111' title="bbox 1998 5155 3588 5237">
    <p class='ocr_par' dir='ltr' id='par_1_111' title="bbox 1998 5155 3588 5237">
     <span class='ocr_line' id='line_1_111' title="bbox 1998 5155 3588 5237; baseline -0.01 -14"><span class='ocrx_word' id='word_1_856' title='bbox 1998 5183 2105 5228; x_wconf 87' lang='lat' dir='ltr'><strong>non</strong></span> <span class='ocrx_word' id='word_1_857' title='bbox 2147 5165 2440 5237; x_wconf 90' lang='lat' dir='ltr'><strong>prohibuit,</strong></span> <span class='ocrx_word' id='word_1_858' title='bbox 2473 5180 2541 5218; x_wconf 90' lang='lat' dir='ltr'><strong>ne</strong></span> <span class='ocrx_word' id='word_1_859' title='bbox 2573 5163 2686 5216; x_wconf 89' lang='lat' dir='ltr'><strong>lues</strong></span> <span class='ocrx_word' id='word_1_860' title='bbox 2730 5161 2959 5230; x_wconf 90' lang='lat' dir='ltr'><strong>amplius</strong></span> <span class='ocrx_word' id='word_1_861' title='bbox 3001 5156 3378 5229; x_wconf 75' lang='lat' dir='ltr'><strong>grassaretur?</strong></span> <span class='ocrx_word' id='word_1_862' title='bbox 3405 5155 3588 5224; x_wconf 83' lang='lat' dir='ltr'><strong>Neque</strong></span> 
     </span>
    </p>
   </div>
   <div class='ocr_carea' id='block_1_112' title="bbox 1997 5247 3585 5329">
    <p class='ocr_par' dir='ltr' id='par_1_112' title="bbox 1997 5247 3585 5329">
     <span class='ocr_line' id='line_1_112' title="bbox 1997 5247 3585 5329; baseline -0.013 -11"><span class='ocrx_word' id='word_1_863' title='bbox 1997 5263 2198 5318; x_wconf 80' lang='lat' dir='ltr'><strong>dixeris</strong></span> <span class='ocrx_word' id='word_1_864' title='bbox 2236 5258 2581 5329; x_wconf 89' lang='lat' dir='ltr'><strong>subsequenti</strong></span> <span class='ocrx_word' id='word_1_865' title='bbox 2624 5265 2864 5324; x_wconf 89' lang='lat' dir='ltr'><strong>tempore</strong></span> <span class='ocrx_word' id='word_1_866' title='bbox 2907 5261 3185 5320; x_wconf 86' lang='lat' dir='ltr'><strong>corruptos</strong></span> <span class='ocrx_word' id='word_1_867' title='bbox 3217 5249 3380 5304; x_wconf 80' lang='lat' dir='ltr'><strong>fuisse</strong></span> <span class='ocrx_word' id='word_1_868' title='bbox 3412 5247 3585 5301; x_wconf 84' lang='lat' dir='ltr'><strong>Immi-</strong></span> 
     </span>
    </p>
   </div>
   <div class='ocr_carea' id='block_1_113' title="bbox 1997 5341 3591 5420">
    <p class='ocr_par' dir='ltr' id='par_1_113' title="bbox 1997 5341 3591 5420">
     <span class='ocr_line' id='line_1_113' title="bbox 1997 5341 3591 5420; baseline -0.01 -11"><span class='ocrx_word' id='word_1_869' title='bbox 1997 5371 2125 5410; x_wconf 89' lang='lat' dir='ltr'><strong>nutn</strong></span> <span class='ocrx_word' id='word_1_870' title='bbox 2164 5368 2362 5408; x_wconf 88' lang='lat' dir='ltr'><strong>mores.</strong></span> <span class='ocrx_word' id='word_1_871' title='bbox 2393 5351 2450 5406; x_wconf 92' lang='lat' dir='ltr'><strong>1n</strong></span> <span class='ocrx_word' id='word_1_872' title='bbox 2483 5349 2688 5420; x_wconf 84' lang='lat' dir='ltr'><strong>magnis</strong></span> <span class='ocrx_word' id='word_1_873' title='bbox 2718 5348 2913 5403; x_wconf 90' lang='lat' dir='ltr'><strong>etenim</strong></span> <span class='ocrx_word' id='word_1_874' title='bbox 2944 5355 2999 5401; x_wconf 89' lang='lat' dir='ltr'><strong>et</strong></span> <span class='ocrx_word' id='word_1_875' title='bbox 3026 5345 3234 5416; x_wconf 87' lang='lat' dir='ltr'><strong>populis</strong></span> <span class='ocrx_word' id='word_1_876' title='bbox 3272 5353 3325 5398; x_wconf 89' lang='lat' dir='ltr'><strong>et</strong></span> <span class='ocrx_word' id='word_1_877' title='bbox 3363 5341 3591 5396; x_wconf 86' lang='lat' dir='ltr'><strong>civitati-</strong></span> 
     </span>
    </p>
   </div>
   <div class='ocr_carea' id='block_1_114' title="bbox 1997 5437 3589 5517">
    <p class='ocr_par' dir='ltr' id='par_1_114' title="bbox 1997 5437 3589 5517">
     <span class='ocr_line' id='line_1_114' title="bbox 1997 5437 3589 5517; baseline -0.009 -13"><span class='ocrx_word' id='word_1_878' title='bbox 1997 5449 2098 5504; x_wconf 87' lang='lat' dir='ltr'><strong>bus</strong></span> <span class='ocrx_word' id='word_1_879' title='bbox 2126 5463 2341 5517; x_wconf 90' lang='lat' dir='ltr'><strong>semper</strong></span> <span class='ocrx_word' id='word_1_880' title='bbox 2366 5445 2490 5500; x_wconf 88' lang='lat' dir='ltr'><strong>boni</strong></span> <span class='ocrx_word' id='word_1_881' title='bbox 2522 5460 2642 5499; x_wconf 91' lang='lat' dir='ltr'><strong>cum</strong></span> <span class='ocrx_word' id='word_1_882' title='bbox 2677 5443 2830 5496; x_wconf 88' lang='lat' dir='ltr'><strong>malis</strong></span> <span class='ocrx_word' id='word_1_883' title='bbox 2858 5441 3094 5512; x_wconf 88' lang='lat' dir='ltr'><strong>permisti</strong></span> <span class='ocrx_word' id='word_1_884' title='bbox 3126 5439 3358 5493; x_wconf 88' lang='lat' dir='ltr'><strong>fuerunt.</strong></span> <span class='ocrx_word' id='word_1_885' title='bbox 3396 5437 3589 5490; x_wconf 88' lang='lat' dir='ltr'><strong>Dicen-</strong></span> 
     </span>
    </p>
   </div>
   <div class='ocr_carea' id='block_1_115' title="bbox 1997 5530 3592 5611">
    <p class='ocr_par' dir='ltr' id='par_1_115' title="bbox 1997 5530 3592 5611">
     <span class='ocr_line' id='line_1_115' title="bbox 1997 5530 3592 5611; baseline -0.006 -15"><span class='ocrx_word' id='word_1_886' title='bbox 1997 5543 2122 5597; x_wconf 92' lang='lat' dir='ltr'><strong>dum</strong></span> <span class='ocrx_word' id='word_1_887' title='bbox 2160 5556 2288 5611; x_wconf 88' lang='lat' dir='ltr'><strong>ergo</strong></span> <span class='ocrx_word' id='word_1_888' title='bbox 2317 5550 2410 5595; x_wconf 90' lang='lat' dir='ltr'><strong>aut</strong></span> <span class='ocrx_word' id='word_1_889' title='bbox 2448 5540 2683 5594; x_wconf 90' lang='lat' dir='ltr'><strong>attritam</strong></span> <span class='ocrx_word' id='word_1_890' title='bbox 2720 5537 2884 5594; x_wconf 82' lang='lat' dir='ltr'><strong>fuisse</strong></span> <span class='ocrx_word' id='word_1_891' title='bbox 2918 5535 3186 5604; x_wconf 88' lang='lat' dir='ltr'><strong>serpentis</strong></span> <span class='ocrx_word' id='word_1_892' title='bbox 3219 5533 3285 5586; x_wconf 86' lang='lat' dir='ltr'><strong>ad</strong></span> <span class='ocrx_word' id='word_1_893' title='bbox 3323 5530 3592 5586; x_wconf 89' lang='lat' dir='ltr'><strong>sedandas</strong></span> 
     </span>
    </p>
   </div>
   <div class='ocr_carea' id='block_1_116' title="bbox 1999 5624 3593 5705">
    <p class='ocr_par' dir='ltr' id='par_1_116' title="bbox 1999 5624 3593 5705">
     <span class='ocr_line' id='line_1_116' title="bbox 1999 5624 3593 5705; baseline -0.006 -18"><span class='ocrx_word' id='word_1_894' title='bbox 1999 5644 2182 5705; x_wconf 85' lang='lat' dir='ltr'><strong>postea</strong></span> <span class='ocrx_word' id='word_1_895' title='bbox 2211 5645 2389 5704; x_wconf 88' lang='lat' dir='ltr'><strong>pestes</strong></span> <span class='ocrx_word' id='word_1_896' title='bbox 2415 5633 2519 5686; x_wconf 89' lang='lat' dir='ltr'><strong>vim</strong></span> <span class='ocrx_word' id='word_1_897' title='bbox 2548 5641 2603 5688; x_wconf 87' lang='lat' dir='ltr'><strong>ct</strong></span> <span class='ocrx_word' id='word_1_898' title='bbox 2628 5638 2969 5702; x_wconf 88' lang='lat' dir='ltr'><strong>potestatem,</strong></span> <span class='ocrx_word' id='word_1_899' title='bbox 2995 5635 3087 5680; x_wconf 87' lang='lat' dir='ltr'><strong>aut</strong></span> <span class='ocrx_word' id='word_1_900' title='bbox 3107 5626 3236 5680; x_wconf 84' lang='lat' dir='ltr'><strong>falsa</strong></span> <span class='ocrx_word' id='word_1_901' title='bbox 3265 5624 3444 5679; x_wconf 90' lang='lat' dir='ltr'><strong>fatalia</strong></span> <span class='ocrx_word' id='word_1_902' title='bbox 3475 5639 3593 5678; x_wconf 88' lang='lat' dir='ltr'><strong>car-</strong></span> 
     </span>
    </p>
   </div>
   <div class='ocr_carea' id='block_1_117' title="bbox 1997 5715 3596 5795">
    <p class='ocr_par' dir='ltr' id='par_1_117' title="bbox 1997 5715 3596 5795">
     <span class='ocr_line' id='line_1_117' title="bbox 1997 5715 3596 5795; baseline -0.009 -13"><span class='ocrx_word' id='word_1_903' title='bbox 1997 5728 2176 5793; x_wconf 89' lang='lat' dir='ltr'><strong>mina;</strong></span> <span class='ocrx_word' id='word_1_904' title='bbox 2227 5727 2439 5794; x_wconf 88' lang='lat' dir='ltr'><strong>quando</strong></span> <span class='ocrx_word' id='word_1_905' title='bbox 2483 5722 2698 5795; x_wconf 88' lang='lat' dir='ltr'><strong>quidem</strong></span> <span class='ocrx_word' id='word_1_906' title='bbox 2741 5727 3054 5788; x_wconf 83' lang='lat' dir='ltr'><strong>suggestum</strong></span> <span class='ocrx_word' id='word_1_907' title='bbox 3097 5717 3164 5772; x_wconf 86' lang='lat' dir='ltr'><strong>ah</strong></span> <span class='ocrx_word' id='word_1_908' title='bbox 3202 5715 3282 5770; x_wconf 88' lang='lat' dir='ltr'><strong>eis</strong></span> <span class='ocrx_word' id='word_1_909' title='bbox 3326 5715 3596 5782; x_wconf 89' lang='lat' dir='ltr'><strong>serpentis</strong></span> 
     </span>
    </p>
   </div>
   <div class='ocr_carea' id='block_1_118' title="bbox 1999 5806 3601 5884">
    <p class='ocr_par' dir='ltr' id='par_1_118' title="bbox 1999 5806 3601 5884">
     <span class='ocr_line' id='line_1_118' title="bbox 1999 5806 3601 5884; baseline -0.013 -5"><span class='ocrx_word' id='word_1_910' title='bbox 1999 5822 2298 5879; x_wconf 79' lang='lat' dir='ltr'><strong>remedium</strong></span> <span class='ocrx_word' id='word_1_911' title='bbox 2339 5819 2490 5877; x_wconf 84' lang='lat' dir='ltr'><strong>omni</strong></span> <span class='ocrx_word' id='word_1_912' title='bbox 2529 5833 2633 5873; x_wconf 88' lang='lat' dir='ltr'><strong>non</strong></span> <span class='ocrx_word' id='word_1_913' title='bbox 2675 5810 2876 5884; x_wconf 82' lang='lat' dir='ltr'><strong>profuit</strong></span> <span class='ocrx_word' id='word_1_914' title='bbox 2900 5820 3086 5867; x_wconf 68' lang='lat' dir='ltr'><strong>actate.</strong></span> <span class='ocrx_word' id='word_1_915' title='bbox 3119 5807 3254 5873; x_wconf 86' lang='lat' dir='ltr'><strong>Quid</strong></span> <span class='ocrx_word' id='word_1_916' title='bbox 3283 5822 3411 5876; x_wconf 86' lang='lat' dir='ltr'><strong>ergo</strong></span> <span class='ocrx_word' id='word_1_917' title='bbox 3439 5820 3506 5860; x_wconf 79' lang='lat' dir='ltr'><strong>ex</strong></span> <span class='ocrx_word' id='word_1_918' title='bbox 3537 5806 3601 5859; x_wconf 88' lang='lat' dir='ltr'><strong>iis</strong></span> 
     </span>
    </p>
   </div>
  </div>
