4230 6266
571 245 677 302 607

1826 242 2280 305 DlSSERTA'I‘lO
2318 243 2596 303 ΡΒιενιΑ

3758 242 3867 303 608

574 358 826 415 omnibus
844 357 1297 425 concludendum,
1322 357 1424 414 nisi
1445 356 1674 431 gentiles
1696 366 1806 415 tota
1824 359 1908 414 via
1929 373 2160 425 errasse,
2190 363 2244 423 Α
2267 358 2398 426 diis;
2431 374 2494 416 ac
2522 360 2666 417 nulla
2700 360 2802 418 sibi
2835 360 2960 418 data
2985 330 3181 428 causa,
3198 373 3329 433 epes
3367 360 3560 417 borum
3588 358 3860 431 frangere,

573 452 725 523 quia
759 450 893 507 Jove
920 458 976 508 ct
1014 448 1327 526 lEsculapio
1361 465 1487 508 vere
1525 448 1669 507 edita
1706 450 1870 508 fuisse
1910 451 2165 508 miracula

575 543 940 602 venditabant.

1177 653 1472 695 ARTICULUS
1509 638 1568 694 ti.

575 750 766 811 Quanta
802 750 1051 802 evidentia
1072 751 1322 801 Arnobius
1355 752 1584 802 ostendat
1616 750 1738 802 falsa
1780 763 1891 801 esse
1916 750 2166 812 miracula,

669 826 746 864 uae
771 815 957 864 ethnici
976 813 1101 863 facta
1127 826 1239 862 esse
1283 814 1668 874 contendebant,
1708 828 1818 865 cum
1854 814 2168 865 simulacrum

688 879 809 936 atris
831 888 1019 941 magna:
1043 890 1107 926 ex
1133 875 1360 941 Phrygio
1376 885 1541 941 monte
1569 876 1773 941 Romam,
1792 876 2047 941 adductum
2073 885 2167 941 est,

635 947 786 1051 iatqule
810 937 942 989 aliud
961 942 1110 991 etiam
1127 937 1262 990 Jovis
1284 941 1337 989 in
1359 940 1570 990 editiore
1589 939 1695 990 loco
1716 938 1778 987 ad
1800 938 2059 991 Orientem
2074 938 2170 989 col-

655 1014 743 1051 oca
766 1016 865 1051 um.

655 1011 865 1055 ocatutn.

648 1105 769 1163 Non
815 1105 1035 1177 majoris
1080 1105 1320 1178 profecto
1370 1106 1625 1178 ponderis
1672 1117 1791 1163 erat
1830 1108 2169 1164 ethnicorum

579 1199 993 1271 argumentatio,
1039 1214 1104 1256 ex
1146 1200 1251 1255 alio
1287 1207 1344 1256 et
1384 1214 1578 1271 magno
1623 1199 1861 1271 quidem,
1904 1201 1980 1255 uti
2017 1201 2173 1270 jacti-

581 1290 788 1360 tabant,
812 1290 1070 1346 miraculo
1091 1290 1375 1362 desumpta
1395 1291 1639 1363 (Arnob.,
1655 1292 1745 1348 lib.
1764 1309 1856 1359 vn,
1883 1309 2001 1363 pag.
2017 1289 2169 1363 255).

579 1384 855 1441 Instabaut
902 1385 1098 1440 etenim
1153 1385 1417 1456 frequenti
1460 1400 1709 1442 sermone
1759 1387 1941 1442 tritum
1993 1385 2174 1441 divino

579 1492 789 1550 magna:
822 1476 1027 1541 Matris,
1061 1477 1177 1534 sive
1204 1477 1388 1534 Matris
1412 1477 1571 1533 deum
1598 1478 1854 1546 subsidio,
1892 1490 2173 1550 postquam

584 1571 778 1628 Vatum
804 1571 955 1642 jussu
986 1571 1197 1643 signum
1230 1571 1373 1627 illius
1395 1586 1462 1627 ex
1487 1572 1720 1644 Phrygio
1743 1583 1925 1629 monte
1949 1572 2175 1629 Romam

581 1673 914 1736 asportatum
974 1663 1112 1733 fuit,
1148 1672 1281 1721 tunc
1307 1664 1518 1720 hostem
1547 1665 1979 1735 potentissimum
2009 1663 2176 1719 Anni—

2269 460 2325 506 ut
2367 452 2583 508 illorum
2632 453 2909 509 fautricem
2955 469 3016 510 se
3061 452 3372 518 exhiberet;
3422 452 3725 509 libertatem
3777 453 3867 508 bis

2267 544 2500 612 auferre,
2535 555 2590 600 ut
2625 545 2748 601 illos
2790 545 2858 601 ad
2897 560 3205 617 supremum
3234 544 3516 602 extolleret
3543 544 3871 601 dominatio-

2269 638 2351 694 nis
2382 638 2672 709 tastigium,
2705 638 2965 712 Phrygios
2990 638 3196 705 delere,
3221 647 3279 694 ut
3306 638 3551 694 Romana
3577 638 3784 704 civitas,
3814 639 3871 694 in

2268 724 2489 788 humani
2512 735 2725 803 generis
2752 734 3042 804 perniciem
3072 743 3218 800 nata,
3247 733 3525 790 innoxium
3552 732 3744 790 orbem
3769 733 3872 789 sub

2268 828 2643 900 gravissimum
2674 829 2949 887 servitutis
2972 828 3159 900 jugum
3188 829 3449 885 mitteret.

2342 920 2616 991 Urgebant
2634 920 2833 977 ethnici
2858 932 3019 992 atque
3039 921 3145 977 alio
3166 920 3428 977 miraculo
3459 934 3703 991 prorsus,
3730 918 3875 975 sicut

2270 1014 2402 1085 ipsis
2440 1014 2740 1078 videbatur,
2772 1015 3039 1086 stupende
3076 1015 3304 1086 probare
3333 1030 3521 1070 rursus
3561 1013 3875 1070 nitebantur

2273 1107 2405 1164 deos
2428 1123 2555 1165 suos
2577 1109 2750 1180 reipsa
2773 1109 3029 1173 existere,
3059 1117 3223 1181 atque
3250 1106 3514 1163 infinitain
3541 1121 3663 1162 esse
3682 1121 3875 1163 eorum

2274 1210 2597 1272 potestatem
2625 1200 2864 1272 (Arnob.,
2892 1201 2981 1255 lib.
3005 1217 3099 1267 vn,
3145 1220 3200 1272 ρ.
3241 1201 3393 1270 245).
3421 1200 3675 1257 Testibus
3696 1201 3873 1257 enim-

2277 1296 2427 1358 vero,
2461 1293 2793 1365 inquiebant,
2818 1292 2923 1349 fide
2945 1292 3273 1364 dignissimis
3299 1293 3575 1347 memoria:
3603 1292 3875 1363 proditum

2276 1398 2392 1443 erat
2423 1402 2544 1443 cum
2582 1387 2902 1458 Capitolium
2941 1386 3165 1442 fulmine
3195 1387 3358 1442 ictum
3396 1384 3609 1451 fuisset,
3644 1396 3771 1440 tunc
3809 1385 3883 1441 de

2277 1477 2409 1535 sede
2455 1494 2550 1535 sua
2599 1478 2940 1535 deturbatum
2987 1478 3136 1535 Jovis
3178 1478 3550 1535 simulacrum.
3594 1477 3700 1534 Ubi
3746 1492 3880 1533 vero

2280 1570 2408 1625 illud
2459 1570 2652 1626 altiore
2704 1572 2825 1628 loco
2867 1570 2937 1627 ad
3004 1571 3268 1627 orientem
3317 1568 3486 1625 solem
3534 1569 3885 1641 haruspicum

2282 1680 2544 1736 responso
2569 1666 2889 1721 collocatum
2919 1674 3025 1731 est,
3051 1674 3161 1720 tum
3194 1665 3432 1737 patuisse
3458 1680 3546 1721 res
3570 1663 3800 1731 abditas,
3823 1672 3886 1720 et

584 1759 763 1814 balem
785 1773 849 1813 ex
877 1756 1028 1812 Italia
1052 1757 1287 1828 pulsum,
1311 1773 1374 1813 ac
1393 1758 1680 1829 reportatis
1702 1758 1992 1814 illustribus
2014 1757 2179 1812 victo-
2205 1757 2256 1818 B
2284 1759 2337 1814 in
2386 1768 2624 1816 reserata
2677 1758 3001 1815 vindicatum
3043 1758 3325 1814 maleficia.
3378 1757 3571 1814 Narrat
3612 1756 3885 1827 siquidem

585 1853 702 1919 riis,
748 1838 1015 1908 redditum
1059 1850 1193 1909 Urbi
1238 1851 1420 1920 decus,
1465 1851 1739 1923 multaque
1780 1852 1883 1906 alia
1933 1850 2078 1906 domi
2125 1858 2182 1905 et

588 1947 718 2004 foris
757 1947 1014 2018 praeclare
1041 1957 1214 2018 gesta,
1250 1963 1367 2019 qua:
1406 1947 1662 2003 Romana:
1690 1947 1866 2018 gentis
1900 1960 2095 2001 nomen
2126 1956 2181 2002 et

588 2038 921 2109 majestatem
948 2038 1296 2110 insuperabili
1319 2039 1570 2094 firmitate
1597 2038 1970 2094 fundaverunt.
1993 2038 2041 2093 Α
2065 2038 2181 2109 qui-

591 2133 692 2190 bus
733 2142 916 2190 autem
957 2132 1317 2205 Scriptoribus
1364 2132 1481 2191 haec
1525 2134 1715 2190 litteris
1759 2134 2008 2189 mandata
2050 2133 2178 2200 sint,

587 2226 715 2283 alibi
744 2227 1078 2284 ostendimus
1113 2226 1352 2298 (Disserl.
1386 2227 1440 2281 in
1466 2225 1687 2295 Minuta,
1716 2243 1835 2297 cap.
1867 2226 1956 2293 l9,
1985 2234 2087 2280 art.
2115 2224 2179 2296 ι).

661 2318 767 2376 Sed
816 2319 936 2393 hoc,
960 2332 1332 2393 argumentum
1377 2321 1646 2376 Arnobius
1689 2321 1974 2388 similibus,
2022 2332 2182 2391 atque

588 2413 856 2485 superius.
888 2413 1163 2485 responsis
1192 2413 1410 2469 refellit.
1440 2404 1799 2485 Nihil'quippe
1822 2413 1955 2479 veri,
1991 2412 2178 2484 inquit,

588 2510 643 2565 in
674 2517 781 2565 tota
818 2509 908 2564 illa
947 2507 1171 2565 historia
1204 2510 1526 2574 continetur,
1557 2509 1659 2564 nisi
1686 2508 1830 2578 quod
1857 2523 1887 2563 a
1918 2522 2046 2578 rege
2083 2508 2181 2561 At-

592 2601 722 2670 talo,
755 2602 913 2657 sicuti
951 2601 1189 2670 aiebant,
1232 2602 1430 2659 missus
1473 2611 1558 2658 est
1595 2618 1663 2657 ex
1701 2601 1933 2673 Phrygio
1974 2609 2179 2667 monte,

594 2707 649 2753 et
696 2696 923 2752 Romam
968 2692 1095 2752 inde
1141 2704 1448 2767 asportatos
1521 2709 1717 2773 parvus
1761 2694 1979 2765 quidam
2025 2692 2179 2763 lapis,

592 2788 766 2860 niger,
822 2788 1007 2855 durus,
1061 2803 1219 2859 asper
1267 2803 1369 2844 nec
1421 2789 1551 2844 satis
1609 2801 1863 2858 expressa
1911 2784 2184 2841 simulacri

591 2879 770 2952 efﬁgie
798 2882 1013 2952 politus.
1041 2880 1139 2937 Cui
1172 2891 1349 2938 autem
1372 2897 1622 2951 umquam
1651 2881 1985 2952 probabitur.
2002 2878 2182 2935 'Anni-

591 2972 791 3042 balem,
822 2975 921 3030 sub
942 2990 1048 3045 quo
1070 2973 1309 3030 Romana
1336 2973 1635 3045 respublica
1671 2973 2055 3029 tamdiu-sortis
2074 2987 2186 3028 sua:

591 3066 753 3122 dubia
778 3067 1126 3134 contremuit,
1153 3081 1219 3122 eo
1250 3066 1425 3137 lapide
1476 3076 1773 3137 asportato,
1805 3066 2002 3120 factum
2039 3064 2185 3120 illico

2283 1851 2475 1908 Cicero
2501 1867 2531 1906 a
2558 1851 2815 1907 Romanis
2856 1851 3168 1907 memoriter
3195 1849 3370 1906 adhuc
3400 1849 3571 1905 teneri
3609 1848 3888 1920 quomodo

2286 1946 2532 2016 plurimis
2558 1945 2781 2002 deorum
2810 1944 3132 2013 simulacris,
3163 1960 3231 2001 ex
3259 1958 3354 2000 sua
3384 1944 3439 1999 in
3463 1942 3727 2014 Capitolio
3752 1942 3889 1999 sede

2284 2038 2542 2109 depulsis,
2570 2038 2906 2110 haruspices,
2936 2054 3005 2095 ex
3039 2048 3150 2094 tota
3180 2037 3396 2095 Etruria
3427 2036 3694 2106 accersiti,
3727 2056 3745 2089 ι
3769 2037 3894 2106 jus-

2285 2143 2471 2189 serunt
2507 2132 2854 2190 simulacrum
2884 2132 3033 2189 Jovis
3064 2132 3241 2189 facere
3266 2132 3458 2202 majus,
3488 2140 3544 2187 et
3577 2130 3633 2187 in
3669 2131 3891 2189 excelso

2285 2227 2576 2292 collocare,
2610 2237 2662 2284 ct
2692 2237 2882 2284 contra
2907 2236 3068 2299 atque
3098 2226 3293 2293 fuerat,
3324 2226 3392 2285 ad
3432 2226 3709 2282 Orientem
3753 2240 3892 2282 con-

2285 2330 2532 2388 vertere;
2580 2336 2645 2376 ac
2687 2336 2748 2378 se
2790 2336 3013 2393 sperare
3053 2319 3325 2386 dixerunt,
3371 2318 3419 2375 si
3469 2317 3601 2374 illud
3648 2318 3889 2389 signum,

2286 2416 2427 2487 quod
2455 2415 2669 2481 videtis,
2698 2415 2841 2471 Solis
2867 2423 3067 2482 ortum,
3099 2423 3155 2470 et
3184 2412 3385 2479 forum,
3414 2412 3729 2482 curiamque
3755 2426 3890 2468 con-

2286 2510 2540 2581 spiceret,
2574 2509 2688 2564 fore
2715 2518 2771 2563 ut
2798 2523 2861 2564 ea
2890 2507 3134 2576 consilia,
3164 2522 3284 2579 qua:
3321 2506 3458 2563 clam
3494 2505 3722 2563 fuissent
3756 2506 3891 2562 inita

2286 2613 2472 2659 contra
2511 2603 2740 2660 salutem
2782 2602 2938 2659 Urbis
2978 2612 3141 2673 atque
3182 2601 3415 2672 imperii,
3453 2601 3888 2667 illustrarentur;

2289 2706 2346 2751 ut
2389 2712 2418 2752 a
2461 2697 2520 2752 S.
2565 2697 2625 2752 P.
2673 2696 2739 2764 Q.
2785 2695 2852 2752 R.
2902 2695 3130 2767 perspici
3172 2703 3416 2767 possent.
3446 2714 3487 2769 ι,
3513 2694 3723 2768 (Cium,
3754 2703 3891 2749 orat.

2287 2790 2321 2843 5
2356 2789 2407 2843 in
2454 2787 2629 2855 Catil.,
2661 2805 2782 2860 pag.
2815 2787 2971 2860 529.)

2359 2882 2496 2950 Quid
2530 2883 2596 2938 ad
2634 2883 2772 2939 hanc
2796 2883 3135 2938 ethnicorum
3171 2881 3688 2954 argumentationem
3714 2885 3897 2937 Aruo-

2288 2975 2411 3031 hius
2446 2974 2805 3045 responderit,
2840 2974 2972 3030 nihil
3011 2975 3170 3045 plane
3210 2989 3385 3044 neque
3425 2973 3481 3029 in
3525 2974 3896 3042 manuscripto

2290 3069 2550 3124 librorum
2601 3069 2718 3140 ejus
2762 3068 2949 3125 codice
2995 3069 3167 3140 regio,
3216 3082 3392 3139 neque
3438 3071 3492 3123 in
3533 3066 3639 3122 ulla
3680 3067 3897 3122 illorum

592 3158 695 3214 sibi
723 3172 942 3229 prorsus
961 3158 1293 3224 dissimilem,
1322 3159 1391 3213 ab
1419 3157 1567 3213 Italia
1590 3157 1808 3229 pulsum
1833 3167 1887 3213 et
1912 3146 2187 3228 fugatum?
2215 3159 2261 3223 C
2291 3162 2551 3230 editione,
2578 3174 2696 3218 'aut
2740 3163 2866 3220 alibi
2924 3163 3137 3234 legitur.
3184 3162 3612 3234 Suspicabuntur
3660 3161 3899 3217 fortasse

589 3252 864 3321 Numquid
883 3262 1009 3308 tunc
1021 3251 1153 3307 nihil
1173 3252 1419 3308 humanis
1431 3253 1695 3318 consiliis,
1713 3251 1845 3306 nihil
1862 3253 2187 3321 praestantis-

598 3344 858 3401 simorum
892 3344 1108 3400 militari
1138 3345 1333 3401 virtute
1360 3344 1731 3411 ducum,nihil
1756 3359 1951 3416 magno
1971 3345 2186 3401 exerci—

600 3453 748 3493 tuum
772 3436 967 3494 robore
982 3449 1159 3495 actum
1183 3447 1267 3494 est
1284 3437 1587 3509 iNumquid
1612 3438 1775 3494 etiam
1793 3438 1886 3494 ille
1915 3438 2072 3510 lapis,
2095 3437 2185 3508 qui

595 3547 664 3588 an
694 3548 800 3587 uno
828 3531 1047 3589 homine
1075 3533 1278 3604 portari
1307 3531 1461 3589 facile
1500 3542 1731 3603 poterat,
1767 3533 1917 3588 auxit
1960 3532 2190 3588 Romani

593 3625 882 3692 exercitus,
938 3636 995 3682 et
1034 3625 1189 3698 fregit
1233 3641 1296 3681 ac
1334 3626 1635 3682 debilitavit
1695 3626 1974 3682 Annibalis
2025 3627 2186 3692 vires,

592 3734 823 3791 eumque
850 3719 1072 3787 victum,
1096 3729 1151 3775 et
1177 3719 1449 3775 Romanos
1493 3720 1728 3776 victores
1774 3719 2040 3776 reddidit?
2090 3719 2190 3775 Cui

600 3813 814 3870 tandem
850 3812 1006 3870 facile
1044 3813 1390 3884 persuadebis
1440 3814 1493 3869 in
1548 3813 1855 3884 hujusmodi
1877 3812 2053 3883 lapide
2081 3811 2193 3867 Ma-

595 3918 732 3964 trem
770 3907 929 3964 deum
962 3922 1150 3965 revera
1180 3907 1364 3974 fuisse;
1390 3915 1484 3962 aut
1503 3922 1703 3963 numen
1729 3906 1945 3977 aliquod
1965 3905 2020 3961 in
2048 3904 2193 3960 illius

593 4000 865 4058 habitasse
902 4001 1075 4068 venis,
1121 3999 1306 4057 frustis
1329 4015 1393 4058 ac
1411 3999 1768 4073 fragmentis?

668 4092 789 4163 Quo
820 4108 951 4165 ergo
981 4092 1162 4160 modo,
1192 4094 1507 4165 inquiebant
1534 4093 1758 4160 ethnici,
1790 4093 2023 4149 adventu
2048 4092 2194 4148 illius

596 4200 750 4260 parta
792 4198 877 4245 est
921 4188 1164 4253 victoria,
1213 4188 1259 4243 si
1303 4188 1507 4244 nullum
1553 4189 1607 4243 in
1654 4204 1720 4244 eo
1769 4188 1946 4260 lapide
1994 4203 2194 4244 numen

596 4281 806 4337 inerat?
853 4279 1169 4351 Respondet
1224 4280 1496 4338 Arnobius
1542 4296 1660 4337 eam
1717 4280 2054 4338 tribuendam
2099 4297 2198 4351 pu-

595 4387 872 4444 gnantium
918 4373 1104 4428 virtuti
1138 4387 1202 4427 ac
1238 4372 1554 4439 fortitudini,
1586 4384 1679 4428 aut
1709 4372 1936 4428 fortunae
1966 4373 2197 4429 mutabi-

596 4464 733 4521 litati
765 4475 820 4521 et
845 4466 1237 4522 inconstantius.
1266 4465 1336 4521 Et
1369 4480 1501 4523 vero
1542 4466 1757 4521 ubinam
1785 4467 2025 4537 gentium
2068 4465 2198 4521 illud

2292 3256 2536 3312 nonnulli
2578 3255 2682 3311 hoc
2723 3257 2791 3312 ab
2830 3256 2924 3313 illo
2964 3256 3202 3326 potuisse
3240 3255 3604 3327 praetermitti;
3635 3255 3898 3326 quoniam

2292 3350 2411 3406 aliis
2446 3350 2515 3406 ad
2548 3350 2793 3423 superius
2821 3351 3031 3421 objecta
3058 3351 3331 3421 responsis
3360 3349 3462 3406 hoc
3491 3351 3624 3406 satis
3649 3348 3900 3406 confuta-

2294 3457 2405 3503 tum
2440 3447 2632 3504 fuerat.
2669 3448 2777 3504 Sed
2804 3451 2926 3519 quia
2951 3448 3063 3518 jam
3099 3447 3470 3503 annotavimus
3508 3446 3584 3502 ibi
3619 3444 3898 3514 fragmen-

2296 3550 2408 3595 tum
2447 3541 2515 3595 ah
2556 3541 2818 3596 oscitante
2857 3540 3078 3596 librario
3117 3547 3449 3612 praepostere
3487 3537 3897 3608 transpositum,

2297 3633 2425 3688 hinc
2465 3633 2641 3703 colligi
2684 3642 2866 3704 potest
2902 3632 3202 3689 Arnobium
3245 3632 3371 3688 huic
3412 3631 3690 3703 gentilium
3731 3644 3901 3699 argu-

2293 3735 2498 3795 mento,
2542 3727 2683 3782 sicut
2713 3736 2769 3782 et
2805 3726 2926 3781 aliis
2964 3726 3259 3798 sigillatim,
3298 3724 3666 3794 respondisse,
3702 3722 3799 3779 sed
3833 3736 3901 3776 ea

2294 3818 2475 3874 omnia
2511 3818 2579 3875 de
2619 3819 2798 3875 medio
2839 3820 3070 3886 sublata,
3112 3835 3234 3891 qua:
3269 3820 3337 3875 ab
3376 3819 3470 3874 illo
3511 3818 3650 3873 hanc
3686 3816 3741 3873 in
3780 3830 3901 3871 rem

2296 3910 2497 3980 scripta
2520 3909 2752 3966 fuerant.
2788 3909 2985 3966 Verum
3016 3911 3188 3976 illam,
3209 3912 3257 3967 si
3279 3926 3398 3981 quae
3425 3911 3514 3974 sit,
3539 3912 3799 3980 jacturam
3825 3923 3895 3962 ea

2296 4001 2508 4058 abunde
2549 3991 2842 4075 supplent,“
2868 4020 2988 4076 quae
3027 4021 3095 4059 ex
3133 4004 3255 4059 aliis
3293 4004 3412 4074 ejus
3453 4001 3899 4074 responsionibus

2297 4093 2559 4152 hactenus
2584 4094 2905 4165 ,rctulimus,
2953 4105 3008 4151 et
3052 4096 3105 4151 in
3154 4095 3273 4166 ejus
3321 4095 3474 4151 libris
3523 4096 3722 4166 integra
3765 4107 3899 4165 per-

2297 4199 2539 4245 manent.

2370 4280 2428 4337 Si
2463 4281 2591 4353 quid
2631 4292 2809 4340 tamen
2841 4282 2967 4340 huic
3005 4290 3323 4355 argumento
3347 4283 3647 4354 respondit,
3675 4281 3903 4339 minime

2298 4375 2604 4432 dubitamus
2646 4377 2775 4433 illud
2812 4377 2979 4434 fuisse
3006 4380 3365 4449 potissimum,
3401 4377 3544 4449 quod
3578 4375 3789 4445 Cicero,
3826 4392 3902 4431 ex

2299 4487 2406 4542 quo
2447 4470 2625 4542 plura,
2666 4480 2726 4527 ut
2766 4486 2913 4543 saepe
2946 4472 3205 4539 diximus,
3250 4471 3601 4536 delibaverat,
3640 4470 3902 4539 scriptum

597 4560 870 4632 egregium
902 4576 1101 4617 numen
1127 4561 1373 4632 degebat,
1402 4575 1525 4615 cum
1553 4560 1714 4614 tantis
1740 4561 2067 4617 exercitibus
2092 4575 2196 4615 cae-
2223 4557 2278 4618 D
2301 4565 2538 4635 reliquit.
2587 4566 2717 4621 Post
2758 4565 2918 4621 allata
2965 4564 3228 4637 siquidem
3298 4580 3326 4619 a
3368 4564 3526 4619 nobis
3571 4562 3690 4632 ejus
3736 4561 3906 4616 verba

598 4655 694 4723 sis,
724 4654 951 4710 Romani
976 4656 1031 4710 in
1057 4669 1326 4710 summum
1360 4652 1656 4725 periculum
1687 4654 1985 4708 venerunt?

674 4750 730 4806 Si
778 4749 896 4820 quis
940 4763 1069 4804 vero
1116 4755 1343 4818 reponat
1384 4747 1541 4802 deum
1589 4747 1811 4802 Matrem
1864 4756 1975 4802 tum
2023 4746 2195 4801 Roma

602 4842 838 4899 abfuisse
865 4857 959 4912 per
978 4857 1137 4913 quam
1159 4840 1499 4911 longissime;
1531 4841 1600 4896 ab
1629 4841 1867 4897 Arnobio
1893 4840 2073 4895 statim
2103 4857 2197 4896 au-

603 4935 716 4991 diet
745 4936 982 4991 divinum
1012 4950 1211 4991 numen
1236 4934 1435 5006 ubique
1464 4948 1679 5005 semper
1703 4950 1824 4991 esse
1854 4949 2114 5006 praesens,
2146 4944 2202 4991 et

604 5041 701 5083 sua
742 5027 843 5083 sub
893 5037 1156 5097 potestate
1202 5028 1378 5083 omnia
1428 5042 1645 5097 semper
1683 5026 1903 5083 habere.
1936 5025 2202 5082 Praeterea

606 5138 720 5191 cur,
755 5123 983 5180 obsecro
1010 5131 1083 5190 te,
1107 5123 1206 5179 dea
1240 5123 1353 5190 illa,
1381 5123 1587 5192 priores
1615 5139 1742 5177 suos
1768 5122 2003 5177 cultores
2031 5120 2201 5193 Phry-

606 5218 723 5287 gios
764 5219 977 5289 penitus
1019 5218 1292 5282 deseruit;
1340 5227 1400 5272 ut
1441 5217 1507 5271 ad
1549 5206 1904 5288 potentiorem
1946 5216 2201 5288 populum

608 5312 908 5370 Romanum
939 5314 1353 5386 commigraret?
1389 5312 1534 5368 Talis
1570 5322 1821 5384 tantaque
1862 5314 2048 5369 levitas
2094 5312 2204 5368 Deo

611 5421 718 5462 non
749 5409 1021 5479 competit.

682 5500 793 5558 Nec
837 5503 1065 5559 Romani
1093 5496 1424 5574 responde‘re
1451 5508 1702 5571 poterant
1729 5500 1852 5556 ideo
1878 5500 2019 5556 hanc
2048 5500 2205 5556 deam

612 5594 679 5650 ad
714 5595 1026 5652 bellicosam
1058 5597 1296 5667 ipsorum
1325 5604 1539 5666 gentem
1579 5593 1907 5658 transitisse,
1950 5595 2074 5663 quia
2119 5608 2208 5650 res

614 5689 876 5745 militares
923 5691 1159 5746 amabat.
1207 5690 1407 5745 Divina:
1462 5688 1727 5761 siquidem
1780 5686 2044 5757 mquitatis
2103 5702 2211 5743 non

614 5790 748 5849 erat,
770 5782 939 5851 inquit
957 5782 1250 5853 Arnobius,
1274 5781 1524 5845 humanis
1544 5796 1664 5841 sese
1683 5778 1989 5838 immiscere
2007 5778 2207 5839 discora

2302 4657 2641 4714 continenter
2685 4657 2929 4727 adjecit:
2973 4679 2991 4710 ‹
3028 4658 3099 4714 At
3138 4657 3291 4720 illud,
3337 4657 3485 4713 Jovis
3528 4655 3900 4721 simulacrum,

2301 4752 2374 4807 ita
2412 4751 2782 4808 collocandum
2827 4751 3091 4808 Consules
3130 4753 3204 4807 illi
3239 4759 3544 4808 statuerunt
3573 4768 3588 4804 :
3619 4749 3714 4805 sed
3750 4757 3902 4804 tanta

2301 4844 2403 4899 fuit
2430 4845 2611 4915 operis
2652 4846 2905 4909 tarditas;
2941 4854 2998 4899 ut
3025 4861 3200 4917 neque
3228 4862 3259 4900 a
3285 4845 3661 4916 superioribus
3684 4842 3906 4899 Consu-

2304 4937 2468 5005 libus,
2499 4954 2674 5009 neque
2699 4954 2727 4993 a
2758 4940 2911 4994 nobis
2938 4949 3063 4995 ante
3091 4940 3408 4995 hodiernum
3436 4938 3579 4995 diem
3607 4937 3911 4993 collocare-

2309 5039 2417 5087 tur.
2449 5051 2469 5084 ι
2502 5030 2695 5106 (fbid.)
2738 5032 2930 5088 Nonne
2964 5033 3108 5088 enim
3148 5034 3232 5087 bis
3270 5032 3356 5089 vel
3393 5033 3523 5088 solis
3563 5030 3745 5086 verbis
3789 5038 3908 5085 tota

2308 5127 2647 5185 ethnicorum
2679 5128 2951 5184 levissima
2981 5127 3222 5196 profecto
3247 5126 3586 5182 ratiocinatio
3615 5124 3772 5195 plane
3802 5138 3908 5195 pe-

2308 5219 2562 5291 nitusque
2586 5218 2924 5274 inﬁrmatur?
2954 5218 3145 5274 Nonne
3166 5219 3252 5273 illa
3276 5216 3573 5273 Consulum
3602 5214 3909 5271 aliorumve

2309 5314 2633 5384 negligentia
2674 5312 3109 5370 manifestissime
3141 5314 3329 5384 probat
3370 5323 3629 5383 quantum
3664 5310 3911 5381 gentiles

2313 5405 2656 5477 haruspicum
2713 5407 2928 5463 oracula
2973 5422 3038 5462 ac
3086 5405 3490 5477 praedictiones,
3543 5416 3705 5477 atque
3755 5402 3891 5458 illud

2312 5496 2463 5554 Jovis
2491 5500 2838 5556 simulacrum
2874 5500 3282 5570 parvifecerint?

2380 5592 2650 5648 Caeterum
2682 5598 2792 5663 jam
2828 5595 3161 5652 ostendimus
3190 5603 3355 5650 totam
3389 5596 3549 5662 hanc,
3581 5609 3741 5667 quam
3766 5608 3906 5666 gena

2313 5687 2439 5744 tiles
2476 5687 2860 5745 validissimam
2900 5705 3022 5747 esse
3062 5690 3344 5762 putabant,
3388 5689 3908 5762 argumentationem

2311 5782 2416 5839 alia
2445 5783 2654 5840 ratione
2676 5782 2747 5840 ab
2774 5783 3007 5842 Minucio
3032 5784 3229 5854 Felice,
3257 5786 3483 5857 aliisque
3506 5783 3740 5856 antiquis
3762 5783 3908 5839 scri-
