4230 6266
313 347 416 403 609

1535 348 1598 404 ΙΝ
1638 347 2011 416 ARNOBIUM,
2049 345 2202 404 CAP.
2236 343 2373 403 XXI.

2703 316 2720 349 Ι

3435 318 3464 329 ’
3491 346 3594 406 om

305 465 549 535 ptoribus
590 465 792 520 nostris
837 465 1022 520 everti.
1073 465 1252 522 Multis
1294 464 1558 536 siquidem
1602 468 1899 538 validisque
1927 472 1976 530 Α
2073 466 2345 521 Lucianus
2393 478 2521 534 ergo
2567 465 2725 534 longe
2769 463 2964 534 potiori
3000 463 3209 518 ratione
3247 476 3374 518 suos
3409 463 3599 520 irridet

303 557 574 610 rationum
624 556 977 613 firmamentis
1021 557 1412 624 demonstrant,
1463 561 1507 614 si
1548 561 1678 631 quid
1720 561 1802 615 his
1844 562 1896 617 in

300 648 555 702 omnibus
588 649 924 716 inusitatum,
955 660 1008 706 et
1036 657 1188 706 extra
1217 663 1534 708 consuetum
1567 664 1774 709 natura:
1804 670 1896 709 or-

297 738 484 795 dinem
514 739 713 796 factum
741 741 924 808 fuerit,
953 743 1083 798 illud
1108 760 1269 801 omne
1295 745 1599 800 daemonum
1623 745 1899 804 fraudibus

296 847 366 888 ac
384 832 675 904 praestigiis
691 849 813 890 esse
843 833 1208 892 tribuendum.
1242 841 1341 892 Ast
1368 838 1500 893 nulli
1527 847 1673 894 certe
1703 840 1896 894 mirum

297 923 476 980 videri
516 925 701 992 debet,
745 929 790 982 si
833 943 970 983 unus
1001 929 1250 1000 idemque
1278 930 1555 1001 gentilium
1597 947 1750 986 error
1781 932 1898 1002 plu-

296 1018 455 1075 ribus
491 1021 822 1091 argumentis
862 1024 1201 1079 convellatur
1237 1029 1558 1096 penitusque
1593 1026 1898 1082 destruatur

299 1110 548 1182 (Dissert.
583 1115 637 1168 in
663 1113 863 1170 Minue.
901 1115 1105 1180 0ctav.,
1133 1134 1248 1188 cap.
1282 1118 1369 1186 19,
1404 1128 1504 1173 art.
1541 1135 1557 1172 ι
1585 1129 1631 1173 et
1658 1117 1736 1189 tt).
1763 1187 1779 1194 ν

904 1230 1132 1288 CAPUT
1170 1230 1316 1286 XXI.

806 1347 880 1403 De
910 1349 1109 1419 templis
1136 1349 1419 1420 gentilium.

840 1477 1127 1519 ARTICULUS
1165 1479 1378 1520 PRIMUS.

302 1601 496 1661 Quibus
515 1603 825 1663 argumentis
843 1600 1084 1650 Arnobius
1106 1602 1335 1650 ostendat
1346 1599 1480 1649 nulla
1502 1601 1598 1650 diis
1621 1599 1901 1650 aedificanda

371 1677 481 1727 esse
508 1662 709 1727 templa,
737 1677 902 1726 neque
921 1663 1180 1727 tuguriola,
1210 1678 1377 1727 neque
1400 1664 1667 1727 conclavia,
1690 1672 1774 1713 aut
1797 1664 1898 1712 cel-

371 1724 518 1785 lulas;
540 1726 625 1775 ubi
645 1725 708 1773 de
737 1724 903 1788 primis
942 1724 1145 1774 deorum
1181 1724 1377 1788 templis
1407 1733 1459 1774 et
1482 1726 1611 1785 aliis,
1631 1739 1742 1787 quae
1769 1740 1899 1775 tuor-

369 1795 565 1838 tuorutn
609 1789 863 1838 dumtaxat
906 1788 1156 1837 hominum
1179 1789 1403 1850 sepulcra
1429 1789 1630 1838 fuerunt
1652 1801 1664 1836 :
1693 1792 1810 1836 item
1834 1790 1899 1837 de

2000 558 2254 629 gentiles,
2293 557 2385 628 qui
2426 557 2622 625 templa
2672 555 2775 609 diis
2819 570 2878 609 se
2923 553 3222 609 fabricasse
3261 555 3600 620 asserebant,

2001 665 2068 706 ne
2092 651 2244 706 tectis
2272 659 2362 703 aut
2389 648 2670 719 penatibus
2690 656 2938 703 carerent
2955 646 3221 720 (Lucium,
3247 647 3309 702 de
3331 648 3594 717 Sacri/ia,

2000 759 2121 813 pag.
2154 740 2306 813 185).
2338 741 2572 797 Thasius
2599 748 2800 807 autem,
2836 749 2970 796 teste
2999 739 3180 796 adhuc
3203 741 3488 807 Cicerone,
3516 741 3598 797 vel

2000 844 2058 889 ut
2087 845 2270 890 narrat
2296 835 2638 901 Plutarchus,
2670 833 2925 905 Hegesias
2954 834 3280 905 Magnesius,
3314 834 3483 891 libere
3509 836 3598 904 jo-

2001 929 2306 992 culabatur,
2336 946 2457 984 cum
2490 930 2624 984 dixit
2655 929 2836 984 Diana:
2866 930 3112 999 Ephesia:
3143 929 3400 999 templum
3428 929 3598 985 deﬂa‘

1998 1025 2259 1091 gravisse,
2281 1024 2400 1095 quia
2421 1040 2536 1077 cum
2550 1024 2604 1077 in
2620 1033 2770 1092 partu
2796 1022 3138 1094 Olympiadis,
3159 1024 3348 1077 matris
3362 1023 3598 1080 Alexan—

2001 1113 2082 1169 dri
2124 1115 2319 1186 Magni,
2370 1118 2546 1172 adesse
2588 1117 2846 1183 voluisset,
2890 1116 3130 1186 abfuisset
3175 1116 3345 1182 domo,
3385 1116 3440 1170 id
3491 1125 3593 1183 est,

2001 1211 2204 1280 templo
2233 1225 2332 1266 suo
2367 1209 2578 1282 (Cicer.,
2612 1211 2700 1264 lib.
2735 1227 2771 1264 ll
2801 1211 2864 1263 de
2889 1209 3080 1264 Natur.
3115 1209 3285 1276 deor.,
3319 1226 3440 1280 pag.
3469 1209 3594 1276 2:24,

2007 1306 2100 1360 lin.
2142 1306 2246 1371 26;
2289 1305 2584 1372 Plutarch,
2619 1307 2671 1360 in
2721 1306 2819 1360 Vit.
2866 1307 3013 1360 Alex.
3048 1304 3254 1376 Magn.,
3287 1323 3408 1377 pag.
3442 1304 3593 1373 665).

2001 1398 2262 1466 Quamvis
2293 1412 2474 1455 autem
2505 1400 2720 1470 quidam
2751 1399 3034 1468 peritiores
3069 1398 3269 1453 ethnici
3299 1397 3416 1454 haec
3450 1398 3602 1453 simi-

2004 1492 2127 1548 liter
2178 1493 2480 1560 irriseriut;
2529 1504 2754 1550 crateres
2799 1505 2974 1549 tamen
3027 1509 3218 1548 omnes
3261 1497 3375 1548 hac
3417 1494 3601 1564 Opinio

2001 1587 2217 1655 penitus
2267 1599 2577 1658 pervaserat
2618 1588 2748 1643 deos
2787 1603 2916 1644 suos
2962 1604 3067 1642 non
3113 1603 3234 1643 esse
3282 1589 3598 1654 immensos,

2001 1689 2163 1747 atque
2197 1677 2399 1734 idcirco
2437 1679 2666 1749 quodam
2715 1681 2834 1734 loco
2869 1679 3069 1734 includi
3110 1691 3162 1733 et
3189 1678 3601 1750 comprehendi.

2073 1769 2435 1838 Quamobrem
2458 1771 2509 1825 bi
2535 1772 2723 1828 iisdem
2745 1773 2848 1827 diis
2873 1773 2983 1827 suis
3005 1787 3113 1827 non
3131 1773 3604 1842 sumptuosissima

363 1851 652 1934 abscondito
670 1852 843 1934 Apidis
861 1853 1075 1934 tumulo;
1104 1860 1158 1900 et
1179 1851 1589 1934 capitoliouquod
1607 1853 1671 1902 ab
1696 1851 1899 1901 invento

2008 1864 2378 1919 tantummodo
2409 1869 2606 1934 templa
2634 1864 3008 1920 condederaut
3033 1907 3048 1930 ,
3079 1865 3195 1931 sed,
3229 1874 3286 1919 ut
3327 1865 3403 1919 ait
3429 1867 3605 1920 Arno-

363 1912 476 1964 Toli
493 1916 657 1978 capite
674 1912 853 1964 dictum
879 1920 972 1974 est,
1001 1912 1146 1976 atque
1169 1912 1566 1977 de’polyandr'iis.

377 2043 518 2098 Deos
541 2043 826 2114 gentilium
855 2041 1033 2097 nullos
1059 2056 1125 2096 ac
1157 2040 1316 2111 plane
1350 2040 1748 2096 commentitios
1775 2055 1898 2096 esse

299 2154 425 2194 curn
466 2137 736 2194 Arnobius
776 2147 854 2192 tot
896 2137 1167 2206 tantisque
1207 2136 1498 2202 rationum,
1529 2135 1604 2190 uti
1647 2135 1896 2201 vidimus,

299 2234 600 2290 momentis
653 2233 1006 2288 invictissime
1054 2230 1533 2296 demonstraverit,
1582 2229 1727 2284 nulla
1773 2245 1900 2299 pro-

301 2328 448 2382 fecto
477 2342 615 2396 Opus
647 2334 765 2381 erat
801 2326 904 2380 alia
935 2323 1422 2395 argumentatione,
1467 2337 1569 2392 qua
1610 2322 1720 2377 illis
1755 2322 1899 2376 nulla

303 2421 507 2489 templa
552 2418 865 2474 aediﬁcanda
910 2418 1182 2488 probaret.
1227 2415 1424 2472 Verum
1461 2413 1599 2470 ultra
1645 2415 1734 2471 ille
1775 2430 1901 2485 pro-

302 2513 572 2585 greditur,
605 2513 766 2583 idque
803 2512 1169 2583 peculiaribus
1205 2509 1529 2581 quibusdam
1571 2509 1904 2580 argumentis

301 2609 589 2665 evidenter
607 2607 863 2664 ostendit.
889 2607 1110 2676 Templa
1134 2606 1302 2672 enim,
1328 2606 1521 2676 inquit,
1545 2605 1592 2659 si
1612 2604 1716 2660 diis
1744 2605 1903 2660 alicui

305 2703 438 2758 usui
476 2717 590 2758 esse
615 2703 848 2773 possint,
882 2716 980 2756 cur
1007 2717 1102 2772 per
1130 2700 1380 2772 plurima,
1410 2686 1697 2770 antequam
1736 2699 1904 2755 :editi-

300 2805 582 2861 curentur,
615 2796 814 2856 swcula
846 2795 911 2850 iis
947 2794 1278 2850 caruerunt?
1306 2795 1520 2848 Primus
1549 2793 1748 2863 quippe
1778 2793 1902 2848 illo-

297 2905 426 2946 rum
457 2889 770 2955 fabricator,
801 2889 874 2943 ait
894 2888 1189 2953 Arnobius,
1225 2906 1244 2938 ‹
1279 2895 1371 2942 aut
1397 2885 1715 2941 Phoroneus
1740 2884 1906 2957 Egy-

300 2983 472 3055 ptius,
514 2993 609 3038 aut
647 2983 860 3052 Merops
898 2983 1007 3038 tibi
1036 2983 1200 3038 fuisse
1243 2981 1669 3036 monstrabitur:
1700 2992 1812 3047 aut,
1851 2991 1908 3036 ut

297 3077 472 3134 tradit
490 3078 546 3132 in
569 3075 912 3132 Admirandis
934 3076 1130 3142 Varro,
1152 3075 1302 3132 Jovis
1323 3075 1607 3148 progenies
1628 3075 1849 3131 Eacus.
1881 3095 1900 3127 ›

302 3171 551 3244 (Arnob.,
586 3171 674 3225 lib.
705 3187 781 3237 vr,
816 3188 934 3242 pag.
967 3170 1070 3226 189
1107 3179 1152 3224 et
1188 3185 1360 3240 seqq.;
1394 3169 1559 3234 lbid.,
1597 3186 1717 3240 pag.
1751 3167 1903 3240 191.)

2003 1957 2144 2026 bius,
2185 1960 2461 2030 tuguriola,
2504 1960 2763 2014 conclavia
2803 1969 2851 2014 et
2883 1960 3118 2025 cellulas,
3151 1959 3201 2014 id
3234 1968 3335 2024 est,
3383 1959 3601 2026 sacella,

2003 2065 2098 2106 seu
2152 2053 2387 2121 privatas
2438 2053 2695 2123 quasdam
2745 2055 2885 2108 intra
2930 2052 3213 2124 magnifica
3263 2053 3353 2108 illa
3405 2054 3605 2124 templa

2005 2141 2280 2211 aediculas,
2312 2143 2400 2200 ubi
2423 2144 2638 2216 aliquod
2667 2145 2753 2199 dei
2782 2145 3080 2216 cujuspiam
3109 2143 3460 2201 simulacrum
3488 2146 3605 2201 col-

2003 2233 2285 2290 iocabatur
2325 2233 2568 2306 (Arnob.,
2611 2236 2702 2290 lib.
2744 2252 2816 2303 vt,
2850 2253 2971 2308 pag.
3011 2234 3165 2307 191).
3199 2235 3280 2291 Ex
3317 2240 3383 2292 A.
3432 2237 3607 2294 Gellio

2005 2327 2270 2397 siquidem
2322 2326 2581 2382 discimus
2631 2328 2962 2398 Scipionem,
3013 2329 3223 2384 scilicet
3267 2327 3602 2397 Africanum,

2006 2423 2227 2477 solitum
2277 2421 2442 2478 fuisse
2487 2422 2589 2478 sub
2637 2422 3014 2492 crepusculum
3060 2421 3114 2476 in
3161 2420 3485 2492 Capitolium
3529 2423 3608 2477 in-

2006 2525 2171 2581 trare,
2204 2533 2221 2564 ‹
2252 2529 2315 2570 ac
2344 2514 2539 2583 jubere
2577 2515 2776 2585 aperiri
2817 2514 3010 2571 cellam
3041 2515 3210 2580 Jovis,
3239 2531 3304 2571 ac
3332 2516 3402 2571 ibi
3432 2517 3606 2572 solum

2006 2605 2097 2663 diu
2125 2610 2344 2674 morari,
2391 2609 2543 2679 quasi
2586 2609 2981 2664 consultantem
3033 2608 3101 2664 de
3146 2608 3441 2679 Republica
3484 2626 3607 2666 cum

2007 2699 2161 2758 Jove.
2190 2722 2208 2753 ›
2234 2701 2320 2773 (Α.
2343 2700 2502 2766 (λιιι,
2525 2702 2614 2755 lib.
2652 2717 2723 2756 vn
2744 2700 2902 2756 Noct.
2923 2703 3090 2770 attic.,
3107 2718 3224 2772 cap.
3249 2719 3286 2770 t,
3310 2720 3432 2776 pag.
3453 2703 3605 2776 596.)

2006 2793 2157 2862 Quod
2196 2793 2412 2864 quidem
2445 2795 2514 2848 ab
2547 2793 2717 2860 Livio,
2753 2793 2968 2850 Valerio
3005 2794 3257 2863 Maximo,
3301 2805 3356 2850 et
3389 2796 3610 2852 Aurelio

2009 2883 2228 2941 Victore
2254 2886 2624 2942 confirmatur.
2661 2886 2766 2942 Sed
2795 2887 2937 2943 haud
2965 2887 3276 2958 infrequens
3305 2888 3447 2959 apud
3475 2889 3610 2945 alios

2009 2980 2301 3050 scriptores
2333 2979 2521 3034 harum
2553 2979 2872 3036 cellularum
2908 2982 3113 3036 mentio
3144 2979 3306 3052 (Liv.,
3334 2981 3423 3036 lib.
3454 2998 3606 3049 xxvi,

2009 3089 2125 3144 cap.
2166 3074 2265 3139 l9;
2311 3073 2429 3129 Val.
2465 3073 2641 3141 Manta,
2680 3075 2768 3128 lib.
2805 3090 2862 3140 ll,
2895 3090 3012 3146 cap.
3041 3076 3098 3142 2,
3128 3073 3156 3146 §
3183 3074 3250 3140 2;
3281 3076 3408 3130 Aur.
3449 3075 3608 3142 Vict.,

2009 3168 2073 3222 de
2106 3167 2214 3222 Vir.
2240 3169 2423 3232 ξηαπ..
2454 3186 2569 3235 cap.
2596 3166 2712 3239 49).
2745 3169 2802 3224 Si
2824 3170 2943 3239 quis
2968 3178 3146 3224 tamen
3175 3171 3478 3239 probaverit
3511 3174 3612 3227 Ar-

302 3264 481 3320 Antca
510 3279 641 3320 vero
671 3264 928 3319 Clemens
955 3262 1363 3318 Alexandrinus
1413 3262 1624 3318 dixerat
1654 3260 1908 3334 (Clemens
1936 3259 1980 3322 C
2013 3260 2233 3316 nobium
2277 3261 2545 3331 tugurioli,
2588 3260 2863 3327 conclavis,
2907 3271 2953 3316 et
3001 3262 3219 3327 celtulre,
3263 3264 3501 3329 nomine,
3541 3264 3610 3320 de

302 3358 619 3424 Alexinum,
653 3359 915 3412 Admonit.
949 3357 1017 3412 ad
1047 3368 1212 3428 gent.,
1238 3374 1354 3428 cap.
1383 3356 1481 3427 28)
1517 3375 1532 3412 :
1580 3355 1690 3412 Εἴτε
1741 3370 1910 3433 Φορω-

300 3455 417 3512 νεῦξ
445 3454 630 3512 ἐκεῖνος
657 3449 736 3517 ἧν,
773 3450 871 3506 εἴτε
899 3451 1094 3528 Μέροψ,
1125 3451 1222 3507 εἴτε
1255 3448 1399 3512 ἄλλός
1425 3473 1503 3511 τις
1523 3493 1537 3511 .
1571 3451 1616 3506 οἳ
1645 3457 1789 3518 νεὼς,
1822 3456 1909 3507 καὶ

303 3544 516 3615 βωμοὺς
556 3545 846 3602 ἀνέστησαν
885 3545 1078 3603 αὐτοῖς.
1119 3541 1226 3598 Seu
1264 3541 1569 3598 Phoroneus
1607 3542 1694 3596 ille
1732 3545 1906 3614 fuerit,

301 3653 394 3689 seu
425 3634 656 3707 Merops,
685 3653 772 3691 seu
807 3637 990 3706 aliquis
1023 3636 1174 3700 alius,
1199 3636 1288 3706 qui
1312 3636 1384 3690 cis
1413 3645 1690 3707 posuerunt
1720 3637 1909 3706 templa

308 3736 356 3782 et
395 3729 602 3783 altaria.
648 3730 754 3786 Sed
800 3729 867 3785 de
907 3728 1080 3800 prima
1120 3730 1440 3799 templorum
1473 3729 1705 3800 origine,
1746 3739 1802 3784 et
1840 3731 1910 3785 de

312 3821 487 3880 disco
526 3823 653 3879 alibi
681 3823 1077 3892 diSputavimus
1104 3821 1273 3891 (Tom.
1306 3841 1326 3878 ι
1356 3821 1634 3893 Apparat.,
1658 3838 1778 3893 pag.
1803 3821 1910 3876 7’22

311 3924 364 3970 et
395 3933 550 3988 scqq.,
581 3926 630 3970 et
659 3932 781 3987 pag.
813 3913 1002 3986 1118).

383 4009 612 4081 Quoquo
656 4019 836 4065 autem
886 4019 1129 4080 tempore
1160 4010 1358 4080 templa
1387 4010 1491 4066 diis
1521 4010 1764 4065 construi
1794 4025 1905 4065 cu:-

304 4104 513 4176 periut,
543 4103 886 4175 quantumvis
912 4104 1020 4159 sint
1047 4105 1349 4176 magnifica,
1379 4105 1727 4175 quantumvis
1753 4119 1905 4171 auro,

302 4206 362 4250 ct
411 4197 646 4265 gemmis
701 4197 992 4268 fulgentia;
1046 4205 1260 4252 constat
1316 4211 1446 4252 sane
1501 4213 1685 4253 verum
1742 4198 1908 4253 Deum

306 4293 466 4348 nullo
543 4308 775 4363 unquam
843 4307 1002 4363 posse
1057 4291 1275 4348 includi.
1345 4292 1666 4347 Persuasum
1730 4300 1908 4348 tamen

307 4386 525 4444 ethnici
545 4385 960 4442 habebantdcos
989 4401 1116 4444 suos
1137 4387 1243 4442 illis
1271 4396 1413 4442 totos
1442 4386 1908 4457 concludi,quem-

302 4479 608 4536 admodum
649 4481 701 4535 in
747 4480 996 4536 domibus
1065 4481 1179 4536 suis
1233 4480 1500 4536 homines.
1552 4479 1725 4535 Falsas
1766 4481 1910 4536 enim

304 4574 480 4644 hujus
513 4575 779 4644 opinionis
809 4584 978 4631 testes
1006 4590 1164 4645 quam
1197 4575 1458 4644 plurimos
1487 4585 1546 4628 ut
1573 4575 1908 4641 omittamus,

2009 3357 2190 3428 parvis
2220 3355 2448 3421 :cdibus,
2480 3373 2599 3427 quae
2628 3357 2927 3412 minoribus
2951 3357 3056 3413 diis
3081 3361 3322 3414 construi
3343 3361 3608 3425 solebant,

2009 3465 2130 3505 esse
2157 3465 2370 3520 quoque
2399 3450 2833 3521 intelligendum,
2868 3450 2993 3506 huic
3029 3466 3135 3506 non
3177 3467 3398 3521 prorsus
3435 3453 3610 3508 refra-

2008 3542 2271 3613 gabimur.
2317 3541 2426 3597 Sed
2471 3557 2694 3598 necesse
2739 3551 2823 3598 est
2871 3551 2929 3596 ut
2957 3557 3149 3598 omnes
3177 3541 3451 3599 fateantur
3487 3545 3615 3601 illos

2009 3649 2170 3691 veros
2207 3635 2339 3690 deos
2370 3649 2477 3689 non
2517 3649 2661 3700 esse,
2689 3649 2826 3704 quos
2854 3634 3086 3704 gentiles
3122 3635 3236 3690 sive
3264 3637 3462 3705 parvis,
3495 3637 3611 3692 sive

2010 3727 2260 3783 maximis
2318 3727 2525 3783 aedibus
2577 3735 2633 3782 et
2689 3727 2903 3797 templis
2957 3725 3156 3782 includi
3209 3743 3370 3798 posse
3419 3729 3611 3785 existi-

2011 3819 2246 3873 ntabant.

2082 3912 2266 3986 Neque
2314 3923 2503 3970 censet
2540 3915 2812 3971 Arnobius
2855 3915 3154 3973 audiendos
3194 3932 3317 3972 esse
3359 3918 3609 3989 gentiles,

2012 4009 2101 4079 qui
2145 4007 2549 4078 respondebant
2582 4024 2642 4064 se
2681 4009 2787 4065 diis
2829 4011 3025 4081 templa
3056 4010 3356 4077 aediﬁcare;
3395 4021 3452 4066 ut
3488 4030 3612 4070 cum

2012 4102 2111 4168 eis,
2143 4101 2214 4157 ibi
2237 4101 2640 4173 quodammodo
2666 4102 3047 4174 praesentibus,
3077 4119 3260 4159 coram
3290 4114 3344 4160 et
3368 4108 3613 4164 cominus

2011 4198 2469 4269 colloquerentur,
2519 4213 2583 4253 ac
2628 4197 2702 4254 dii
2748 4199 2872 4254 illos
2921 4197 2990 4255 de
3037 4201 3286 4270 proximo
3329 4204 3616 4275 loquentes

2012 4291 2282 4346 audirent.
2318 4291 2496 4348 Verus
2533 4291 2813 4348 enimvero
2851 4292 3014 4356 Deus,
3049 4294 3365 4365 immensus,
3404 4309 3460 4354 et
3495 4297 3616 4353 ubi-

2013 4401 2118 4456 que
2164 4400 2402 4456 praescns
2431 4385 2580 4441 audit
2621 4385 2868 4442 homines
2906 4388 3331 4456 quoscumlibet,
3369 4406 3615 4463 quaeque

2013 4477 2068 4532 in
2102 4478 2286 4532 mundi
2317 4488 2470 4548 parte
2500 4479 2784 4549 loquentes
2812 4487 2866 4534 et
2900 4491 3202 4548 precantes,
3235 4491 3396 4555 atque
3433 4485 3614 4541 omnia

2015 4572 2174 4626 etiam
2207 4588 2394 4628 eorum
2425 4573 2655 4645 cogitata
2679 4574 2895 4645 penitus
2927 4578 3227 4646 cognoscit.
3255 4578 3441 4650 Neque
3470 4583 3614 4638 enim

302 4671 442 4742 quid
487 4671 681 4725 clarius
725 4671 810 4725 his
852 4669 1130 4726 Ciceronis
1173 4669 1388 4724 verbis?
1421 4689 1439 4720 ι
1475 4668 1691 4723 Patrum
1735 4668 1912 4740 (aliter
1937 4655 1991 4718 D
2016 4664 2125 4731 ille,
2153 4665 2293 4720 sicut
2317 4665 2529 4735 Jupiter
2560 4666 2795 4736 fingitur,
2819 4678 3092 4723 comatum
3125 4671 3364 4735 venitad
3393 4673 3614 4730 .IEthio-

301 4764 572 4838 deorum)
597 4765 816 4822 delubra
849 4779 970 4821 esse
992 4767 1042 4818 in
1070 4763 1291 4819 urbibus
1320 4778 1516 4819 censeo
1544 4781 1555 4816 :
1583 4778 1682 4818 nec
1713 4778 1912 4833 sequor

303 4861 508 4930 Magos
535 4859 845 4924 Persarum,
886 4858 1079 4928 quibus
1120 4857 1428 4912 auctoribus
1463 4855 1670 4911 Xerxes
1701 4856 1908 4911 inflam-

305 4968 504 5010 masse
533 4953 730 5023 templa
758 4952 978 5007 Grmciae
1001 4952 1218 5018 dicitur,
1248 4951 1389 5021 quod
1421 4950 1714 5021 parietibus
1740 4950 1911 5004 inclu-

305 5049 518 5106 derent
541 5047 693 5111 deos,
722 5047 915 5117 quibus
938 5047 1113 5102 omnia
1139 5047 1394 5102 deberent
1421 5059 1540 5100 esse
1569 5043 1800 5113 patentia
1847 5058 1912 5099 ac

306 5141 514 5206 libera,
547 5155 882 5212 quorumque
905 5138 991 5194 hic
1019 5138 1250 5194 mundus
1278 5137 1456 5193 omnis
1483 5135 1736 5205 templum
1769 5143 1914 5189 esset

308 5249 368 5294 et
395 5239 612 5294 domus.
645 5236 831 5292 Melius
851 5236 1023 5292 (ἕτωεί
1050 5245 1209 5306 atque
1231 5235 1424 5302 nostri,
1449 5234 1539 5304 qui
1569 5241 1628 5288 ut
1652 5240 1913 5303 augerent

312 5335 580 5406 pietatem
610 5333 664 5389 in
696 5333 846 5392 deos.
881 5331 1097 5387 easdem
1128 5331 1270 5395 illos,
1306 5345 1366 5384 ac
1398 5344 1520 5395 nos,
1557 5327 1719 5382 urbes
1758 5327 1910 5380 inco-

307 5428 436 5486 lere
465 5427 769 5482 voluerunt.
812 5423 998 5479 Adfert
1037 5423 1179 5477 enim
1223 5422 1339 5476 hare
1372 5421 1554 5489 Opinio
1597 5417 1911 5488 religionem

306 5522 508 5577 utilem
530 5519 850 5576 civitatibus.
882 5536 901 5571 ι
924 5516 1134 5590 (Cicer.,
1160 5515 1247 5569 lib.
1271 5531 1307 5569 ll
1331 5514 1393 5568 de
1415 5513 1613 5585 Legib.,
1639 5529 1756 5583 pag.
1779 5511 1906 5576 555,

311 5615 417 5670 lin.
453 5613 568 5683 4:1.)
596 5612 702 5670 Sed
733 5613 816 5668 hic
843 5627 1066 5667 acumen
1088 5609 1457 5666 desideramus
1487 5605 1788 5672 Ciceronis,
1820 5604 1910 5676 qui

308 5706 615 5772 nesciebat,
650 5716 742 5762 aut
771 5707 948 5778 potius
975 5704 1184 5761 nescire
1207 5719 1266 5758 se
1293 5701 1688 5768 dissimulabat,
1724 5714 1910 5755 verum

307 5801 501 5856 Deum
538 5815 655 5854 esse
693 5800 1034 5864 immensum,
1070 5796 1376 5867 nulliusque
1409 5793 1510 5850 loci
1551 5793 1724 5865 spatio
1754 5805 1913 5864 posse

307 5893 709 5950 circumscribi.

2016 4773 2130 4828 pas,
2156 4758 2320 4813 immo
2347 4775 2476 4815 vero
2505 4759 2682 4816 locum
2709 4771 2920 4816 mutare
2945 4777 3236 4834 numquam
3266 4775 3445 4836 potest
3473 4768 3616 4830 (Ηο-

2017 4851 2348 4916 mer.,lliad.
2397 4869 2437 4919 ι,
2471 4853 2713 4924 pag.20;
2761 4852 3000 4920 Lucium,
3043 4856 3107 4909 de
3128 4856 3389 4924 Sacriﬁc.,
3416 4842 3614 4930 ρ.186;

2016 4944 2230 5000 Diador.
2290 4945 2480 5010 Sicul.,
2557 4945 2646 4999 lib.
2697 4962 2712 4997 1
2760 4943 3034 5014 Biblioth.,
3079 4965 3198 5018 pag.
3243 4951 3340 5017 62;
3403 4952 3613 5021 Atham,

2015 5038 2105 5092 lib.
2152 5054 2241 5093 vnt
2302 5036 2574 5108 Deipnos.,
2623 5054 2742 5108 pag.
2788 5036 2925 5104 565;
2971 5034 3122 5110 Greg.
3173 5038 3353 5110 Naz.,
3399 5053 3529 5098 erat.
3587 5045 3613 5100 1

2015 5133 2068 5186 in
2092 5131 2228 5199 λιιι,
2261 5149 2380 5204 pag.
2410 5131 2563 5199 263).

2085 5224 2253 5279 Instat
2283 5223 2552 5278 Arnobius
2579 5238 2646 5279 ex
2679 5223 2777 5279 hac
2804 5223 3166 5293 ethnicorum,
3198 5228 3290 5299 qui
3327 5229 3461 5288 deos
3489 5247 3616 5290 suos

2015 5320 2134 5376 loco
2163 5319 2365 5373 moveri
2395 5317 2712 5384 credebant,
2743 5318 2999 5390 opinione
3029 5322 3179 5392 sequi
3220 5337 3371 5392 spem
3414 5327 3617 5384 nullam

2016 5411 2324 5467 hominibus
2353 5410 2612 5481 reliquam
2645 5408 2781 5479 fore,
2816 5421 2874 5466 ut
2903 5413 2970 5467 ab
3011 5412 3113 5469 illis
3140 5415 3449 5474 audiantur.
3482 5419 3612 5475 Pitt-

2017 5508 2149 5562 rima
2191 5505 2392 5562 etenim
2435 5506 2525 5560 uni
2566 5506 2851 5576 eidemque
2893 5507 3003 5562 Deo
3045 5509 3097 5562 in
3141 5508 3386 5573 diversis,
3417 5521 3472 5568 et
3498 5529 3526 5567 a
3556 5529 3617 5572 se

2019 5601 2244 5655 invicem
2287 5598 2664 5655 remotissimis
2707 5609 2862 5654 terra:
2894 5601 3204 5670 regionibus
3247 5606 3419 5673 posita
3461 5617 3616 5663 erant

2021 5693 2240 5762 templa,
2273 5691 2324 5746 in
2352 5707 2582 5764 quorum
2611 5692 2892 5748 dumtaxat
2921 5708 3028 5750 uno
3052 5692 3202 5750 illum
3228 5695 3472 5755 habitare
3497 5701 3612 5771 opi-

2022 5785 2308 5841 nabantur.
2339 5783 2457 5840 Non
2487 5785 2623 5840 alios
2653 5786 2854 5856 itaque,
2887 5801 3046 5857 quam
3074 5787 3166 5858 qui
3192 5788 3246 5844 in
3278 5789 3446 5847 hocce
3477 5801 3614 5849 tem-

2025 5877 2113 5951 plo
2149 5877 2394 5944 orabant,
2432 5876 2566 5936 deus
2607 5877 2698 5934 ille
2734 5877 2923 5937 audire
2961 5886 3194 5950 poterat.
3233 5880 3458 5944 Frustra
3482 5898 3611 5963 ergo
