4172 6252
300 266 403 328 613

882 408 1179 456 ARTICULUS
1217 412 1273 455 ιι.

288 518 362 569 De
390 526 604 587 templis,
632 538 744 595 quae
770 527 995 582 humanis
1034 531 1293 585 alfectibus
1328 545 1413 588 aut
1450 541 1709 593 virtutibus
1732 546 1884 595 imoie

344 589 900 664 conseqratafuerant,
948 596 1180 664 nimirum
1219 599 1420 664 Pietati,
1464 589 1885 664 (ὶδῆὠί-ιιίδξῗὲέἰ

347 648 458 732 luti,
482 650 686 732 Honori,
715 648 919 732 Virtuti,
948 656 1210 732 Felicitati,
1253 648 1888 732 Velaniiiiaéijiiiqbi-

348 712 457 769 tati,
482 720 534 762 et
557 710 683 793 apud
706 710 960 793 JEgyjitios
985 710 1187 784 felibus,
1201 710 1501 793 :scarabtcisj,
1517 710 1568 779 ei
1586 710 1885 793 BE'éuiii‘I'ic

342 786 490 850 quam
514 785 651 850 rapte
674 780 913 850 proiietur
959 796 1025 833 ex
1067 780 1358 850 templorum
1391 780 1656 844 eversione
1694 780 1884 847 nullum

346 837 484 886 talsis
507 838 605 891 (liis
622 837 973 895 aediﬁcandum.

355 982 474 1041 Non
507 989 639 1045 solis
671 988 983 1052 hominibus
1022 1000 1281 1069 mortuis,
1317 1005 1412 1061 sed
1445 1007 1689 1064 vivorum
1716 1010 1879 1067 etiam

282 1074 663 1137 affectionibus
694 1093 748 1139 et
771 1089 1087 1160 eventibus,
1117 1101 1387 1167 tamquam
1416 1100 1560 1154 veris
1587 1100 1715 1171 diis,
1744 1111 1881 1159 tem-

283 1167 368 1239 pla
398 1171 468 1226 ab
493 1173 737 1232 Ethnicis
764 1180 979 1238 condita
1015 1194 1159 1241 sunt.
1203 1186 1334 1244 Tam
1369 1190 1657 1249 absurdam
1698 1167 1878 1253 autem

283 1272 339 1317 et
359 1278 562 1320 caecam
598 1268 849 1339 illorum,
898 1290 961 1331 ac
993 1278 1260 1349 prazcipue
1285 1281 1651 1340 Romanorum
1683 1287 1876 1358 impie-

278 1363 442 1411 tatem
466 1359 534 1413 ab
557 1358 711 1416 initio
732 1366 907 1434 quarti
936 1370 1019 1423 sui
1049 1370 1171 1426 libri
1198 1374 1470 1432 Arnobius
1497 1379 1576 1433 sic
1605 1381 1872 1452 castigat:

283 1465 301 1498 ι
332 1448 675 1524 interrogare
703 1472 800 1512 vos
827 1456 992 1527 libet,
1020 1461 1273 1538 ipsosque
1300 1479 1425 1525 ante
1451 1474 1633 1527 omnia
1668 1472 1875 1530 Roma-

277 1560 407 1613 nos,
436 1543 686 1607 dominos
710 1568 886 1609 rerum
911 1572 973 1612 ac
994 1559 1288 1630 principes,
1322 1575 1574 1622 utrumne
1602 1564 1876 1624 existima-

274 1637 371 1705 tis,
402 1638 686 1711 Pietatem,
718 1646 1093 1718 Concordiam,
1119 1652 1382 1723 Salutem,
1420 1657 1719 1727 ilonorem,
1754 1660 1874 1715 Vir-

273 1739 474 1801 tutem,
540 1734 910 1806 Felicitatem,
965 1750 1266 1815 carteraque
1312 1748 1578 1818 ejusmodi
1628 1753 1868 1821 numina,

268 1825 466 1895 quibus
504 1843 628 1884 aras
652 1829 898 1887 videmus
931 1850 963 1889 a
998 1836 1153 1891 vobis
1180 1852 1302 1893 cum
1326 1840 1623 1912 magniﬁcis
1662 1845 1866 1901 exaadi-

267 1919 461 1974 licatas
489 1921 749 1990 delubris,
785 1929 891 1981 vim
922 1927 1122 1985 habere
1150 1931 1409 2000 divinam,
1438 1936 1672 2007 caelique
1702 1939 1756 1993 in
1785 1955 1871 1996 re-

266 2014 523 2085 gionibus
539 2018 781 2091 degere?
812 2041 830 2074 ι
867 2022 1120 2095 (Arnob.,
1148 2025 1239 2080 lib.
1274 2043 1347 2092 tv,
1375 2046 1497 2101 pag.
1526 2030 1679 2102 127.)
1703 2033 1870 2091 Paulo

269 2118 397 2177 post
422 2126 551 2166 vero
580 2114 780 2182 adjecit
819 2118 1018 2187 templa
1037 2158 1053 2182 ,
1097 2116 1355 2188 Victorita,
1398 2121 1558 2177 Pacis
1587 2135 1641 2179 et
1670 2124 1865 2197 ΛΕᾳηὶ-

272 2202 430 2269 tatis,
469 2203 537 2258 ab
564 2205 756 2261 iiSdem
805 2202 1050 2265 Etlnticis
1093 2209 1262 2268 fuisse
1294 2212 1543 2271 similiter
1570 2226 1866 2277 exstructa.

269 2295 443 2364 Quam
473 2309 652 2355 autem
684 2301 800 2357 haec
828 2319 955 2358 vera
983 2305 1111 2371 sint,
1135 2306 1375 2363 breviter
1403 2310 1804 2380 inquirendum.

346 2388 584 2446 Celebris
615 2402 699 2448 est
727 2393 1019 2465 paucisque
1039 2396 1306 2467 incognita
1334 2399 1447 2455 sive
1474 2401 1722 2472 plebeia),
1753 2404 1866 2460 sive

266 2482 520 2553 ingenua:
541 2484 822 2556 cujusdam
863 2488 983 2543 tiliae
1011 2488 1232 2547 historia
1254 2535 1269 2561 ,
1296 2509 1416 2563 quae
1448 2500 1675 2551 matrem
1712 2512 1864 2552 suam

263 2573 292 2646 (
328 2573 446 2631 Val.
474 2574 641 2641 Mean,
672 2578 760 2633 lib.
793 2596 828 2634 Il
851 2623 864 2646 ,
890 2597 1006 2651 cap.
1038 2582 1100 2649 ὅ,
1134 2582 1162 2654 ς
1194 2584 1259 2652 7,
1295 2601 1414 2657 pag.
1436 2585 1546 2642 268
1576 2596 1626 2642 et
1648 2606 1783 2662 seqq.
1818 2588 1862 2661 ),

265 2676 370 2721 aut
394 2676 451 2722 ut
479 2668 566 2723 alii
595 2671 843 2740 tradunt,
877 2688 1035 2729 suum
1058 2685 1268 2746 patrem
1290 2720 1305 2745 ,
1336 2679 1389 2732 in
1418 2694 1634 2736 carcere
1662 2682 1864 2738 consti-

264 2770 468 2831 tutum,
501 2778 568 2819 ne
596 2764 770 2821 inedia
792 2768 1173 2837 conficeretur,
1204 2770 1342 2828 lacte
1364 2787 1464 2828 suo
1490 2775 1641 2829 aluit.
1669 2775 1864 2832 Narrat

263 2862 450 2910 autem
486 2856 724 2925 Plinius,
770 2876 836 2915 ac
866 2870 988 2931 post
1019 2860 1168 2917 illum
1208 2862 1426 2921 Solinus
1456 2866 1511 2921 in
1539 2869 1663 2923 facti
1701 2867 1862 2941 huius

262 2950 586 3005 memoriam
620 2952 894 3009 conditum
923 2954 1114 3011 eodem
1148 2956 1200 3012 in
1229 2972 1468 3029 carcere,
1499 2961 1561 3018 C.
1584 2963 1857 3035 Quinctio,

261 3050 328 3097 et
352 3041 420 3097 Μ.
444 3044 618 3101 Acilio
646 3047 987 3116 consulibus,
1018 3049 1236 3108 Pietatis
1262 3055 1548 3127 templum,
1581 3057 1670 3114 ubi
1702 3057 1858 3115 thea-

264 3144 413 3191 trum
455 3137 696 3196 Marcelli
741 3151 877 3198 erat.
934 3142 1047 3199 Nec
1073 3144 1267 3202 desunt
1313 3149 1404 3219 qui
1452 3152 1762 3208 existiment
1795 3153 1858 3209 il-
1888 3181 1938 3249 α

263 3229 364 3285 iud
415 3234 589 3303 ipsum
634 3250 797 3304 esse,
859 3245 1002 3308 quod
1057 3237 1286 3297 Marcius
1348 3243 1553 3300 Acilius
1600 3242 1857 3314 Glabrio,

260 3332 330 3379 ut
380 3326 455 3380 ait
521 3325 736 3396 Livius,
809 3328 862 3384 in
911 3329 1030 3387 loro
1054 3332 1308 3403 SOiitorio
1356 3338 1589 3406 positum
1644 3338 1859 3395 dedica-

262 3419 343 3473 vit
368 3419 550 3491 (Plin.
572 3464 587 3486 ,
621 3425 659 3476 ι.
694 3439 733 3477 ιι
774 3422 966 3480 Natur.
996 3427 1117 3481 hist.
1151 3445 1267 3498 cap.
1297 3430 1402 3499 56,
1434 3451 1487 3504 ρ.
1515 3433 1625 3501 5“Ι;
1659 3433 1855 3503 Salin.,

262 3506 523 3583 Polynici.
550 3557 565 3582 ,
597 3532 715 3587 cap.
746 3518 799 3584 ‘l,
830 3534 948 3591 pag.
980 3520 1037 3574 il
1071 3538 1086 3586 ;
1118 3518 1230 3577 Liv.
1260 3568 1273 3590 ,
1309 3522 1397 3580 lib.
1426 3524 1499 3581 40
1524 3568 1538 3592 ,
1572 3540 1688 3598 cap.
1719 3528 1787 3584 54
1810 3529 1854 3601 ).

340 3604 422 3660 Ab
468 3609 653 3663 eodem
710 3609 859 3666 Livio
902 3611 1079 3668 adhuc
1130 3617 1434 3687 accepimus
1476 3634 1506 3674 a
1549 3620 1611 3675 C.
1670 3616 1857 3678 Flavio

261 3697 437 3754 (edem
475 3700 776 3758 Concordia:
820 3706 871 3760 in
912 3721 1036 3763 arca
1076 3707 1303 3766 Vulcani
1335 3726 1707 3770 consecratam
1738 3760 1751 3781 ,
1802 3722 1857 3772 et

264 3792 431 3848 aliam
451 3837 466 3861 ,
492 3806 648 3866 quam
678 3799 949 3855 Duumviri
970 3844 985 3866 ,
1012 3801 1079 3858 ad
1109 3818 1228 3859 eam
1260 3818 1375 3862 rem
1405 3810 1573 3864 creati
1594 3851 1610 3877 ,
1641 3811 1695 3865 in
1728 3822 1855 3868 arce

260 3884 566 3943 locat-erunt
599 3888 618 3962 (
646 3890 823 3958 Idem,
854 3893 941 3949 lib.
977 3898 1049 3960 Iit,
1085 3912 1199 3967 cap.
1228 3896 1330 3967 46,
1364 3911 1409 3954 et
1438 3900 1525 3955 lib.
1557 3918 1667 3957 xxn
1688 3946 1703 3969 ,
1734 3914 1850 3976 cap.

257 3978 335 4033 '53
362 3981 401 4047 j.
449 3979 723 4036 Testatum
773 3985 932 4039 etiam
980 3984 1170 4043 Cicero
1201 3986 1326 4046 facit
1349 4034 1363 4058 ,
1398 3991 1555 4048 Cotta
1586 3997 1809 4051 consule
1833 4042 1847 4063 ,

258 4073 518 4142 templum
548 4075 866 4147 Coucordice,
910 4088 1108 4137 tactum
1135 4083 1203 4139 de
1229 4076 1370 4142 caelo
1398 4088 1583 4158 fuisse,
1617 4098 1671 4146 et
1710 4091 1854 4148 illius

255 4179 474 4235 quoque
502 4171 708 4225 mentio
737 4173 788 4225 in
818 4171 1006 4229 Dionis
1039 4172 1284 4245 historia,
1316 4190 1370 4235 et
1400 4179 1552 4236 lastis
1581 4180 1854 4255 Magistra-

258 4267 411 4310 tuum
438 4275 782 4317 romanorum
812 4265 948 4320 facta
978 4277 1059 4322 est
1080 4269 1266 4340 (Cicer.
1293 4314 1308 4338 ,
1339 4266 1427 4325 lib.
1486 4289 1523 4327 ιι
1566 4275 1629 4328 de
1660 4274 1847 4331 Natur.

255 4351 401 4407 deor.
428 4396 441 4417 ,
475 4373 593 4427 pag.
633 4358 742 4414 215
765 4401 779 4425 ,
812 4359 904 4415 lin.
943 4362 1012 4426 5';
1060 4372 1106 4416 et
1132 4364 1218 4418 lib.
1276 4382 1293 4420 ι
1334 4368 1398 4420 de
1428 4365 1653 4423 Divinat.
1682 4412 1697 4437 ,
1729 4386 1848 4444 pag.

250 4444 385 4511 252;
412 4447 588 4516 Diom,
624 4451 710 4505 lib.
741 4466 867 4507 XLIV
919 4452 1069 4509 liam.
1096 4454 1239 4525 hist,
1265 4472 1386 4531 pag.
1410 4456 1538 4529 275,
1568 4473 1613 4516 et
1632 4472 1752 4519 tom.
1799 4480 1852 4520 ιιι

1531 286 1597 347 ΙΝ
1634 286 2011 365 ARNOBIUM,
2051 290 2204 357 CAP.
2243 298 2387 358 XXI.

1905 400 1962 469 Α
1985 413 2173 469 consul
2201 415 2343 471 bello
2375 415 2699 477 Samnitium
2724 434 2970 497 voverat,
3000 444 3031 486 a
3063 431 3123 487 C.
3158 432 3320 491 Iunio
3341 437 3584 499 Bubulco

3479 326 3585 386 614

1986 504 2375 563 exaediﬁcatam
2403 509 2572 568 fuisse
2592 555 2607 580 ,
2655 525 2711 570 et
2734 516 2801 573 ab
2826 520 2942 588 ipso
2970 521 3241 584 Dictatore
3275 529 3581 592 dedicatam

1987 595 2004 666 (
2035 594 2171 663 Liu.,
2202 599 2289 653 lib.
2317 615 2389 665 ix,
2413 618 2529 674 cap.
2555 606 2645 672 45,
2676 617 2723 662 et
2747 610 2837 665 lib.
2864 627 2917 677 ιι,
2946 630 3063 685 cap.
3091 618 3115 672 i
3141 616 3185 690 ).

2056 691 2251 748 Narrat
2279 707 2540 765 praeterea
2570 699 2715 755 idem
2749 702 2953 771 Livius,
2996 709 3082 765 cui
3114 710 3431 773 Plutarchus
3464 719 3582 774 sui-

1984 785 2265 857 lragatur,
2322 790 2635 850 Marcellum
2682 797 2826 853 bello
2865 800 3070 860 Gallico
3111 806 3177 863 ad
3223 809 3578 886 Clastidium,

1985 875 2191 932 Honori
2216 888 2265 934 at
2305 879 2497 938 Virtuti
2523 887 2734 945 vovisse
2762 891 2955 961 auiam,
2997 892 3153 967 cujus
3179 899 3448 961 dedicatio
3476 875 3575 962 im:

1984 972 2166 1040 pedita
2194 985 2278 1031 est
2305 990 2333 1030 a
2364 980 2744 1050 pontiﬁcibus,
2776 987 2867 1055 qui
2897 991 3165 1061 negabant
3195 1011 3356 1053 unam
3382 996 3579 1058 cellam

1982 1065 2234 1135 amplius,
2260 1084 2420 1139 quam
2452 1073 2546 1128 uni
2573 1074 2676 1131 deo
2705 1078 2809 1134 rite
2834 1081 3072 1139 dedicari
3102 1086 3266 1159 (Lis.,
3295 1091 3384 1147 lib.
3409 1109 3578 1163 xxvu,

1979 1171 2095 1225 cap.
2126 1158 2239 1226 25;
2282 1158 2554 1222 Plutarch.
2584 1211 2598 1228 .
2640 1171 2694 1224 in
2724 1173 2813 1227 ait.
2848 1158 3118 1249 Marcelli,
3158 1198 3277 1256 pag.
3306 1186 3415 1243 5M
3437 1187 3480 1260 ).
3510 1158 3581 1247 At

1982 1248 2229 1309 Valerius
2260 1255 2526 1315 Maximus
2554 1260 2870 1324 testiﬁcatur
2894 1248 3192 1331 memorata
3221 1248 3313 1332 illa
3342 1248 3570 1350 pontiﬁ-

1980 1355 2103 1399 cum
2149 1345 2521 1407 admonitione
2561 1353 2850 1425 allectum;
2903 1370 2958 1415 ut
3006 1363 3287 1423 Marcellus
3328 1345 3579 1442 caperetis

1979 1435 2177 1492 (edibus
2208 1439 2437 1497 Honoris
2466 1460 2528 1499 ac
2563 1444 2769 1504 Virtutis
2797 1453 3076 1511 simulacra
3103 1435 3406 1536 statueretl
3447 1464 3563 1523 Val.

1979 1527 2127 1584 Max.
2154 1571 2170 1600 ,
2210 1534 2300 1590 lib.
2330 1549 2344 1589 l
2370 1577 2384 1601 ,
2418 1536 2676 1633 §8,-pag.
2709 1541 2815 1614 9).
2851 1544 3147 1620 Utriusque
3182 1563 3367 1611 autem
3392 1527 3576 1633 templi

1976 1625 2305 1687 mentionem
2335 1629 2460 1685 fecit
2491 1630 2798 1703 Vitruvius,
2823 1643 3279 1709 quemadmodum
3311 1625 3567 1723 Symma.

1974 1716 2108 1773 chus
2132 1719 2220 1789 qui
2242 1720 2311 1775 ad
2340 1722 2637 1781 Ausonium
2667 1726 2783 1785 haec
2809 1733 3025 1803 scripsit
3052 1735 3107 1791 in
3137 1740 3299 1795 verba
3327 1716 3391 1797 (ι
3416 1742 3563 1802 Bene

1975 1824 2037 1866 ac
2060 1814 2337 1882 sapienter
2379 1817 2613 1888 majores
2643 1825 2851 1891 nostri,
2903 1836 2962 1882 ut
2989 1839 3119 1886 sunt
3151 1833 3275 1889 alia
3301 1838 3477 1894 atatis
3503 1840 3570 1895 ii-

1971 1903 2096 1969 lius,
2126 1905 2269 1961 mdes
2296 1907 2503 1965 Honori
2533 1919 2698 1984 atque
2722 1915 2916 1974 Virtuti
2953 1924 3210 1991 gemellas
3224 1926 3459 1997 junctim
3492 1931 3575 1989 lo-

1971 2004 2160 2051 carant
2179 2038 2193 2062 ,
2225 2002 2517 2057 commenti
2546 2006 2689 2075 quod
2715 2008 2768 2062 in
2800 2017 2851 2064 te
2874 2011 3111 2071 vidimus
3133 2054 3149 2083 ,
3179 2017 3253 2074 ibi
3273 2034 3399 2077 esse
3427 2039 3568 2093 prte-

1973 2087 2082 2140 mia
2111 2087 2336 2147 honoris
2355 2135 2369 2160 ,
2408 2094 2494 2150 ubi
2524 2108 2651 2153 sunt
2671 2103 2863 2158 merita
2888 2106 3123 2165 virtutis.
3156 2130 3177 2163 ι
3208 2087 3573 2177 Ριίιιὶιιε-νθιιο

1969 2176 2109 2234 hanc
2139 2179 2369 2241 Honoris
2412 2197 2460 2241 et
2508 2187 2720 2247 Virtutis
2756 2194 2926 2253 aedem
2968 2200 3038 2255 ab
3076 2201 3412 2275 Vespasiano
3450 2176 3567 2269 Au;

1967 2281 2126 2342 gusto
2167 2276 2469 2333 restitutam
2522 2280 2690 2339 luisse
2728 2286 2967 2344 tradidit.
3023 2292 3267 2365 Denique
3304 2314 3374 2356 es
3411 2301 3568 2360 Livio

1967 2379 2182 2420 rursum
2229 2367 2490 2427 discimus
2533 2375 2677 2431 aliud
2718 2381 2974 2450 templum
3025 2383 3244 2444 Virtutis
3270 2406 3304 2446 a
3328 2393 3400 2448 Μ.
3433 2395 3569 2453 Mar-

1967 2460 2105 2515 cello
2128 2506 2142 2529 ,
2188 2467 2473 2521 memorati
2504 2484 2532 2522 a
2570 2471 2726 2526 nobis
2767 2473 3007 2533 Marcelli
3049 2478 3167 2536 lilio
3191 2523 3208 2550 ,
3248 2483 3318 2541 ad
3351 2499 3563 2557 portam

1966 2549 2237 2622 Capenam
2290 2571 2667 2619 consecratum
2693 2566 2713 2636 (
2752 2564 2950 2624 Vitruo.
2976 2614 2991 2639 ,
3027 2572 3117 2627 lib.
3146 2549 3241 2644 ιιι,
3422 2580 3450 2637 1
3475 2625 3490 2650 ,
3521 2593 3570 2640 et

1967 2646 2059 2701 lib.
2086 2664 2177 2714 vn,
2201 2650 2255 2704 in
2281 2650 2536 2718 Pratum;
2559 2655 2877 2727 Symmach,
2900 2658 2986 2719 lib.
3014 2670 3053 2732 ι,
3082 2669 3228 2737 epist.
3263 2646 3358 2739 ιιξ
3394 2646 3563 2746 Plin.,

1966 2738 2055 2792 lib.
2087 2756 2227 2795 xxxv
2255 2741 2449 2801 Natur.
2481 2747 2626 2817 Ιιὶει.9
2652 2767 2771 2821 cap.
2805 2753 2893 2820 10,
2942 2774 2997 2826 p.
3023 2757 3166 2827 ΕΗ
3198 2760 3331 2832 Liv.,
3361 2765 3455 2822 lib.
3479 2738 3561 2838 ix,

1965 2848 2080 2902 cap.
2116 2835 2173 2889 11
2213 2838 2254 2904 ).

2038 2927 2118 2981 Ad
2172 2927 2495 2988 Felicitatem
2537 2937 2683 3006 quod
2719 2953 2965 3010 spectat;
3027 2949 3183 3007 testis
3230 2960 3317 3010 est
3356 2956 3563 3018 Plinius

1962 3016 2104 3074 facta
2156 3020 2324 3080 fuisse
2349 3040 2379 3079 a
2412 3027 2682 3087 Praxitele
2723 3034 2831 3089 duo
2869 3037 3057 3109 signa,
3102 3059 3223 3115 qua:
3247 3058 3375 3107 ante
3401 3016 3563 3125 hujus

1965 3111 2254 3172 Felicitatis
2280 3120 2451 3175 aedem
2492 3126 2670 3191 posita
2709 3127 2926 3186 fuerant
2951 3132 2972 3205 (
3000 3111 3147 3193 Plin.
3168 3174 3184 3207 ,
3215 3140 3307 3199 lib.
3356 3111 3558 3219 xxxiv,

1966 3224 2084 3278 cap.
2111 3209 2145 3265 8
2170 3252 2185 3276 ,
2216 3228 2336 3284 pag.
2366 3214 2471 3271 120
2495 3216 2535 3287 ).
2585 3216 2832 3277 Ciceroni
2860 3234 3041 3283 autem
3067 3231 3115 3286 si
3143 3233 3338 3293 eredas
3361 3281 3376 3306 ,
3404 3258 3428 3293 ε
3463 3209 3561 3299 Ille

1964 3302 2026 3356 L.
2067 3303 2386 3372 Memmius,
2418 3309 2579 3364 sicuti
2609 3312 2877 3386 loquitur,
2908 3318 3159 3394 Thaspiis
3186 3343 3248 3382 ea
3275 3372 3291 3394 ,
3336 3302 3458 3403 quae
3491 3337 3560 3393 ad

1962 3394 2133 3451 tndem
2166 3396 2464 3455 Felicitatis
2501 3412 2628 3459 sunt
2652 3446 2667 3471 ,
2706 3417 3017 3482 czateraque
3076 3418 3300 3486 profana
3339 3394 3409 3481 ex
3462 3426 3559 3483 ilio

1961 3490 2159 3560 oppido
2200 3492 2351 3563 signa
2391 3498 2628 3554 sustulit.
2670 3519 2689 3553 ι
2740 3500 2761 3574 (
2789 3503 2987 3574 Ciam,
3016 3521 3150 3566 orat.
3181 3528 3264 3583 tv,
3293 3516 3350 3573 in
3385 3517 3555 3590 Vcrr.,

1960 3598 2079 3654 pag.
2115 3583 2252 3651 i60,
2286 3586 2380 3642 lin.
2405 3589 2496 3644 59.
2529 3591 2550 3659 )
2579 3592 2671 3648 ‘Ab
2705 3593 2875 3653 Dione
2899 3614 3096 3669 porro,
3136 3606 3472 3678 Augustino,
3501 3583 3558 3671 et

1958 3672 2080 3729 aliis
2111 3675 2306 3734 factum
2334 3680 2512 3737 adhuc
2534 3683 2769 3755 legimus
2794 3692 2979 3762 templi
3010 3672 3296 3755 Felicitatis
3323 3672 3558 3762 mentim

1957 3783 2079 3825 netu
2115 3769 2344 3842 (Diom,
2398 3775 2486 3829 lib.
2552 3794 2687 3833 xuv.
2728 3779 2928 3840 Hister.
2968 3802 3193 3858 romam,
3240 3806 3363 3866 pag.
3410 3796 3550 3867 978;

1956 3862 2171 3932 August.
2198 3907 2214 3931 ,
2238 3865 2328 3921 lib.
2356 3882 2410 3922 Iv
2454 3870 2518 3925 de
2542 3870 2693 3929 Civil.
2719 3913 2737 3943 ,
2786 3893 2905 3949 cap.
2938 3880 3006 3937 18
3031 3892 3080 3938 ct
3105 3884 3199 3954 35,
3225 3862 3350 3961 pag.
3377 3892 3481 3949 £00

1958 3954 2061 4009 tot
2080 3953 2121 4025 ).

2027 4050 2372 4111 Postlmmius
2397 4066 2577 4115 autem
2602 4102 2616 4127 ,
2643 4063 2689 4118 si
2719 4064 2873 4123 Livio
2901 4069 3069 4141 ﬁdes,
3105 4092 3126 4128 ς
3159 4078 3333 4136 tndem
3360 4082 3551 4141 Victo-

1954 4146 2083 4211 riae,
2131 4164 2292 4218 quam
2320 4151 2496 4209 aedilis
2521 4157 2728 4213 curulis
2760 4176 2828 4215 ex
2860 4166 3181 4226 mulctatitia
3212 4178 3439 4244 pecunia
3470 4179 3553 4237 fa-

1954 4241 2201 4296 ciendam
2233 4257 2552 4317 curaverat,
2597 4251 2886 4312 dedicavit.
2921 4276 2945 4311 ›η
2969 4259 2989 4334 (
3017 4260 3133 4318 Lis.
3158 4306 3174 4332 ,
3204 4241 3296 4324 lib.
3323 4286 3356 4326 ι
3382 4312 3396 4339 ,
3430 4290 3546 4345 cap.

1955 4335 2044 4389 as.
2059 4332 2085 4401 )
2110 4336 2231 4391 ΑΙιο
2253 4336 2431 4394 adhuc
2456 4341 2509 4396 in
2542 4342 2683 4399 libro
2702 4347 2835 4403 alias
2864 4332 3096 4422 duplicis
3125 4332 3550 4424 Victoriaevtedes

1955 4425 2039 4482 bis
2069 4429 2247 4485 verbis
2290 4446 2682 4493 commemorat
2713 4456 2726 4494 :
2761 4457 2781 4491 ι
2818 4440 3118 4503 [Εάίοιιιιιηι
3151 4451 3404 4513 Victoria
3440 4461 3551 4516 vir-

253 4539 506 4608 Antiquit.
538 4559 691 4610 rom.,
726 4562 845 4616 pag.
872 4542 975 4601 189
1075 4522 1437 4615 Quamobrem
1464 4522 1694 4610 canebat
1723 4556 1850 4611 Ovi-

1964 4522 2115 4592 ginis,
2147 4542 2315 4598 prope
2334 4531 2506 4586 eodem
2538 4532 2789 4592 Victoriae
2817 4538 2887 4594 M.
2922 4540 3143 4601 Porcius
3168 4548 3305 4607 Cato
3330 4553 3550 4613 dedica-

254 4634 382 4689 dius
411 4654 424 4687 :

353 4772 425 4823 Te
442 4786 642 4839 guoque
660 4778 911 4839 magniﬁca
932 4778 1195 4831 Concordia
1216 4782 1411 4835 dedicat
1428 4785 1534 4836 inde

442 4834 595 4897 Livia,
620 4834 763 4901 quam
785 4842 934 4890 charo
956 4845 1180 4904 przestitit
1205 4834 1285 4895 illa
1308 4847 1428 4896 viro.

783 4921 943 4987 0vid.,
966 4921 1049 4976 lib.
1070 4941 1118 4977 v1
1135 4927 1346 4991 Fastor.,
1365 4936 1474 4982 ante
1487 4929 1599 4995 ﬁn.)

245 5068 362 5125 Sed
401 5068 516 5124 inec
543 5086 639 5140 pro
677 5073 875 5129 merito
905 5073 1097 5130 irridet
1116 5085 1171 5131 et
1201 5078 1444 5148 expiodit
1474 5084 1838 5151 Augustinus,

244 5176 416 5232 quem
442 5162 589 5233 adire
621 5166 819 5231 poteris
849 5166 869 5239 (
896 5167 1055 5239 Aug.,
1104 5168 1194 5224 lib.
1225 5186 1281 5227 ut
1306 5171 1372 5227 de
1398 5170 1572 5239 Οἰνία..
1597 5190 1713 5246 cap.
1748 5175 1836 5243 25,

241 5270 375 5327 pag.
401 5254 471 5309 ss
492 5254 529 5326 ).

1954 4616 2057 4683 vit,
2101 4618 2322 4676 biennio
2361 4633 2638 4696 postquam
2686 4632 2855 4693 vovit.
2898 4635 3183 4707 1(ldem,
3236 4641 3326 4700 lib.
3376 4662 3544 4719 xxxv,

1952 4726 2069 4780 cap.
2105 4710 2207 4783 9.)
2243 4713 2538 4773 Pausanias
2586 4735 2801 4793 quoque
2825 4764 2839 4789 ,
2886 4736 2940 4781 et
2983 4728 3272 4804 Dionysius
3306 4710 3548 4797 Halicar;

1951 4818 2179 4859 nasseus
2202 4807 2271 4862 de
2310 4807 2550 4866 Victoria
2575 4812 2703 4869 lano
2726 4816 3019 4887 loquuntur
3045 4820 3307 4896 (Pausan,
3336 4873 3350 4898 ,
3377 4833 3467 4890 lib.
3502 4851 3541 4905 ι,

1949 4910 2069 4966 pag.
2114 4896 2220 4962 20;
2266 4898 2485 4971 Diongs.
2542 4903 2778 4960 Halicar.
2807 4949 2822 4974 ,
2868 4912 2955 4965 lib.
3004 4928 3021 4967 ι
3082 4896 3344 4989 Antiquit.
3382 4896 3538 4995 rem,

1949 5008 2070 5064 pag.
2113 4993 2186 5048 26
2215 4994 2255 5066 ).
2296 4995 2406 5052 Nos
2433 4998 2597 5054 etiam
2627 5002 2759 5057 alibi
2789 5006 3271 5069 animadvertimus
3295 4993 3542 5090 Symma-

1947 5084 2144 5149 chum,
2188 5102 2311 5143 cuin
2350 5089 2421 5144 ab
2448 5089 2779 5162 imperatore
2807 5096 3187 5159 Valentiniano
3212 5084 3545 5176 postulasset

1947 5195 2095 5236 aram
2134 5182 2379 5237 Victoriae
2405 5185 2461 5238 in
2492 5187 2641 5242 curia
2672 5190 2919 5258 restitui,
2960 5194 3030 5250 ab
3052 5198 3347 5258 Ambrosio
3372 5204 3541 5265 luisse

1942 5274 2276 5330 confutatam
2305 5276 2554 5347 (Observ.
2577 5282 2631 5335 in
2662 5282 2897 5340 Ambros.
2920 5327 2936 5355 ,
2967 5290 3119 5358 epist.
3149 5288 3217 5350 i8
3236 5338 3250 5364 ,
3284 5302 3333 5351 et
3378 5299 3537 5371 Synt-

322 5344 516 5403 Cicero
552 5360 731 5404 autem
772 5366 879 5406 non
922 5352 1095 5409 solius
1121 5353 1450 5425 Concordia,
1489 5360 1585 5415 sed
1630 5359 1839 5418 Virtutis
1943 5370 2112 5422 much.
2142 5344 2325 5436 relat.,
2357 5379 2480 5425 tom.
2512 5374 2613 5447 ιι).

240 5442 418 5499 etiam
442 5482 459 5508 ,
500 5441 761 5512 Honoris,
790 5445 995 5502 Salutis
1038 5457 1086 5503 et
1139 5449 1374 5508 Victoria:
1426 5454 1622 5524 templa
1646 5498 1663 5522 ,
1699 5465 1836 5512 temo

2019 5460 2283 5516 Discimus
2307 5470 2575 5531 praeterea
2601 5474 2669 5522 es
2693 5467 2956 5527 Suetonio
2979 5476 3254 5535 conditum
3274 5492 3305 5536 a
3336 5482 3536 5555 VcSpa-

240 5552 414 5608 quam
439 5538 687 5593 omnibus
714 5547 839 5595 nota
871 5551 1157 5597 memorat.
1203 5544 1312 5599 Nos
1338 5555 1519 5601 autem
1558 5548 1841 5606 admonuit
1939 5554 2094 5609 siano
2126 5553 2461 5625 imperatore
2493 5563 2763 5631 templum
2799 5564 2959 5623 Pacis
2982 5611 2995 5635 ,
3044 5570 3163 5629 foro
3188 5577 3491 5645 proximum
3516 5628 3531 5652 ,

242 5630 508 5652 .-__.-__-
562 5630 789 5652 ηληηε-
834 5648 853 5652 -
902 5631 946 5652 ι.
1309 5638 1376 5652 ...
2010 5646 2021 5652 -
2138 5648 2212 5652 μ-
2264 5649 2273 5652 _
2443 5651 2446 5652 ν

242 5630 512 5696 templum
560 5630 793 5687 Honoris
829 5648 860 5686 a
899 5631 968 5687 Μ.
1007 5634 1261 5691 Marcello
1306 5638 1471 5695 fuisse
1514 5652 1833 5699 renovatum
1935 5646 2092 5717 cujus
2136 5648 2380 5720 Plinius,
2416 5630 2764 5724 Xiphilinus,
2789 5630 3060 5729 loseplies

244 5721 495 5793 (Ciam,
553 5723 639 5778 lib.
683 5725 721 5780 ιι
759 5724 822 5779 de
859 5723 1048 5782 Natar.
1079 5727 1254 5795 deam,
1297 5747 1415 5802 pag.
1443 5733 1583 5801 sas,
1615 5736 1706 5791 lin.
1732 5736 1833 5807 6).
1936 5755 2093 5797 nere.
2133 5741 2416 5801 Cbimenis
2455 5721 2639 5804 autem
2685 5721 2865 5806 sum.
2909 5721 3207 5814 antistante
3248 5721 3541 5837 siligo;

240 5810 435 5871 Livius
464 5830 591 5871 vero
617 5818 893 5875 memoria.
925 5820 1158 5888 prodidit
1200 5822 1371 5882 aedem
1408 5827 1603 5885 Salutis
1624 5870 1641 5897 ,
1670 5845 1829 5901 quam
1936 5832 2164 5892 Romam
2213 5835 2266 5891 in
2310 5836 2472 5896 Pacis
2514 5840 2773 5909 templum
2811 5810 3220 5915 deportatawes't
