4172 6252
622 253 727 311 613

1881 204 2332 274 DlSSERTATlO
2369 201 2648 262 PRIEVIA

3805 175 3910 233 6l6

623 368 677 422 in
717 361 820 416 Vit.
864 357 1099 424 Vespas.,
1139 362 1258 418 cap.
1299 344 1370 409 9,
1418 355 1539 412 pag.
1584 335 1718 402 759;
1780 332 1958 399 Plin.,
2003 331 2092 384 lib.
2139 341 2258 384 xu,

2357 325 2403 378 κζ
2441 326 2536 394 νεῲ
2575 320 2870 390 Gauisus-tos,
2912 317 3000 370 καὶ
3045 307 3226 372 σκηναὶ
3272 307 3418 384 πέριξ
3458 303 3789 379 ὑπερήφανοι,
3823 299 3910 350 καὶ

2512 422 2528 424 ~
2614 411 2638 424 λ
2748 409 2827 424 οι
3129 407 3138 422 ε
3381 393 3600 424 λψς--
3679 389 3774 424 :3-
3824 391 3910 424 ..ης

630 420 767 516 Hist.
792 420 985 518 natum,
1011 464 1126 516 cap.
1165 443 1250 510 l9,
1281 457 1402 512 pag.
1432 436 1520 501 56,
1552 445 1598 489 et
1628 432 1716 486 lib.
1741 444 1930 493 χχχιιι,
1958 441 2074 518 cap.
2103 420 2167 518 l5
2199 460 2213 483 ,

629 513 748 624 pag.
776 547 902 611 509,
936 513 981 597 et
1007 513 1159 604 alibi;
1185 532 1414 606 Xipltil.,
1441 529 1617 600 episl.,
1650 542 1767 598 pag.
1791 522 1889 576 221
1913 536 1930 582 ;
1959 513 2173 584 Joseplt.
2199 553 2214 578 ,

628 609 721 697 libi
749 655 822 694 vn
862 609 924 690 de
962 632 1108 688 Bello
1125 629 1246 702 jud.
1275 669 1290 695 ,
1323 641 1440 696 cap.
1471 622 1541 677 ‘24
1565 661 1581 688 ,
1615 635 1734 690 pag.
1780 613 1885 670 979
1910 629 1927 678 ;
1959 609 2214 672 Pausan.,

629 735 716 789 lib.
748 749 825 797 vr,
846 743 968 802 pag.
999 725 1100 781 l79
1128 721 1172 796 ).

628 850 635 881 ι
703 790 988 896 Equitalis
1013 790 1227 874 tandem
1248 814 1467 870 nomine
1491 805 1763 865 Arnobius
1781 799 2045 872 justitiam
2071 790 2218 848 haud

631 886 804 983 dubie
837 917 1118 988 intelligit,
1166 913 1234 969 de
1257 925 1359 982 qua
1387 905 1609 962 Ovidius
1646 898 1858 956 videtur
1888 895 2004 950 haec
2035 886 2222 946 condi.

633 1021 779 1077 disse
803 1013 1043 1072 carmina
1075 1029 1088 1064 :

727 1108 955 1168 Prtncipe
981 1116 1082 1168 nec,
1095 1108 1260 1151 nostro
1279 1097 1404 1148 deus
1420 1098 1507 1168 est.
1524 1086 1821 1168 moderatior
1845 1079 1973 1131 ullus
1997 1092 2008 1126 :

817 1155 1014 1220 iustitia
1041 1167 1173 1215 vires
1192 1164 1438 1223 temperat
1461 1155 1546 1204 ille
1562 1163 1693 1201 suas.

727 1207 1023 1297 Νι]ιέἕῖ
1043 1207 1376 1297 ieéir'fa’qtb
1393 1220 1728 1297 deinarmore
1751 1207 1954 1297 templo,

821 1276 1142 1356 iampridem
1166 1276 1328 1352 posuit
1348 1282 1527 1332 mentis
1549 1281 1598 1328 in
1622 1276 1727 1325 aede
1751 1285 1873 1322 sum.

802 1348 989 1444 (Ouidj,
1009 1375 1090 1427 lib.
1113 1348 1183 1434 tu,
1208 1384 1270 1423 ea:
1288 1373 1454 1426 Pont.,
1479 1363 1618 1430 epist.
1644 1363 1693 1422 6,
1719 1371 1845 1408 vers.
1869 1355 1934 1403 23
1949 1359 1996 1403 et
2010 1348 2162 1412 seqq.)

637 1493 864 1564 Quidam
897 1499 1078 1544 tamen
1107 1486 1335 1540 censent
1366 1473 1501 1531 nihil
1530 1471 1600 1526 de
1628 1485 1694 1524 eo
1715 1463 1919 1534 templo
1949 1458 2088 1530 apud
2117 1454 2232 1564 ido-

642 1603 772 1644 neos
802 1593 1053 1640 auctores
1097 1571 1367 1637 inveniri,
1411 1576 1573 1637 atque
1618 1561 1820 1616 idcirco
1854 1563 2067 1626 poetam
2099 1548 2234 1603 allu-

641 1684 780 1738 sisse
815 1677 882 1733 ad
921 1673 1104 1730 Martis
1152 1665 1341 1724 ultoris
1382 1660 1553 1716 aedem
1581 1698 1596 1724 ,
1643 1647 2076 1726 quandoquidem
2114 1643 2234 1697 vin-

643 1776 805 1840 dicta,
850 1771 918 1826 de
960 1782 1063 1839 qua
1093 1765 1326 1833 loquitur
1372 1753 1629 1816 Ovidius,
1688 1762 1810 1817 pars
1858 1741 2104 1815 quaedam
2150 1746 2235 1792 est
2263 1720 2310 1780 Β

639 1865 882 1941 justitiae.
933 1830 1134 1916 Verum
1164 1830 1437 1921 numquid
1480 1842 1749 1901 Arnobius
1795 1851 1903 1892 non
1943 1835 2074 1889 satis
2116 1830 2234 1885 ido-

647 1925 781 2019 neus
808 1957 959 2015 testis
987 1949 1286 2015 habendus,
1319 1943 1410 2016 qui
1437 1956 1534 1997 suo
1563 1938 1742 1993 adhuc
1770 1945 2013 2001 tempore
2039 1925 2236 1998 Αῐᾳιιὶη

648 2067 840 2121 tatem,
890 2051 1028 2105 sicut
1071 2043 1336 2099 Victoriam
1377 2050 1424 2092 et
1468 2034 1655 2089 Pacem
1695 2028 1895 2098 templo
1920 2040 1952 2079 a
1981 2020 2238 2080 Romanis

650 2116 965 2204 honoratam
999 2136 1273 2194 affirmat?
1299 2133 1468 2187 Porro
1493 2137 1670 2182 autem
1694 2120 1972 2179 iuvenalis
2001 2116 2234 2188 plurium

649 2242 872 2295 deorum
901 2277 916 2302 ,
960 2232 1029 2287 ab
1074 2232 1307 2284 Auctore
1347 2231 1532 2278 nostro
1572 2217 1887 2273 nominatim
1929 2208 2231 2280 appellato-

649 2351 792 2400 rum,
824 2329 1017 2399 templa
1043 2326 1126 2380 his
1157 2321 1368 2379 duobus
1394 2316 1640 2372 versibus
1667 2305 2077 2381 comprehendit
2111 2321 2125 2361 :

744 2445 812 2496 Ut
829 2443 1002 2493 colitur
1024 2439 1124 2488 Pax
1150 2444 1297 2498 atque
1320 2431 1488 2498 Fides,
1522 2427 1754 2498 Victoria,
1771 2424 1962 2498 Xirtus,

747 2487 1198 2570 Quaequevsalutato
1219 2487 1429 2558 crepitat
1447 2491 1713 2544 Concordia
1736 2487 1866 2538 nido.

1029 2581 1304 2652 (Juvenal.,
1330 2577 1466 2632 salir.
1494 2579 1542 2637 1,
1567 2588 1694 2627 vers.
1720 2574 1809 2623 1M
1833 2578 1879 2623 et
1901 2567 2058 2634 seqq.)

655 2705 766 2762 Nos
785 2714 920 2780 [vero
947 2695 1015 2752 de
1046 2694 1112 2750 iis
1138 2687 1336 2760 aliquid
1363 2685 1491 2741 alibi
1534 2682 1808 2752 attigimus
1853 2679 2020 2748 (tom.
2075 2689 2093 2727 1
2141 2669 2247 2740 Ap-

658 2803 853 2869 parat.,
883 2806 1004 2862 pag.
1034 2784 1139 2841 766
1169 2783 1210 2855 ).

730 2857 859 2945 lure
885 2857 1059 2955 igitur
1088 2876 1282 2934 merito
1309 2868 1582 2928 Arnobius
1618 2862 1986 2936 stupiditatem
2015 2857 2252 2926 exagitat

658 2949 980 3054 gentilium,
1035 2972 1126 3045 qui
1177 2963 1562 3024 commentitiis
1619 2954 1885 3028 ejusmodi
1941 2949 2252 3006 numinibus

663 3043 860 3144 iempla
906 3043 1323 3125 adificaverant.
1351 3056 1460 3114 Sed
1499 3051 1754 3125 praevium
1795 3045 1938 3101 haud
1965 3043 2129 3099 dubie
2157 3057 2249 3096 se-

661 3135 818 3224 cutus
863 3172 948 3219 est
985 3159 1330 3218 Ciceronem,
1364 3151 1455 3221 qui
1512 3148 1626 3202 haec
1673 3140 2041 3198 conlutatioue
2105 3135 2251 3191 nulla

664 3259 903 3329 indigere
944 3254 1026 3308 his
1073 3248 1313 3307 declarat
1351 3242 1530 3300 verbis
1563 3257 1578 3294 :
1628 3257 1646 3292 ι
1679 3236 1816 3291 Νυιη
1857 3233 2020 3302 igitur
2058 3241 2252 3284 censes

664 3321 930 3412 subtiliori
959 3347 1168 3403 ratione
1191 3356 1327 3412 opus
1355 3352 1478 3394 esse
1504 3333 1572 3389 ad
1600 3332 1715 3387 haec
1745 3323 2081 3385 refellenda?
2120 3321 2253 3376 Nam

666 3455 904 3506 tuentem
930 3484 945 3509 ,
979 3439 1138 3494 fidem
1163 3478 1178 3502 ,
1207 3449 1357 3506 spem
1377 3474 1391 3498 ,
1430 3431 1676 3486 virtutem
1702 3467 1717 3492 ,
1746 3423 2010 3479 honorem
2037 3459 2050 3482 ,
2079 3418 2255 3472 victo-

667 3543 826 3607 riam,
855 3536 1108 3597 salutem,
1135 3526 1502 3591 concordiam,
1521 3530 1826 3589 casteraque
1852 3511 2140 3586 ejusmodi,
2172 3524 2256 3564 re-

667 3649 786 3691 rum
816 3632 922 3686 vim
951 3627 1152 3683 habere
1182 3622 1422 3680 videmus
1443 3659 1458 3683 ,
1483 3631 1592 3671 non
1620 3614 1869 3669 deorum.
1897 3608 2003 3663 Aut
2028 3607 2171 3661 enim
2203 3605 2256 3659 in

671 3726 939 3782 nobismet
965 3723 1147 3776 insunt
1173 3716 1322 3787 ipsis.
1352 3721 1412 3767 ut
1436 3724 1610 3774 tuens,
1644 3715 1703 3760 ut
1731 3704 1886 3768 fides,
1913 3710 1969 3755 ut
2001 3714 2123 3770 spes
2149 3739 2164 3765 ,
2203 3706 2261 3752 ut

670 3818 841 3873 virtus
865 3855 881 3880 ,
921 3824 982 3869 ut
1019 3807 1313 3867 concordia
1344 3823 1357 3858 :
1391 3811 1483 3858 aut
1509 3797 1760 3872 optandae
1800 3795 1956 3852 nobis
1995 3803 2119 3850 sunt
2143 3833 2158 3858 ,
2202 3799 2262 3846 ut

672 3912 864 3978 honos,
893 3918 953 3964 ut
976 3907 1122 3962 salus
1145 3945 1161 3972 ,
1189 3912 1249 3958 ut
1277 3899 1522 3955 victoria.
1551 3895 1787 3964 Quarum
1818 3905 1998 3946 rerum
2033 3886 2263 3941 utilitate

674 4004 836 4060 video
864 4001 1024 4058 etiam
1063 4002 1377 4053 consecrata
1415 3988 1726 4044 simulacra.
1773 3983 1952 4050 Quare
1988 3987 2166 4033 autem
2208 3975 2265 4030 in

673 4099 759 4155 his
779 4097 858 4153 vis
895 4096 1120 4152 deorum
1153 4089 1316 4155 insit,
1359 4097 1485 4140 tunc
1523 4081 1822 4150 intelligam
1851 4119 1867 4144 ,
1899 4091 2024 4131 cum
2066 4086 2264 4144 cogno—

674 4206 824 4248 vero.
863 4207 882 4243 t
911 4188 932 4261 (
959 4185 1093 4253 Cic.,
1116 4183 1204 4238 lib.
1262 4196 1319 4235 ιιι
1342 4179 1404 4234 de
1432 4176 1561 4232 Nat.
1588 4175 1754 4238 deor.,
1780 4188 1834 4242 p.
1857 4168 1985 4236 248,
2014 4169 2109 4222 lin.
2139 4162 2262 4233 Η.)

747 4286 845 4338 Ast
871 4258 932 4336 si-
960 4278 1077 4333 hate
1119 4272 1352 4347 gentium
1395 4270 1640 4338 impietas
1683 4263 1899 4320 etlmico
1943 4259 2144 4316 oratori
2185 4258 2269 4312 in-

676 4377 838 4449 digna
865 4373 980 4428 visa
1005 4372 1097 4433 sit,
1123 4382 1245 4440 quae
1276 4363 1574 4426 refellatur,
1603 4366 1804 4430 quanto
1826 4355 1996 4424 magis
2024 4351 2270 4408 confuta-

679 4445 825 4528 tidne
847 4466 953 4524 erit
981 4462 1195 4534 indigna
1221 4459 1380 4528 longe
1405 4453 1578 4525 major
1605 4449 1838 4506 amentia
1867 4445 2264 4519 IEgyptiorum,

679 4563 792 4635 qui,
824 4568 882 4616 ut
906 4557 983 4614 ait
1011 4555 1312 4618 Arnobius,
1346 4549 1569 4613 felibus,
1614 4543 1922 4610 scarabzeis,
1953 4550 2006 4596 et
2037 4539 2267 4604 baculis,

680 4632 793 4711 sive
823 4648 1052 4708 novellis
1096 4646 1269 4702 bobus
1302 4640 1500 4710 templa
1532 4634 1850 4692 sublimibus
1876 4635 2019 4690 elata
2046 4632 2272 4704 fastigiis

681 4752 1061 4808 exstruxerunt
1107 4736 1352 4815 (Arnob.,
1381 4735 1472 4788 lib.
1502 4749 1517 4788 ι
1542 4772 1557 4798 ,
1603 4747 1724 4802 pag.
1756 4729 1870 4799 15).
1913 4727 2274 4796 Quamobrem

681 4846 938 4917 Origenes
981 4842 1102 4911 jure
1143 4834 1336 4891 merito
1372 4826 1830 4906 dementissimam
1859 4824 2086 4895 castigat
2133 4821 2278 4878 Celsi

682 4937 1062 4996 temeritatem,
1082 4929 1172 5000 qui
1199 4926 1304 4982 uult
1321 4923 1493 4988 etiam,
1516 4920 1709 4991 inquit,
1727 4921 1960 4990 conferre
1979 4923 2180 4971 nostras
2197 4929 2278 4968 res

681 5048 796 5087 cum
823 5028 969 5084 rebus
997 5021 1403 5095 Egyptiorum,
1444 5016 1512 5070 ad
1540 5030 1666 5085 quos
1698 5011 1917 5067 venienti
1959 5008 2180 5076 oﬂ'erunt
2225 5023 2280 5062 se

681 5118 954 5194 splendida
984 5122 1110 5190 fana
1132 5129 1250 5169 cum
1272 5111 1430 5178 lucis,
1457 5118 1504 5162 et
1531 5107 1720 5178 templa
1742 5122 1857 5159 cum
1887 5101 2144 5158 vestibulis
2195 5108 2276 5153 ul-

685 5231 781 5286 que
820 5209 1130 5284 porticibus,
1179 5203 1366 5260 eximia
1411 5199 1762 5274 magnitudine
1805 5195 2283 5269 pulcltritudineque

687 5305 964 5370 mirandis,
993 5298 1406 5368 cmemoniwque
1435 5295 1714 5349 admodum
1740 5292 2020 5365 religiosas,
2052 5305 2113 5343 ac
2139 5304 2280 5359 mys-

688 5405 801 5460 tica:
828 5416 849 5456 :
892 5399 1231 5469 introgressus
1274 5400 1446 5446 autem
1487 5389 1672 5444 uidebit
1715 5386 1922 5441 adorari
1967 5383 2116 5456 {clem
2141 5424 2155 5449 ,
2197 5388 2285 5434 aut

689 5493 929 5558 simiam,
977 5498 1067 5544 aut
1111 5482 1465 5550 crocodilum,
1510 5490 1600 5536 aut
1642 5481 1873 5545 hircum,
1928 5485 2016 5531 aut
2061 5488 2283 5531 canent:

688 5587 1030 5670 Ιιαραϐἁλλην
1073 5583 1128 5639 δέ
1165 5584 1236 5640 τὰ
1287 5588 1378 5642 τῆς
1412 5581 1638 5638 πίστεως
1677 5578 1816 5648 ἡμῶν
1868 5580 1975 5632 τοῖς
2001 5572 2288 5645 Αἰγυπτίων

682 5685 803 5744 θέλει
846 5679 1140 5754 πράγμασι.
1171 5674 1302 5750 παρ’
1342 5670 1414 5736 οἷς
1457 5669 1721 5750 προσιόντι
1772 5668 1862 5740 μέν
1913 5667 2026 5726 ἐστι
2074 5664 2292 5739 λαμπρά
2315 5696 2362 5736 _~

679 5782 886 5848 τεμένη,
916 5773 999 5826 καὶ
1024 5768 1176 5842 ἄλση,
1221 5770 1312 5826 καὶ
1339 5764 1668 5843 προπυλαίων
1692 5761 1870 5834 μεγέοη
1896 5778 1946 5813 τε
1966 5800 1981 5830 ,
2012 5763 2104 5826 καί
2121 5757 2258 5816 κάλλη

2392 5759 2672 5824 feminam;
2705 5766 2927 5824 ventos,
2961 5765 3020 5815 ut
3047 5753 3292 5813 homines
3320 5748 3580 5821 quosdam
3607 5789 3622 5819 ,
3655 5744 3838 5804 inflato
3895 5756 3996 5800 ore

2317 417 2582 490 θρησκεῑαι
2609 409 2976 482 δεισιδαίμονες
3002 447 3016 473 ,
3056 407 3144 460 καὶ
3192 393 3620 476 μυστηριώτιδες.
3679 389 3774 450 ἤδη
3824 391 3914 442 καὶ

2319 511 2540 570 εἰσίοντι,
2589 509 2676 560 καὶ
2703 501 2946 576 ἐνδοτέρω
2971 499 3218 575 γενομένῳ
3241 498 3501 569 θεωρεῖται
3525 483 3914 563 προσκυνούμε-

2317 623 2400 661 νος
2429 599 2686 661 α’ὓουρος,
2713 596 2743 655 ἦ
2769 598 2996 659 πίθηκος,
3025 585 3400 666 ἦπροκὸδειλος,
3425 582 3454 642 ἧ
3481 581 3689 653 τράγος,
3717 574 3749 634 ἦ
3784 574 3916 626 κύων

2319 691 2580 765 (0rigen.,
2613 691 2700 745 lib.
2735 705 2816 755 ιιι,
2850 697 3015 742 contr.
3047 662 3209 749 Cela,
3234 697 3352 752 pag.
3384 674 3487 730 l‘lO
3518 683 3564 727 et
3593 666 3780 740 seqq.).
3811 662 3918 720 Sed

2321 785 2389 841 de
2439 786 2520 839 his
2551 800 2648 838 nos
2687 783 2739 836 in
2788 778 3054 852 superiori
3094 778 3400 846 Apparatus
3443 765 3616 823 nostri
3642 773 3821 825 torno,
3867 767 3920 813 et

2324 878 2448 933 alibi
2477 850 2872 947 disputavimus
2899 872 3050 945 (toni.
3101 884 3118 922 ι
3176 866 3434 936 Apparal.
3454 902 3468 926 ,
3505 875 3626 930 pag.
3653 850 3916 916 496-767,

2325 983 2371 1027 et
2400 971 2619 1026 Disserl.
2650 985 2822 1039 super.
2854 967 2906 1020 in
2938 963 3162 1026 Minuc.,
3189 976 3304 1030 cap.
3336 955 3426 1021 12,
3459 961 3560 1006 art.
3588 949 3666 1020 ‘2).

2398 1063 2836 1119 Examinavimus
2864 1058 3024 1113 etiam
3052 1052 3197 1109 aliud
3229 1047 3451 1108 Arnobii
3489 1054 3676 1102 contra
3703 1038 3923 1095 deorum

2328 1158 2524 1227 templa
2564 1161 2938 1226 argumentum
2968 1192 2982 1214 ,
3033 1146 3173 1219 quod
3213 1161 3279 1200 ex
3315 1141 3528 1198 illorum
3562 1134 3851 1192 eversione
3874 1139 3927 1186 et

2328 1219 2482 1308 ruina
2512 1219 2847 1318 deprompsit
2874 1240 3091 1316 (lbid.).
3143 1239 3200 1296 Si
3243 1235 3370 1309 quid
3419 1245 3596 1289 tamen
3628 1231 3682 1285 in
3708 1243 3774 1284 eo
3803 1219 3928 1279 novi

2334 1355 2604 1412 occurrat,
2634 1342 2689 1397 in
2715 1341 2960 1412 sequenti
2990 1335 3163 1407 capite
3183 1376 3198 1403 ,
3237 1332 3326 1388 ubi
3356 1330 3424 1386 de
3453 1328 3678 1384 deorum
3707 1319 3930 1379 simula-

2334 1439 2462 1506 cris,
2493 1436 2684 1508 quibus
2714 1432 2844 1488 illud
2874 1427 3175 1500 conjunxit,
3205 1440 3358 1482 more
3386 1416 3573 1478 nostro
3603 1413 3934 1489 expendetur

2333 1540 2388 1588 et
2413 1527 2785 1586 illustrabitur.

2919 1636 3150 1697 CAPUT
3189 1634 3353 1692 XXII.

2606 1760 2684 1816 De
2711 1758 2938 1815 Deorum
2964 1753 3256 1810 simulacris
3283 1762 3329 1806 et
3357 1747 3682 1820 imaginibus.

2868 1883 3171 1928 ARTICULUS
3209 1880 3419 1922 PBIIUS.

2339 1989 2524 2050 Quibus
2547 1989 2788 2037 rationum
2824 1985 3083 2050 momentis
3103 1981 3348 2050 Arnobius
3381 1978 3699 2050 demonstret.
3729 1972 3944 2050 deerunt

2402 2035 2660 2113 imagines,
2683 2035 2840 2113 signa,
2870 2057 2923 2113 et
2944 2047 3201 2113 simulacra
3233 2041 3484 2113 impiehab
3515 2038 3730 2112 ethnicis
3751 2035 3851 2113 coli
3896 2042 3950 2106 et

2402 2099 2629 2164 ado‘rJari:
2647 2099 2768 2175 quid
2796 2099 2956 2175 leonis
2978 2111 3127 2175 facies
3145 2119 3282 2175 mero
3301 2099 3452 2154 oblita
3476 2102 3648 2161 minio,
3676 2099 3817 2170 aede
3845 2099 3950 2161 pri-

2408 2162 2510 2231 uiis
2521 2162 2796 2226 simulacris
2819 2181 2871 2223 et
2891 2173 3002 2222 aliis
3021 2172 3229 2220 humana
3251 2168 3406 2231 figura
3439 2162 3832 2229 repraesentatis.

2417 2308 2500 2364 Ad
2530 2308 2756 2364 deorum
2791 2304 3051 2375 imagines
3075 2303 3225 2373 signa
3251 2341 3265 2364 ,
3317 2305 3524 2353 statuas
3551 2303 3607 2350 et
3634 2294 3950 2354 simulacra,

2348 2416 2490 2472 quas,
2506 2400 2582 2454 uti
2607 2398 2766 2470 paulo
2785 2406 2906 2468 post
2927 2393 3292 2451 ostendemus
3311 2388 3552 2461 (Arnob.,
3567 2387 3607 2441 l.
3625 2401 3696 2450 vt,
3717 2383 3894 2455 p.194
3909 2391 3956 2437 et

2348 2490 2535 2565 seqq.),
2570 2492 2653 2548 vel
2683 2491 2944 2562 ipsosmet
2967 2488 3099 2542 deos
3122 2499 3250 2541 suos
3279 2498 3420 2550 esse,
3450 2480 3536 2536 vel
3563 2481 3619 2534 in
3643 2478 3730 2534 eis
3757 2475 3956 2532 saltem

2349 2587 2636 2655 habitare,
2700 2582 2899 2640 ethnici
2965 2578 3362 2635 arbitrabantur
3394 2616 3410 2642 ,
3473 2571 3623 2628 venit
3677 2567 3957 2625 Arnobius

2351 2681 2523 2755 (infn,
2556 2687 2658 2734 art.
2690 2675 2748 2748 4)
2776 2719 2791 2744 ,
2824 2691 2890 2732 ac
2923 2675 3075 2730 vario
3104 2679 3548 2741 argumentorum
3589 2679 3790 2738 genere
3825 2677 3960 2717 con-

2351 2774 2518 2829 vincit
2537 2773 2648 2834 illa,
2673 2784 2793 2841 quae
2819 2767 2984 2824 multa
3006 2774 3124 2822 arte
3143 2763 3321 2820 efficta
3348 2769 3524 2826 erant,
3545 2758 3709 2829 impia
3733 2769 3962 2828 prorsus

2355 2876 2412 2922 et
2437 2863 2668 2921 absurda
2716 2863 2976 2934 religione
3013 2860 3118 2915 coli
3159 2867 3214 2912 et
3250 2855 3486 2912 adorari.
3534 2853 3772 2909 Primum
3812 2848 3964 2905 enim

2355 2963 2399 3017 si
2425 2973 2738 3032 persuasum
2773 2955 2987 3012 Ethnici
3021 2953 3336 3009 habuissent
3371 2950 3504 3006 deos
3532 2962 3660 3003 suos
3699 2946 3964 3012 existere,

2355 3064 2410 3111 et
2435 3055 2490 3108 in
2510 3052 2662 3108 uelis
2684 3050 2962 3112 habitare,
2991 3047 3306 3102 debuissent
3331 3044 3515 3114 utique
3540 3040 3606 3096 iis
3631 3039 3764 3111 ipsis
3795 3079 3812 3105 ,
3853 3053 3964 3092 non

2355 3161 2544 3202 eorum
2576 3144 2881 3200 simulacris
2923 3143 3065 3196 ferre
3095 3153 3283 3210 preces
3309 3151 3457 3192 suas.
3483 3135 3541 3190 Si
3575 3133 3699 3189 illos
3724 3133 3966 3188 existere

2357 3238 2709 3306 dubitabant,
2761 3234 3048 3292 ridiculum
3077 3231 3289 3288 eratrei
3333 3229 3513 3285 dubia:
3555 3227 3756 3298 fingere
3797 3225 3967 3280 simu-

2359 3332 2586 3388 lacrum.

2429 3424 2614 3494 Neque
2653 3421 2837 3477 dicere
2865 3426 3115 3490 poterant
3143 3430 3364 3484 eorum,
3414 3425 3550 3484 quos
3599 3409 3752 3466 nullo
3802 3416 3968 3480 pacto

2359 3518 2543 3574 videre
2588 3517 2728 3588 potis
2767 3523 2887 3580 est,
2931 3512 3275 3585 praesentiam
3329 3507 3634 3564 simulacris
3676 3505 3967 3571 exhiberi,

2363 3621 2598 3681 tuncque
2627 3607 2818 3680 majori
2841 3608 3041 3679 pietate
3067 3603 3192 3672 coli,
3225 3604 3414 3672 eisque
3445 3599 3687 3656 officiosa
3717 3595 3970 3667 pratstari

2362 3705 2567 3762 munia.
2595 3703 2730 3758 Nam
2758 3701 2850 3772 qui
2883 3700 3000 3754 hzee
3044 3698 3199 3766 dicit,
3233 3693 3505 3768 quomodo
3530 3706 3846 3747 asseverare
3874 3705 3972 3761 po-

2363 3810 2468 3856 test
2491 3797 2622 3853 deos
2669 3810 2859 3852 revera
2899 3792 3158 3856 existere,
3195 3809 3216 3842 ¢
3247 3788 3355 3855 cui,
3393 3807 3412 3840 ι
3461 3786 3536 3841 uti
3565 3785 3640 3840 ait
3667 3782 3970 3848 Arnobius,

2371 3914 2391 3947 ι
2411 3908 2548 3964 opus
2572 3899 2657 3947 est
2695 3888 2885 3944 videre
2909 3928 2925 3954 ,
2957 3884 3100 3956 quod
3146 3891 3360 3946 teneat,
3390 3894 3459 3936 ne
3504 3879 3663 3933 inane
3707 3875 3848 3933 forte
3877 3875 3974 3942 sit,

2365 3985 2509 4060 quod
2548 3984 2840 4040 obscurum
2886 3978 3103 4034 videtur
3154 3993 3173 4028 ι
3224 3973 3387 4046 (Ibid.
3409 4015 3426 4041 ,
3457 3987 3579 4044 pag.
3609 3967 3755 4041 195),
3778 3967 3834 4023 id
3860 3977 3976 4033 est,

2369 4080 2638 4152 significat
2684 4077 2739 4133 in
2783 4074 3008 4130 dubium
3039 4087 3096 4127 se
3119 4084 3316 4126 vocare
3341 4084 3410 4124 an
3442 4067 3516 4124 dii
3543 4066 3652 4122 sint
3675 4108 3692 4133 ,
3738 4078 3981 4134 quorum

2376 4176 2482 4232 nisi
2511 4173 2693 4230 videat
2719 4168 3026 4231 simulacra,
3057 4165 3292 4222 existere
3321 4178 3429 4219 non
3461 4161 3669 4218 credet.

2441 4270 2513 4326 At
2541 4269 2674 4324 deos
2699 4274 2938 4333 nostros,
2977 4259 3289 4332 inquiebant
3314 4255 3537 4322 ethnici,
3571 4269 3667 4324 per
3691 4251 3980 4308 simulacra

2372 4361 2722 4420 honoramus.
2771 4356 2876 4415 Sed
2909 4367 3190 4426 perperam
3214 4391 3232 4417 ,
3277 4348 3438 4405 sicuti
3477 4345 3775 4418 reSpondet
3802 4345 3984 4400 Arno-

2376 4458 2518 4514 bius.
2561 4455 2714 4511 Nulla
2763 4453 3040 4509 enimvero
3082 4449 3128 4503 si
3158 4454 3342 4503 essent
3375 4444 3608 4499 deorum
3637 4439 3935 4496 simulacra
3959 4479 3978 4504 ,

2378 4565 2650 4622 nunquam
2695 4562 2791 4604 eos
2819 4546 3133 4601 coluissent.
3191 4538 3392 4596 Deinde
3433 4553 3564 4595 vero
3590 4578 3607 4602 ,
3650 4534 3780 4606 quid
3811 4533 3985 4604 magis

2379 4645 2463 4700 his
2486 4643 2590 4699 diis
2619 4640 2941 4712 injuriosum
2979 4650 3139 4708 quam
3163 4632 3538 4703 eosmetipsos,
3582 4644 3719 4701 quos
3747 4627 3986 4683 existere

2380 4737 2586 4800 credis,
2621 4749 2725 4790 non
2755 4731 3054 4796 honorare,
3093 4727 3186 4784 sed
3227 4725 3406 4782 colere
3437 4731 3641 4778 tantum
3671 4737 3768 4791 per
3793 4719 3980 4775 omnis

2384 4847 2573 4890 sensus
2600 4836 2899 4898 expertem,
2927 4823 3159 4894 aliquam
3185 4818 3440 4890 effigiem,
3471 4826 3723 4886 tanquam
3756 4828 3852 4883 per
3885 4809 3987 4866 ali-

2382 4924 2523 4998 quod
2572 4915 3088 4978 fideicommissum?
3145 4912 3385 4983 Denique
3434 4909 3656 4965 omnino
3709 4905 3878 4959 futilis
3927 4911 3982 4958 et

2386 4995 2661 5089 nugatoria
2693 5023 2810 5069 erat
2838 5011 2954 5065 haec
2980 5005 3262 5078 responsio
3287 5002 3588 5075 gentilium,
3619 4999 3712 5071 qui
3733 4998 3831 5052 has
3860 4995 3984 5052 effi-

2385 5111 2503 5183 gies
2531 5119 2586 5165 et
2614 5105 2874 5177 imagines
2903 5104 3037 5160 deos
3063 5115 3185 5157 esse
3211 5096 3525 5154 credebant.

2459 5202 2564 5259 Sed
2591 5202 2687 5256 hos
2713 5198 3025 5254 idololatras
3051 5191 3428 5251 vehementius
3456 5188 3656 5260 premit
3689 5185 3980 5249 Amohius,

2392 5296 2672 5368 palamque
2721 5289 2848 5346 facit
2887 5290 2955 5344 ab
3000 5288 3065 5343 iis
3093 5286 3217 5342 sciri
3266 5299 3372 5339 non
3423 5281 3666 5353 potuisse
3717 5287 3900 5334 utrum
3932 5275 3987 5330 hi

2391 5389 2602 5444 illorum
2644 5385 2757 5451 dii,
2804 5397 2938 5454 quos
2987 5393 3262 5451 nunquam
3294 5373 3588 5436 viderant,
3633 5371 3768 5427 tales
3794 5382 3985 5426 revera

2390 5482 2608 5546 fuerint,
2642 5479 2830 5550 quales
2854 5478 2923 5533 ab
2947 5477 3025 5532 eis
3047 5471 3598 5545 reprmsentabantur.
3629 5466 3779 5535 Quod
3803 5477 3986 5520 autem

2387 5573 2547 5630 alicui
2575 5571 2754 5627 simile
2782 5585 2892 5627 non
2917 5578 3035 5634 est,
3083 5567 3227 5622 illius
3276 5563 3460 5634 nequit
3497 5577 3622 5618 esse
3651 5559 3857 5630 effigies
3884 5599 3901 5624 ,
3932 5563 3992 5610 et

2389 5665 2584 5738 imago.
2616 5663 2775 5733 Atqui
2817 5663 3016 5720 ethnici
3063 5661 3254 5727 solem,
3285 5666 3342 5714 ut
3368 5655 3674 5719 hominem;
3700 5655 3902 5718 lunam,
3931 5657 3996 5704 ut
