4172 6252
276 315 378 372 617

1532 281 1617 377 ut
1642 319 2016 392 suuomuu,
2053 294 2206 380 ω.
2239 322 2399 380 xxu.

3470 325 3573 388 618

269 432 550 488 buccinam
572 430 876 488 animantes
896 432 1242 491 exhibebant.
1267 431 1398 502 Quis
1423 442 1602 493 autem
1633 440 1729 493 has
1758 439 1877 494 illo-
1903 444 1957 506 Α
1980 439 2187 503 erectis,
2235 455 2299 493 ne
2328 437 2470 492 tectis
2494 437 2723 492 videlicet
2765 446 2853 492 aut
2891 439 3152 509 penatibus
3185 438 3305 514 (dii)
3333 454 3572 512 careant,

268 540 393 581 rum
412 539 569 581 veras
607 540 732 581 esse
758 526 1018 597 imagines
1034 526 1216 583 dicere
1237 544 1487 601 umquam
1508 534 1794 588 aususest?

343 600 482 675 Tum
499 619 694 676 deimle
723 619 838 676 hmc
854 620 1125 677 Arnobius
1154 600 1410 678 continuo
1436 623 1665 695 adjecit:
1696 645 1714 678 ι
1741 625 1884 682 Inter

268 709 409 793 deos
457 711 704 767 videmus
739 721 952 793 vestros
1008 712 1181 769 leonis
1224 713 1343 788 (ms.
1374 716 1492 770 cod.
1530 732 1638 789 reg.
1669 718 1879 790 leOnes)

270 790 613 861 torvissintam
655 807 859 877 faciem,
905 790 1044 863 mero
1076 808 1289 863 oblitam
1338 810 1495 864 minio
1521 852 1536 876 ,
1577 822 1624 865 et
1677 812 1883 867 nomine

271 901 514 972 frugiferi
575 900 718 972 (ms.
780 902 899 956 cod.
954 918 1063 975 reg.
1122 902 1441 976 frugiferio)
1509 907 1802 977 nuncupari
1855 922 1873 955 ι

268 992 291 1063 (
348 991 487 1046 Ibid.
533 1033 549 1058 ,
617 1009 759 1065 pag.;
822 992 1015 1066 196).
1102 995 1292 1053 Mirum
1374 1005 1551 1053 autem
1623 1006 1880 1069 quantum

268 1085 535 1142 obscurus
583 1085 671 1142 hic
720 1088 871 1143 locus
911 1088 1244 1146 eruditorum
1294 1091 1506 1162 ingenia
1551 1094 1875 1156 exercuerit,

266 1180 494 1237 Latinus
560 1188 739 1237 autem
791 1181 1033 1239 Latinius
1100 1184 1301 1240 nodum
1360 1185 1581 1256 hujusce
1637 1185 1874 1242 dil'licul-

268 1275 400 1330 tatis
461 1289 659 1330 secare
693 1275 912 1346 potius,
972 1292 1133 1348 quam
1180 1279 1394 1353 solvere
1456 1278 1699 1343 videtur,
1753 1295 1875 1335 cum

264 1369 387 1426 lucc
418 1370 578 1425 verba
609 1369 689 1425 sic
715 1370 910 1441 corrigi
941 1372 1111 1427 voluit
1154 1390 1169 1426 :
1224 1392 1244 1424 ι
1272 1371 1419 1429 Inter
1457 1373 1592 1429 deos
1624 1373 1875 1429 videmus

267 1462 465 1519 leones
492 1462 794 1518 torvissima
839 1462 1009 1529 facie,
1044 1478 1195 1520 mero
1218 1464 1382 1520 oblita
1413 1465 1611 1520 minim
1644 1465 1871 1540 (Latin.,

266 1557 521 1614 Biblioth.
551 1573 687 1613 sasr.
720 1567 767 1611 et
786 1558 999 1630 proph.,
1028 1576 1150 1630 pag.
1178 1557 1293 1632 98).
1324 1560 1429 1617 Sed
1460 1577 1606 1616 mera
1631 1570 1715 1617 est
1738 1576 1875 1616 con-

263 1650 473 1722 jectura
499 1692 514 1714 ,
560 1666 683 1721 qua:
728 1650 926 1705 nullius
978 1652 1183 1707 codicis
1224 1653 1546 1709 auctoritate
1590 1652 1869 1707 fundatur.

264 1747 607 1816 Quapropter
633 1744 721 1815 qui
752 1744 805 1799 in
837 1752 1079 1800 veterum
1102 1745 1340 1817 scriptis,
1375 1745 1509 1800 nihil
1539 1745 1638 1801 nisi
1670 1748 1867 1801 certis-

1984 537 2179 603 formas
2199 534 2407 587 illorum
2432 534 2751 603 exprimunt,
2776 533 3003 589 adhibito
3024 535 3093 588 ad
3112 536 3166 588 id
3184 537 3260 591 vel
3288 535 3575 604 Praxitele,

1982 624 2061 678 vel
2086 621 2352 694 Polycleto
2376 665 2391 688 ,
2435 624 2513 679 vel
2550 623 2765 678 Pltidia.
2815 624 2882 679 At
2923 626 2977 678 lti
3018 627 3239 695 artiﬁces
3288 628 3428 681 haud
3471 630 3577 685 scio

1983 717 2190 772 ubinam
2216 720 2376 773 uisant
2405 735 2579 774 eorum
2604 719 2827 790 efﬁgiem
2855 729 3239 788 repraesentant.

2054 812 2279 865 Tantam
2312 827 2473 881 porro
2513 810 2790 867 audaciam
2813 852 2828 875 ,
2874 819 3060 865 auctor
3090 821 3307 873 uoster.
3363 823 3420 868 ut
3465 830 3577 870 ma-

1981 906 2064 977 gis
2106 906 2466 976 comprimat,
2514 921 2627 962 rem
2678 906 2847 976 ipsam
2905 919 2934 957 a
2996 904 3165 974 prima
3223 920 3317 959 sua
3375 907 3579 978 origine

1981 999 2062 1055 sic
2090 999 2290 1068 repetit
2325 1017 2337 1053 :
2389 1017 2408 1051 ι
2437 998 2647 1054 Ridetis
2686 997 3013 1068 temporibus
3041 998 3232 1068 priscis
3260 999 3451 1055 Persas
3481 1000 3580 1055 llu-

1981 1093 2127 1146 vium
2157 1092 2411 1161 coluisse,
2444 1091 2750 1148 memoralia
2786 1102 2843 1146 ut
2877 1090 3110 1147 iudieant
3139 1094 3334 1163 scripta
3366 1112 3378 1148 :
3409 1093 3578 1150 inl‘or—

1985 1200 2126 1242 mem
2162 1188 2370 1243 Arabas
2397 1188 2662 1256 lapidem;
2706 1187 2979 1241 acinacem
3025 1186 3259 1260 Scythia:
3305 1188 3578 1255 nationes;

1982 1297 2193 1337 ramum
2250 1298 2345 1352 pro
2391 1281 2579 1338 Cinxia
2629 1282 2933 1352 TheSpios;
2988 1282 3442 1354 Liguumlcarios
3484 1300 3580 1354 pro

1981 1373 2147 1430 Diana
2181 1375 2515 1442 indolatum;
2570 1358 2939 1430 Pessinuntios
2983 1376 3225 1442 silicem,
3286 1393 3383 1443 pro
3417 1377 3580 1433 deum

1938 1543 1942 1547 ‘
1980 1465 2186 1531 Matre;
2235 1483 2332 1536 pro
2360 1467 2528 1523 Marte
2557 1467 2831 1523 Romanos
2860 1471 3092 1533 hastam,
3125 1469 3381 1525 Varronis
3412 1482 3468 1527 ut
3498 1474 3579 1527 in-

1978 1561 2161 1617 dicant
2186 1562 2383 1625 Music;
2407 1572 2569 1632 atque
2596 1572 2653 1617 ut
2674 1564 2927 1618 Aethlius
2955 1577 3247 1627 memorat;
3272 1575 3399 1621 ante
3423 1582 3579 1621 usum

1978 1655 2424 1726 disciplinamque
2443 1657 2712 1721 lictorum,
2736 1656 2970 1724 pluteum
2989 1657 3199 1712 Samios
3217 1673 3315 1728 pro
3330 1658 3572 1716 lunone»

1981 1746 2225 1819 (Arnob.,
2250 1748 2337 1801 lib.
2367 1764 2418 1802 vt
2444 1788 2458 1812 ,
2498 1765 2617 1819 pag.
2651 1748 2753 1805 l96
2785 1759 2831 1802 et
2862 1748 3047 1821 seqq.).
3079 1749 3333 1819 Sequitur
3363 1752 3433 1806 ibi
3459 1754 3580 1809 Cle-

265 1843 402 1894 sima
436 1838 644 1893 ratione
666 1845 925 1893 mutatum
952 1838 1185 1907 volunt,
1222 1854 1289 1894 ex
1313 1837 1382 1894 iis
1412 1839 1652 1894 nonnulli
1686 1838 1867 1909 suspi-
1900 1840 1949 1899 B
1978 1851 2214 1897 mentem
2247 1842 2696 1909 Alexandrinum,
2724 1843 2878 1913 cujus
2910 1843 3050 1898 haud
3077 1844 3238 1900 dubie
3267 1846 3382 1900 haec
3404 1862 3579 1916 graeca

206 1960 221 1973 ι
263 1941 461 1986 cantur
488 1929 558 1985 de
582 1928 713 1985 Sole
739 1929 1081 2002 intelligenda
1119 1945 1241 1988 esse
1272 1932 1388 1986 htec
1426 1932 1662 1987 auctoris
1693 1933 1860 1988 nostri

262 2024 453 2081 verba.
500 2023 607 2081 Sed
648 2023 717 2079 ab
742 2024 862 2079 aliis
891 2023 1319 2096 redarguuutur,
1350 2028 1472 2097 quia
1496 2026 1561 2081 de
1584 2025 1711 2082 Sole
1754 2027 1861 2096 pri-

265 2119 433 2173 vatim
491 2117 705 2174 locutus
771 2127 871 2173 est.
924 2118 1263 2175 Probabilius
1305 2121 1484 2192 itaque
1542 2121 1859 2192 quibusdam

267 2211 483 2268 videtur
520 2211 588 2266 ab
627 2211 719 2265 illo
759 2210 985 2267 iudicari
1026 2212 1213 2269 leones
1238 2253 1255 2280 ,
1306 2211 1399 2283 qui
1443 2213 1496 2265 in
1540 2214 1858 2284 templorum

263 2313 494 2385 fastigiis
541 2311 865 2385 quandoque
913 2314 1319 2385 sculpcbantur.
1375 2314 1575 2369 Verum
1632 2316 1746 2371 haec
1792 2317 1859 2371 ad

264 2410 479 2466 aedilicii
507 2416 885 2465 ornamentum
917 2414 1086 2481 posita
1119 2413 1297 2482 potius
1326 2409 1670 2479 videbantur,
1701 2427 1858 2480 quam

263 2504 337 2559 ad
370 2504 594 2561 deorum
628 2504 816 2560 lacicm
848 2494 1279 2576 exprimendam.
1314 2503 1476 2560 Nobis
1504 2505 1683 2575 itaque
1731 2504 1859 2559 faci-

264 2600 375 2654 lius
404 2600 811 2670 persuadcbitur
838 2608 1111 2656 auctorem
1145 2608 1386 2655 nostrmn
1433 2599 1517 2655 his
1558 2600 1735 2656 verbis
1764 2616 1857 2656 ea-

262 2692 396 2749 dem
444 2692 783 2764 signilicare,
831 2708 951 2765 qua:
1003 2703 1120 2763 post
1168 2692 1558 2749 Tertulliauum
1601 2692 1861 2749 Minucius

262 2785 420 2843 Felix
460 2785 594 2842 dixit
627 2804 640 2842 :
693 2805 712 2839 ι
744 2786 824 2843 De
850 2802 1014 2858 capro
1041 2797 1096 2844 et
1123 2787 1341 2843 homine
1369 2789 1566 2844 mixtos
1595 2788 1725 2844 deos
1747 2830 1761 2852 ,
1805 2795 1863 2844 et

261 2879 517 2943 leonum.
548 2889 604 2935 et
628 2896 822 2936 canum
852 2884 1033 2937 vultus
1059 2880 1192 2937 deos
1223 2880 1505 2937 dedicatis.
1537 2900 1556 2932 ι
1592 2881 1862 2937 Arnobius

262 2973 315 3028 si
345 2974 564 3046 quidem
594 2985 716 3044 post
739 2975 898 3029 citata
930 2990 960 3028 a
1001 2976 1157 3030 nobis
1185 2975 1350 3031 verba
1379 2975 1578 3046 adjecit
1615 2992 1630 3030 :
1680 2995 1699 3028 ι
1733 2976 1862 3032 Sine

260 3068 475 3139 reliquo
500 3082 731 3138 corpore
762 3082 992 3140 persona
1024 3080 1105 3125 est
1132 3112 1147 3136 ,
1166 3132 1173 3136 ,
1192 3077 1250 3125 et
1279 3070 1443 3126 l'acies
1467 3070 1580 3125 sola
1604 3113 1619 3137 ,
1664 3068 1861 3127 l’reme-
1888 3052 1891 3065 ’

263 3159 460 3217 bundis
502 3160 736 3217 hiatibus
760 3204 775 3227 ,
824 3162 989 3217 torvis
1016 3161 1239 3219 rictibus
1263 3203 1279 3229 ,
1326 3164 1620 3235 sanguineo
1656 3162 1724 3219 de
1767 3179 1859 3220 ce-

1964 1935 2127 1991 vet-ha
2161 1936 2360 2006 legerat
2411 1954 2424 1990 :

1962 2025 2186 2100 ’Ἄραϐες
2228 2031 2314 2085 τὸν
2348 2029 2498 2084 λίθον·
2529 2030 2575 2084 οἱ
2600 2032 2792 2106 Πέρσαι
2814 2033 2902 2087 τὸν
2937 2034 3169 2104 ποταμὸν
3203 2034 3575 2109 προσεκύνουν,

2478 1937 2633 1992 Πάλαι
2662 1940 2753 2009 μὲν
2796 1938 2843 1991 οἱ
2883 1938 3086 2001 Σκύθαι,
3117 1939 3200 1993 τὸν
3235 1940 3491 1998 ἀκινάκην.
3531 1940 3580 1994 οἱ

1963 2127 2051 2177 καὶ
2074 2130 2173 2177 τῶν
2202 2119 2361 2178 ἄλλων
2391 2126 2666 2201 ἀνθρώπων
2688 2125 2735 2181 οἳ
2763 2124 2840 2181 ἔτι
2864 2126 3168 2206 παλαίτεροι
3193 2129 3319 2193 ξύλα
3343 2128 3577 2207 ἱδρύοντο

1960 2227 2211 2294 περιφανῆ
2236 2262 2249 2285 ,
2296 2223 2383 2272 καὶ
2427 2220 2598 2280 κιόνας
2639 2218 2801 2275 ἳστων
2842 2227 2893 2275 ἐκ
2934 2222 3095 2275 λίθων.
3129 2220 3162 2275 ἂ
3197 2220 3251 2276 δὲ
3294 2227 3383 2278 καὶ
3421 2225 3579 2289 ξόανα

1961 2313 2394 2385 προσηγορεύετο,
2415 2309 2500 2367 διὰ
2515 2314 2575 2367 τὸ
2587 2312 2885 2377 ἁποξεῖσθαι
2895 2322 2987 2374 τῆς
3008 2312 3576 2392 ὖλης*ἀμέλειέν’1κάρῳ

1960 2411 2053 2465 τῆς
2074 2401 2364 2476 Ἀρτέμιδος
2402 2406 2460 2459 τὸ
2481 2401 2689 2479 ἄγαλμα
2712 2407 2858 2470 ξύλον
2887 2404 2945 2466 ἦν
2984 2411 3071 2461 ούκ
3111 2411 3458 2483 εἰργασμένον.
3491 2414 3578 2466 καὶ

1962 2503 2054 2556 τῆς
2085 2498 2416 2573 Κιθαιρωνίας
2434 2494 2594 2574 ’Ἥρας
2622 2503 2669 2552 ἰν
2694 2502 2897 2575 Θεσπίᾳ
2921 2502 3142 2576 πρέμνον
3189 2499 3573 2576 ἐκκεκομμένον.

1962 2592 2050 2644 καὶ
2073 2591 2131 2645 τὸ
2160 2599 2253 2651 τῆς
2278 2594 2469 2664 Σαμίας
2495 2588 2676 2668 Ἥρας’,
2710 2594 2779 2653 ὧς
2805 2615 2953 2665 φησιν
2974 2594 3182 2655 Λεθλιοςι
3211 2596 3457 2673 πρότερον
3483 2602 3575 2677 μὲν

1962 2680 2020 2743 ἦν
2039 2686 2208 2749 σανίς,
2227 2684 2446 2767 ὕστερον
2462 2684 2517 2741 δὲ
2535 2689 2622 2741 ἐπὶ
2646 2687 2923 2764 Προκλέους
2936 2690 3228 2765 Λέρχοντος·
3240 2690 3576 2767 ἀνδριαντοει-

1961 2775 2047 2837 δές
2096 2780 2411 2852 ἕγένετο.....
2434 2765 2492 2835 ἓν
2516 2783 2664 2856 Ρώμῃ
2695 2780 2749 2836 δὲ
2788 2784 2846 2838 τὸ
2884 2782 3097 2838 παλαιὸν
3131 2783 3252 2862 δόρυ
3281 2765 3404 2857 φησὶ
3427 2810 3574 2861 γεγο-

1962 2872 2101 2925 νέναι
2139 2879 2230 2926 τοῦ
2280 2869 2475 2950 ³’Δρεως
2538 2876 2597 2928 τὸ
2641 2874 2815 2940 ξόανον
2858 2878 3095 2950 Ούάρῤων
3143 2879 3169 2934 ὁ
3216 2885 3571 2957 συγγραφεύς.
3607 2926 3613 2932 .

1966 2962 2162 3019 ούδέπὼ
2187 2974 2287 3021 τῶν
2312 2975 2563 3040 τεχνιτῶν
2592 2971 2677 3024 ἐπὶ
2718 2975 2808 3029 τήν
2847 2973 3179 3047 εὐπρόσωπον
3204 2977 3395 3034 ταύτην
3426 2998 3574 3033 κακο-

1966 3061 2181 3131 τεχνίαν
2225 3061 2533 3137 ὡρμηκότων
2577 3060 2834 3130 (Clemens
2871 3064 3124 3120 Alexand.
3152 3107 3168 3134 ,
3208 3068 3459 3123 admouit.
3502 3070 3573 3124 ad

1965 3164 2127 3223 gent.,
2166 3170 2287 3225 pag.
2310 3155 2381 3210 29
2403 3167 2450 3211 et
2471 3156 2656 3228 seqq.).
2680 3157 2891 3230 Scythae
2914 3158 3117 3230 quidem
3138 3163 3419 3231 antiquitus
3445 3163 3573 3218 ado-

264 3262 457 3311 roto...
491 3264 654 3326 atque
685 3253 808 3309 fessi
838 3269 1002 3311 canes
1024 3274 1043 3307 ι
1073 3254 1341 3328 (Tertull.,
1374 3256 1595 3328 Apolog.
1627 3273 1744 3327 cap.
1770 3257 1858 3323 16,
1891 3239 1936 3302 C
1967 3248 2150 3303 rabant
2179 3250 2470 3320 acinacem;
2502 3252 2695 3307 Arabes
2742 3263 2910 3308 autent
2940 3253 3198 3323 lapidem;
3248 3254 3425 3311 Persa!
3454 3274 3570 3313 vero

268 3359 320 3404 et
348 3350 434 3404 lib.
464 3366 481 3405 ι
521 3349 589 3404 ad
617 3348 861 3415 Nation.,
891 3367 1006 3417 cap.
1039 3350 1147 3417 l2;
1187 3349 1319 3405 Min.
1356 3348 1526 3420 Felix,
1563 3368 1685 3423 pag.
1717 3350 1816 3406 261
1843 3368 1858 3419 ;

264 3442 489 3510 Arnob,
520 3442 616 3498 loc.
649 3444 762 3509 cit.,
791 3460 910 3514 pag.
943 3441 1095 3514 196).

341 3538 473 3605 Quis
496 3546 674 3593 autem
705 3536 858 3592 facile
888 3551 994 3594 non
1020 3535 1285 3593 concedet
1308 3546 1592 3608 utrumque
1615 3536 1762 3608 loqui
1790 3534 1859 3593 de

264 3630 593 3694 simulacris,
624 3629 1079 3703 quemadmodum
1110 3630 1270 3686 Panis
1290 3673 1304 3696 ,
1333 3631 1683 3702 Satyrorum,
1731 3632 1864 3685 alio-

263 3737 498 3791 rumque
522 3721 828 3793 hujusmodi
857 3765 873 3788 ,
914 3723 1055 3778 sicut
1083 3724 1139 3778 in
1177 3733 1360 3778 nostra
1392 3723 1460 3779 de
1485 3722 1729 3793 ejusdem
1760 3722 1859 3778 Mi‘

267 3814 413 3872 nutii
444 3815 575 3871 libro
600 3815 982 3872 dissertatione
1013 3815 1350 3872 ostendimus
1391 3815 1634 3887 (Dissert.
1675 3817 1728 3871 in
1756 3816 1864 3870 Mi-

266 3926 421 3980 nuc.,
450 3927 561 3982 cap.
592 3912 653 3966 ll
684 3952 699 3975 ,
730 3919 830 3965 art.
858 3908 939 3983 5).
989 3909 1143 3979 Quod
1184 3926 1315 3966 vero
1354 3912 1624 3966 Arnobius
1665 3911 1863 3968 ibidem

266 4002 511 4071 addidit,
554 4005 738 4074 faciem
774 4004 984 4060 oblitam
1027 4005 1218 4072 minio,
1266 4005 1333 4060 ad
1371 4022 1492 4061 eum
1524 4005 1862 4063 ethnicorum

265 4112 477 4154 morem
521 4097 679 4169 plane
716 4097 1001 4154 ridiculum
1040 4108 1266 4170 spectat,
1298 4114 1405 4171 quo
1449 4099 1862 4156 simulacrorum

268 4190 436 4247 facies
466 4190 637 4248 minio
664 4190 911 4248 oblinere
942 4191 1208 4248 solebant.
1257 4191 1526 4264 Scriptum
1570 4194 1767 4265 quippe
1795 4193 1865 4249 ab

265 4282 448 4340 Plinio
476 4284 706 4357 legimus
738 4303 753 4340 :
804 4303 823 4337 ι
852 4284 1000 4342 Jovis
1023 4285 1194 4356 ipsius
1219 4285 1494 4341 simulacri
1526 4286 1712 4342 faciem
1745 4287 1863 4343 die-

176 4415 187 4421 —
267 4380 371 4436 ltus
398 4379 729 4437 lestisminio
754 4378 890 4435 illini
920 4380 1166 4435 solitam»
1193 4378 1502 4453 (Plin.,lib.
1529 4394 1675 4435 xxxv
1725 4378 1862 4435 Hist.

271 4486 473 4540 natur.,
507 4491 623 4545 cap.
662 4474 717 4543 7,
760 4490 880 4546 pag.
909 4470 1024 4545 56).
1070 4473 1146 4528 De
1172 4474 1333 4529 Panis
1362 4489 1489 4530 vero
1518 4473 1694 4546 el'ligie
1723 4474 1865 4530 canit

266 4570 565 4642 Virgilius:

364 4662 470 4727 Ean
495 4661 632 4727 Deus
655 4661 878 4727 Arcadia:
898 4663 1050 4727 venit,
1077 4674 1227 4727 quem
1249 4661 1456 4712 vidimus
1477 4662 1569 4727 ipsi

366 4726 667 4789 Sanguiueis
691 4724 824 4775 ebuli
846 4725 1014 4775 buccis
1029 4724 1279 4789 minioque
1301 4724 1585 4776 rubeutém.

832 4805 1062 4873 (Virgil,
1084 4805 1240 4873 eclog.
1267 4808 1343 4866 10,
1366 4821 1493 4859 vers.
1517 4809 1580 4860 26
1598 4813 1646 4860 et
1667 4808 1773 4873 27.)

270 4915 423 4985 Quos
446 4918 501 4971 in
531 4930 720 4971 versus
748 4913 863 4970 haec
885 4914 1104 4971 Servius
1131 4916 1423 4971 observat:
1457 4914 1675 4971 Ebulum
1704 4933 1864 4989 genus

270 5020 346 5065 est
377 5009 546 5066 herba:
562 5011 798 5066 sambuco
826 5009 1011 5064 simile.
1044 5008 1210 5067 Minio
1236 5022 1407 5067 autem
1433 5012 1567 5082 ideo,
1590 5015 1708 5083 quia
1731 5013 1864 5085 facie

269 5103 429 5160 rubra
457 5104 684 5176 pingitur
716 5102 850 5169 Pan,
882 5112 1090 5173 propter
1109 5103 1314 5159 aetheris
1342 5104 1752 5161 similitudinem.

346 5199 614 5256 Arnobius
636 5199 817 5271 itaque
847 5198 972 5253 hinc
994 5198 1265 5254 concludit
1291 5214 1518 5255 summae
1547 5201 1866 5257 temeritatis

267 5311 399 5353 esse
434 5311 553 5351 eam
576 5294 800 5355 deorum
830 5292 1060 5364 ﬁgurare
1086 5294 1319 5363 Speciem
1346 5301 1401 5350 et
1427 5292 1676 5361 formam,
1705 5310 1863 5358 quam

230 5410 237 5415 ·
272 5388 437 5445 talem
459 5402 583 5444 esse
603 5401 761 5443 nemo
777 5403 1028 5459 umquam
1046 5388 1276 5458 probare
1294 5386 1482 5456 potuit.
1504 5386 1863 5453 Quamobrem

270 5482 546 5539 Lucianus
583 5480 777 5537 alicubi
816 5456 1170 5536 disertissime
1206 5479 1424 5551 scripsit
1468 5498 1481 5535 :
1523 5483 1689 5542 Ναούς
1739 5482 1867 5557 ἐγεί-

268 5597 480 5652 ραντες.
506 5575 569 5630 ἶν’
606 5578 754 5630 αὐτοὶ
790 5580 860 5647 μὴ
904 5571 1114 5632 ἄνοικοι.
1149 5572 1276 5648 μηδὲ
1308 5575 1531 5631 ἀνέστιοι
1555 5573 1697 5635 δῆθεν
1719 5571 1865 5641 ὦσιν,

267 5671 472 5731 εἰκόνας
501 5671 666 5725 αὐτῶν
684 5670 1021 5732 ἀπεικάζουσι
1038 5667 1493 5745 παρακαλέσαντες
1504 5667 1535 5729 ἦ
1548 5670 1867 5746 Πραξιτέλην,

266 5768 302 5828 ἦ
332 5764 654 5822 Πολύκλειτον
670 5804 688 5831 ,
725 5761 758 5823 ἦ
785 5760 999 5818 Φειδίαν.
1029 5763 1075 5816 οἱ
1099 5760 1155 5818 δὲ
1180 5762 1267 5816 ούκ
1293 5756 1386 5818 οἷδ’
1410 5759 1489 5818 ὄτι
1514 5760 1703 5826 ἰδόντες
1742 5766 1869 5820 ἀνα-

269 5860 568 5926 πλάττουσι
599 5854 875 5928 (Lucium,
926 5864 990 5918 de
1029 5856 1287 5925 εστι-ἔβα,
1335 5873 1455 5929 pag.
1512 5856 1657 5929 185).
1706 5856 1870 5914 Fanis

800 5962 1071 6031 PATIOL.
1107 5960 1162 6023 V

1966 3344 2180 3413 ﬂuvium
2209 3360 2229 3398 :
2254 3355 2304 3400 et
2326 3362 2390 3400 ea:
2405 3346 2524 3402 aliis
2550 3348 2842 3402 hominibus
2869 3349 2939 3413 ii,
2980 3350 3069 3419 qui
3099 3351 3267 3405 adhuc
3296 3362 3441 3407 erant
3474 3371 3570 3408 an-

1967 3437 2208 3508 tiquiores
2227 3481 2241 3504 ,
2272 3438 2414 3511 ligna
2443 3439 2703 3512 erigebant
2729 3441 2987 3512 insignia,
3031 3452 3078 3495 et
3108 3442 3373 3499 columnas
3404 3462 3568 3514 pone-

1965 3528 2088 3583 bant
2112 3546 2179 3585 επ
2204 3530 2463 3603 lapidibus
2485 3573 2500 3598 ,
2533 3548 2647 3604 qua:
2670 3534 2826 3587 etiam
2852 3534 3249 3604 appellabantur
3272 3536 3425 3600 ξόανα
3444 3577 3461 3602 ,
3507 3554 3568 3592 eo

1955 3625 2105 3696 ‘quod
2139 3626 2471 3680 eraderentur
2491 3636 2541 3680 et
2566 3627 2916 3692 expolirentur
2942 3645 3007 3683 ex
3034 3630 3269 3684 materia.
3316 3628 3383 3683 In
3415 3630 3567 3686 Icaro

1967 3727 2102 3771 certe
2130 3720 2300 3791 imago
2348 3717 2535 3775 Dianae
2574 3720 2771 3792 lignum
2812 3732 2922 3775 erat
2966 3740 3068 3777 non
3121 3723 3472 3788 elaboratum,
3519 3732 3568 3778 et

1969 3808 2278 3865 Cit/temnite
2303 3810 2527 3867 Iunonis
2557 3812 2793 3885 Thespia:
2820 3824 3048 3871 trunctus
3075 3818 3273 3872 excisus
3313 3835 3333 3872 :
3370 3828 3418 3872 et
3457 3818 3563 3874 Sa-

1967 3904 2087 3958 mia:
2109 3904 2353 3971 lunonis,
2383 3915 2439 3959 ut
2465 3907 2537 3960 ait
2565 3905 2818 3968 xEtltlius.
2845 3910 2988 3979 prius
3010 3912 3211 3981 quidem
3239 3921 3346 3965 erat
3366 3912 3562 3977 tabula,

1970 4010 2147 4070 postea
2180 4009 2349 4054 autem
2375 4042 2390 4066 ,
2422 4000 2684 4056 Are/tante
2717 4002 2935 4058 Procleo
2961 4047 2976 4071 ,
3024 4007 3077 4058 in
3117 4008 3335 4076 formam
3380 4015 3565 4061 statuta

1968 4092 2130 4163 efﬁcta
2155 4102 2396 4147 est.......
2424 4092 2606 4148 Roma:
2630 4106 2797 4150 autem
2826 4097 3105 4167 antiquitus
3127 4108 3350 4152 statuam
3377 4098 3563 4154 Martis

1968 4188 2127 4258 fuisse
2150 4188 2351 4242 hastam
2379 4189 2450 4242 ait
2488 4188 2650 4243 Varro
2668 4232 2683 4255 ,
2722 4207 2837 4243 cum
2864 4191 3090 4245 nondum
3112 4194 3452 4262 pervenissent
3478 4212 3564 4247 ar-

1968 4280 2127 4350 tifices
2151 4280 2222 4334 ad
2246 4280 2340 4333 hoc
2366 4282 2651 4350 speciosum
2674 4282 2877 4352 quidem
2901 4326 2914 4349 ,
2955 4286 3046 4339 sed
3082 4285 3366 4355 improbum
3396 4286 3564 4357 artifi-

1968 4375 2125 4428 cium.
2158 4374 2322 4431 V'ides
2370 4389 2503 4431 sane
2542 4375 2815 4446 quomodo
2844 4377 3149 4444 Arnobius,
3197 4393 3317 4433 cum
3351 4378 3467 4435 hmc
3495 4395 3562 4435 ex

1968 4466 2249 4523 Clemente
2277 4467 2642 4523 Alexandrino
2667 4467 2952 4535 delibavit,
2981 4470 3163 4526 verbis
3192 4471 3370 4525 latinis
3399 4470 3564 4527 luerit

1970 4560 2377 4632 interpretatus,
2411 4562 2656 4634 quaedam
2694 4563 2961 4619 demendo
2989 4565 3260 4635 etaliquid
3291 4565 3558 4633 addendo,

1893 4631 1947 4692 D
1973 4651 2103 4707 illud
2122 4631 2387 4709 nimirum
2431 4631 2575 4726 quod
2627 4654 2761 4711 dixit
2802 4655 2869 4710 de
2905 4655 3054 4712 silice
3097 4631 3329 4728 el‘ligiem
3376 4631 3565 4714 matris

1971 4745 2192 4802 deorum
2220 4757 2669 4820 reprtesentante,
2710 4751 2778 4806 de
2819 4766 2927 4822 quo
2960 4752 3119 4822 paulo
3146 4762 3270 4808 ante
3301 4753 3565 4808 disserui-

1968 4853 2088 4893 mus
2130 4839 2282 4913 (Cap.
2312 4858 2486 4910 super.
2508 4884 2524 4909 ,
2561 4852 2663 4896 art.
2690 4841 2752 4912 2)
2776 4884 2789 4905 ,
2828 4842 2967 4898 sicut
2992 4843 3061 4899 de
3086 4844 3204 4898 aliis
3232 4844 3481 4899 omnibus
3508 4846 3562 4900 in

1964 4932 2226 5002 superiori
2266 4943 2553 5003 apparatus
2597 4934 2767 4989 nostri
2816 4943 2962 4991 tumo
3001 4935 3146 5008 (tam.
3195 4951 3213 4990 ι
3275 4937 3560 5008 Αρραναι..

1968 5024 2056 5080 lib.
2090 5040 2167 5087 ιιι.
2192 5026 2392 5081 dissert.
2427 5026 2479 5091 1,
2518 5043 2635 5097 cap.
2671 5027 2767 5094 18,
2810 5038 2910 5081 art.
2941 5029 2991 5093 l,
3026 5046 3145 5101 pag.
3175 5030 3280 5085 754
3305 5040 3352 5082 et
3374 5032 3560 5103 δοίη).

1970 5116 2137 5174 Nobis
2168 5120 2329 5189 porro
2358 5118 2514 5175 liceat
2537 5119 2669 5174 illud
2712 5119 2796 5175 his
2823 5122 3074 5177 omnibus
3100 5121 3336 5193 adjicere
3360 5163 3376 5190 ,
3417 5124 3560 5194 quod

1971 5212 2223 5270 Lucanus
2262 5213 2332 5270 de
2371 5214 2516 5281 luco,
2545 5230 2702 5282 quem
2733 5215 2916 5271 Caesar
2957 5216 3010 5271 in
3055 5216 3371 5274 Massiliensi
3415 5219 3563 5274 obsi—

1972 5306 2133 5403 diope
2158 5307 2332 5364 excidi
2350 5307 2533 5378 jussit,
2563 5308 2711 5365 hisce
2734 5310 2928 5365 cecinit
2956 5311 3198 5367 versibus
3224 5328 3237 5364 :

2065 5445 2342 5513 Arboribus
2362 5460 2482 5513 suus
2503 5446 2674 5513 horror
2696 5450 2845 5513 inest,
2871 5457 2973 5499 tum
2996 5451 3199 5513 plurima
3224 5454 3378 5513 nigris

2069 5507 2306 5557 Fontibus
2327 5511 2452 5559 unda
2476 5509 2619 5571 cadit,
2648 5507 3007 5565 simulacraque
3022 5521 3191 5563 maesta
3213 5507 3418 5566 dem-um

2068 5572 2189 5620 Arte
2210 5581 2398 5636 carent,
2419 5574 2661 5635 tunsisque
2685 5582 2880 5624 exstant
2903 5574 3120 5624 informia
3144 5578 3346 5628 truncis.

2723 5655 2947 5720 (Lucam,
2973 5654 3060 5709 lib.
3085 5672 3159 5720 ιιι,
3184 5672 3311 5712 vers.
3334 5660 3472 5725 594.)

2050 5763 2157 5826 At,
2208 5762 2380 5834 inquit
2422 5763 2692 5821 Arnobius
2724 5803 2739 5825 ,
2800 5763 2849 5819 si
2906 5762 3024 5820 hzec
3070 5766 3265 5822 merito
3330 5768 3587 5832 ridebam

1979 5855 2179 5919 ethnici
2200 5901 2215 5929 ,
2255 5872 2363 5917 non
2393 5860 2591 5917 minori
2620 5855 2865 5932 profeCto
2893 5863 3080 5919 αξιοι-1
3111 5877 3303 5921 omnes
3331 5863 3597 5932 irrisione

3065 5959 3149 6037 2°

2190 6087 2230 6101 ν.
