  <div class='ocr_page' id='page_1' title='image "/cluster/home/n/w/nwhite01/storage/ocr_20150623/5/hvd.32044073505224/317.png"; bbox 0 0 4172 6252; ppageno 0'>
   <div class='ocr_carea' id='block_1_1' title="bbox 644 293 750 352">
    <p class='ocr_par' dir='ltr' id='par_1_1' title="bbox 644 293 750 352">
     <span class='ocr_line' id='line_1_1' title="bbox 644 293 750 352; baseline 0.019 -2"><span class='ocrx_word' id='word_1_1' title='bbox 644 293 750 352; x_wconf 69' lang='grc' dir='ltr'><strong>6ὶό</strong></span> 
     </span>
    </p>
   </div>
   <div class='ocr_carea' id='block_1_2' title="bbox 1891 288 2682 353">
    <p class='ocr_par' dir='ltr' id='par_1_2' title="bbox 1891 288 2682 353">
     <span class='ocr_line' id='line_1_2' title="bbox 1891 288 2682 353; baseline 0.003 -4"><span class='ocrx_word' id='word_1_2' title='bbox 1891 288 2380 353; x_wconf 76' lang='lat' dir='ltr'><strong>DISSSERTATIO</strong></span> <span class='ocrx_word' id='word_1_3' title='bbox 2407 288 2682 351; x_wconf 63' lang='lat' dir='ltr'><strong>PRASVIA</strong></span> 
     </span>
    </p>
   </div>
   <div class='ocr_carea' id='block_1_3' title="bbox 3820 295 3924 350">
    <p class='ocr_par' dir='ltr' id='par_1_3' title="bbox 3820 295 3924 350">
     <span class='ocr_line' id='line_1_3' title="bbox 3820 295 3924 350; baseline 0 0"><span class='ocrx_word' id='word_1_4' title='bbox 3820 295 3924 350; x_wconf 59' lang='lat'><strong>625</strong></span> 
     </span>
    </p>
   </div>
   <div class='ocr_carea' id='block_1_4' title="bbox 641 406 3926 490">
    <p class='ocr_par' dir='ltr' id='par_1_4' title="bbox 641 406 3926 490">
     <span class='ocr_line' id='line_1_4' title="bbox 641 406 3926 490; baseline -0 -26"><span class='ocrx_word' id='word_1_5' title='bbox 641 421 766 483; x_wconf 85' lang='lat' dir='ltr'><strong>post</strong></span> <span class='ocrx_word' id='word_1_6' title='bbox 789 410 899 480; x_wconf 89' lang='lat' dir='ltr'><strong>jam</strong></span> <span class='ocrx_word' id='word_1_7' title='bbox 936 408 1096 466; x_wconf 88' lang='lat' dir='ltr'><strong>citata</strong></span> <span class='ocrx_word' id='word_1_8' title='bbox 1128 421 1157 462; x_wconf 89' lang='lat' dir='ltr'><strong>a</strong></span> <span class='ocrx_word' id='word_1_9' title='bbox 1187 408 1344 466; x_wconf 89' lang='lat' dir='ltr'><strong>nobis</strong></span> <span class='ocrx_word' id='word_1_10' title='bbox 1374 409 1491 481; x_wconf 89' lang='lat' dir='ltr'><strong>ejus</strong></span> <span class='ocrx_word' id='word_1_11' title='bbox 1516 409 1680 466; x_wconf 86' lang='lat' dir='ltr'><strong>verba</strong></span> <span class='ocrx_word' id='word_1_12' title='bbox 1703 450 1717 476; x_wconf 95' lang='lat'><strong>,</strong></span> <span class='ocrx_word' id='word_1_13' title='bbox 1751 409 1830 465; x_wconf 92' lang='lat' dir='ltr'><strong>sic</strong></span> <span class='ocrx_word' id='word_1_14' title='bbox 1855 409 2024 466; x_wconf 78' lang='lat' dir='ltr'><strong>latine</strong></span> <span class='ocrx_word' id='word_1_15' title='bbox 2067 413 2232 468; x_wconf 90' lang='lat' dir='ltr'><strong>inter—</strong></span> <span class='ocrx_word' id='word_1_16' title='bbox 2261 430 2314 490; x_wconf 75' lang='grc' dir='ltr'>Α</span> <span class='ocrx_word' id='word_1_17' title='bbox 2340 411 2667 467; x_wconf 88' lang='lat' dir='ltr'><strong>horrendum</strong></span> <span class='ocrx_word' id='word_1_18' title='bbox 2691 451 2704 475; x_wconf 94' lang='lat'><strong>,</strong></span> <span class='ocrx_word' id='word_1_19' title='bbox 2757 423 2916 480; x_wconf 88' lang='lat' dir='ltr'><strong>quam</strong></span> <span class='ocrx_word' id='word_1_20' title='bbox 2958 421 2986 461; x_wconf 89' lang='lat' dir='ltr'><strong>a</strong></span> <span class='ocrx_word' id='word_1_21' title='bbox 3038 406 3441 464; x_wconf 82' lang='lat' dir='ltr'><strong>lascivientihus</strong></span> <span class='ocrx_word' id='word_1_22' title='bbox 3471 421 3534 464; x_wconf 89' lang='lat' dir='ltr'><strong>ac</strong></span> <span class='ocrx_word' id='word_1_23' title='bbox 3562 406 3926 478; x_wconf 73' lang='lat' dir='ltr'><strong>petulantibus</strong></span> 
     </span>
    </p>
   </div>
   <div class='ocr_carea' id='block_1_5' title="bbox 643 501 2236 575">
    <p class='ocr_par' dir='ltr' id='par_1_5' title="bbox 643 501 2236 575">
     <span class='ocr_line' id='line_1_5' title="bbox 643 501 2236 575; baseline 0.002 -18"><span class='ocrx_word' id='word_1_24' title='bbox 643 513 889 574; x_wconf 87' lang='lat' dir='ltr'><strong>pretatus</strong></span> <span class='ocrx_word' id='word_1_25' title='bbox 919 511 1002 557; x_wconf 89' lang='lat' dir='ltr'><strong>cst</strong></span> <span class='ocrx_word' id='word_1_26' title='bbox 1034 520 1047 556; x_wconf 93' lang='lat'>:</span> <span class='ocrx_word' id='word_1_27' title='bbox 1083 520 1102 553; x_wconf 87' lang='grc'><em>‹</em></span> <span class='ocrx_word' id='word_1_28' title='bbox 1155 501 1286 570; x_wconf 87' lang='lat' dir='ltr'><strong>Quis</strong></span> <span class='ocrx_word' id='word_1_29' title='bbox 1334 502 1659 558; x_wconf 79' lang='lat' dir='ltr'><strong>Praxitelem</strong></span> <span class='ocrx_word' id='word_1_30' title='bbox 1710 505 1918 567; x_wconf 82' lang='lat' dir='ltr'><strong>nescit,</strong></span> <span class='ocrx_word' id='word_1_31' title='bbox 1960 503 2236 575; x_wconf 55' lang='lat' dir='ltr'><strong>Posidippi</strong></span> 
     </span>
    </p>
   </div>
   <div class='ocr_carea' id='block_1_6' title="bbox 643 593 2233 668">
    <p class='ocr_par' dir='ltr' id='par_1_6' title="bbox 643 593 2233 668">
     <span class='ocr_line' id='line_1_6' title="bbox 643 593 2233 668; baseline -0.001 -16"><span class='ocrx_word' id='word_1_32' title='bbox 643 597 691 652; x_wconf 87' lang='lat' dir='ltr'><strong>si</strong></span> <span class='ocrx_word' id='word_1_33' title='bbox 725 595 963 666; x_wconf 75' lang='lat' dir='ltr'><strong>relegat,</strong></span> <span class='ocrx_word' id='word_1_34' title='bbox 1014 594 1080 649; x_wconf 93' lang='lat' dir='ltr'><strong>ad</strong></span> <span class='ocrx_word' id='word_1_35' title='bbox 1132 595 1357 650; x_wconf 89' lang='lat' dir='ltr'><strong>formam</strong></span> <span class='ocrx_word' id='word_1_36' title='bbox 1410 593 1644 651; x_wconf 67' lang='lat' dir='ltr'><strong>Cratine:</strong></span> <span class='ocrx_word' id='word_1_37' title='bbox 1693 596 2022 662; x_wconf 85' lang='lat' dir='ltr'><strong>meretricis,</strong></span> <span class='ocrx_word' id='word_1_38' title='bbox 2075 613 2233 668; x_wconf 90' lang='lat' dir='ltr'><strong>quam</strong></span> 
     </span>
    </p>
   </div>
   <div class='ocr_carea' id='block_1_7' title="bbox 645 686 2233 756">
    <p class='ocr_par' dir='ltr' id='par_1_7' title="bbox 645 686 2233 756">
     <span class='ocr_line' id='line_1_7' title="bbox 645 686 2233 756; baseline 0 -13"><span class='ocrx_word' id='word_1_39' title='bbox 645 686 834 743; x_wconf 79' lang='lat' dir='ltr'><strong>infelix</strong></span> <span class='ocrx_word' id='word_1_40' title='bbox 866 687 1078 756; x_wconf 87' lang='lat' dir='ltr'><strong>perdite</strong></span> <span class='ocrx_word' id='word_1_41' title='bbox 1123 687 1418 756; x_wconf 83' lang='lat' dir='ltr'><strong>diligebat,</strong></span> <span class='ocrx_word' id='word_1_42' title='bbox 1468 702 1532 743; x_wconf 90' lang='lat' dir='ltr'><strong>os</strong></span> <span class='ocrx_word' id='word_1_43' title='bbox 1580 687 1807 743; x_wconf 82' lang='lat' dir='ltr'><strong>Veneris</strong></span> <span class='ocrx_word' id='word_1_44' title='bbox 1859 687 2085 755; x_wconf 83' lang='lat' dir='ltr'><strong>Gnidiae,</strong></span> <span class='ocrx_word' id='word_1_45' title='bbox 2141 703 2233 743; x_wconf 89' lang='lat' dir='ltr'><strong>so-</strong></span> 
     </span>
    </p>
   </div>
   <div class='ocr_carea' id='block_1_8' title="bbox 643 779 2233 850">
    <p class='ocr_par' dir='ltr' id='par_1_8' title="bbox 643 779 2233 850">
     <span class='ocr_line' id='line_1_8' title="bbox 643 779 2233 850; baseline -0.001 -15"><span class='ocrx_word' id='word_1_46' title='bbox 643 779 921 835; x_wconf 86' lang='lat' dir='ltr'><strong>lertiarum</strong></span> <span class='ocrx_word' id='word_1_47' title='bbox 967 779 1213 850; x_wconf 81' lang='lat' dir='ltr'><strong>coegisse</strong></span> <span class='ocrx_word' id='word_1_48' title='bbox 1261 781 1562 834; x_wconf 82' lang='lat' dir='ltr'><strong>certamine</strong></span> <span class='ocrx_word' id='word_1_49' title='bbox 1623 798 1641 831; x_wconf 84' lang='grc' dir='ltr'><strong>ι</strong></span> <span class='ocrx_word' id='word_1_50' title='bbox 1701 779 1938 849; x_wconf 82' lang='lat' dir='ltr'><strong>(Arnob.</strong></span> <span class='ocrx_word' id='word_1_51' title='bbox 1966 821 1980 844; x_wconf 95' lang='lat'><strong>,</strong></span> <span class='ocrx_word' id='word_1_52' title='bbox 2028 779 2117 834; x_wconf 86' lang='lat' dir='ltr'><strong>lib.</strong></span> <span class='ocrx_word' id='word_1_53' title='bbox 2160 796 2233 843; x_wconf 82' lang='lat' dir='ltr'><strong>v1,</strong></span> 
     </span>
    </p>
   </div>
   <div class='ocr_carea' id='block_1_9' title="bbox 644 869 2237 943">
    <p class='ocr_par' dir='ltr' id='par_1_9' title="bbox 644 869 2237 943">
     <span class='ocr_line' id='line_1_9' title="bbox 644 869 2237 943; baseline 0.002 -18"><span class='ocrx_word' id='word_1_54' title='bbox 644 889 766 942; x_wconf 85' lang='lat' dir='ltr'><strong>pag.</strong></span> <span class='ocrx_word' id='word_1_55' title='bbox 788 869 1108 942; x_wconf 68' lang='lat' dir='ltr'><strong>198).Vides</strong></span> <span class='ocrx_word' id='word_1_56' title='bbox 1138 885 1268 925; x_wconf 85' lang='lat' dir='ltr'><strong>sane</strong></span> <span class='ocrx_word' id='word_1_57' title='bbox 1296 880 1418 940; x_wconf 92' lang='lat' dir='ltr'><strong>post</strong></span> <span class='ocrx_word' id='word_1_58' title='bbox 1447 870 1563 926; x_wconf 70' lang='lat' dir='ltr'><strong>ham</strong></span> <span class='ocrx_word' id='word_1_59' title='bbox 1589 872 1774 932; x_wconf 86' lang='lat' dir='ltr'><strong>verba,</strong></span> <span class='ocrx_word' id='word_1_60' title='bbox 1799 873 1843 926; x_wconf 90' lang='lat' dir='ltr'><strong>si</strong></span> <span class='ocrx_word' id='word_1_61' title='bbox 1870 871 2082 943; x_wconf 84' lang='lat' dir='ltr'><strong>relegat.</strong></span> <span class='ocrx_word' id='word_1_62' title='bbox 2114 887 2237 928; x_wconf 89' lang='lat' dir='ltr'><strong>esse</strong></span> 
     </span>
    </p>
   </div>
   <div class='ocr_carea' id='block_1_10' title="bbox 642 963 2234 1036">
    <p class='ocr_par' dir='ltr' id='par_1_10' title="bbox 642 963 2234 1036">
     <span class='ocr_line' id='line_1_10' title="bbox 642 963 2234 1036; baseline 0 -17"><span class='ocrx_word' id='word_1_63' title='bbox 642 965 873 1028; x_wconf 79' lang='lat' dir='ltr'><strong>hiatum,</strong></span> <span class='ocrx_word' id='word_1_64' title='bbox 892 974 949 1018; x_wconf 90' lang='lat' dir='ltr'><strong>et</strong></span> <span class='ocrx_word' id='word_1_65' title='bbox 975 963 1163 1018; x_wconf 69' lang='lat' dir='ltr'><strong>iSthaec</strong></span> <span class='ocrx_word' id='word_1_66' title='bbox 1191 964 1244 1018; x_wconf 91' lang='lat' dir='ltr'><strong>in</strong></span> <span class='ocrx_word' id='word_1_67' title='bbox 1274 965 1404 1018; x_wconf 87' lang='lat' dir='ltr'><strong>libro</strong></span> <span class='ocrx_word' id='word_1_68' title='bbox 1423 964 1485 1019; x_wconf 88' lang='lat' dir='ltr'><strong>de</strong></span> <span class='ocrx_word' id='word_1_69' title='bbox 1502 963 1666 1020; x_wconf 88' lang='lat' dir='ltr'><strong>Cnido</strong></span> <span class='ocrx_word' id='word_1_70' title='bbox 1685 1007 1698 1029; x_wconf 91' lang='lat'><strong>,</strong></span> <span class='ocrx_word' id='word_1_71' title='bbox 1735 964 1938 1020; x_wconf 88' lang='lat' dir='ltr'><strong>librarii</strong></span> <span class='ocrx_word' id='word_1_72' title='bbox 1967 965 2234 1036; x_wconf 89' lang='lat' dir='ltr'><strong>imperitia</strong></span> 
     </span>
    </p>
   </div>
   <div class='ocr_carea' id='block_1_11' title="bbox 642 1059 2236 1132">
    <p class='ocr_par' dir='ltr' id='par_1_11' title="bbox 642 1059 2236 1132">
     <span class='ocr_line' id='line_1_11' title="bbox 642 1059 2236 1132; baseline 0.004 -20"><span class='ocrx_word' id='word_1_73' title='bbox 642 1069 740 1115; x_wconf 87' lang='lat' dir='ltr'><strong>aut</strong></span> <span class='ocrx_word' id='word_1_74' title='bbox 787 1060 994 1114; x_wconf 91' lang='lat' dir='ltr'><strong>incuria</strong></span> <span class='ocrx_word' id='word_1_75' title='bbox 1041 1059 1266 1127; x_wconf 88' lang='lat' dir='ltr'><strong>deesse,</strong></span> <span class='ocrx_word' id='word_1_76' title='bbox 1314 1075 1435 1130; x_wconf 71' lang='lat' dir='ltr'><strong>qua:</strong></span> <span class='ocrx_word' id='word_1_77' title='bbox 1477 1076 1544 1116; x_wconf 80' lang='lat' dir='ltr'><strong>ex</strong></span> <span class='ocrx_word' id='word_1_78' title='bbox 1575 1061 1868 1118; x_wconf 87' lang='lat' dir='ltr'><strong>Clementis</strong></span> <span class='ocrx_word' id='word_1_79' title='bbox 1915 1069 2062 1116; x_wconf 82' lang='lat' dir='ltr'><strong>textu</strong></span> <span class='ocrx_word' id='word_1_80' title='bbox 2111 1077 2236 1132; x_wconf 87' lang='lat' dir='ltr'><strong>sup-</strong></span> 
     </span>
    </p>
   </div>
   <div class='ocr_carea' id='block_1_12' title="bbox 641 1154 1010 1222">
    <p class='ocr_par' dir='ltr' id='par_1_12' title="bbox 641 1154 1010 1222">
     <span class='ocr_line' id='line_1_12' title="bbox 641 1154 1010 1222; baseline 0.003 -16"><span class='ocrx_word' id='word_1_81' title='bbox 641 1154 841 1222; x_wconf 84' lang='lat' dir='ltr'><strong>plenda</strong></span> <span class='ocrx_word' id='word_1_82' title='bbox 866 1161 1010 1208; x_wconf 89' lang='lat' dir='ltr'><strong>sunt.</strong></span> 
     </span>
    </p>
   </div>
   <div class='ocr_carea' id='block_1_13' title="bbox 705 1246 2237 1320">
    <p class='ocr_par' dir='ltr' id='par_1_13' title="bbox 705 1246 2237 1320">
     <span class='ocr_line' id='line_1_13' title="bbox 705 1246 2237 1320; baseline 0.001 -19"><span class='ocrx_word' id='word_1_83' title='bbox 705 1247 905 1302; x_wconf 81' lang='lat' dir='ltr'><strong>Verum</strong></span> <span class='ocrx_word' id='word_1_84' title='bbox 958 1246 1199 1318; x_wconf 63' lang='lat' dir='ltr'><strong>posthaec</strong></span> <span class='ocrx_word' id='word_1_85' title='bbox 1229 1247 1503 1304; x_wconf 80' lang='lat' dir='ltr'><strong>Arnobius</strong></span> <span class='ocrx_word' id='word_1_86' title='bbox 1530 1246 1734 1320; x_wconf 86' lang='lat' dir='ltr'><strong>(Ibid.)</strong></span> <span class='ocrx_word' id='word_1_87' title='bbox 1768 1249 1996 1303; x_wconf 90' lang='lat' dir='ltr'><strong>multum</strong></span> <span class='ocrx_word' id='word_1_88' title='bbox 2030 1263 2091 1303; x_wconf 90' lang='lat' dir='ltr'><strong>ea</strong></span> <span class='ocrx_word' id='word_1_89' title='bbox 2124 1262 2237 1302; x_wconf 89' lang='lat' dir='ltr'><strong>am-</strong></span> 
     </span>
    </p>
   </div>
   <div class='ocr_carea' id='block_1_14' title="bbox 639 1341 2237 1414">
    <p class='ocr_par' dir='ltr' id='par_1_14' title="bbox 639 1341 2237 1414">
     <span class='ocr_line' id='line_1_14' title="bbox 639 1341 2237 1414; baseline 0.001 -17"><span class='ocrx_word' id='word_1_90' title='bbox 639 1341 900 1412; x_wconf 86' lang='lat' dir='ltr'><strong>pliﬁcavit</strong></span> <span class='ocrx_word' id='word_1_91' title='bbox 923 1385 937 1408; x_wconf 94' lang='lat'><strong>,</strong></span> <span class='ocrx_word' id='word_1_92' title='bbox 972 1359 1092 1414; x_wconf 76' lang='lat' dir='ltr'><strong>qua:</strong></span> <span class='ocrx_word' id='word_1_93' title='bbox 1123 1342 1446 1398; x_wconf 88' lang='lat' dir='ltr'><strong>brevissime</strong></span> <span class='ocrx_word' id='word_1_94' title='bbox 1475 1343 1610 1397; x_wconf 81' lang='lat' dir='ltr'><strong>dixit</strong></span> <span class='ocrx_word' id='word_1_95' title='bbox 1643 1342 1897 1398; x_wconf 87' lang='lat' dir='ltr'><strong>Clemens</strong></span> <span class='ocrx_word' id='word_1_96' title='bbox 1929 1361 1943 1397; x_wconf 91' lang='lat'><strong>:</strong></span> <span class='ocrx_word' id='word_1_97' title='bbox 1974 1341 2100 1397; x_wconf 88' lang='lat' dir='ltr'><strong>Cum</strong></span> <span class='ocrx_word' id='word_1_98' title='bbox 2143 1344 2237 1413; x_wconf 84' lang='lat' dir='ltr'><strong>flo-</strong></span> 
     </span>
    </p>
   </div>
   <div class='ocr_carea' id='block_1_15' title="bbox 640 1433 2241 1506">
    <p class='ocr_par' dir='ltr' id='par_1_15' title="bbox 640 1433 2241 1506">
     <span class='ocr_line' id='line_1_15' title="bbox 640 1433 2241 1506; baseline 0.001 -18"><span class='ocrx_word' id='word_1_99' title='bbox 640 1445 775 1489; x_wconf 83' lang='lat' dir='ltr'><strong>reret</strong></span> <span class='ocrx_word' id='word_1_100' title='bbox 801 1433 1016 1506; x_wconf 82' lang='lat' dir='ltr'><strong>Phryne</strong></span> <span class='ocrx_word' id='word_1_101' title='bbox 1047 1437 1290 1490; x_wconf 73' lang='lat' dir='ltr'><strong>meretrix</strong></span> <span class='ocrx_word' id='word_1_102' title='bbox 1318 1433 1606 1505; x_wconf 76' lang='lat' dir='ltr'><strong>Thespiaca</strong></span> <span class='ocrx_word' id='word_1_103' title='bbox 1627 1477 1640 1498; x_wconf 94' lang='lat'><strong>,</strong></span> <span class='ocrx_word' id='word_1_104' title='bbox 1674 1437 1892 1506; x_wconf 83' lang='lat' dir='ltr'><strong>pictores</strong></span> <span class='ocrx_word' id='word_1_105' title='bbox 1922 1451 2095 1490; x_wconf 88' lang='lat' dir='ltr'><strong>omnes</strong></span> <span class='ocrx_word' id='word_1_106' title='bbox 2147 1435 2241 1490; x_wconf 79' lang='lat' dir='ltr'><strong>Ve-</strong></span> 
     </span>
    </p>
   </div>
   <div class='ocr_carea' id='block_1_16' title="bbox 641 1527 2238 1604">
    <p class='ocr_par' dir='ltr' id='par_1_16' title="bbox 641 1527 2238 1604">
     <span class='ocr_line' id='line_1_16' title="bbox 641 1527 2238 1604; baseline 0 -22"><span class='ocrx_word' id='word_1_107' title='bbox 641 1532 780 1582; x_wconf 85' lang='lat' dir='ltr'><strong>neris</strong></span> <span class='ocrx_word' id='word_1_108' title='bbox 829 1529 1076 1598; x_wconf 82' lang='lat' dir='ltr'><strong>imagines</strong></span> <span class='ocrx_word' id='word_1_109' title='bbox 1124 1528 1193 1581; x_wconf 85' lang='lat' dir='ltr'><strong>ad</strong></span> <span class='ocrx_word' id='word_1_110' title='bbox 1233 1527 1472 1598; x_wconf 82' lang='lat' dir='ltr'><strong>Phrynes</strong></span> <span class='ocrx_word' id='word_1_111' title='bbox 1520 1529 1683 1583; x_wconf 88' lang='lat' dir='ltr'><strong>instar</strong></span> <span class='ocrx_word' id='word_1_112' title='bbox 1725 1527 2008 1598; x_wconf 80' lang='lat' dir='ltr'><strong>referebant</strong></span> <span class='ocrx_word' id='word_1_113' title='bbox 2040 1531 2238 1604; x_wconf 62' lang='lat' dir='ltr'><strong>:Qpbvn</strong></span> 
     </span>
    </p>
   </div>
   <div class='ocr_carea' id='block_1_17' title="bbox 641 1622 2240 1700">
    <p class='ocr_par' dir='ltr' id='par_1_17' title="bbox 641 1622 2240 1700">
     <span class='ocr_line' id='line_1_17' title="bbox 641 1622 2240 1700; baseline -0.001 -22"><span class='ocrx_word' id='word_1_114' title='bbox 641 1622 696 1678; x_wconf 74' lang='grc' dir='ltr'><strong>δέ</strong></span> <span class='ocrx_word' id='word_1_115' title='bbox 750 1624 968 1682; x_wconf 79' lang='grc' dir='ltr'><strong>ὁπηνίκα</strong></span> <span class='ocrx_word' id='word_1_116' title='bbox 1014 1624 1146 1682; x_wconf 68' lang='grc' dir='ltr'><strong>ἤνθει</strong></span> <span class='ocrx_word' id='word_1_117' title='bbox 1191 1627 1222 1681; x_wconf 77' lang='grc' dir='ltr'>ἡ</span> <span class='ocrx_word' id='word_1_118' title='bbox 1272 1623 1449 1700; x_wconf 75' lang='grc' dir='ltr'><strong>ἑταίρα</strong></span> <span class='ocrx_word' id='word_1_119' title='bbox 1501 1625 1531 1681; x_wconf 82' lang='grc' dir='ltr'>ἡ</span> <span class='ocrx_word' id='word_1_120' title='bbox 1584 1629 1881 1686; x_wconf 76' lang='grc' dir='ltr'><strong>Θεσπιακὴ,</strong></span> <span class='ocrx_word' id='word_1_121' title='bbox 1911 1625 1956 1677; x_wconf 85' lang='lat' dir='ltr'><strong>oi</strong></span> <span class='ocrx_word' id='word_1_122' title='bbox 1988 1625 2240 1699; x_wconf 71' lang='grc' dir='ltr'><strong>ζωγράφοι</strong></span> 
     </span>
    </p>
   </div>
   <div class='ocr_carea' id='block_1_18' title="bbox 639 1716 2238 1794">
    <p class='ocr_par' dir='ltr' id='par_1_18' title="bbox 639 1716 2238 1794">
     <span class='ocr_line' id='line_1_18' title="bbox 639 1716 2238 1794; baseline -0.001 -23"><span class='ocrx_word' id='word_1_123' title='bbox 639 1719 828 1776; x_wconf 76' lang='grc' dir='ltr'><strong>πάντες</strong></span> <span class='ocrx_word' id='word_1_124' title='bbox 854 1727 945 1778; x_wconf 81' lang='grc' dir='ltr'><strong>τῆς</strong></span> <span class='ocrx_word' id='word_1_125' title='bbox 972 1716 1259 1794; x_wconf 74' lang='grc' dir='ltr'><strong>Ἀφροδίτης</strong></span> <span class='ocrx_word' id='word_1_126' title='bbox 1304 1716 1498 1776; x_wconf 80' lang='grc' dir='ltr'><strong>εἰκόνας</strong></span> <span class='ocrx_word' id='word_1_127' title='bbox 1529 1718 1655 1792; x_wconf 77' lang='grc' dir='ltr'><strong>πρὸς</strong></span> <span class='ocrx_word' id='word_1_128' title='bbox 1704 1719 1761 1772; x_wconf 83' lang='grc' dir='ltr'><strong>τὸ</strong></span> <span class='ocrx_word' id='word_1_129' title='bbox 1823 1717 2001 1776; x_wconf 78' lang='grc' dir='ltr'>κάλλος</span> <span class='ocrx_word' id='word_1_130' title='bbox 2049 1718 2238 1786; x_wconf 84' lang='grc' dir='ltr'><strong>ἀπεμι-</strong></span> 
     </span>
    </p>
   </div>
   <div class='ocr_carea' id='block_1_19' title="bbox 2337 500 3927 572">
    <p class='ocr_par' dir='ltr' id='par_1_19' title="bbox 2337 500 3927 572">
     <span class='ocr_line' id='line_1_19' title="bbox 2337 500 3927 572; baseline -0.001 -13"><span class='ocrx_word' id='word_1_131' title='bbox 2337 504 2612 559; x_wconf 87' lang='lat' dir='ltr'><strong>statuariis</strong></span> <span class='ocrx_word' id='word_1_132' title='bbox 2655 512 2707 556; x_wconf 90' lang='lat' dir='ltr'><strong>et</strong></span> <span class='ocrx_word' id='word_1_133' title='bbox 2755 500 3049 572; x_wconf 85' lang='lat' dir='ltr'><strong>pietoribus</strong></span> <span class='ocrx_word' id='word_1_134' title='bbox 3081 501 3296 572; x_wconf 86' lang='lat' dir='ltr'><strong>impune</strong></span> <span class='ocrx_word' id='word_1_135' title='bbox 3333 501 3648 571; x_wconf 88' lang='lat' dir='ltr'><strong>consignata</strong></span> <span class='ocrx_word' id='word_1_136' title='bbox 3680 500 3846 556; x_wconf 81' lang='lat' dir='ltr'><strong>fuisse</strong></span> <span class='ocrx_word' id='word_1_137' title='bbox 3874 503 3927 558; x_wconf 91' lang='lat' dir='ltr'><strong>in</strong></span> 
     </span>
    </p>
   </div>
   <div class='ocr_carea' id='block_1_20' title="bbox 2313 591 3929 664">
    <p class='ocr_par' dir='ltr' id='par_1_20' title="bbox 2313 591 3929 664">
     <span class='ocr_line' id='line_1_20' title="bbox 2313 591 3929 664; baseline -0.002 -12"><span class='ocrx_word' id='word_1_138' title='bbox 2313 597 2563 652; x_wconf 88' lang='lat' dir='ltr'><strong>deorum</strong></span> <span class='ocrx_word' id='word_1_139' title='bbox 2611 595 2932 664; x_wconf 77' lang='lat' dir='ltr'><strong>imaginibus</strong></span> <span class='ocrx_word' id='word_1_140' title='bbox 2957 602 3011 648; x_wconf 91' lang='lat' dir='ltr'><strong>et</strong></span> <span class='ocrx_word' id='word_1_141' title='bbox 3040 592 3342 648; x_wconf 84' lang='lat' dir='ltr'><strong>simulacris</strong></span> <span class='ocrx_word' id='word_1_142' title='bbox 3387 591 3842 648; x_wconf 77' lang='lat' dir='ltr'><strong>exsecrandorum</strong></span> <span class='ocrx_word' id='word_1_143' title='bbox 3870 595 3929 648; x_wconf 90' lang='lat' dir='ltr'><strong>li-</strong></span> 
     </span>
    </p>
   </div>
   <div class='ocr_carea' id='block_1_21' title="bbox 2338 685 3929 756">
    <p class='ocr_par' dir='ltr' id='par_1_21' title="bbox 2338 685 3929 756">
     <span class='ocr_line' id='line_1_21' title="bbox 2338 685 3929 756; baseline -0.002 -12"><span class='ocrx_word' id='word_1_144' title='bbox 2338 689 2580 744; x_wconf 89' lang='lat' dir='ltr'><strong>bidinum</strong></span> <span class='ocrx_word' id='word_1_145' title='bbox 2640 703 2857 742; x_wconf 90' lang='lat' dir='ltr'><strong>suarum</strong></span> <span class='ocrx_word' id='word_1_146' title='bbox 2916 685 3312 741; x_wconf 86' lang='lat' dir='ltr'><strong>monumenta?</strong></span> <span class='ocrx_word' id='word_1_147' title='bbox 3365 685 3696 756; x_wconf 83' lang='lat' dir='ltr'><strong>Semetipsos</strong></span> <span class='ocrx_word' id='word_1_148' title='bbox 3771 685 3929 756; x_wconf 79' lang='lat' dir='ltr'><strong>igitur</strong></span> 
     </span>
    </p>
   </div>
   <div class='ocr_carea' id='block_1_22' title="bbox 2337 778 3927 850">
    <p class='ocr_par' dir='ltr' id='par_1_22' title="bbox 2337 778 3927 850">
     <span class='ocr_line' id='line_1_22' title="bbox 2337 778 3927 850; baseline -0.002 -13"><span class='ocrx_word' id='word_1_149' title='bbox 2337 783 2641 837; x_wconf 87' lang='lat' dir='ltr'><strong>voluntaria</strong></span> <span class='ocrx_word' id='word_1_150' title='bbox 2693 782 2938 836; x_wconf 57' lang='lat' dir='ltr'><strong>caecitate</strong></span> <span class='ocrx_word' id='word_1_151' title='bbox 2982 779 3239 835; x_wconf 85' lang='lat' dir='ltr'><strong>fallebant</strong></span> <span class='ocrx_word' id='word_1_152' title='bbox 3283 778 3526 846; x_wconf 87' lang='lat' dir='ltr'><strong>ethnici,</strong></span> <span class='ocrx_word' id='word_1_153' title='bbox 3578 780 3668 850; x_wconf 91' lang='lat' dir='ltr'><strong>qui</strong></span> <span class='ocrx_word' id='word_1_154' title='bbox 3713 778 3830 834; x_wconf 60' lang='lat' dir='ltr'><strong>haec</strong></span> <span class='ocrx_word' id='word_1_155' title='bbox 3855 780 3927 834; x_wconf 85' lang='lat' dir='ltr'><strong>si-</strong></span> 
     </span>
    </p>
   </div>
   <div class='ocr_carea' id='block_1_23' title="bbox 2339 872 3924 943">
    <p class='ocr_par' dir='ltr' id='par_1_23' title="bbox 2339 872 3924 943">
     <span class='ocr_line' id='line_1_23' title="bbox 2339 872 3924 943; baseline -0.003 -13"><span class='ocrx_word' id='word_1_156' title='bbox 2339 875 2576 930; x_wconf 86' lang='lat' dir='ltr'><strong>mulacra</strong></span> <span class='ocrx_word' id='word_1_157' title='bbox 2603 873 3023 939; x_wconf 83' lang='lat' dir='ltr'><strong>venerabantur,</strong></span> <span class='ocrx_word' id='word_1_158' title='bbox 3056 873 3418 943; x_wconf 90' lang='lat' dir='ltr'><strong>nolebantque</strong></span> <span class='ocrx_word' id='word_1_159' title='bbox 3459 872 3583 942; x_wconf 89' lang='lat' dir='ltr'><strong>quid</strong></span> <span class='ocrx_word' id='word_1_160' title='bbox 3614 888 3676 928; x_wconf 85' lang='lat' dir='ltr'><strong>ea</strong></span> <span class='ocrx_word' id='word_1_161' title='bbox 3709 882 3891 927; x_wconf 88' lang='lat' dir='ltr'><strong>essent</strong></span> <span class='ocrx_word' id='word_1_162' title='bbox 3911 917 3924 936; x_wconf 95' lang='lat'><strong>,</strong></span> 
     </span>
    </p>
   </div>
   <div class='ocr_carea' id='block_1_24' title="bbox 2339 965 3930 1036">
    <p class='ocr_par' dir='ltr' id='par_1_24' title="bbox 2339 965 3930 1036">
     <span class='ocr_line' id='line_1_24' title="bbox 2339 965 3930 1036; baseline 0.001 -15"><span class='ocrx_word' id='word_1_163' title='bbox 2339 965 2677 1028; x_wconf 86' lang='lat' dir='ltr'><strong>examinare;</strong></span> <span class='ocrx_word' id='word_1_164' title='bbox 2706 982 2772 1022; x_wconf 90' lang='lat' dir='ltr'><strong>ne</strong></span> <span class='ocrx_word' id='word_1_165' title='bbox 2792 965 3034 1021; x_wconf 88' lang='lat' dir='ltr'><strong>discussa</strong></span> <span class='ocrx_word' id='word_1_166' title='bbox 3058 981 3306 1022; x_wconf 90' lang='lat' dir='ltr'><strong>errorum</strong></span> <span class='ocrx_word' id='word_1_167' title='bbox 3327 966 3554 1036; x_wconf 85' lang='lat' dir='ltr'><strong>caligine</strong></span> <span class='ocrx_word' id='word_1_168' title='bbox 3574 965 3641 1022; x_wconf 89' lang='lat' dir='ltr'><strong>ad</strong></span> <span class='ocrx_word' id='word_1_169' title='bbox 3663 969 3930 1024; x_wconf 86' lang='lat' dir='ltr'><strong>saniorem</strong></span> 
     </span>
    </p>
   </div>
   <div class='ocr_carea' id='block_1_25' title="bbox 2339 1059 3160 1130">
    <p class='ocr_par' dir='ltr' id='par_1_25' title="bbox 2339 1059 3160 1130">
     <span class='ocr_line' id='line_1_25' title="bbox 2339 1059 3160 1130; baseline 0.001 -17"><span class='ocrx_word' id='word_1_170' title='bbox 2339 1069 2573 1114; x_wconf 90' lang='lat' dir='ltr'><strong>mentem</strong></span> <span class='ocrx_word' id='word_1_171' title='bbox 2607 1059 2786 1114; x_wconf 89' lang='lat' dir='ltr'><strong>redire</strong></span> <span class='ocrx_word' id='word_1_172' title='bbox 2814 1069 3160 1130; x_wconf 80' lang='lat' dir='ltr'><strong>cogerentur.</strong></span> 
     </span>
    </p>
   </div>
   <div class='ocr_carea' id='block_1_26' title="bbox 2409 1149 3932 1224">
    <p class='ocr_par' dir='ltr' id='par_1_26' title="bbox 2409 1149 3932 1224">
     <span class='ocr_line' id='line_1_26' title="bbox 2409 1149 3932 1224; baseline 0.002 -17"><span class='ocrx_word' id='word_1_173' title='bbox 2409 1149 2517 1207; x_wconf 89' lang='lat' dir='ltr'><strong>Sed</strong></span> <span class='ocrx_word' id='word_1_174' title='bbox 2560 1152 2683 1206; x_wconf 93' lang='lat' dir='ltr'><strong>illos</strong></span> <span class='ocrx_word' id='word_1_175' title='bbox 2729 1151 2909 1207; x_wconf 87' lang='lat' dir='ltr'><strong>adhuc</strong></span> <span class='ocrx_word' id='word_1_176' title='bbox 2955 1162 3108 1222; x_wconf 91' lang='lat' dir='ltr'><strong>urget</strong></span> <span class='ocrx_word' id='word_1_177' title='bbox 3156 1151 3460 1216; x_wconf 85' lang='lat' dir='ltr'><strong>Arnobius,</strong></span> <span class='ocrx_word' id='word_1_178' title='bbox 3514 1152 3708 1224; x_wconf 90' lang='lat' dir='ltr'><strong>hisque</strong></span> <span class='ocrx_word' id='word_1_179' title='bbox 3756 1154 3932 1210; x_wconf 79' lang='lat' dir='ltr'><strong>verbis</strong></span> 
     </span>
    </p>
   </div>
   <div class='ocr_carea' id='block_1_27' title="bbox 2339 1244 3938 1318">
    <p class='ocr_par' dir='ltr' id='par_1_27' title="bbox 2339 1244 3938 1318">
     <span class='ocr_line' id='line_1_27' title="bbox 2339 1244 3938 1318; baseline 0.004 -18"><span class='ocrx_word' id='word_1_180' title='bbox 2339 1244 2626 1314; x_wconf 89' lang='lat' dir='ltr'><strong>compellat</strong></span> <span class='ocrx_word' id='word_1_181' title='bbox 2654 1263 2668 1300; x_wconf 88' lang='lat'><strong>:</strong></span> <span class='ocrx_word' id='word_1_182' title='bbox 2697 1264 2718 1296; x_wconf 76' lang='grc' dir='ltr'><strong>ι</strong></span> <span class='ocrx_word' id='word_1_183' title='bbox 2746 1245 3042 1301; x_wconf 89' lang='lat' dir='ltr'><strong>Abstinetis</strong></span> <span class='ocrx_word' id='word_1_184' title='bbox 3065 1261 3096 1300; x_wconf 88' lang='lat' dir='ltr'><strong>a</strong></span> <span class='ocrx_word' id='word_1_185' title='bbox 3121 1246 3387 1314; x_wconf 86' lang='lat' dir='ltr'><strong>risu,cnm</strong></span> <span class='ocrx_word' id='word_1_186' title='bbox 3409 1263 3505 1318; x_wconf 89' lang='lat' dir='ltr'><strong>pro</strong></span> <span class='ocrx_word' id='word_1_187' title='bbox 3532 1247 3637 1303; x_wconf 83' lang='lat' dir='ltr'><strong>dits</strong></span> <span class='ocrx_word' id='word_1_188' title='bbox 3663 1249 3938 1306; x_wconf 84' lang='lat' dir='ltr'><strong>immorta-</strong></span> 
     </span>
    </p>
   </div>
   <div class='ocr_carea' id='block_1_28' title="bbox 2340 1338 3937 1412">
    <p class='ocr_par' dir='ltr' id='par_1_28' title="bbox 2340 1338 3937 1412">
     <span class='ocr_line' id='line_1_28' title="bbox 2340 1338 3937 1412; baseline 0.003 -19"><span class='ocrx_word' id='word_1_189' title='bbox 2340 1339 2503 1400; x_wconf 89' lang='lat' dir='ltr'><strong>libus,</strong></span> <span class='ocrx_word' id='word_1_190' title='bbox 2531 1338 2795 1410; x_wconf 88' lang='lat' dir='ltr'><strong>sigilliolis</strong></span> <span class='ocrx_word' id='word_1_191' title='bbox 2828 1339 3105 1394; x_wconf 89' lang='lat' dir='ltr'><strong>hominum</strong></span> <span class='ocrx_word' id='word_1_192' title='bbox 3133 1382 3148 1408; x_wconf 93' lang='lat'><strong>,</strong></span> <span class='ocrx_word' id='word_1_193' title='bbox 3193 1351 3248 1396; x_wconf 90' lang='lat' dir='ltr'><strong>et</strong></span> <span class='ocrx_word' id='word_1_194' title='bbox 3279 1341 3468 1396; x_wconf 81' lang='lat' dir='ltr'><strong>formis</strong></span> <span class='ocrx_word' id='word_1_195' title='bbox 3489 1344 3810 1412; x_wconf 87' lang='lat' dir='ltr'><strong>supplicatis</strong></span> <span class='ocrx_word' id='word_1_196' title='bbox 3840 1346 3937 1398; x_wconf 59' lang='lat' dir='ltr'><strong>hu-</strong></span> 
     </span>
    </p>
   </div>
   <div class='ocr_carea' id='block_1_29' title="bbox 2339 1432 3936 1506">
    <p class='ocr_par' dir='ltr' id='par_1_29' title="bbox 2339 1432 3936 1506">
     <span class='ocr_line' id='line_1_29' title="bbox 2339 1432 3936 1506; baseline 0.006 -20"><span class='ocrx_word' id='word_1_197' title='bbox 2339 1432 2547 1486; x_wconf 88' lang='lat' dir='ltr'><strong>manis?</strong></span> <span class='ocrx_word' id='word_1_198' title='bbox 2565 1432 2701 1500; x_wconf 86' lang='lat' dir='ltr'><strong>Quin</strong></span> <span class='ocrx_word' id='word_1_199' title='bbox 2727 1434 2891 1488; x_wconf 91' lang='lat' dir='ltr'><strong>immo</strong></span> <span class='ocrx_word' id='word_1_200' title='bbox 2902 1433 3034 1488; x_wconf 90' lang='lat' dir='ltr'><strong>deos</strong></span> <span class='ocrx_word' id='word_1_201' title='bbox 3045 1448 3165 1488; x_wconf 90' lang='lat' dir='ltr'><strong>esse</strong></span> <span class='ocrx_word' id='word_1_202' title='bbox 3186 1434 3441 1505; x_wconf 73' lang='lat' dir='ltr'><strong>sigillaria</strong></span> <span class='ocrx_word' id='word_1_203' title='bbox 3462 1437 3574 1506; x_wconf 86' lang='lat' dir='ltr'><strong>ipsa</strong></span> <span class='ocrx_word' id='word_1_204' title='bbox 3589 1438 3826 1493; x_wconf 67' lang='lat' dir='ltr'><strong>censetis</strong></span> <span class='ocrx_word' id='word_1_205' title='bbox 3842 1454 3936 1495; x_wconf 88' lang='lat' dir='ltr'><strong>nec</strong></span> 
     </span>
    </p>
   </div>
   <div class='ocr_carea' id='block_1_30' title="bbox 2340 1523 3931 1595">
    <p class='ocr_par' dir='ltr' id='par_1_30' title="bbox 2340 1523 3931 1595">
     <span class='ocr_line' id='line_1_30' title="bbox 2340 1523 3931 1595; baseline 0.004 -19"><span class='ocrx_word' id='word_1_206' title='bbox 2340 1533 2537 1592; x_wconf 72' lang='lat' dir='ltr'><strong>praeter</strong></span> <span class='ocrx_word' id='word_1_207' title='bbox 2565 1524 2677 1578; x_wconf 75' lang='lat' dir='ltr'><strong>[nec</strong></span> <span class='ocrx_word' id='word_1_208' title='bbox 2703 1523 2992 1595; x_wconf 84' lang='lat' dir='ltr'><strong>quidquam</strong></span> <span class='ocrx_word' id='word_1_209' title='bbox 3020 1526 3124 1578; x_wconf 86' lang='lat' dir='ltr'><strong>vim</strong></span> <span class='ocrx_word' id='word_1_210' title='bbox 3159 1525 3382 1581; x_wconf 78' lang='lat' dir='ltr'><strong>creditis</strong></span> <span class='ocrx_word' id='word_1_211' title='bbox 3407 1526 3610 1584; x_wconf 85' lang='lat' dir='ltr'><strong>habere</strong></span> <span class='ocrx_word' id='word_1_212' title='bbox 3647 1529 3884 1584; x_wconf 78' lang='lat' dir='ltr'><strong>divinam</strong></span> <span class='ocrx_word' id='word_1_213' title='bbox 3913 1551 3931 1582; x_wconf 78' lang='grc' dir='ltr'><strong>ι</strong></span> 
     </span>
    </p>
   </div>
   <div class='ocr_carea' id='block_1_31' title="bbox 2350 1618 3942 1692">
    <p class='ocr_par' dir='ltr' id='par_1_31' title="bbox 2350 1618 3942 1692">
     <span class='ocr_line' id='line_1_31' title="bbox 2350 1618 3942 1692; baseline 0.006 -22"><span class='ocrx_word' id='word_1_214' title='bbox 2350 1619 2530 1692; x_wconf 66' lang='lat' dir='ltr'><strong>(Arn,</strong></span> <span class='ocrx_word' id='word_1_215' title='bbox 2564 1620 2652 1673; x_wconf 86' lang='lat' dir='ltr'><strong>lib.</strong></span> <span class='ocrx_word' id='word_1_216' title='bbox 2676 1635 2748 1686; x_wconf 86' lang='lat' dir='ltr'><strong>vt,</strong></span> <span class='ocrx_word' id='word_1_217' title='bbox 2781 1637 2833 1690; x_wconf 91' lang='lat' dir='ltr'><strong>p.</strong></span> <span class='ocrx_word' id='word_1_218' title='bbox 2861 1618 3008 1692; x_wconf 72' lang='grc'><strong>197).</strong></span> <span class='ocrx_word' id='word_1_219' title='bbox 3041 1620 3340 1692; x_wconf 75' lang='lat' dir='ltr'><strong>l’aulnpust</strong></span> <span class='ocrx_word' id='word_1_220' title='bbox 3365 1637 3494 1676; x_wconf 89' lang='lat' dir='ltr'><strong>vero</strong></span> <span class='ocrx_word' id='word_1_221' title='bbox 3515 1623 3636 1678; x_wconf 83' lang='lat' dir='ltr'><strong>illos</strong></span> <span class='ocrx_word' id='word_1_222' title='bbox 3657 1624 3832 1680; x_wconf 85' lang='lat' dir='ltr'><strong>adhuc</strong></span> <span class='ocrx_word' id='word_1_223' title='bbox 3857 1625 3942 1679; x_wconf 88' lang='lat' dir='ltr'><strong>his</strong></span> 
     </span>
    </p>
   </div>
   <div class='ocr_carea' id='block_1_32' title="bbox 2341 1701 3946 1784">
    <p class='ocr_par' dir='ltr' id='par_1_32' title="bbox 2341 1701 3946 1784">
     <span class='ocr_line' id='line_1_32' title="bbox 2341 1701 3946 1784; baseline 0.005 -18"><span class='ocrx_word' id='word_1_224' title='bbox 2341 1712 2882 1781; x_wconf 86' lang='lat' dir='ltr'><strong>castigatacrioribus</strong></span> <span class='ocrx_word' id='word_1_225' title='bbox 2901 1713 3078 1768; x_wconf 87' lang='lat' dir='ltr'><strong>verbis</strong></span> <span class='ocrx_word' id='word_1_226' title='bbox 3111 1732 3124 1767; x_wconf 89' lang='lat'><strong>:</strong></span> <span class='ocrx_word' id='word_1_227' title='bbox 3155 1731 3174 1762; x_wconf 71' lang='grc' dir='ltr'><strong>ι</strong></span> <span class='ocrx_word' id='word_1_228' title='bbox 3201 1701 3382 1784; x_wconf 71' lang='lat' dir='ltr'><strong>U~que</strong></span> <span class='ocrx_word' id='word_1_229' title='bbox 3407 1714 3547 1770; x_wconf 85' lang='lat' dir='ltr'><strong>adeo</strong></span> <span class='ocrx_word' id='word_1_230' title='bbox 3575 1716 3724 1771; x_wconf 90' lang='lat' dir='ltr'><strong>ludus</strong></span> <span class='ocrx_word' id='word_1_231' title='bbox 3751 1725 3860 1782; x_wconf 86' lang='lat' dir='ltr'><strong>est,</strong></span> <span class='ocrx_word' id='word_1_232' title='bbox 3886 1729 3946 1774; x_wconf 88' lang='lat' dir='ltr'><strong>et</strong></span> 
     </span>
    </p>
   </div>
   <div class='ocr_carea' id='block_1_33' title="bbox 641 1803 3943 1888">
    <p class='ocr_par' dir='ltr' id='par_1_33' title="bbox 641 1803 3943 1888">
     <span class='ocr_line' id='line_1_33' title="bbox 641 1803 3943 1888; baseline 0.002 -26"><span class='ocrx_word' id='word_1_233' title='bbox 641 1817 831 1880; x_wconf 78' lang='grc' dir='ltr'><strong>μοῦντο</strong></span> <span class='ocrx_word' id='word_1_234' title='bbox 885 1812 1097 1888; x_wconf 73' lang='grc' dir='ltr'><strong>Φρύνης.</strong></span> <span class='ocrx_word' id='word_1_235' title='bbox 1153 1809 1279 1863; x_wconf 70' lang='grc' dir='ltr'><strong>Ηίεο</strong></span> <span class='ocrx_word' id='word_1_236' title='bbox 1327 1809 1504 1873; x_wconf 88' lang='lat' dir='ltr'><strong>enim,</strong></span> <span class='ocrx_word' id='word_1_237' title='bbox 1539 1812 1618 1862; x_wconf 90' lang='lat' dir='ltr'><strong>sic</strong></span> <span class='ocrx_word' id='word_1_238' title='bbox 1664 1817 1847 1863; x_wconf 87' lang='lat' dir='ltr'><strong>narrat</strong></span> <span class='ocrx_word' id='word_1_239' title='bbox 1904 1810 2177 1864; x_wconf 84' lang='lat' dir='ltr'><strong>Arnobius</strong></span> <span class='ocrx_word' id='word_1_240' title='bbox 2221 1826 2234 1864; x_wconf 91' lang='lat'><strong>:</strong></span> <span class='ocrx_word' id='word_1_241' title='bbox 2271 1819 2317 1878; x_wconf 84' lang='grc' dir='ltr'><strong>Β</strong></span> <span class='ocrx_word' id='word_1_242' title='bbox 2346 1804 2565 1874; x_wconf 85' lang='lat' dir='ltr'><strong>puerilis</strong></span> <span class='ocrx_word' id='word_1_243' title='bbox 2593 1803 2842 1869; x_wconf 75' lang='lat' dir='ltr'><strong>affectio,</strong></span> <span class='ocrx_word' id='word_1_244' title='bbox 2872 1806 3132 1877; x_wconf 73' lang='lat' dir='ltr'><strong>sigillaria</strong></span> <span class='ocrx_word' id='word_1_245' title='bbox 3158 1808 3257 1861; x_wconf 86' lang='lat' dir='ltr'><strong>ista</strong></span> <span class='ocrx_word' id='word_1_246' title='bbox 3287 1808 3546 1874; x_wconf 91' lang='lat' dir='ltr'><strong>formare,</strong></span> <span class='ocrx_word' id='word_1_247' title='bbox 3581 1812 3809 1866; x_wconf 89' lang='lat' dir='ltr'><strong>adorare</strong></span> <span class='ocrx_word' id='word_1_248' title='bbox 3842 1830 3943 1882; x_wconf 87' lang='lat' dir='ltr'><strong>pro</strong></span> 
     </span>
    </p>
   </div>
   <div class='ocr_carea' id='block_1_34' title="bbox 638 1899 2242 1971">
    <p class='ocr_par' dir='ltr' id='par_1_34' title="bbox 638 1899 2242 1971">
     <span class='ocr_line' id='line_1_34' title="bbox 638 1899 2242 1971; baseline 0 -17"><span class='ocrx_word' id='word_1_249' title='bbox 638 1899 857 1971; x_wconf 79' lang='lat' dir='ltr'><strong>Phryne</strong></span> <span class='ocrx_word' id='word_1_250' title='bbox 902 1901 996 1954; x_wconf 91' lang='lat' dir='ltr'><strong>illa</strong></span> <span class='ocrx_word' id='word_1_251' title='bbox 1026 1900 1355 1971; x_wconf 87' lang='lat' dir='ltr'><strong>Thespiaca,</strong></span> <span class='ocrx_word' id='word_1_252' title='bbox 1401 1901 1528 1953; x_wconf 84' lang='lat' dir='ltr'><strong>sicut</strong></span> <span class='ocrx_word' id='word_1_253' title='bbox 1565 1899 1643 1954; x_wconf 90' lang='lat' dir='ltr'><strong>illi</strong></span> <span class='ocrx_word' id='word_1_254' title='bbox 1696 1905 1960 1971; x_wconf 79' lang='lat' dir='ltr'><strong>referunt,</strong></span> <span class='ocrx_word' id='word_1_255' title='bbox 2019 1902 2108 1970; x_wconf 85' lang='lat' dir='ltr'><strong>qui</strong></span> <span class='ocrx_word' id='word_1_256' title='bbox 2154 1917 2242 1954; x_wconf 88' lang='lat' dir='ltr'><strong>ne-</strong></span> 
     </span>
    </p>
   </div>
   <div class='ocr_carea' id='block_1_35' title="bbox 640 1992 2242 2065">
    <p class='ocr_par' dir='ltr' id='par_1_35' title="bbox 640 1992 2242 2065">
     <span class='ocr_line' id='line_1_35' title="bbox 640 1992 2242 2065; baseline -0.001 -17"><span class='ocrx_word' id='word_1_257' title='bbox 640 1993 781 2065; x_wconf 84' lang='lat' dir='ltr'><strong>gotia</strong></span> <span class='ocrx_word' id='word_1_258' title='bbox 812 1992 1096 2063; x_wconf 87' lang='lat' dir='ltr'><strong>Thespiaca</strong></span> <span class='ocrx_word' id='word_1_259' title='bbox 1138 1993 1525 2060; x_wconf 83' lang='lat' dir='ltr'><strong>scriptitarunt,</strong></span> <span class='ocrx_word' id='word_1_260' title='bbox 1578 2008 1694 2045; x_wconf 88' lang='lat' dir='ltr'><strong>cum</strong></span> <span class='ocrx_word' id='word_1_261' title='bbox 1746 1993 1800 2044; x_wconf 85' lang='lat' dir='ltr'><strong>in</strong></span> <span class='ocrx_word' id='word_1_262' title='bbox 1851 1994 2084 2046; x_wconf 86' lang='lat' dir='ltr'><strong>acumine</strong></span> <span class='ocrx_word' id='word_1_263' title='bbox 2129 1993 2242 2060; x_wconf 92' lang='lat' dir='ltr'><strong>ipso</strong></span> 
     </span>
    </p>
   </div>
   <div class='ocr_carea' id='block_1_36' title="bbox 641 2085 2243 2156">
    <p class='ocr_par' dir='ltr' id='par_1_36' title="bbox 641 2085 2243 2156">
     <span class='ocr_line' id='line_1_36' title="bbox 641 2085 2243 2156; baseline -0.001 -17"><span class='ocrx_word' id='word_1_264' title='bbox 641 2097 768 2141; x_wconf 82' lang='lat' dir='ltr'><strong>esset</strong></span> <span class='ocrx_word' id='word_1_265' title='bbox 797 2085 1222 2156; x_wconf 85' lang='lat' dir='ltr'><strong>pulchritudinis,</strong></span> <span class='ocrx_word' id='word_1_266' title='bbox 1253 2086 1562 2148; x_wconf 83' lang='lat' dir='ltr'><strong>venustatis,</strong></span> <span class='ocrx_word' id='word_1_267' title='bbox 1599 2093 1646 2137; x_wconf 90' lang='lat' dir='ltr'><strong>et</strong></span> <span class='ocrx_word' id='word_1_268' title='bbox 1674 2085 1850 2154; x_wconf 80' lang='lat' dir='ltr'><strong>ﬂoris,</strong></span> <span class='ocrx_word' id='word_1_269' title='bbox 1874 2085 2243 2154; x_wconf 75' lang='lat' dir='ltr'><strong>exemplarium</strong></span> 
     </span>
    </p>
   </div>
   <div class='ocr_carea' id='block_1_37' title="bbox 644 2177 2244 2253">
    <p class='ocr_par' dir='ltr' id='par_1_37' title="bbox 644 2177 2244 2253">
     <span class='ocr_line' id='line_1_37' title="bbox 644 2177 2244 2253; baseline -0.002 -17"><span class='ocrx_word' id='word_1_270' title='bbox 644 2183 802 2253; x_wconf 77' lang='lat' dir='ltr'><strong>fuisse</strong></span> <span class='ocrx_word' id='word_1_271' title='bbox 831 2181 1124 2250; x_wconf 85' lang='lat' dir='ltr'><strong>perhibetur</strong></span> <span class='ocrx_word' id='word_1_272' title='bbox 1148 2191 1468 2248; x_wconf 88' lang='lat' dir='ltr'><strong>cunctarum,</strong></span> <span class='ocrx_word' id='word_1_273' title='bbox 1501 2196 1616 2250; x_wconf 75' lang='lat' dir='ltr'><strong>qua:</strong></span> <span class='ocrx_word' id='word_1_274' title='bbox 1648 2183 1699 2234; x_wconf 92' lang='lat' dir='ltr'><strong>in</strong></span> <span class='ocrx_word' id='word_1_275' title='bbox 1731 2181 1970 2251; x_wconf 79' lang='lat' dir='ltr'><strong>Opinione</strong></span> <span class='ocrx_word' id='word_1_276' title='bbox 1994 2189 2111 2233; x_wconf 85' lang='lat' dir='ltr'><strong>sunt</strong></span> <span class='ocrx_word' id='word_1_277' title='bbox 2148 2177 2244 2233; x_wconf 85' lang='lat' dir='ltr'><strong>Ve-</strong></span> 
     </span>
    </p>
   </div>
   <div class='ocr_carea' id='block_1_38' title="bbox 642 2272 2245 2346">
    <p class='ocr_par' dir='ltr' id='par_1_38' title="bbox 642 2272 2245 2346">
     <span class='ocr_line' id='line_1_38' title="bbox 642 2272 2245 2346; baseline -0.002 -17"><span class='ocrx_word' id='word_1_278' title='bbox 642 2291 822 2330; x_wconf 84' lang='lat' dir='ltr'><strong>nerunt</strong></span> <span class='ocrx_word' id='word_1_279' title='bbox 844 2317 859 2341; x_wconf 92' lang='lat'><strong>,</strong></span> <span class='ocrx_word' id='word_1_280' title='bbox 888 2275 992 2330; x_wconf 86' lang='lat' dir='ltr'><strong>sive</strong></span> <span class='ocrx_word' id='word_1_281' title='bbox 1013 2291 1104 2346; x_wconf 89' lang='lat' dir='ltr'><strong>per</strong></span> <span class='ocrx_word' id='word_1_282' title='bbox 1129 2274 1276 2329; x_wconf 85' lang='lat' dir='ltr'><strong>urbes</strong></span> <span class='ocrx_word' id='word_1_283' title='bbox 1298 2272 1485 2328; x_wconf 82' lang='lat' dir='ltr'><strong>Graias</strong></span> <span class='ocrx_word' id='word_1_284' title='bbox 1503 2314 1520 2341; x_wconf 95' lang='lat'><strong>,</strong></span> <span class='ocrx_word' id='word_1_285' title='bbox 1552 2275 1655 2327; x_wconf 84' lang='lat' dir='ltr'><strong>sive</strong></span> <span class='ocrx_word' id='word_1_286' title='bbox 1683 2275 1775 2327; x_wconf 89' lang='lat' dir='ltr'><strong>iste</strong></span> <span class='ocrx_word' id='word_1_287' title='bbox 1802 2290 1901 2343; x_wconf 85' lang='lat' dir='ltr'><strong>quo</strong></span> <span class='ocrx_word' id='word_1_288' title='bbox 1923 2273 2073 2342; x_wconf 76' lang='lat' dir='ltr'><strong>ﬂuxit</strong></span> <span class='ocrx_word' id='word_1_289' title='bbox 2100 2289 2245 2326; x_wconf 89' lang='lat' dir='ltr'><strong>amor</strong></span> 
     </span>
    </p>
   </div>
   <div class='ocr_carea' id='block_1_39' title="bbox 643 2365 2244 2438">
    <p class='ocr_par' dir='ltr' id='par_1_39' title="bbox 643 2365 2244 2438">
     <span class='ocr_line' id='line_1_39' title="bbox 643 2365 2244 2438; baseline -0.003 -16"><span class='ocrx_word' id='word_1_290' title='bbox 643 2369 822 2423; x_wconf 84' lang='lat' dir='ltr'><strong>talium</strong></span> <span class='ocrx_word' id='word_1_291' title='bbox 848 2367 1198 2438; x_wconf 83' lang='lat' dir='ltr'><strong>cupiditasque</strong></span> <span class='ocrx_word' id='word_1_292' title='bbox 1224 2367 1486 2438; x_wconf 87' lang='lat' dir='ltr'><strong>signorum</strong></span> <span class='ocrx_word' id='word_1_293' title='bbox 1523 2385 1542 2419; x_wconf 83' lang='grc' dir='ltr'><strong>ι</strong></span> <span class='ocrx_word' id='word_1_294' title='bbox 1576 2365 1728 2437; x_wconf 92' lang='lat' dir='ltr'><strong>(ibid.</strong></span> <span class='ocrx_word' id='word_1_295' title='bbox 1739 2376 1782 2437; x_wconf 82' lang='lat'><strong>).</strong></span> <span class='ocrx_word' id='word_1_296' title='bbox 1811 2366 1883 2420; x_wconf 90' lang='lat' dir='ltr'><strong>De</strong></span> <span class='ocrx_word' id='word_1_297' title='bbox 1906 2375 2094 2420; x_wconf 89' lang='lat' dir='ltr'><strong>aurata</strong></span> <span class='ocrx_word' id='word_1_298' title='bbox 2117 2380 2244 2419; x_wconf 89' lang='lat' dir='ltr'><strong>vero</strong></span> 
     </span>
    </p>
   </div>
   <div class='ocr_carea' id='block_1_40' title="bbox 605 2459 2246 2533">
    <p class='ocr_par' dir='ltr' id='par_1_40' title="bbox 605 2459 2246 2533">
     <span class='ocr_line' id='line_1_40' title="bbox 605 2459 2246 2533; baseline -0.001 -17"><span class='ocrx_word' id='word_1_299' title='bbox 605 2469 607 2472; x_wconf 68' lang='lat'><em>‘</em></span> <span class='ocrx_word' id='word_1_300' title='bbox 644 2461 892 2533; x_wconf 87' lang='lat' dir='ltr'><strong>Phryucs</strong></span> <span class='ocrx_word' id='word_1_301' title='bbox 933 2460 1143 2532; x_wconf 79' lang='lat' dir='ltr'><strong>efﬁgie,</strong></span> <span class='ocrx_word' id='word_1_302' title='bbox 1193 2477 1221 2514; x_wconf 89' lang='lat' dir='ltr'><strong>a</strong></span> <span class='ocrx_word' id='word_1_303' title='bbox 1246 2461 1518 2516; x_wconf 84' lang='lat' dir='ltr'><strong>Praxitele</strong></span> <span class='ocrx_word' id='word_1_304' title='bbox 1543 2459 1719 2514; x_wconf 88' lang='lat' dir='ltr'><strong>efﬁcta</strong></span> <span class='ocrx_word' id='word_1_305' title='bbox 1743 2501 1757 2524; x_wconf 94' lang='lat'><strong>,</strong></span> <span class='ocrx_word' id='word_1_306' title='bbox 1803 2459 1918 2514; x_wconf 72' lang='lat' dir='ltr'><strong>hmc</strong></span> <span class='ocrx_word' id='word_1_307' title='bbox 1956 2459 2246 2514; x_wconf 85' lang='lat' dir='ltr'><strong>Pausanias</strong></span> 
     </span>
    </p>
   </div>
   <div class='ocr_carea' id='block_1_41' title="bbox 644 2550 2246 2630">
    <p class='ocr_par' dir='ltr' id='par_1_41' title="bbox 644 2550 2246 2630">
     <span class='ocr_line' id='line_1_41' title="bbox 644 2550 2246 2630; baseline -0.001 -24"><span class='ocrx_word' id='word_1_308' title='bbox 644 2553 862 2622; x_wconf 74' lang='lat' dir='ltr'><strong>scriptis</strong></span> <span class='ocrx_word' id='word_1_309' title='bbox 891 2553 1113 2607; x_wconf 88' lang='lat' dir='ltr'><strong>tradidit</strong></span> <span class='ocrx_word' id='word_1_310' title='bbox 1139 2571 1152 2607; x_wconf 90' lang='lat'><strong>:</strong></span> <span class='ocrx_word' id='word_1_311' title='bbox 1169 2555 1361 2625; x_wconf 76' lang='grc' dir='ltr'><strong>Φρύνης</strong></span> <span class='ocrx_word' id='word_1_312' title='bbox 1379 2550 1431 2607; x_wconf 85' lang='grc' dir='ltr'><em>δέ</em></span> <span class='ocrx_word' id='word_1_313' title='bbox 1454 2553 1624 2607; x_wconf 77' lang='grc' dir='ltr'><strong>εἰκόνα</strong></span> <span class='ocrx_word' id='word_1_314' title='bbox 1639 2553 1926 2630; x_wconf 81' lang='grc' dir='ltr'><strong>ἐπίχρυσον</strong></span> <span class='ocrx_word' id='word_1_315' title='bbox 1944 2552 2246 2628; x_wconf 79' lang='grc' dir='ltr'><strong>Πραξιτέλης</strong></span> 
     </span>
    </p>
   </div>
   <div class='ocr_carea' id='block_1_42' title="bbox 643 2641 2246 2720">
    <p class='ocr_par' dir='ltr' id='par_1_42' title="bbox 643 2641 2246 2720">
     <span class='ocr_line' id='line_1_42' title="bbox 643 2641 2246 2720; baseline 0 -24"><span class='ocrx_word' id='word_1_316' title='bbox 643 2646 738 2716; x_wconf 79' lang='grc' dir='ltr'><strong>μὲν</strong></span> <span class='ocrx_word' id='word_1_317' title='bbox 779 2645 1080 2720; x_wconf 75' lang='grc' dir='ltr'><strong>εἰργάσατο,</strong></span> <span class='ocrx_word' id='word_1_318' title='bbox 1123 2646 1346 2720; x_wconf 82' lang='grc' dir='ltr'><strong>ἐράστης</strong></span> <span class='ocrx_word' id='word_1_319' title='bbox 1383 2647 1470 2698; x_wconf 82' lang='grc' dir='ltr'><strong><em>καὶ</em></strong></span> <span class='ocrx_word' id='word_1_320' title='bbox 1509 2641 1658 2704; x_wconf 79' lang='grc' dir='ltr'>οὗτος</span> <span class='ocrx_word' id='word_1_321' title='bbox 1682 2683 1697 2707; x_wconf 87' lang='grc'><em>,</em></span> <span class='ocrx_word' id='word_1_322' title='bbox 1747 2645 1976 2715; x_wconf 82' lang='grc' dir='ltr'><strong>ἀνάθημα</strong></span> <span class='ocrx_word' id='word_1_323' title='bbox 2004 2641 2057 2696; x_wconf 85' lang='grc' dir='ltr'><strong>δὲ</strong></span> <span class='ocrx_word' id='word_1_324' title='bbox 2090 2646 2246 2703; x_wconf 76' lang='grc' dir='ltr'><strong>αὐτῆς</strong></span> 
     </span>
    </p>
   </div>
   <div class='ocr_carea' id='block_1_43' title="bbox 645 2734 2243 2810">
    <p class='ocr_par' dir='ltr' id='par_1_43' title="bbox 645 2734 2243 2810">
     <span class='ocr_line' id='line_1_43' title="bbox 645 2734 2243 2810; baseline -0.003 -18"><span class='ocrx_word' id='word_1_325' title='bbox 645 2739 842 2810; x_wconf 67' lang='grc' dir='ltr'><strong>Φρύνης</strong></span> <span class='ocrx_word' id='word_1_326' title='bbox 889 2737 1026 2793; x_wconf 82' lang='grc' dir='ltr'><strong>ἐστὶν</strong></span> <span class='ocrx_word' id='word_1_327' title='bbox 1066 2739 1097 2794; x_wconf 80' lang='grc' dir='ltr'>ἡ</span> <span class='ocrx_word' id='word_1_328' title='bbox 1142 2739 1306 2792; x_wconf 82' lang='grc' dir='ltr'><strong>εἰκών.</strong></span> <span class='ocrx_word' id='word_1_329' title='bbox 1351 2734 1657 2807; x_wconf 69' lang='lat' dir='ltr'><strong>(Pansam,</strong></span> <span class='ocrx_word' id='word_1_330' title='bbox 1708 2735 1793 2790; x_wconf 88' lang='lat' dir='ltr'><strong>lib.</strong></span> <span class='ocrx_word' id='word_1_331' title='bbox 1847 2753 1910 2803; x_wconf 70' lang='grc' dir='ltr'><strong>κ,</strong></span> <span class='ocrx_word' id='word_1_332' title='bbox 1944 2753 2062 2806; x_wconf 90' lang='lat' dir='ltr'><strong>pag.</strong></span> <span class='ocrx_word' id='word_1_333' title='bbox 2093 2734 2243 2805; x_wconf 71' lang='lat'><strong>350.)</strong></span> 
     </span>
    </p>
   </div>
   <div class='ocr_carea' id='block_1_44' title="bbox 646 2828 2244 2904">
    <p class='ocr_par' dir='ltr' id='par_1_44' title="bbox 646 2828 2244 2904">
     <span class='ocr_line' id='line_1_44' title="bbox 646 2828 2244 2904; baseline -0.003 -18"><span class='ocrx_word' id='word_1_334' title='bbox 646 2829 885 2902; x_wconf 84' lang='lat' dir='ltr'><strong>Phrynes</strong></span> <span class='ocrx_word' id='word_1_335' title='bbox 941 2832 1231 2886; x_wconf 86' lang='lat' dir='ltr'><strong>inauratam</strong></span> <span class='ocrx_word' id='word_1_336' title='bbox 1289 2833 1513 2904; x_wconf 77' lang='lat' dir='ltr'><strong>effigiem</strong></span> <span class='ocrx_word' id='word_1_337' title='bbox 1585 2831 1864 2886; x_wconf 83' lang='lat' dir='ltr'><strong>elaboravit</strong></span> <span class='ocrx_word' id='word_1_338' title='bbox 1919 2828 2244 2895; x_wconf 76' lang='lat' dir='ltr'><strong>Praxiteles,</strong></span> 
     </span>
    </p>
   </div>
   <div class='ocr_carea' id='block_1_45' title="bbox 603 2917 2250 2994">
    <p class='ocr_par' dir='ltr' id='par_1_45' title="bbox 603 2917 2250 2994">
     <span class='ocr_line' id='line_1_45' title="bbox 603 2917 2250 2994; baseline 0 -18"><span class='ocrx_word' id='word_1_339' title='bbox 603 2917 606 2922; x_wconf 74' lang='grc'><em>’</em></span> <span class='ocrx_word' id='word_1_340' title='bbox 645 2941 779 2979; x_wconf 80' lang='lat' dir='ltr'><strong>unus</strong></span> <span class='ocrx_word' id='word_1_341' title='bbox 815 2935 862 2978; x_wconf 90' lang='lat' dir='ltr'><strong>et</strong></span> <span class='ocrx_word' id='word_1_342' title='bbox 913 2925 1023 2992; x_wconf 90' lang='lat' dir='ltr'><strong>ipse</strong></span> <span class='ocrx_word' id='word_1_343' title='bbox 1075 2925 1138 2978; x_wconf 84' lang='lat' dir='ltr'><strong>de</strong></span> <span class='ocrx_word' id='word_1_344' title='bbox 1191 2925 1418 2979; x_wconf 87' lang='lat' dir='ltr'><strong>mulieris</strong></span> <span class='ocrx_word' id='word_1_345' title='bbox 1469 2925 1783 2978; x_wconf 88' lang='lat' dir='ltr'><strong>amatoribus</strong></span> <span class='ocrx_word' id='word_1_346' title='bbox 1831 2943 1845 2977; x_wconf 91' lang='lat'><strong>:</strong></span> <span class='ocrx_word' id='word_1_347' title='bbox 1892 2925 2109 2994; x_wconf 84' lang='lat' dir='ltr'><strong>ipsumet</strong></span> <span class='ocrx_word' id='word_1_348' title='bbox 2161 2923 2250 2977; x_wconf 82' lang='lat' dir='ltr'><strong>tle-</strong></span> 
     </span>
    </p>
   </div>
   <div class='ocr_carea' id='block_1_46' title="bbox 603 3015 2245 3082">
    <p class='ocr_par' dir='ltr' id='par_1_46' title="bbox 603 3015 2245 3082">
     <span class='ocr_line' id='line_1_46' title="bbox 603 3015 2245 3082; baseline 0.002 -13"><span class='ocrx_word' id='word_1_349' title='bbox 603 3017 855 3071; x_wconf 36' lang='lat' dir='ltr'><strong>‘dicavit.</strong></span> <span class='ocrx_word' id='word_1_350' title='bbox 916 3015 1077 3072; x_wconf 88' lang='lat' dir='ltr'><strong>Plura</strong></span> <span class='ocrx_word' id='word_1_351' title='bbox 1144 3017 1190 3072; x_wconf 90' lang='lat' dir='ltr'><strong>si</strong></span> <span class='ocrx_word' id='word_1_352' title='bbox 1253 3017 1420 3082; x_wconf 81' lang='lat' dir='ltr'><strong>velis,</strong></span> <span class='ocrx_word' id='word_1_353' title='bbox 1485 3017 1553 3072; x_wconf 91' lang='lat' dir='ltr'><strong>ab</strong></span> <span class='ocrx_word' id='word_1_354' title='bbox 1603 3018 1868 3074; x_wconf 64' lang='lat' dir='ltr'><strong>Athenaeo</strong></span> <span class='ocrx_word' id='word_1_355' title='bbox 1917 3034 2024 3073; x_wconf 90' lang='lat' dir='ltr'><strong>non</strong></span> <span class='ocrx_word' id='word_1_356' title='bbox 2072 3018 2245 3073; x_wconf 88' lang='lat' dir='ltr'><strong>solum</strong></span> 
     </span>
    </p>
   </div>
   <div class='ocr_carea' id='block_1_47' title="bbox 647 3109 2248 3184">
    <p class='ocr_par' dir='ltr' id='par_1_47' title="bbox 647 3109 2248 3184">
     <span class='ocr_line' id='line_1_47' title="bbox 647 3109 2248 3184; baseline 0.003 -18"><span class='ocrx_word' id='word_1_357' title='bbox 647 3109 718 3166; x_wconf 88' lang='lat' dir='ltr'><strong>de</strong></span> <span class='ocrx_word' id='word_1_358' title='bbox 770 3113 872 3168; x_wconf 90' lang='lat' dir='ltr'><strong>hac</strong></span> <span class='ocrx_word' id='word_1_359' title='bbox 921 3111 1148 3168; x_wconf 84' lang='lat' dir='ltr'><strong>Veneris</strong></span> <span class='ocrx_word' id='word_1_360' title='bbox 1211 3112 1429 3184; x_wconf 88' lang='lat' dir='ltr'><strong>efﬁgie,</strong></span> <span class='ocrx_word' id='word_1_361' title='bbox 1482 3113 1578 3167; x_wconf 89' lang='lat' dir='ltr'><strong>sed</strong></span> <span class='ocrx_word' id='word_1_362' title='bbox 1631 3114 1737 3168; x_wconf 81' lang='lat' dir='ltr'><strong>alia</strong></span> <span class='ocrx_word' id='word_1_363' title='bbox 1790 3114 1857 3168; x_wconf 90' lang='lat' dir='ltr'><strong>ab</strong></span> <span class='ocrx_word' id='word_1_364' title='bbox 1910 3115 2100 3184; x_wconf 87' lang='lat' dir='ltr'><strong>Apelle</strong></span> <span class='ocrx_word' id='word_1_365' title='bbox 2152 3114 2248 3171; x_wconf 90' lang='lat' dir='ltr'><strong>de-</strong></span> 
     </span>
    </p>
   </div>
   <div class='ocr_carea' id='block_1_48' title="bbox 2344 1898 3940 1980">
    <p class='ocr_par' dir='ltr' id='par_1_48' title="bbox 2344 1898 3940 1980">
     <span class='ocr_line' id='line_1_48' title="bbox 2344 1898 3940 1980; baseline 0.008 -29"><span class='ocrx_word' id='word_1_366' title='bbox 2344 1898 2446 1951; x_wconf 89' lang='lat' dir='ltr'><strong>diis</strong></span> <span class='ocrx_word' id='word_1_367' title='bbox 2461 1913 2545 1965; x_wconf 84' lang='lat' dir='ltr'><strong>ea,</strong></span> <span class='ocrx_word' id='word_1_368' title='bbox 2566 1900 2936 1955; x_wconf 81' lang='lat' dir='ltr'><strong>sanctitatibus</strong></span> <span class='ocrx_word' id='word_1_369' title='bbox 2951 1902 3291 1957; x_wconf 88' lang='lat' dir='ltr'><strong>accumulare</strong></span> <span class='ocrx_word' id='word_1_370' title='bbox 3311 1903 3508 1958; x_wconf 82' lang='lat' dir='ltr'><strong>divinis</strong></span> <span class='ocrx_word' id='word_1_371' title='bbox 3529 1906 3704 1975; x_wconf 73' lang='lat' dir='ltr'><strong>s(ibid.</strong></span> <span class='ocrx_word' id='word_1_372' title='bbox 3726 1907 3940 1980; x_wconf 70' lang='lat' dir='ltr'><strong>p.199).</strong></span> 
     </span>
    </p>
   </div>
   <div class='ocr_carea' id='block_1_49' title="bbox 2343 1989 3941 2070">
    <p class='ocr_par' dir='ltr' id='par_1_49' title="bbox 2343 1989 3941 2070">
     <span class='ocr_line' id='line_1_49' title="bbox 2343 1989 3941 2070; baseline 0.006 -25"><span class='ocrx_word' id='word_1_373' title='bbox 2343 1989 2612 2062; x_wconf 74' lang='lat' dir='ltr'><strong>Sigillaria</strong></span> <span class='ocrx_word' id='word_1_374' title='bbox 2641 2001 2821 2046; x_wconf 90' lang='lat' dir='ltr'><strong>autem</strong></span> <span class='ocrx_word' id='word_1_375' title='bbox 2871 2000 2926 2047; x_wconf 91' lang='lat' dir='ltr'><strong>et</strong></span> <span class='ocrx_word' id='word_1_376' title='bbox 2954 1993 3202 2063; x_wconf 72' lang='lat' dir='ltr'><strong>sigillinla</strong></span> <span class='ocrx_word' id='word_1_377' title='bbox 3231 2006 3387 2049; x_wconf 87' lang='lat' dir='ltr'><strong>vocat</strong></span> <span class='ocrx_word' id='word_1_378' title='bbox 3419 2010 3610 2064; x_wconf 85' lang='lat' dir='ltr'><strong>parvas</strong></span> <span class='ocrx_word' id='word_1_379' title='bbox 3639 1997 3907 2070; x_wconf 84' lang='lat' dir='ltr'><strong>imagines</strong></span> <span class='ocrx_word' id='word_1_380' title='bbox 3927 2044 3941 2066; x_wconf 96' lang='lat'><strong>,</strong></span> 
     </span>
    </p>
   </div>
   <div class='ocr_carea' id='block_1_50' title="bbox 2346 2083 3947 2160">
    <p class='ocr_par' dir='ltr' id='par_1_50' title="bbox 2346 2083 3947 2160">
     <span class='ocr_line' id='line_1_50' title="bbox 2346 2083 3947 2160; baseline 0.007 -23"><span class='ocrx_word' id='word_1_381' title='bbox 2346 2098 2466 2154; x_wconf 75' lang='lat' dir='ltr'><strong>qua:</strong></span> <span class='ocrx_word' id='word_1_382' title='bbox 2491 2094 2607 2138; x_wconf 91' lang='lat' dir='ltr'><strong>arte</strong></span> <span class='ocrx_word' id='word_1_383' title='bbox 2622 2083 2796 2138; x_wconf 89' lang='lat' dir='ltr'><strong>fabrili</strong></span> <span class='ocrx_word' id='word_1_384' title='bbox 2813 2084 2966 2140; x_wconf 72' lang='lat' dir='ltr'><strong>facta:</strong></span> <span class='ocrx_word' id='word_1_385' title='bbox 2984 2089 3447 2156; x_wconf 65' lang='lat' dir='ltr'><strong>repraesentabant</strong></span> <span class='ocrx_word' id='word_1_386' title='bbox 3471 2090 3683 2145; x_wconf 79' lang='lat' dir='ltr'><strong>illorum</strong></span> <span class='ocrx_word' id='word_1_387' title='bbox 3703 2092 3860 2160; x_wconf 90' lang='lat' dir='ltr'><strong>deos,</strong></span> <span class='ocrx_word' id='word_1_388' title='bbox 3884 2110 3947 2149; x_wconf 86' lang='lat' dir='ltr'><strong>ac</strong></span> 
     </span>
    </p>
   </div>
   <div class='ocr_carea' id='block_1_51' title="bbox 2347 2176 3946 2247">
    <p class='ocr_par' dir='ltr' id='par_1_51' title="bbox 2347 2176 3946 2247">
     <span class='ocr_line' id='line_1_51' title="bbox 2347 2176 3946 2247; baseline 0.008 -17"><span class='ocrx_word' id='word_1_389' title='bbox 2347 2176 2560 2247; x_wconf 87' lang='lat' dir='ltr'><strong>publice</strong></span> <span class='ocrx_word' id='word_1_390' title='bbox 2591 2177 2748 2232; x_wconf 89' lang='lat' dir='ltr'><strong>vendi</strong></span> <span class='ocrx_word' id='word_1_391' title='bbox 2769 2219 2784 2243; x_wconf 91' lang='lat'><strong>,</strong></span> <span class='ocrx_word' id='word_1_392' title='bbox 2833 2189 2926 2233; x_wconf 88' lang='lat' dir='ltr'><strong>aut</strong></span> <span class='ocrx_word' id='word_1_393' title='bbox 2972 2179 3094 2235; x_wconf 88' lang='lat' dir='ltr'><strong>aliis</strong></span> <span class='ocrx_word' id='word_1_394' title='bbox 3126 2181 3262 2235; x_wconf 90' lang='lat' dir='ltr'><strong>mitti</strong></span> <span class='ocrx_word' id='word_1_395' title='bbox 3294 2182 3559 2238; x_wconf 85' lang='lat' dir='ltr'><strong>solebant.</strong></span> <span class='ocrx_word' id='word_1_396' title='bbox 3589 2183 3845 2242; x_wconf 87' lang='lat' dir='ltr'><strong>Testatur</strong></span> <span class='ocrx_word' id='word_1_397' title='bbox 3868 2188 3946 2243; x_wconf 79' lang='lat' dir='ltr'><strong>si-</strong></span> 
     </span>
    </p>
   </div>
   <div class='ocr_carea' id='block_1_52' title="bbox 2345 2269 3946 2351">
    <p class='ocr_par' dir='ltr' id='par_1_52' title="bbox 2345 2269 3946 2351">
     <span class='ocr_line' id='line_1_52' title="bbox 2345 2269 3946 2351; baseline 0.006 -27"><span class='ocrx_word' id='word_1_398' title='bbox 2345 2269 2563 2339; x_wconf 83' lang='lat' dir='ltr'><strong>quidem</strong></span> <span class='ocrx_word' id='word_1_399' title='bbox 2591 2271 2906 2340; x_wconf 88' lang='lat' dir='ltr'><strong>Spartianus</strong></span> <span class='ocrx_word' id='word_1_400' title='bbox 2950 2272 3068 2328; x_wconf 74' lang='lat' dir='ltr'><strong>lucc</strong></span> <span class='ocrx_word' id='word_1_401' title='bbox 3114 2274 3370 2344; x_wconf 81' lang='lat' dir='ltr'><strong>sigillaria</strong></span> <span class='ocrx_word' id='word_1_402' title='bbox 3409 2277 3476 2332; x_wconf 90' lang='lat' dir='ltr'><strong>ab</strong></span> <span class='ocrx_word' id='word_1_403' title='bbox 3502 2277 3742 2334; x_wconf 85' lang='lat' dir='ltr'><strong>Adriano</strong></span> <span class='ocrx_word' id='word_1_404' title='bbox 3771 2280 3946 2351; x_wconf 83' lang='lat' dir='ltr'><strong>Impe-</strong></span> 
     </span>
    </p>
   </div>
   <div class='ocr_carea' id='block_1_53' title="bbox 2346 2365 3946 2440">
    <p class='ocr_par' dir='ltr' id='par_1_53' title="bbox 2346 2365 3946 2440">
     <span class='ocr_line' id='line_1_53' title="bbox 2346 2365 3946 2440; baseline 0.009 -23"><span class='ocrx_word' id='word_1_405' title='bbox 2346 2372 2526 2418; x_wconf 91' lang='lat' dir='ltr'><strong>ratore</strong></span> <span class='ocrx_word' id='word_1_406' title='bbox 2579 2365 2866 2420; x_wconf 87' lang='lat' dir='ltr'><strong>clientibus</strong></span> <span class='ocrx_word' id='word_1_407' title='bbox 2914 2382 2978 2422; x_wconf 88' lang='lat' dir='ltr'><strong>ac</strong></span> <span class='ocrx_word' id='word_1_408' title='bbox 3021 2370 3293 2438; x_wconf 85' lang='lat' dir='ltr'><strong>magistris</strong></span> <span class='ocrx_word' id='word_1_409' title='bbox 3342 2382 3537 2440; x_wconf 88' lang='lat' dir='ltr'><strong>sponte</strong></span> <span class='ocrx_word' id='word_1_410' title='bbox 3562 2373 3682 2428; x_wconf 87' lang='lat' dir='ltr'><strong>data</strong></span> <span class='ocrx_word' id='word_1_411' title='bbox 3714 2391 3743 2429; x_wconf 90' lang='lat' dir='ltr'><strong>a</strong></span> <span class='ocrx_word' id='word_1_412' title='bbox 3773 2376 3946 2431; x_wconf 82' lang='lat' dir='ltr'><strong>Cara-</strong></span> 
     </span>
    </p>
   </div>
   <div class='ocr_carea' id='block_1_54' title="bbox 2347 2455 3946 2535">
    <p class='ocr_par' dir='ltr' id='par_1_54' title="bbox 2347 2455 3946 2535">
     <span class='ocr_line' id='line_1_54' title="bbox 2347 2455 3946 2535; baseline 0.009 -24"><span class='ocrx_word' id='word_1_413' title='bbox 2347 2456 2482 2511; x_wconf 88' lang='lat' dir='ltr'><strong>calla</strong></span> <span class='ocrx_word' id='word_1_414' title='bbox 2514 2455 2744 2512; x_wconf 89' lang='lat' dir='ltr'><strong>libenter</strong></span> <span class='ocrx_word' id='word_1_415' title='bbox 2771 2459 2841 2513; x_wconf 89' lang='lat' dir='ltr'><strong>ab</strong></span> <span class='ocrx_word' id='word_1_416' title='bbox 2867 2459 3057 2515; x_wconf 88' lang='lat' dir='ltr'><strong>amicis</strong></span> <span class='ocrx_word' id='word_1_417' title='bbox 3092 2473 3310 2531; x_wconf 86' lang='lat' dir='ltr'><strong>accepta</strong></span> <span class='ocrx_word' id='word_1_418' title='bbox 3334 2505 3349 2528; x_wconf 93' lang='lat'><strong>,</strong></span> <span class='ocrx_word' id='word_1_419' title='bbox 3383 2465 3555 2535; x_wconf 90' lang='lat' dir='ltr'><strong>iisque</strong></span> <span class='ocrx_word' id='word_1_420' title='bbox 3585 2467 3747 2522; x_wconf 90' lang='lat' dir='ltr'><strong>missa</strong></span> <span class='ocrx_word' id='word_1_421' title='bbox 3781 2471 3946 2525; x_wconf 87' lang='lat' dir='ltr'><strong>etiam</strong></span> 
     </span>
    </p>
   </div>
   <div class='ocr_carea' id='block_1_55' title="bbox 2349 2554 3946 2630">
    <p class='ocr_par' dir='ltr' id='par_1_55' title="bbox 2349 2554 3946 2630">
     <span class='ocr_line' id='line_1_55' title="bbox 2349 2554 3946 2630; baseline 0.009 -24"><span class='ocrx_word' id='word_1_422' title='bbox 2349 2554 2796 2627; x_wconf 85' lang='lat' dir='ltr'><strong>in0piuautibus(</strong></span> <span class='ocrx_word' id='word_1_423' title='bbox 2824 2556 3007 2627; x_wconf 86' lang='lat' dir='ltr'><strong>Spart.</strong></span> <span class='ocrx_word' id='word_1_424' title='bbox 3033 2597 3050 2623; x_wconf 87' lang='lat'><strong>,</strong></span> <span class='ocrx_word' id='word_1_425' title='bbox 3093 2557 3146 2612; x_wconf 91' lang='lat' dir='ltr'><strong>in</strong></span> <span class='ocrx_word' id='word_1_426' title='bbox 3199 2556 3305 2612; x_wconf 82' lang='lat' dir='ltr'><strong>Vit.</strong></span> <span class='ocrx_word' id='word_1_427' title='bbox 3337 2558 3583 2624; x_wconf 81' lang='lat' dir='ltr'><strong>Adrian.,</strong></span> <span class='ocrx_word' id='word_1_428' title='bbox 3613 2563 3733 2618; x_wconf 87' lang='lat' dir='ltr'><strong>circ.</strong></span> <span class='ocrx_word' id='word_1_429' title='bbox 3769 2567 3908 2620; x_wconf 83' lang='lat' dir='ltr'><strong>med.</strong></span> <span class='ocrx_word' id='word_1_430' title='bbox 3932 2610 3946 2630; x_wconf 90' lang='lat'><strong>,</strong></span> 
     </span>
    </p>
   </div>
   <div class='ocr_carea' id='block_1_56' title="bbox 2347 2643 3954 2729">
    <p class='ocr_par' dir='ltr' id='par_1_56' title="bbox 2347 2643 3954 2729">
     <span class='ocr_line' id='line_1_56' title="bbox 2347 2643 3954 2729; baseline 0.011 -32"><span class='ocrx_word' id='word_1_431' title='bbox 2347 2643 2417 2698; x_wconf 89' lang='lat' dir='ltr'><strong>Et</strong></span> <span class='ocrx_word' id='word_1_432' title='bbox 2461 2646 2514 2700; x_wconf 90' lang='lat' dir='ltr'><strong>in</strong></span> <span class='ocrx_word' id='word_1_433' title='bbox 2553 2644 2669 2701; x_wconf 84' lang='lat' dir='ltr'><strong>Vita</strong></span> <span class='ocrx_word' id='word_1_434' title='bbox 2694 2645 2951 2703; x_wconf 86' lang='lat' dir='ltr'><strong>Caracall.</strong></span> <span class='ocrx_word' id='word_1_435' title='bbox 2975 2691 2989 2714; x_wconf 95' lang='lat'><strong>,</strong></span> <span class='ocrx_word' id='word_1_436' title='bbox 3043 2651 3157 2704; x_wconf 89' lang='lat' dir='ltr'><strong>init.</strong></span> <span class='ocrx_word' id='word_1_437' title='bbox 3181 2649 3224 2723; x_wconf 91' lang='lat'><strong>).</strong></span> <span class='ocrx_word' id='word_1_438' title='bbox 3257 2651 3560 2709; x_wconf 82' lang='lat' dir='ltr'><strong>Macrobius</strong></span> <span class='ocrx_word' id='word_1_439' title='bbox 3588 2667 3766 2712; x_wconf 87' lang='lat' dir='ltr'><strong>autem</strong></span> <span class='ocrx_word' id='word_1_440' title='bbox 3798 2671 3954 2729; x_wconf 78' lang='lat' dir='ltr'><strong>putat</strong></span> 
     </span>
    </p>
   </div>
   <div class='ocr_carea' id='block_1_57' title="bbox 2351 2738 3954 2814">
    <p class='ocr_par' dir='ltr' id='par_1_57' title="bbox 2351 2738 3954 2814">
     <span class='ocr_line' id='line_1_57' title="bbox 2351 2738 3954 2814; baseline 0.012 -22"><span class='ocrx_word' id='word_1_441' title='bbox 2351 2738 2510 2810; x_wconf 86' lang='lat' dir='ltr'><strong>hujus</strong></span> <span class='ocrx_word' id='word_1_442' title='bbox 2555 2742 2722 2796; x_wconf 88' lang='lat' dir='ltr'><strong>moris</strong></span> <span class='ocrx_word' id='word_1_443' title='bbox 2767 2743 3028 2814; x_wconf 88' lang='lat' dir='ltr'><strong>originem</strong></span> <span class='ocrx_word' id='word_1_444' title='bbox 3057 2760 3084 2796; x_wconf 93' lang='lat' dir='ltr'><strong>a</strong></span> <span class='ocrx_word' id='word_1_445' title='bbox 3117 2745 3496 2803; x_wconf 87' lang='lat' dir='ltr'><strong>Saturnalibus</strong></span> <span class='ocrx_word' id='word_1_446' title='bbox 3527 2749 3681 2805; x_wconf 89' lang='lat' dir='ltr'><strong>festis</strong></span> <span class='ocrx_word' id='word_1_447' title='bbox 3705 2767 3826 2807; x_wconf 87' lang='lat' dir='ltr'><strong>esse</strong></span> <span class='ocrx_word' id='word_1_448' title='bbox 3851 2755 3954 2811; x_wconf 86' lang='lat' dir='ltr'><strong>de-</strong></span> 
     </span>
    </p>
   </div>
   <div class='ocr_carea' id='block_1_58' title="bbox 2348 2833 3952 2921">
    <p class='ocr_par' dir='ltr' id='par_1_58' title="bbox 2348 2833 3952 2921">
     <span class='ocr_line' id='line_1_58' title="bbox 2348 2833 3952 2921; baseline 0.012 -35"><span class='ocrx_word' id='word_1_449' title='bbox 2348 2833 2601 2888; x_wconf 91' lang='lat' dir='ltr'><strong>rivatum.</strong></span> <span class='ocrx_word' id='word_1_450' title='bbox 2627 2835 2684 2890; x_wconf 91' lang='lat' dir='ltr'><strong>Si</strong></span> <span class='ocrx_word' id='word_1_451' title='bbox 2712 2851 2799 2891; x_wconf 92' lang='lat' dir='ltr'><strong>res</strong></span> <span class='ocrx_word' id='word_1_452' title='bbox 2827 2837 2898 2890; x_wconf 91' lang='lat' dir='ltr'><strong>ita</strong></span> <span class='ocrx_word' id='word_1_453' title='bbox 2929 2852 2988 2893; x_wconf 91' lang='lat' dir='ltr'><strong>se</strong></span> <span class='ocrx_word' id='word_1_454' title='bbox 3011 2838 3222 2907; x_wconf 89' lang='lat' dir='ltr'><strong>habeat,</strong></span> <span class='ocrx_word' id='word_1_455' title='bbox 3259 2843 3492 2911; x_wconf 90' lang='lat' dir='ltr'><strong>pessima</strong></span> <span class='ocrx_word' id='word_1_456' title='bbox 3519 2853 3604 2899; x_wconf 93' lang='lat' dir='ltr'><strong>est</strong></span> <span class='ocrx_word' id='word_1_457' title='bbox 3629 2847 3745 2903; x_wconf 66' lang='lat' dir='ltr'><strong>haec</strong></span> <span class='ocrx_word' id='word_1_458' title='bbox 3769 2850 3952 2921; x_wconf 88' lang='lat' dir='ltr'><strong>origo,</strong></span> 
     </span>
    </p>
   </div>
   <div class='ocr_carea' id='block_1_59' title="bbox 2349 2929 3955 3010">
    <p class='ocr_par' dir='ltr' id='par_1_59' title="bbox 2349 2929 3955 3010">
     <span class='ocr_line' id='line_1_59' title="bbox 2349 2929 3955 3010; baseline 0.013 -31"><span class='ocrx_word' id='word_1_459' title='bbox 2349 2939 2450 2980; x_wconf 91' lang='lat' dir='ltr'><strong>nec</strong></span> <span class='ocrx_word' id='word_1_460' title='bbox 2476 2929 2711 2982; x_wconf 79' lang='lat' dir='ltr'><strong>maximo</strong></span> <span class='ocrx_word' id='word_1_461' title='bbox 2735 2929 2856 2985; x_wconf 88' lang='lat' dir='ltr'><strong>sine</strong></span> <span class='ocrx_word' id='word_1_462' title='bbox 2884 2931 3102 3001; x_wconf 88' lang='lat' dir='ltr'><strong>piaculo</strong></span> <span class='ocrx_word' id='word_1_463' title='bbox 3128 2933 3329 2990; x_wconf 88' lang='lat' dir='ltr'><strong>ethnici</strong></span> <span class='ocrx_word' id='word_1_464' title='bbox 3357 2953 3421 2992; x_wconf 92' lang='lat' dir='ltr'><strong>ea</strong></span> <span class='ocrx_word' id='word_1_465' title='bbox 3447 2940 3709 3010; x_wconf 88' lang='lat' dir='ltr'><strong>sigillaria</strong></span> <span class='ocrx_word' id='word_1_466' title='bbox 3729 2985 3744 3007; x_wconf 94' lang='lat'><strong>,</strong></span> <span class='ocrx_word' id='word_1_467' title='bbox 3778 2955 3835 2998; x_wconf 93' lang='lat' dir='ltr'><strong>ut</strong></span> <span class='ocrx_word' id='word_1_468' title='bbox 3878 2949 3955 3000; x_wconf 86' lang='lat' dir='ltr'><strong>ait</strong></span> 
     </span>
    </p>
   </div>
   <div class='ocr_carea' id='block_1_60' title="bbox 2319 3019 3956 3099">
    <p class='ocr_par' dir='ltr' id='par_1_60' title="bbox 2319 3019 3956 3099">
     <span class='ocr_line' id='line_1_60' title="bbox 2319 3019 3956 3099; baseline 0.012 -25"><span class='ocrx_word' id='word_1_469' title='bbox 2319 3019 2749 3099; x_wconf 16' lang='lat' dir='ltr'><strong>‘Tertulhanus,</strong></span> <span class='ocrx_word' id='word_1_470' title='bbox 2799 3024 2854 3078; x_wconf 89' lang='lat' dir='ltr'><strong>in</strong></span> <span class='ocrx_word' id='word_1_471' title='bbox 2892 3025 3186 3094; x_wconf 85' lang='lat' dir='ltr'><strong>cathedra,</strong></span> <span class='ocrx_word' id='word_1_472' title='bbox 3236 3039 3328 3084; x_wconf 85' lang='lat' dir='ltr'><strong>aut</strong></span> <span class='ocrx_word' id='word_1_473' title='bbox 3371 3031 3648 3089; x_wconf 73' lang='lat' dir='ltr'><strong>subselliis</strong></span> <span class='ocrx_word' id='word_1_474' title='bbox 3696 3037 3956 3094; x_wconf 86' lang='lat' dir='ltr'><strong>sedentes</strong></span> 
     </span>
    </p>
   </div>
   <div class='ocr_carea' id='block_1_61' title="bbox 2347 3116 3952 3203">
    <p class='ocr_par' dir='ltr' id='par_1_61' title="bbox 2347 3116 3952 3203">
     <span class='ocr_line' id='line_1_61' title="bbox 2347 3116 3952 3203; baseline 0.014 -34"><span class='ocrx_word' id='word_1_475' title='bbox 2347 3116 2645 3172; x_wconf 88' lang='lat' dir='ltr'><strong>adorabant</strong></span> <span class='ocrx_word' id='word_1_476' title='bbox 2673 3117 2968 3190; x_wconf 83' lang='lat' dir='ltr'><strong>(Macrob.,</strong></span> <span class='ocrx_word' id='word_1_477' title='bbox 3009 3122 3098 3177; x_wconf 88' lang='lat' dir='ltr'><strong>lib.</strong></span> <span class='ocrx_word' id='word_1_478' title='bbox 3130 3139 3147 3178; x_wconf 89' lang='grc' dir='ltr'><strong>ι</strong></span> <span class='ocrx_word' id='word_1_479' title='bbox 3200 3123 3440 3196; x_wconf 87' lang='lat' dir='ltr'><strong>Saturn.,</strong></span> <span class='ocrx_word' id='word_1_480' title='bbox 3479 3129 3532 3183; x_wconf 87' lang='lat' dir='ltr'><strong>in</strong></span> <span class='ocrx_word' id='word_1_481' title='bbox 3559 3131 3654 3198; x_wconf 81' lang='lat' dir='ltr'><strong>ﬁn.</strong></span> <span class='ocrx_word' id='word_1_482' title='bbox 3706 3149 3828 3203; x_wconf 88' lang='lat' dir='ltr'><strong>cap.</strong></span> <span class='ocrx_word' id='word_1_483' title='bbox 3863 3137 3952 3202; x_wconf 81' lang='lat' dir='ltr'><strong>H;</strong></span> 
     </span>
    </p>
   </div>
   <div class='ocr_carea' id='block_1_62' title="bbox 648 3202 3644 3295">
    <p class='ocr_par' dir='ltr' id='par_1_62' title="bbox 648 3202 3644 3295">
     <span class='ocr_line' id='line_1_62' title="bbox 648 3202 3644 3295; baseline 0.007 -39"><span class='ocrx_word' id='word_1_484' title='bbox 648 3202 828 3272; x_wconf 89' lang='lat' dir='ltr'><strong>picta,</strong></span> <span class='ocrx_word' id='word_1_485' title='bbox 885 3204 1102 3274; x_wconf 87' lang='lat' dir='ltr'><strong>scriptis</strong></span> <span class='ocrx_word' id='word_1_486' title='bbox 1163 3207 1356 3260; x_wconf 87' lang='lat' dir='ltr'><strong>tradita</strong></span> <span class='ocrx_word' id='word_1_487' title='bbox 1407 3205 1671 3260; x_wconf 86' lang='lat' dir='ltr'><strong>invenies.</strong></span> <span class='ocrx_word' id='word_1_488' title='bbox 1719 3205 1883 3261; x_wconf 86' lang='lat' dir='ltr'><strong>Adire</strong></span> <span class='ocrx_word' id='word_1_489' title='bbox 1931 3205 2109 3262; x_wconf 90' lang='lat' dir='ltr'><strong>adhuc</strong></span> <span class='ocrx_word' id='word_1_490' title='bbox 2156 3223 2250 3278; x_wconf 87' lang='lat' dir='ltr'><strong>po-</strong></span> <span class='ocrx_word' id='word_1_491' title='bbox 2278 3215 2324 3278; x_wconf 69' lang='grc' dir='ltr'><strong>ρ</strong></span> <span class='ocrx_word' id='word_1_492' title='bbox 2357 3208 2688 3279; x_wconf 88' lang='lat' dir='ltr'><strong>Tertullian.,</strong></span> <span class='ocrx_word' id='word_1_493' title='bbox 2719 3213 2783 3267; x_wconf 86' lang='lat' dir='ltr'><strong>de</strong></span> <span class='ocrx_word' id='word_1_494' title='bbox 2809 3212 2982 3283; x_wconf 90' lang='lat' dir='ltr'><strong>0rat.,</strong></span> <span class='ocrx_word' id='word_1_495' title='bbox 3023 3233 3140 3287; x_wconf 88' lang='lat' dir='ltr'><strong>cap.</strong></span> <span class='ocrx_word' id='word_1_496' title='bbox 3170 3218 3259 3283; x_wconf 73' lang='grc'><strong>12,</strong></span> <span class='ocrx_word' id='word_1_497' title='bbox 3306 3235 3430 3292; x_wconf 89' lang='lat' dir='ltr'><strong>pag.</strong></span> <span class='ocrx_word' id='word_1_498' title='bbox 3483 3223 3644 3295; x_wconf 79' lang='grc'><strong>154).</strong></span> 
     </span>
    </p>
   </div>
   <div class='ocr_carea' id='block_1_63' title="bbox 646 3297 2256 3372">
    <p class='ocr_par' dir='ltr' id='par_1_63' title="bbox 646 3297 2256 3372">
     <span class='ocr_line' id='line_1_63' title="bbox 646 3297 2256 3372; baseline 0.002 -20"><span class='ocrx_word' id='word_1_499' title='bbox 646 3297 780 3353; x_wconf 87' lang='lat' dir='ltr'><strong>teris</strong></span> <span class='ocrx_word' id='word_1_500' title='bbox 809 3297 1191 3365; x_wconf 86' lang='lat' dir='ltr'><strong>Plutarchum,</strong></span> <span class='ocrx_word' id='word_1_501' title='bbox 1218 3307 1272 3353; x_wconf 91' lang='lat' dir='ltr'><strong>et</strong></span> <span class='ocrx_word' id='word_1_502' title='bbox 1299 3297 1594 3365; x_wconf 70' lang='lat' dir='ltr'><strong>ASIianum,</strong></span> <span class='ocrx_word' id='word_1_503' title='bbox 1628 3315 1691 3355; x_wconf 86' lang='lat' dir='ltr'><strong>ac</strong></span> <span class='ocrx_word' id='word_1_504' title='bbox 1737 3300 1782 3355; x_wconf 91' lang='lat' dir='ltr'><strong>si</strong></span> <span class='ocrx_word' id='word_1_505' title='bbox 1833 3300 1983 3356; x_wconf 90' lang='lat' dir='ltr'><strong>lubet</strong></span> <span class='ocrx_word' id='word_1_506' title='bbox 2009 3343 2024 3366; x_wconf 93' lang='lat'><strong>,</strong></span> <span class='ocrx_word' id='word_1_507' title='bbox 2069 3317 2192 3372; x_wconf 77' lang='lat' dir='ltr'><strong>qua:</strong></span> <span class='ocrx_word' id='word_1_508' title='bbox 2224 3318 2256 3357; x_wconf 91' lang='lat' dir='ltr'><strong>a</strong></span> 
     </span>
    </p>
   </div>
   <div class='ocr_carea' id='block_1_64' title="bbox 649 3391 2266 3463">
    <p class='ocr_par' dir='ltr' id='par_1_64' title="bbox 649 3391 2266 3463">
     <span class='ocr_line' id='line_1_64' title="bbox 649 3391 2266 3463; baseline 0.004 -17"><span class='ocrx_word' id='word_1_509' title='bbox 649 3391 810 3446; x_wconf 86' lang='lat' dir='ltr'><strong>nobis</strong></span> <span class='ocrx_word' id='word_1_510' title='bbox 868 3392 919 3446; x_wconf 91' lang='lat' dir='ltr'><strong>in</strong></span> <span class='ocrx_word' id='word_1_511' title='bbox 975 3393 1241 3463; x_wconf 88' lang='lat' dir='ltr'><strong>superiori</strong></span> <span class='ocrx_word' id='word_1_512' title='bbox 1275 3395 1582 3463; x_wconf 88' lang='lat' dir='ltr'><strong>Apparatus</strong></span> <span class='ocrx_word' id='word_1_513' title='bbox 1634 3402 1785 3448; x_wconf 90' lang='lat' dir='ltr'><strong>tomo</strong></span> <span class='ocrx_word' id='word_1_514' title='bbox 1835 3403 2092 3450; x_wconf 89' lang='lat' dir='ltr'><strong>annotata</strong></span> <span class='ocrx_word' id='word_1_515' title='bbox 2137 3407 2266 3452; x_wconf 89' lang='lat' dir='ltr'><strong>sunt</strong></span> 
     </span>
    </p>
   </div>
   <div class='ocr_carea' id='block_1_65' title="bbox 651 3486 2256 3562">
    <p class='ocr_par' dir='ltr' id='par_1_65' title="bbox 651 3486 2256 3562">
     <span class='ocr_line' id='line_1_65' title="bbox 651 3486 2256 3562; baseline 0.002 -21"><span class='ocrx_word' id='word_1_516' title='bbox 651 3486 908 3556; x_wconf 83' lang='lat' dir='ltr'><strong>(Athen.,</strong></span> <span class='ocrx_word' id='word_1_517' title='bbox 939 3488 1026 3544; x_wconf 88' lang='lat' dir='ltr'><strong>lib.</strong></span> <span class='ocrx_word' id='word_1_518' title='bbox 1061 3505 1155 3543; x_wconf 81' lang='lat' dir='ltr'><strong>xm</strong></span> <span class='ocrx_word' id='word_1_519' title='bbox 1183 3488 1455 3559; x_wconf 87' lang='lat' dir='ltr'><strong>Deipnos.,</strong></span> <span class='ocrx_word' id='word_1_520' title='bbox 1510 3506 1626 3562; x_wconf 91' lang='lat' dir='ltr'><strong>cap.</strong></span> <span class='ocrx_word' id='word_1_521' title='bbox 1660 3490 1711 3553; x_wconf 82' lang='lat'><strong>6,</strong></span> <span class='ocrx_word' id='word_1_522' title='bbox 1745 3507 1865 3562; x_wconf 89' lang='lat' dir='ltr'><strong>pag.</strong></span> <span class='ocrx_word' id='word_1_523' title='bbox 1916 3491 2022 3546; x_wconf 84' lang='lat'><strong>590</strong></span> <span class='ocrx_word' id='word_1_524' title='bbox 2052 3500 2097 3545; x_wconf 92' lang='lat' dir='ltr'><strong>et</strong></span> <span class='ocrx_word' id='word_1_525' title='bbox 2127 3507 2256 3562; x_wconf 81' lang='lat' dir='ltr'><strong>seq.;</strong></span> 
     </span>
    </p>
   </div>
   <div class='ocr_carea' id='block_1_66' title="bbox 607 3578 2255 3654">
    <p class='ocr_par' dir='ltr' id='par_1_66' title="bbox 607 3578 2255 3654">
     <span class='ocr_line' id='line_1_66' title="bbox 607 3578 2255 3654; baseline 0.001 -20"><span class='ocrx_word' id='word_1_526' title='bbox 607 3651 610 3654; x_wconf 8' lang='grc' dir='ltr'><strong><em>ἢ</em></strong></span> <span class='ocrx_word' id='word_1_527' title='bbox 651 3578 930 3635; x_wconf 86' lang='lat' dir='ltr'><strong>Plutarch.</strong></span> <span class='ocrx_word' id='word_1_528' title='bbox 954 3622 970 3647; x_wconf 95' lang='lat'><strong>,</strong></span> <span class='ocrx_word' id='word_1_529' title='bbox 1002 3580 1068 3635; x_wconf 85' lang='lat' dir='ltr'><strong>de</strong></span> <span class='ocrx_word' id='word_1_530' title='bbox 1105 3579 1297 3635; x_wconf 80' lang='lat' dir='ltr'><strong>Vir‘tut.</strong></span> <span class='ocrx_word' id='word_1_531' title='bbox 1331 3580 1617 3636; x_wconf 79' lang='lat' dir='ltr'><strong>Alexandr.</strong></span> <span class='ocrx_word' id='word_1_532' title='bbox 1645 3623 1660 3645; x_wconf 89' lang='lat'><strong>,</strong></span> <span class='ocrx_word' id='word_1_533' title='bbox 1715 3591 1836 3636; x_wconf 90' lang='lat' dir='ltr'><strong>tom.</strong></span> <span class='ocrx_word' id='word_1_534' title='bbox 1873 3598 1931 3647; x_wconf 85' lang='grc' dir='ltr'>ιι,</span> <span class='ocrx_word' id='word_1_535' title='bbox 1967 3599 2089 3654; x_wconf 85' lang='lat' dir='ltr'><strong>pag.</strong></span> <span class='ocrx_word' id='word_1_536' title='bbox 2119 3583 2255 3646; x_wconf 78' lang='lat'>5&#39;56;</span> 
     </span>
    </p>
   </div>
   <div class='ocr_carea' id='block_1_67' title="bbox 651 3672 2255 3747">
    <p class='ocr_par' dir='ltr' id='par_1_67' title="bbox 651 3672 2255 3747">
     <span class='ocr_line' id='line_1_67' title="bbox 651 3672 2255 3747; baseline 0 -17"><span class='ocrx_word' id='word_1_537' title='bbox 651 3672 886 3738; x_wconf 73' lang='grc' dir='ltr'><strong>Λῖιὶαη..</strong></span> <span class='ocrx_word' id='word_1_538' title='bbox 941 3675 1030 3729; x_wconf 87' lang='lat' dir='ltr'><strong>lib.</strong></span> <span class='ocrx_word' id='word_1_539' title='bbox 1078 3691 1130 3729; x_wconf 81' lang='lat' dir='ltr'><strong>Ix</strong></span> <span class='ocrx_word' id='word_1_540' title='bbox 1179 3673 1410 3741; x_wconf 88' lang='lat' dir='ltr'><strong>Variar.,</strong></span> <span class='ocrx_word' id='word_1_541' title='bbox 1441 3692 1558 3746; x_wconf 86' lang='lat' dir='ltr'><strong>cap.</strong></span> <span class='ocrx_word' id='word_1_542' title='bbox 1605 3674 1708 3742; x_wconf 74' lang='lat'><strong>39.;</strong></span> <span class='ocrx_word' id='word_1_543' title='bbox 1741 3685 1866 3730; x_wconf 88' lang='lat' dir='ltr'><strong>tam.</strong></span> <span class='ocrx_word' id='word_1_544' title='bbox 1913 3677 2255 3747; x_wconf 84' lang='lat' dir='ltr'><strong>tApparat.,</strong></span> 
     </span>
    </p>
   </div>
   <div class='ocr_carea' id='block_1_68' title="bbox 652 3766 1170 3839">
    <p class='ocr_par' dir='ltr' id='par_1_68' title="bbox 652 3766 1170 3839">
     <span class='ocr_line' id='line_1_68' title="bbox 652 3766 1170 3839; baseline 0.004 -19"><span class='ocrx_word' id='word_1_545' title='bbox 652 3784 776 3839; x_wconf 85' lang='lat' dir='ltr'><strong>pag.</strong></span> <span class='ocrx_word' id='word_1_546' title='bbox 814 3766 917 3823; x_wconf 77' lang='grc'><strong>150</strong></span> <span class='ocrx_word' id='word_1_547' title='bbox 941 3776 988 3821; x_wconf 84' lang='lat' dir='ltr'><strong>et</strong></span> <span class='ocrx_word' id='word_1_548' title='bbox 1017 3766 1170 3832; x_wconf 67' lang='lat' dir='ltr'><strong>7M).</strong></span> 
     </span>
    </p>
   </div>
   <div class='ocr_carea' id='block_1_69' title="bbox 724 3859 2258 3930">
    <p class='ocr_par' dir='ltr' id='par_1_69' title="bbox 724 3859 2258 3930">
     <span class='ocr_line' id='line_1_69' title="bbox 724 3859 2258 3930; baseline 0.002 -15"><span class='ocrx_word' id='word_1_549' title='bbox 724 3861 865 3930; x_wconf 86' lang='lat' dir='ltr'><strong>Quin</strong></span> <span class='ocrx_word' id='word_1_550' title='bbox 888 3859 1053 3916; x_wconf 89' lang='lat' dir='ltr'><strong>etiam</strong></span> <span class='ocrx_word' id='word_1_551' title='bbox 1088 3880 1106 3912; x_wconf 84' lang='grc'>‹</span> <span class='ocrx_word' id='word_1_552' title='bbox 1145 3861 1403 3928; x_wconf 88' lang='lat' dir='ltr'><strong>Phidias,</strong></span> <span class='ocrx_word' id='word_1_553' title='bbox 1443 3881 1461 3914; x_wconf 85' lang='grc' dir='ltr'><strong>ι</strong></span> <span class='ocrx_word' id='word_1_554' title='bbox 1492 3863 1570 3917; x_wconf 90' lang='lat' dir='ltr'><strong>ait</strong></span> <span class='ocrx_word' id='word_1_555' title='bbox 1612 3871 1800 3918; x_wconf 90' lang='lat' dir='ltr'><strong>auctor</strong></span> <span class='ocrx_word' id='word_1_556' title='bbox 1828 3870 2037 3928; x_wconf 86' lang='lat' dir='ltr'><strong>noster,</strong></span> <span class='ocrx_word' id='word_1_557' title='bbox 2079 3882 2097 3912; x_wconf 73' lang='grc' dir='ltr'><strong>α</strong></span> <span class='ocrx_word' id='word_1_558' title='bbox 2135 3877 2258 3917; x_wconf 92' lang='lat' dir='ltr'><strong>cum</strong></span> 
     </span>
    </p>
   </div>
   <div class='ocr_carea' id='block_1_70' title="bbox 651 3957 2260 4031">
    <p class='ocr_par' dir='ltr' id='par_1_70' title="bbox 651 3957 2260 4031">
     <span class='ocr_line' id='line_1_70' title="bbox 651 3957 2260 4031; baseline -0.003 -15"><span class='ocrx_word' id='word_1_559' title='bbox 651 3958 891 4031; x_wconf 89' lang='lat' dir='ltr'><strong>Olympii</strong></span> <span class='ocrx_word' id='word_1_560' title='bbox 943 3957 1171 4012; x_wconf 87' lang='lat' dir='ltr'><strong>formam</strong></span> <span class='ocrx_word' id='word_1_561' title='bbox 1202 3957 1356 4014; x_wconf 82' lang='lat' dir='ltr'><strong>Jovis</strong></span> <span class='ocrx_word' id='word_1_562' title='bbox 1402 3957 1686 4013; x_wconf 89' lang='lat' dir='ltr'><strong>molimine</strong></span> <span class='ocrx_word' id='word_1_563' title='bbox 1734 3958 1923 4029; x_wconf 86' lang='lat' dir='ltr'><strong>operis</strong></span> <span class='ocrx_word' id='word_1_564' title='bbox 1969 3958 2260 4013; x_wconf 78' lang='lat' dir='ltr'><strong>extulisset</strong></span> 
     </span>
    </p>
   </div>
   <div class='ocr_carea' id='block_1_71' title="bbox 652 4052 2259 4128">
    <p class='ocr_par' dir='ltr' id='par_1_71' title="bbox 652 4052 2259 4128">
     <span class='ocr_line' id='line_1_71' title="bbox 652 4052 2259 4128; baseline -0.004 -14"><span class='ocrx_word' id='word_1_565' title='bbox 652 4056 944 4122; x_wconf 82' lang='lat' dir='ltr'><strong>immensi,</strong></span> <span class='ocrx_word' id='word_1_566' title='bbox 977 4070 1142 4128; x_wconf 90' lang='lat' dir='ltr'><strong>super</strong></span> <span class='ocrx_word' id='word_1_567' title='bbox 1170 4055 1258 4111; x_wconf 90' lang='lat' dir='ltr'><strong>dei</strong></span> <span class='ocrx_word' id='word_1_568' title='bbox 1288 4054 1478 4126; x_wconf 88' lang='lat' dir='ltr'><strong>digito,</strong></span> <span class='ocrx_word' id='word_1_569' title='bbox 1513 4053 1808 4109; x_wconf 84' lang='lat' dir='ltr'><strong>Pantarces</strong></span> <span class='ocrx_word' id='word_1_570' title='bbox 1835 4054 2114 4124; x_wconf 90' lang='lat' dir='ltr'><strong>inscripsit</strong></span> <span class='ocrx_word' id='word_1_571' title='bbox 2141 4052 2259 4123; x_wconf 88' lang='lat' dir='ltr'><strong>pul-</strong></span> 
     </span>
    </p>
   </div>
   <div class='ocr_carea' id='block_1_72' title="bbox 654 4147 2258 4219">
    <p class='ocr_par' dir='ltr' id='par_1_72' title="bbox 654 4147 2258 4219">
     <span class='ocr_line' id='line_1_72' title="bbox 654 4147 2258 4219; baseline -0.003 -11"><span class='ocrx_word' id='word_1_572' title='bbox 654 4153 810 4208; x_wconf 90' lang='lat' dir='ltr'><strong>cher.</strong></span> <span class='ocrx_word' id='word_1_573' title='bbox 841 4149 1050 4206; x_wconf 86' lang='lat' dir='ltr'><strong>Nomen</strong></span> <span class='ocrx_word' id='word_1_574' title='bbox 1086 4159 1268 4205; x_wconf 91' lang='lat' dir='ltr'><strong>autem</strong></span> <span class='ocrx_word' id='word_1_575' title='bbox 1301 4149 1476 4204; x_wconf 87' lang='lat' dir='ltr'><strong>fuerat</strong></span> <span class='ocrx_word' id='word_1_576' title='bbox 1518 4150 1682 4204; x_wconf 91' lang='lat' dir='ltr'><strong>amati</strong></span> <span class='ocrx_word' id='word_1_577' title='bbox 1715 4165 1746 4204; x_wconf 89' lang='lat' dir='ltr'><strong>a</strong></span> <span class='ocrx_word' id='word_1_578' title='bbox 1786 4164 1847 4204; x_wconf 90' lang='lat' dir='ltr'><strong>se</strong></span> <span class='ocrx_word' id='word_1_579' title='bbox 1874 4147 2061 4219; x_wconf 89' lang='lat' dir='ltr'><strong>pueri,</strong></span> <span class='ocrx_word' id='word_1_580' title='bbox 2096 4158 2258 4217; x_wconf 91' lang='lat' dir='ltr'><strong>atque</strong></span> 
     </span>
    </p>
   </div>
   <div class='ocr_carea' id='block_1_73' title="bbox 655 4237 2256 4313">
    <p class='ocr_par' dir='ltr' id='par_1_73' title="bbox 655 4237 2256 4313">
     <span class='ocr_line' id='line_1_73' title="bbox 655 4237 2256 4313; baseline -0.006 -11"><span class='ocrx_word' id='word_1_581' title='bbox 655 4246 894 4302; x_wconf 89' lang='lat' dir='ltr'><strong>obscena</strong></span> <span class='ocrx_word' id='word_1_582' title='bbox 917 4243 1168 4313; x_wconf 89' lang='lat' dir='ltr'><strong>cupidate</strong></span> <span class='ocrx_word' id='word_1_583' title='bbox 1186 4242 1392 4298; x_wconf 88' lang='lat' dir='ltr'><strong>dilecti.</strong></span> <span class='ocrx_word' id='word_1_584' title='bbox 1424 4261 1443 4293; x_wconf 84' lang='grc'>›</span> <span class='ocrx_word' id='word_1_585' title='bbox 1472 4242 1718 4312; x_wconf 82' lang='lat' dir='ltr'><strong>(Arnob.,</strong></span> <span class='ocrx_word' id='word_1_586' title='bbox 1743 4242 1834 4297; x_wconf 91' lang='lat' dir='ltr'><strong>lib.</strong></span> <span class='ocrx_word' id='word_1_587' title='bbox 1860 4256 1937 4308; x_wconf 87' lang='lat' dir='ltr'><strong>vt,</strong></span> <span class='ocrx_word' id='word_1_588' title='bbox 1964 4259 2083 4312; x_wconf 87' lang='lat' dir='ltr'><strong>pag.</strong></span> <span class='ocrx_word' id='word_1_589' title='bbox 2105 4237 2256 4310; x_wconf 76' lang='grc'><strong>199.)</strong></span> 
     </span>
    </p>
   </div>
   <div class='ocr_carea' id='block_1_74' title="bbox 655 4335 2256 4394">
    <p class='ocr_par' dir='ltr' id='par_1_74' title="bbox 655 4335 2256 4394">
     <span class='ocr_line' id='line_1_74' title="bbox 655 4335 2256 4394; baseline -0.003 0"><span class='ocrx_word' id='word_1_590' title='bbox 655 4336 738 4394; x_wconf 80' lang='lat' dir='ltr'><strong>Ex</strong></span> <span class='ocrx_word' id='word_1_591' title='bbox 784 4337 1070 4393; x_wconf 86' lang='lat' dir='ltr'><strong>Clemente</strong></span> <span class='ocrx_word' id='word_1_592' title='bbox 1109 4345 1287 4392; x_wconf 86' lang='lat' dir='ltr'><strong>autem</strong></span> <span class='ocrx_word' id='word_1_593' title='bbox 1334 4335 1707 4392; x_wconf 82' lang='lat' dir='ltr'><strong>Alexandrino</strong></span> <span class='ocrx_word' id='word_1_594' title='bbox 1740 4335 1858 4390; x_wconf 76' lang='lat' dir='ltr'><strong>haec</strong></span> <span class='ocrx_word' id='word_1_595' title='bbox 1903 4335 1990 4390; x_wconf 89' lang='lat' dir='ltr'><strong>ille</strong></span> <span class='ocrx_word' id='word_1_596' title='bbox 2041 4350 2256 4390; x_wconf 89' lang='lat' dir='ltr'><strong>rursum</strong></span> 
     </span>
    </p>
   </div>
   <div class='ocr_carea' id='block_1_75' title="bbox 656 4429 2257 4501">
    <p class='ocr_par' dir='ltr' id='par_1_75' title="bbox 656 4429 2257 4501">
     <span class='ocr_line' id='line_1_75' title="bbox 656 4429 2257 4501; baseline -0.002 -12"><span class='ocrx_word' id='word_1_597' title='bbox 656 4440 936 4489; x_wconf 88' lang='lat' dir='ltr'><strong>mutuatus</strong></span> <span class='ocrx_word' id='word_1_598' title='bbox 984 4440 1087 4486; x_wconf 90' lang='lat' dir='ltr'><strong>est.</strong></span> <span class='ocrx_word' id='word_1_599' title='bbox 1147 4429 1394 4485; x_wconf 87' lang='lat' dir='ltr'><strong>Ethnicis</strong></span> <span class='ocrx_word' id='word_1_600' title='bbox 1450 4431 1650 4501; x_wconf 88' lang='lat' dir='ltr'><strong>quippe</strong></span> <span class='ocrx_word' id='word_1_601' title='bbox 1717 4429 2116 4485; x_wconf 86' lang='lat' dir='ltr'><strong>eruditissimus</strong></span> <span class='ocrx_word' id='word_1_602' title='bbox 2170 4429 2257 4486; x_wconf 90' lang='lat' dir='ltr'><strong>hic</strong></span> 
     </span>
    </p>
   </div>
   <div class='ocr_carea' id='block_1_76' title="bbox 658 4522 2257 4596">
    <p class='ocr_par' dir='ltr' id='par_1_76' title="bbox 658 4522 2257 4596">
     <span class='ocr_line' id='line_1_76' title="bbox 658 4522 2257 4596; baseline -0.004 -13"><span class='ocrx_word' id='word_1_603' title='bbox 658 4525 881 4583; x_wconf 80' lang='lat' dir='ltr'><strong>Graecus</strong></span> <span class='ocrx_word' id='word_1_604' title='bbox 913 4525 1145 4591; x_wconf 87' lang='lat' dir='ltr'><strong>scriptor</strong></span> <span class='ocrx_word' id='word_1_605' title='bbox 1172 4523 1422 4578; x_wconf 90' lang='lat' dir='ltr'><strong>similiter</strong></span> <span class='ocrx_word' id='word_1_606' title='bbox 1452 4523 1729 4593; x_wconf 87' lang='lat' dir='ltr'><strong>ohjecerat</strong></span> <span class='ocrx_word' id='word_1_607' title='bbox 1762 4541 1776 4576; x_wconf 91' lang='lat'>:</span> <span class='ocrx_word' id='word_1_608' title='bbox 1811 4522 1865 4578; x_wconf 82' lang='grc' dir='ltr'>ὀ</span> <span class='ocrx_word' id='word_1_609' title='bbox 1887 4525 1978 4596; x_wconf 80' lang='grc' dir='ltr'><strong>μὲν</strong></span> <span class='ocrx_word' id='word_1_610' title='bbox 2003 4523 2257 4584; x_wconf 80' lang='grc' dir='ltr'><strong>Ἀθηναῖος</strong></span> 
     </span>
    </p>
   </div>
   <div class='ocr_carea' id='block_1_77' title="bbox 2949 3347 3356 3391">
    <p class='ocr_par' dir='ltr' id='par_1_77' title="bbox 2949 3347 3356 3391">
     <span class='ocr_line' id='line_1_77' title="bbox 2949 3347 3356 3391; baseline 0.015 -6"><span class='ocrx_word' id='word_1_611' title='bbox 2949 3347 3246 3390; x_wconf 75' lang='grc' dir='ltr'><strong>Αιιτιουιυε</strong></span> <span class='ocrx_word' id='word_1_612' title='bbox 3284 3352 3356 3391; x_wconf 79' lang='grc' dir='ltr'>ιν.</span> 
     </span>
    </p>
   </div>
   <div class='ocr_carea' id='block_1_78' title="bbox 2360 3443 3960 3522">
    <p class='ocr_par' dir='ltr' id='par_1_78' title="bbox 2360 3443 3960 3522">
     <span class='ocr_line' id='line_1_78' title="bbox 2360 3443 3960 3522; baseline 0.018 -32"><span class='ocrx_word' id='word_1_613' title='bbox 2360 3443 2936 3522; x_wconf 66' lang='lat' dir='ltr'><strong>QuarationeArnobius</strong></span> <span class='ocrx_word' id='word_1_614' title='bbox 2961 3463 3025 3501; x_wconf 84' lang='lat' dir='ltr'><strong>ex</strong></span> <span class='ocrx_word' id='word_1_615' title='bbox 3049 3455 3253 3522; x_wconf 77' lang='lat' dir='ltr'><strong>materia</strong></span> <span class='ocrx_word' id='word_1_616' title='bbox 3279 3463 3330 3505; x_wconf 89' lang='lat' dir='ltr'><strong>et</strong></span> <span class='ocrx_word' id='word_1_617' title='bbox 3350 3466 3475 3520; x_wconf 87' lang='lat' dir='ltr'><strong>arte,</strong></span> <span class='ocrx_word' id='word_1_618' title='bbox 3493 3473 3586 3522; x_wconf 89' lang='lat' dir='ltr'><strong>qua</strong></span> <span class='ocrx_word' id='word_1_619' title='bbox 3609 3461 3737 3514; x_wconf 83' lang='lat' dir='ltr'><strong>facta</strong></span> <span class='ocrx_word' id='word_1_620' title='bbox 3759 3463 3960 3518; x_wconf 82' lang='lat' dir='ltr'><strong>fuerant</strong></span> 
     </span>
    </p>
   </div>
   <div class='ocr_carea' id='block_1_79' title="bbox 2420 3507 3958 3586">
    <p class='ocr_par' dir='ltr' id='par_1_79' title="bbox 2420 3507 3958 3586">
     <span class='ocr_line' id='line_1_79' title="bbox 2420 3507 3958 3586; baseline 0.019 -35"><span class='ocrx_word' id='word_1_621' title='bbox 2420 3507 2624 3586; x_wconf 67' lang='lat' dir='ltr'><strong>deorum</strong></span> <span class='ocrx_word' id='word_1_622' title='bbox 2651 3509 2922 3568; x_wconf 87' lang='lat' dir='ltr'><strong>simulacra,</strong></span> <span class='ocrx_word' id='word_1_623' title='bbox 2948 3516 3193 3586; x_wconf 73' lang='lat' dir='ltr'><strong>ostendat_</strong></span> <span class='ocrx_word' id='word_1_624' title='bbox 3214 3531 3270 3566; x_wconf 77' lang='lat' dir='ltr'><strong>ea</strong></span> <span class='ocrx_word' id='word_1_625' title='bbox 3295 3507 3590 3586; x_wconf 25' lang='lat' dir='ltr'><strong>alp‘eth&#39;nicls</strong></span> <span class='ocrx_word' id='word_1_626' title='bbox 3610 3507 3958 3586; x_wconf 42' lang='lat' dir='ltr'><strong>impio—Eia</strong></span> 
     </span>
    </p>
   </div>
   <div class='ocr_carea' id='block_1_80' title="bbox 2419 3570 3960 3648">
    <p class='ocr_par' dir='ltr' id='par_1_80' title="bbox 2419 3570 3960 3648">
     <span class='ocr_line' id='line_1_80' title="bbox 2419 3570 3960 3648; baseline 0.019 -33"><span class='ocrx_word' id='word_1_627' title='bbox 2419 3570 2930 3648; x_wconf 29' lang='lat' dir='ltr'><strong>adorariteorumqpe</strong></span> <span class='ocrx_word' id='word_1_628' title='bbox 2949 3575 3197 3648; x_wconf 69' lang='lat' dir='ltr'><strong>iuniorari</strong></span> <span class='ocrx_word' id='word_1_629' title='bbox 3221 3583 3478 3637; x_wconf 86' lang='lat' dir='ltr'><strong>auxilium.</strong></span> <span class='ocrx_word' id='word_1_630' title='bbox 3501 3570 3960 3648; x_wconf 53' lang='lat' dir='ltr'><strong>AE&#39;quSiﬁ&#39;iaﬁi&#39;éi</strong></span> 
     </span>
    </p>
   </div>
   <div class='ocr_carea' id='block_1_81' title="bbox 2418 3631 3959 3712">
    <p class='ocr_par' dir='ltr' id='par_1_81' title="bbox 2418 3631 3959 3712">
     <span class='ocr_line' id='line_1_81' title="bbox 2418 3631 3959 3712; baseline 0.017 -33"><span class='ocrx_word' id='word_1_631' title='bbox 2418 3631 2575 3712; x_wconf 64' lang='lat' dir='ltr'><strong>futilis</strong></span> <span class='ocrx_word' id='word_1_632' title='bbox 2590 3631 3247 3712; x_wconf 41' lang='lat' dir='ltr'><strong>eorttmdem‘g&#39;e-ntilium</strong></span> <span class='ocrx_word' id='word_1_633' title='bbox 3284 3631 3558 3708; x_wconf 70' lang='lat' dir='ltr'><strong>responsio,</strong></span> 
     </span>
    </p>
   </div>
   <div class='ocr_carea' id='block_1_82' title="bbox 2421 3703 3958 3775">
    <p class='ocr_par' dir='ltr' id='par_1_82' title="bbox 2421 3703 3958 3775">
     <span class='ocr_line' id='line_1_82' title="bbox 2421 3703 3958 3775; baseline 0.019 -35"><span class='ocrx_word' id='word_1_634' title='bbox 2421 3703 2531 3775; x_wconf 71' lang='lat' dir='ltr'><strong>post</strong></span> <span class='ocrx_word' id='word_1_635' title='bbox 2552 3709 2729 3775; x_wconf 59' lang='lat' dir='ltr'><strong>egrum</strong></span> <span class='ocrx_word' id='word_1_636' title='bbox 2744 3705 2929 3775; x_wconf 76' lang='lat' dir='ltr'><strong>tantum</strong></span> <span class='ocrx_word' id='word_1_637' title='bbox 2945 3703 3305 3775; x_wconf 81' lang='lat' dir='ltr'><strong>dedicationem</strong></span> <span class='ocrx_word' id='word_1_638' title='bbox 3403 3703 3632 3775; x_wconf 74' lang='lat' dir='ltr'><strong>venerari</strong></span> <span class='ocrx_word' id='word_1_639' title='bbox 3657 3703 3958 3775; x_wconf 66' lang='lat' dir='ltr'><strong>pmﬁtebau:</strong></span> 
     </span>
    </p>
   </div>
   <div class='ocr_carea' id='block_1_83' title="bbox 2423 3759 3960 3844">
    <p class='ocr_par' dir='ltr' id='par_1_83' title="bbox 2423 3759 3960 3844">
     <span class='ocr_line' id='line_1_83' title="bbox 2423 3759 3960 3844; baseline 0 0"><span class='ocrx_word' id='word_1_640' title='bbox 2423 3759 3262 3844; x_wconf 49' lang='grc' dir='ltr'><strong>ξέἒξὲ.ε¹1Ξ¹ῖ,εξὲΞ-,ἓξξὲίὲιὲεέξσίιέηοδίε</strong></span> <span class='ocrx_word' id='word_1_641' title='bbox 3299 3759 3583 3834; x_wconf 54' lang='lat' dir='ltr'><strong>arboribus?</strong></span> <span class='ocrx_word' id='word_1_642' title='bbox 3616 3759 3822 3829; x_wconf 28' lang='lat' dir='ltr'><strong>eiii—id</strong></span> <span class='ocrx_word' id='word_1_643' title='bbox 3836 3759 3960 3844; x_wconf 73' lang='grc' dir='ltr'><strong>”‹ῖιῖυ</strong></span> 
     </span>
    </p>
   </div>
   <div class='ocr_carea' id='block_1_84' title="bbox 2423 3819 3189 3878">
    <p class='ocr_par' dir='ltr' id='par_1_84' title="bbox 2423 3819 3189 3878">
     <span class='ocr_line' id='line_1_84' title="bbox 2423 3819 3189 3878; baseline 0.016 -12"><span class='ocrx_word' id='word_1_644' title='bbox 2423 3819 2606 3870; x_wconf 87' lang='lat' dir='ltr'><strong>ethnici</strong></span> <span class='ocrx_word' id='word_1_645' title='bbox 2625 3821 2883 3873; x_wconf 85' lang='lat' dir='ltr'><strong>simulacra</strong></span> <span class='ocrx_word' id='word_1_646' title='bbox 2907 3826 3189 3878; x_wconf 86' lang='lat' dir='ltr'><strong>adorabaut.</strong></span> 
     </span>
    </p>
   </div>
   <div class='ocr_carea' id='block_1_85' title="bbox 2432 3943 3959 4028">
    <p class='ocr_par' dir='ltr' id='par_1_85' title="bbox 2432 3943 3959 4028">
     <span class='ocr_line' id='line_1_85' title="bbox 2432 3943 3959 4028; baseline 0.02 -29"><span class='ocrx_word' id='word_1_647' title='bbox 2432 3943 2653 4001; x_wconf 88' lang='lat' dir='ltr'><strong>Nescire</strong></span> <span class='ocrx_word' id='word_1_648' title='bbox 2669 3947 2868 4005; x_wconf 87' lang='lat' dir='ltr'><strong>ethnici</strong></span> <span class='ocrx_word' id='word_1_649' title='bbox 2886 3967 2994 4006; x_wconf 86' lang='lat' dir='ltr'><strong>non</strong></span> <span class='ocrx_word' id='word_1_650' title='bbox 3013 3961 3262 4023; x_wconf 90' lang='lat' dir='ltr'><strong>poterant</strong></span> <span class='ocrx_word' id='word_1_651' title='bbox 3281 3957 3506 4016; x_wconf 92' lang='lat' dir='ltr'><strong>deorum</strong></span> <span class='ocrx_word' id='word_1_652' title='bbox 3536 3978 3754 4023; x_wconf 91' lang='lat' dir='ltr'><strong>suorum</strong></span> <span class='ocrx_word' id='word_1_653' title='bbox 3780 3970 3959 4028; x_wconf 76' lang='lat' dir='ltr'><strong>simu-</strong></span> 
     </span>
    </p>
   </div>
   <div class='ocr_carea' id='block_1_86' title="bbox 2361 4037 3954 4132">
    <p class='ocr_par' dir='ltr' id='par_1_86' title="bbox 2361 4037 3954 4132">
     <span class='ocr_line' id='line_1_86' title="bbox 2361 4037 3954 4132; baseline 0.018 -41"><span class='ocrx_word' id='word_1_654' title='bbox 2361 4037 2506 4095; x_wconf 90' lang='lat' dir='ltr'><strong>lacra</strong></span> <span class='ocrx_word' id='word_1_655' title='bbox 2532 4079 2546 4104; x_wconf 89' lang='lat'><strong>,</strong></span> <span class='ocrx_word' id='word_1_656' title='bbox 2581 4055 2701 4110; x_wconf 75' lang='lat' dir='ltr'><strong>qua:</strong></span> <span class='ocrx_word' id='word_1_657' title='bbox 2754 4041 3020 4110; x_wconf 89' lang='lat' dir='ltr'><strong>humiles,</strong></span> <span class='ocrx_word' id='word_1_658' title='bbox 3074 4053 3365 4118; x_wconf 88' lang='lat' dir='ltr'><strong>prostrati,</strong></span> <span class='ocrx_word' id='word_1_659' title='bbox 3414 4063 3579 4127; x_wconf 91' lang='lat' dir='ltr'><strong>atque</strong></span> <span class='ocrx_word' id='word_1_660' title='bbox 3626 4060 3677 4114; x_wconf 94' lang='lat' dir='ltr'><strong>in</strong></span> <span class='ocrx_word' id='word_1_661' title='bbox 3716 4059 3910 4119; x_wconf 85' lang='lat' dir='ltr'><strong>faciem</strong></span> <span class='ocrx_word' id='word_1_662' title='bbox 3937 4110 3954 4132; x_wconf 92' lang='lat'><strong>,</strong></span> 
     </span>
    </p>
   </div>
   <div class='ocr_carea' id='block_1_87' title="bbox 2361 4133 3962 4226">
    <p class='ocr_par' dir='ltr' id='par_1_87' title="bbox 2361 4133 3962 4226">
     <span class='ocr_line' id='line_1_87' title="bbox 2361 4133 3962 4226; baseline 0.019 -42"><span class='ocrx_word' id='word_1_663' title='bbox 2361 4140 2421 4226; x_wconf 81' lang='lat' dir='ltr'><strong>ut</strong></span> <span class='ocrx_word' id='word_1_664' title='bbox 2467 4133 2542 4187; x_wconf 90' lang='lat' dir='ltr'><strong>ait</strong></span> <span class='ocrx_word' id='word_1_665' title='bbox 2585 4135 2856 4190; x_wconf 86' lang='lat' dir='ltr'><strong>Arnobius</strong></span> <span class='ocrx_word' id='word_1_666' title='bbox 2903 4138 3164 4210; x_wconf 85' lang='lat' dir='ltr'><strong>(Arnob.,</strong></span> <span class='ocrx_word' id='word_1_667' title='bbox 3217 4143 3304 4198; x_wconf 83' lang='lat' dir='ltr'><strong>lib.</strong></span> <span class='ocrx_word' id='word_1_668' title='bbox 3337 4163 3410 4216; x_wconf 83' lang='lat' dir='ltr'><strong>vt,</strong></span> <span class='ocrx_word' id='word_1_669' title='bbox 3451 4151 3771 4225; x_wconf 73' lang='lat' dir='ltr'><strong>pag.200),</strong></span> <span class='ocrx_word' id='word_1_670' title='bbox 3799 4160 3962 4226; x_wconf 87' lang='lat' dir='ltr'><strong>proni</strong></span> 
     </span>
    </p>
   </div>
   <div class='ocr_carea' id='block_1_88' title="bbox 2359 4224 3962 4319">
    <p class='ocr_par' dir='ltr' id='par_1_88' title="bbox 2359 4224 3962 4319">
     <span class='ocr_line' id='line_1_88' title="bbox 2359 4224 3962 4319; baseline 0.018 -42"><span class='ocrx_word' id='word_1_671' title='bbox 2359 4224 2673 4295; x_wconf 88' lang='lat' dir='ltr'><strong>adorabant,</strong></span> <span class='ocrx_word' id='word_1_672' title='bbox 2701 4229 2895 4299; x_wconf 91' lang='lat' dir='ltr'><strong>quibus</strong></span> <span class='ocrx_word' id='word_1_673' title='bbox 2923 4233 3260 4291; x_wconf 90' lang='lat' dir='ltr'><strong>tremebundi</strong></span> <span class='ocrx_word' id='word_1_674' title='bbox 3287 4241 3658 4310; x_wconf 86' lang='lat' dir='ltr'><strong>supplicabant</strong></span> <span class='ocrx_word' id='word_1_675' title='bbox 3677 4288 3692 4312; x_wconf 91' lang='lat'><strong>,</strong></span> <span class='ocrx_word' id='word_1_676' title='bbox 3725 4224 3962 4319; x_wconf 84' lang='lat' dir='ltr'><strong>quorum</strong></span> 
     </span>
    </p>
   </div>
   <div class='ocr_carea' id='block_1_89' title="bbox 2359 4319 3962 4408">
    <p class='ocr_par' dir='ltr' id='par_1_89' title="bbox 2359 4319 3962 4408">
     <span class='ocr_line' id='line_1_89' title="bbox 2359 4319 3962 4408; baseline 0.02 -36"><span class='ocrx_word' id='word_1_677' title='bbox 2359 4319 2414 4374; x_wconf 92' lang='lat' dir='ltr'><strong>in</strong></span> <span class='ocrx_word' id='word_1_678' title='bbox 2441 4320 2683 4378; x_wconf 79' lang='lat' dir='ltr'><strong>adversis</strong></span> <span class='ocrx_word' id='word_1_679' title='bbox 2712 4325 2875 4380; x_wconf 84' lang='lat' dir='ltr'><strong>rebus</strong></span> <span class='ocrx_word' id='word_1_680' title='bbox 2896 4343 3053 4398; x_wconf 91' lang='lat' dir='ltr'><strong>opem</strong></span> <span class='ocrx_word' id='word_1_681' title='bbox 3076 4372 3092 4398; x_wconf 95' lang='lat'><strong>,</strong></span> <span class='ocrx_word' id='word_1_682' title='bbox 3122 4341 3178 4386; x_wconf 91' lang='lat' dir='ltr'><strong>et</strong></span> <span class='ocrx_word' id='word_1_683' title='bbox 3220 4333 3273 4387; x_wconf 91' lang='lat' dir='ltr'><strong>in</strong></span> <span class='ocrx_word' id='word_1_684' title='bbox 3321 4341 3624 4408; x_wconf 89' lang='lat' dir='ltr'><strong>prosperis,</strong></span> <span class='ocrx_word' id='word_1_685' title='bbox 3674 4347 3962 4403; x_wconf 80' lang='lat' dir='ltr'><strong>continua-</strong></span> 
     </span>
    </p>
   </div>
   <div class='ocr_carea' id='block_1_90' title="bbox 2361 4414 3961 4507">
    <p class='ocr_par' dir='ltr' id='par_1_90' title="bbox 2361 4414 3961 4507">
     <span class='ocr_line' id='line_1_90' title="bbox 2361 4414 3961 4507; baseline 0.019 -39"><span class='ocrx_word' id='word_1_686' title='bbox 2361 4414 2560 4471; x_wconf 83' lang='lat' dir='ltr'><strong>tionem</strong></span> <span class='ocrx_word' id='word_1_687' title='bbox 2583 4418 2783 4474; x_wconf 88' lang='lat' dir='ltr'><strong>amoris</strong></span> <span class='ocrx_word' id='word_1_688' title='bbox 2809 4419 3114 4493; x_wconf 86' lang='lat' dir='ltr'><strong>favorisque</strong></span> <span class='ocrx_word' id='word_1_689' title='bbox 3140 4425 3275 4482; x_wconf 90' lang='lat' dir='ltr'><strong>adeo</strong></span> <span class='ocrx_word' id='word_1_690' title='bbox 3302 4432 3570 4489; x_wconf 87' lang='lat' dir='ltr'><strong>submisse</strong></span> <span class='ocrx_word' id='word_1_691' title='bbox 3588 4439 3961 4507; x_wconf 86' lang='lat' dir='ltr'><strong>postulabant,</strong></span> 
     </span>
    </p>
   </div>
   <div class='ocr_carea' id='block_1_91' title="bbox 2359 4508 3959 4602">
    <p class='ocr_par' dir='ltr' id='par_1_91' title="bbox 2359 4508 3959 4602">
     <span class='ocr_line' id='line_1_91' title="bbox 2359 4508 3959 4602; baseline 0.019 -41"><span class='ocrx_word' id='word_1_692' title='bbox 2359 4508 2428 4562; x_wconf 89' lang='lat' dir='ltr'><strong>ab</strong></span> <span class='ocrx_word' id='word_1_693' title='bbox 2468 4508 2765 4566; x_wconf 90' lang='lat' dir='ltr'><strong>artiﬁcibus</strong></span> <span class='ocrx_word' id='word_1_694' title='bbox 2811 4512 2944 4568; x_wconf 78' lang='lat' dir='ltr'><strong>iacta</strong></span> <span class='ocrx_word' id='word_1_695' title='bbox 2992 4531 3112 4572; x_wconf 89' lang='lat' dir='ltr'><strong>esse</strong></span> <span class='ocrx_word' id='word_1_696' title='bbox 3140 4535 3206 4574; x_wconf 80' lang='lat' dir='ltr'><strong>ex</strong></span> <span class='ocrx_word' id='word_1_697' title='bbox 3252 4537 3406 4589; x_wconf 88' lang='lat' dir='ltr'><strong>auro,</strong></span> <span class='ocrx_word' id='word_1_698' title='bbox 3447 4538 3694 4598; x_wconf 90' lang='lat' dir='ltr'><strong>argento,</strong></span> <span class='ocrx_word' id='word_1_699' title='bbox 3752 4533 3959 4602; x_wconf 89' lang='lat' dir='ltr'><strong>ebore,</strong></span> 
     </span>
    </p>
   </div>
   <div class='ocr_carea' id='block_1_92' title="bbox 659 4603 2249 4696">
    <p class='ocr_par' dir='ltr' id='par_1_92' title="bbox 659 4618 2249 4694">
     <span class='ocr_line' id='line_1_92' title="bbox 659 4618 2249 4694; baseline -0.003 -17"><span class='ocrx_word' id='word_1_700' title='bbox 659 4620 855 4682; x_wconf 76' lang='grc' dir='ltr'><strong>Φειδίας</strong></span> <span class='ocrx_word' id='word_1_701' title='bbox 893 4622 978 4675; x_wconf 79' lang='grc' dir='ltr'><strong>ἐπὶ</strong></span> <span class='ocrx_word' id='word_1_702' title='bbox 1000 4629 1074 4694; x_wconf 84' lang='grc' dir='ltr'><strong>τῷ</strong></span> <span class='ocrx_word' id='word_1_703' title='bbox 1139 4618 1373 4692; x_wconf 72' lang='grc' dir='ltr'><strong>δακτύλῳ</strong></span> <span class='ocrx_word' id='word_1_704' title='bbox 1413 4626 1503 4674; x_wconf 81' lang='grc' dir='ltr'><strong>τοῦ</strong></span> <span class='ocrx_word' id='word_1_705' title='bbox 1545 4621 1652 4679; x_wconf 76' lang='grc' dir='ltr'><strong>Διὸς</strong></span> <span class='ocrx_word' id='word_1_706' title='bbox 1681 4627 1771 4674; x_wconf 78' lang='grc' dir='ltr'><strong>τοῦ</strong></span> <span class='ocrx_word' id='word_1_707' title='bbox 1819 4619 2097 4690; x_wconf 80' lang='grc' dir='ltr'><strong>Ὀλυμπίου</strong></span> <span class='ocrx_word' id='word_1_708' title='bbox 2142 4620 2249 4673; x_wconf 84' lang='grc' dir='ltr'><strong>ἐπι·</strong></span> 
     </span>
    </p>
   </div>
   <div class='ocr_carea' id='block_1_93' title="bbox 2350 4603 3960 4696">
    <p class='ocr_par' dir='ltr' id='par_1_93' title="bbox 2361 4603 3960 4696">
     <span class='ocr_line' id='line_1_93' title="bbox 2361 4603 3960 4696; baseline 0.019 -42"><span class='ocrx_word' id='word_1_709' title='bbox 2361 4603 2571 4674; x_wconf 87' lang='lat' dir='ltr'><strong>aliaque</strong></span> <span class='ocrx_word' id='word_1_710' title='bbox 2635 4613 2846 4662; x_wconf 90' lang='lat' dir='ltr'><strong>terrena</strong></span> <span class='ocrx_word' id='word_1_711' title='bbox 2922 4612 3175 4679; x_wconf 90' lang='lat' dir='ltr'><strong>materia,</strong></span> <span class='ocrx_word' id='word_1_712' title='bbox 3233 4625 3393 4687; x_wconf 88' lang='lat' dir='ltr'><strong>atque</strong></span> <span class='ocrx_word' id='word_1_713' title='bbox 3455 4621 3616 4677; x_wconf 85' lang='lat' dir='ltr'><strong>etiam</strong></span> <span class='ocrx_word' id='word_1_714' title='bbox 3671 4627 3960 4696; x_wconf 89' lang='lat' dir='ltr'><strong>muliebri,</strong></span> 
     </span>
    </p>
   </div>
   <div class='ocr_carea' id='block_1_94' title="bbox 659 4710 2256 4792">
    <p class='ocr_par' dir='ltr' id='par_1_94' title="bbox 659 4710 2256 4792">
     <span class='ocr_line' id='line_1_94' title="bbox 659 4710 2256 4792; baseline -0.004 -21"><span class='ocrx_word' id='word_1_715' title='bbox 659 4714 885 4792; x_wconf 73' lang='grc' dir='ltr'><strong>γράψας,</strong></span> <span class='ocrx_word' id='word_1_716' title='bbox 918 4714 1212 4788; x_wconf 80' lang='grc' dir='ltr'><strong>Παντάρκης</strong></span> <span class='ocrx_word' id='word_1_717' title='bbox 1238 4713 1408 4772; x_wconf 77' lang='grc' dir='ltr'><strong>καλός.</strong></span> <span class='ocrx_word' id='word_1_718' title='bbox 1458 4715 1514 4766; x_wconf 71' lang='grc' dir='ltr'><strong>οὐ</strong></span> <span class='ocrx_word' id='word_1_719' title='bbox 1557 4715 1656 4789; x_wconf 72' lang='grc' dir='ltr'><strong>γὰρ</strong></span> <span class='ocrx_word' id='word_1_720' title='bbox 1706 4712 1855 4772; x_wconf 78' lang='grc' dir='ltr'><strong>καλὸς</strong></span> <span class='ocrx_word' id='word_1_721' title='bbox 1879 4710 2068 4785; x_wconf 66' lang='grc' dir='ltr'>αὑτῷὸ</span> <span class='ocrx_word' id='word_1_722' title='bbox 2114 4712 2256 4774; x_wconf 76' lang='grc' dir='ltr'><strong>Ζεὺς,</strong></span> 
     </span>
    </p>
   </div>
   <div class='ocr_carea' id='block_1_95' title="bbox 658 4803 2260 4884">
    <p class='ocr_par' dir='ltr' id='par_1_95' title="bbox 658 4803 2260 4884">
     <span class='ocr_line' id='line_1_95' title="bbox 658 4803 2260 4884; baseline -0.006 -19"><span class='ocrx_word' id='word_1_723' title='bbox 658 4810 763 4865; x_wconf 81' lang='grc' dir='ltr'><strong>ἀλλ’</strong></span> <span class='ocrx_word' id='word_1_724' title='bbox 783 4808 810 4864; x_wconf 87' lang='grc' dir='ltr'><strong>ὁ</strong></span> <span class='ocrx_word' id='word_1_725' title='bbox 838 4809 1088 4884; x_wconf 77' lang='grc' dir='ltr'><strong>ἐρώμενος</strong></span> <span class='ocrx_word' id='word_1_726' title='bbox 1115 4804 1189 4866; x_wconf 77' lang='grc' dir='ltr'><strong>ἦν.</strong></span> <span class='ocrx_word' id='word_1_727' title='bbox 1222 4806 1240 4878; x_wconf 97' lang='grc'>(</span> <span class='ocrx_word' id='word_1_728' title='bbox 1263 4804 1496 4860; x_wconf 85' lang='lat' dir='ltr'><strong>Clemens</strong></span> <span class='ocrx_word' id='word_1_729' title='bbox 1525 4803 1809 4859; x_wconf 75' lang='lat' dir='ltr'><strong>Alexandr.</strong></span> <span class='ocrx_word' id='word_1_730' title='bbox 1829 4847 1843 4869; x_wconf 95' lang='lat'><strong>,</strong></span> <span class='ocrx_word' id='word_1_731' title='bbox 1877 4804 2140 4859; x_wconf 80' lang='lat' dir='ltr'><strong>Admonit.</strong></span> <span class='ocrx_word' id='word_1_732' title='bbox 2191 4804 2260 4856; x_wconf 85' lang='lat' dir='ltr'><strong>ad</strong></span> 
     </span>
    </p>
   </div>
   <div class='ocr_carea' id='block_1_96' title="bbox 661 4896 2259 4972">
    <p class='ocr_par' dir='ltr' id='par_1_96' title="bbox 661 4896 2259 4972">
     <span class='ocr_line' id='line_1_96' title="bbox 661 4896 2259 4972; baseline -0.004 -16"><span class='ocrx_word' id='word_1_733' title='bbox 661 4910 799 4972; x_wconf 84' lang='lat' dir='ltr'><strong>gent.</strong></span> <span class='ocrx_word' id='word_1_734' title='bbox 819 4944 834 4968; x_wconf 88' lang='lat'><strong>,</strong></span> <span class='ocrx_word' id='word_1_735' title='bbox 884 4916 1005 4970; x_wconf 90' lang='lat' dir='ltr'><strong>pag.</strong></span> <span class='ocrx_word' id='word_1_736' title='bbox 1035 4897 1151 4967; x_wconf 79' lang='lat'><strong>&#39;55.)</strong></span> <span class='ocrx_word' id='word_1_737' title='bbox 1184 4897 1509 4952; x_wconf 83' lang='lat' dir='ltr'><strong>Atheniensis</strong></span> <span class='ocrx_word' id='word_1_738' title='bbox 1552 4897 1758 4966; x_wconf 83' lang='lat' dir='ltr'><strong>quidem</strong></span> <span class='ocrx_word' id='word_1_739' title='bbox 1785 4896 2004 4951; x_wconf 86' lang='lat' dir='ltr'><strong>Phidias</strong></span> <span class='ocrx_word' id='word_1_740' title='bbox 2023 4941 2036 4965; x_wconf 89' lang='lat'><strong>,</strong></span> <span class='ocrx_word' id='word_1_741' title='bbox 2065 4898 2154 4968; x_wconf 86' lang='lat' dir='ltr'><strong>qui</strong></span> <span class='ocrx_word' id='word_1_742' title='bbox 2205 4897 2259 4950; x_wconf 89' lang='lat' dir='ltr'><strong>in</strong></span> 
     </span>
    </p>
   </div>
   <div class='ocr_carea' id='block_1_97' title="bbox 660 4989 2258 5065">
    <p class='ocr_par' dir='ltr' id='par_1_97' title="bbox 660 4989 2258 5065">
     <span class='ocr_line' id='line_1_97' title="bbox 660 4989 2258 5065; baseline -0.001 -18"><span class='ocrx_word' id='word_1_743' title='bbox 660 4992 805 5050; x_wconf 71' lang='lat' dir='ltr'><strong>lovis</strong></span> <span class='ocrx_word' id='word_1_744' title='bbox 833 4993 1062 5065; x_wconf 82' lang='lat' dir='ltr'><strong>Olympii</strong></span> <span class='ocrx_word' id='word_1_745' title='bbox 1095 4991 1255 5062; x_wconf 87' lang='lat' dir='ltr'><strong>digito</strong></span> <span class='ocrx_word' id='word_1_746' title='bbox 1283 4992 1488 5061; x_wconf 86' lang='lat' dir='ltr'><strong>scripsit</strong></span> <span class='ocrx_word' id='word_1_747' title='bbox 1519 5007 1538 5045; x_wconf 91' lang='lat'><strong><em>:</em></strong></span> <span class='ocrx_word' id='word_1_748' title='bbox 1561 4989 1842 5045; x_wconf 88' lang='lat' dir='ltr'><strong>Pantarces</strong></span> <span class='ocrx_word' id='word_1_749' title='bbox 1873 4991 2102 5060; x_wconf 84' lang='lat' dir='ltr'><strong>pulcher.</strong></span> <span class='ocrx_word' id='word_1_750' title='bbox 2138 4990 2258 5045; x_wconf 81' lang='lat' dir='ltr'><strong>Non</strong></span> 
     </span>
    </p>
   </div>
   <div class='ocr_carea' id='block_1_98' title="bbox 660 5083 2259 5155">
    <p class='ocr_par' dir='ltr' id='par_1_98' title="bbox 660 5083 2259 5155">
     <span class='ocr_line' id='line_1_98' title="bbox 660 5083 2259 5155; baseline -0.002 -13"><span class='ocrx_word' id='word_1_751' title='bbox 660 5098 771 5142; x_wconf 84' lang='lat' dir='ltr'><strong>erat</strong></span> <span class='ocrx_word' id='word_1_752' title='bbox 821 5087 954 5142; x_wconf 88' lang='lat' dir='ltr'><strong>enint</strong></span> <span class='ocrx_word' id='word_1_753' title='bbox 994 5087 1040 5141; x_wconf 87' lang='lat' dir='ltr'><strong>ei</strong></span> <span class='ocrx_word' id='word_1_754' title='bbox 1083 5085 1293 5155; x_wconf 87' lang='lat' dir='ltr'><strong>pulcher</strong></span> <span class='ocrx_word' id='word_1_755' title='bbox 1327 5083 1557 5154; x_wconf 86' lang='lat' dir='ltr'><strong>Jupiter,</strong></span> <span class='ocrx_word' id='word_1_756' title='bbox 1608 5085 1696 5140; x_wconf 85' lang='lat' dir='ltr'><strong>sed</strong></span> <span class='ocrx_word' id='word_1_757' title='bbox 1746 5085 1789 5138; x_wconf 88' lang='lat' dir='ltr'><strong>is</strong></span> <span class='ocrx_word' id='word_1_758' title='bbox 1814 5085 1898 5155; x_wconf 89' lang='lat' dir='ltr'><strong>qui</strong></span> <span class='ocrx_word' id='word_1_759' title='bbox 1931 5084 1995 5138; x_wconf 90' lang='lat' dir='ltr'><strong>ab</strong></span> <span class='ocrx_word' id='word_1_760' title='bbox 2024 5101 2082 5138; x_wconf 88' lang='lat' dir='ltr'><strong>eo</strong></span> <span class='ocrx_word' id='word_1_761' title='bbox 2114 5101 2259 5139; x_wconf 86' lang='lat' dir='ltr'><strong>ama-</strong></span> 
     </span>
    </p>
   </div>
   <div class='ocr_carea' id='block_1_99' title="bbox 623 5171 2258 5246">
    <p class='ocr_par' dir='ltr' id='par_1_99' title="bbox 623 5171 2258 5246">
     <span class='ocr_line' id='line_1_99' title="bbox 623 5171 2258 5246; baseline -0.004 -9"><span class='ocrx_word' id='word_1_762' title='bbox 623 5171 626 5174; x_wconf 51' lang='grc'><strong>’</strong></span> <span class='ocrx_word' id='word_1_763' title='bbox 663 5187 834 5237; x_wconf 85' lang='lat' dir='ltr'><strong>batur.</strong></span> <span class='ocrx_word' id='word_1_764' title='bbox 864 5178 970 5235; x_wconf 93' lang='lat' dir='ltr'><strong>Sed</strong></span> <span class='ocrx_word' id='word_1_765' title='bbox 1015 5178 1082 5232; x_wconf 92' lang='lat' dir='ltr'><strong>de</strong></span> <span class='ocrx_word' id='word_1_766' title='bbox 1122 5177 1206 5231; x_wconf 89' lang='lat' dir='ltr'><strong>his</strong></span> <span class='ocrx_word' id='word_1_767' title='bbox 1237 5176 1489 5230; x_wconf 88' lang='lat' dir='ltr'><strong>omnibus</strong></span> <span class='ocrx_word' id='word_1_768' title='bbox 1529 5177 1639 5245; x_wconf 90' lang='lat' dir='ltr'><strong>jam</strong></span> <span class='ocrx_word' id='word_1_769' title='bbox 1689 5177 1740 5230; x_wconf 93' lang='lat' dir='ltr'><strong>in</strong></span> <span class='ocrx_word' id='word_1_770' title='bbox 1791 5176 2059 5246; x_wconf 85' lang='lat' dir='ltr'><strong>superiori</strong></span> <span class='ocrx_word' id='word_1_771' title='bbox 2089 5191 2258 5245; x_wconf 84' lang='lat' dir='ltr'><strong>appa-</strong></span> 
     </span>
    </p>
   </div>
   <div class='ocr_carea' id='block_1_100' title="bbox 663 5267 2256 5341">
    <p class='ocr_par' dir='ltr' id='par_1_100' title="bbox 663 5267 2256 5341">
     <span class='ocr_line' id='line_1_100' title="bbox 663 5267 2256 5341; baseline -0.004 -11"><span class='ocrx_word' id='word_1_772' title='bbox 663 5283 816 5330; x_wconf 87' lang='lat' dir='ltr'><strong>ratus</strong></span> <span class='ocrx_word' id='word_1_773' title='bbox 842 5271 1012 5327; x_wconf 87' lang='lat' dir='ltr'><strong>nostri</strong></span> <span class='ocrx_word' id='word_1_774' title='bbox 1047 5280 1194 5325; x_wconf 91' lang='lat' dir='ltr'><strong>tomo</strong></span> <span class='ocrx_word' id='word_1_775' title='bbox 1216 5269 1422 5339; x_wconf 88' lang='lat' dir='ltr'><strong>egimus</strong></span> <span class='ocrx_word' id='word_1_776' title='bbox 1446 5267 1592 5340; x_wconf 85' lang='lat' dir='ltr'><strong>(tant.</strong></span> <span class='ocrx_word' id='word_1_777' title='bbox 1623 5284 1639 5322; x_wconf 92' lang='grc' dir='ltr'><strong>ι</strong></span> <span class='ocrx_word' id='word_1_778' title='bbox 1668 5267 1944 5340; x_wconf 83' lang='lat' dir='ltr'><strong>Apparat.,</strong></span> <span class='ocrx_word' id='word_1_779' title='bbox 1978 5285 2099 5341; x_wconf 90' lang='lat' dir='ltr'><strong>pag.</strong></span> <span class='ocrx_word' id='word_1_780' title='bbox 2131 5268 2256 5333; x_wconf 77' lang='lat'><strong>550,</strong></span> 
     </span>
    </p>
   </div>
   <div class='ocr_carea' id='block_1_101' title="bbox 621 5353 2258 5437">
    <p class='ocr_par' dir='ltr' id='par_1_101' title="bbox 621 5353 2258 5437">
     <span class='ocr_line' id='line_1_101' title="bbox 621 5353 2258 5437; baseline -0.005 -14"><span class='ocrx_word' id='word_1_781' title='bbox 621 5353 624 5356; x_wconf 49' lang='grc'><strong>’</strong></span> <span class='ocrx_word' id='word_1_782' title='bbox 665 5366 794 5432; x_wconf 82' lang='grc'><strong>757,</strong></span> <span class='ocrx_word' id='word_1_783' title='bbox 832 5366 932 5420; x_wconf 73' lang='grc'><strong>744</strong></span> <span class='ocrx_word' id='word_1_784' title='bbox 955 5362 1001 5437; x_wconf 92' lang='grc'><strong>).</strong></span> <span class='ocrx_word' id='word_1_785' title='bbox 1029 5363 1105 5418; x_wconf 89' lang='lat' dir='ltr'><strong>Ea</strong></span> <span class='ocrx_word' id='word_1_786' title='bbox 1133 5375 1313 5418; x_wconf 86' lang='lat' dir='ltr'><strong>autem</strong></span> <span class='ocrx_word' id='word_1_787' title='bbox 1340 5362 1518 5416; x_wconf 88' lang='lat' dir='ltr'><strong>omnia</strong></span> <span class='ocrx_word' id='word_1_788' title='bbox 1552 5362 1834 5416; x_wconf 90' lang='lat' dir='ltr'><strong>retulimus</strong></span> <span class='ocrx_word' id='word_1_789' title='bbox 1857 5404 1872 5428; x_wconf 92' lang='lat'><strong>,</strong></span> <span class='ocrx_word' id='word_1_790' title='bbox 1903 5371 1960 5415; x_wconf 92' lang='lat' dir='ltr'><strong>ut</strong></span> <span class='ocrx_word' id='word_1_791' title='bbox 1987 5377 2094 5418; x_wconf 92' lang='lat' dir='ltr'><strong>uno</strong></span> <span class='ocrx_word' id='word_1_792' title='bbox 2117 5361 2258 5416; x_wconf 91' lang='lat' dir='ltr'><strong>oculi</strong></span> 
     </span>
    </p>
   </div>
   <div class='ocr_carea' id='block_1_102' title="bbox 665 5453 2262 5527">
    <p class='ocr_par' dir='ltr' id='par_1_102' title="bbox 665 5453 2262 5527">
     <span class='ocr_line' id='line_1_102' title="bbox 665 5453 2262 5527; baseline -0.004 -10"><span class='ocrx_word' id='word_1_793' title='bbox 665 5462 830 5518; x_wconf 90' lang='lat' dir='ltr'><strong>ductu</strong></span> <span class='ocrx_word' id='word_1_794' title='bbox 880 5476 1071 5515; x_wconf 90' lang='lat' dir='ltr'><strong>omnes</strong></span> <span class='ocrx_word' id='word_1_795' title='bbox 1102 5459 1358 5521; x_wconf 81' lang='lat' dir='ltr'><strong>videant,</strong></span> <span class='ocrx_word' id='word_1_796' title='bbox 1403 5453 1676 5527; x_wconf 89' lang='lat' dir='ltr'><strong>quomodo</strong></span> <span class='ocrx_word' id='word_1_797' title='bbox 1720 5470 1784 5509; x_wconf 86' lang='lat' dir='ltr'><strong>ac</strong></span> <span class='ocrx_word' id='word_1_798' title='bbox 1824 5471 1945 5525; x_wconf 79' lang='lat' dir='ltr'><strong>qua:</strong></span> <span class='ocrx_word' id='word_1_799' title='bbox 1987 5455 2262 5512; x_wconf 88' lang='lat' dir='ltr'><strong>Arnobius</strong></span> 
     </span>
    </p>
   </div>
   <div class='ocr_carea' id='block_1_103' title="bbox 619 5541 1830 5616">
    <p class='ocr_par' dir='ltr' id='par_1_103' title="bbox 619 5541 1830 5616">
     <span class='ocr_line' id='line_1_103' title="bbox 619 5541 1830 5616; baseline -0.011 -3"><span class='ocrx_word' id='word_1_800' title='bbox 619 5541 622 5544; x_wconf 13' lang='lat' dir='ltr'><strong>i</strong></span> <span class='ocrx_word' id='word_1_801' title='bbox 665 5572 733 5613; x_wconf 79' lang='lat' dir='ltr'><strong>ex</strong></span> <span class='ocrx_word' id='word_1_802' title='bbox 764 5552 1044 5611; x_wconf 89' lang='lat' dir='ltr'><strong>Clemente</strong></span> <span class='ocrx_word' id='word_1_803' title='bbox 1074 5549 1449 5610; x_wconf 76' lang='lat' dir='ltr'><strong>Alexandrino</strong></span> <span class='ocrx_word' id='word_1_804' title='bbox 1475 5547 1830 5616; x_wconf 82' lang='lat' dir='ltr'><strong>decerpserit.</strong></span> 
     </span>
    </p>
   </div>
   <div class='ocr_carea' id='block_1_104' title="bbox 731 5640 2265 5708">
    <p class='ocr_par' dir='ltr' id='par_1_104' title="bbox 731 5640 2265 5708">
     <span class='ocr_line' id='line_1_104' title="bbox 731 5640 2265 5708; baseline -0.003 -5"><span class='ocrx_word' id='word_1_805' title='bbox 731 5652 809 5708; x_wconf 85' lang='lat' dir='ltr'><strong>At</strong></span> <span class='ocrx_word' id='word_1_806' title='bbox 865 5647 1260 5703; x_wconf 86' lang='lat' dir='ltr'><strong>validissimum</strong></span> <span class='ocrx_word' id='word_1_807' title='bbox 1317 5652 1470 5701; x_wconf 90' lang='lat' dir='ltr'><strong>certe</strong></span> <span class='ocrx_word' id='word_1_808' title='bbox 1497 5649 1686 5696; x_wconf 91' lang='lat' dir='ltr'><strong>contra</strong></span> <span class='ocrx_word' id='word_1_809' title='bbox 1735 5640 2075 5698; x_wconf 88' lang='lat' dir='ltr'><strong>ethnicorum</strong></span> <span class='ocrx_word' id='word_1_810' title='bbox 2132 5643 2265 5698; x_wconf 89' lang='lat' dir='ltr'><strong>ima-</strong></span> 
     </span>
    </p>
   </div>
   <div class='ocr_carea' id='block_1_105' title="bbox 655 5735 2262 5812">
    <p class='ocr_par' dir='ltr' id='par_1_105' title="bbox 655 5735 2262 5812">
     <span class='ocr_line' id='line_1_105' title="bbox 655 5735 2262 5812; baseline -0.004 -14"><span class='ocrx_word' id='word_1_811' title='bbox 655 5745 816 5810; x_wconf 78' lang='lat' dir='ltr'><strong>gines</strong></span> <span class='ocrx_word' id='word_1_812' title='bbox 842 5750 897 5797; x_wconf 91' lang='lat' dir='ltr'><strong>et</strong></span> <span class='ocrx_word' id='word_1_813' title='bbox 931 5741 1226 5802; x_wconf 84' lang='lat' dir='ltr'><strong>simulacra</strong></span> <span class='ocrx_word' id='word_1_814' title='bbox 1256 5745 1632 5812; x_wconf 84' lang='lat' dir='ltr'><strong>argumentum</strong></span> <span class='ocrx_word' id='word_1_815' title='bbox 1679 5735 1805 5793; x_wconf 90' lang='lat' dir='ltr'><strong>inde</strong></span> <span class='ocrx_word' id='word_1_816' title='bbox 1832 5748 1954 5796; x_wconf 86' lang='lat' dir='ltr'><strong>cum</strong></span> <span class='ocrx_word' id='word_1_817' title='bbox 1985 5738 2079 5800; x_wconf 83' lang='lat' dir='ltr'><strong>illo</strong></span> <span class='ocrx_word' id='word_1_818' title='bbox 2104 5736 2262 5794; x_wconf 85' lang='lat' dir='ltr'><strong>eruit.</strong></span> 
     </span>
    </p>
   </div>
   <div class='ocr_carea' id='block_1_106' title="bbox 645 5827 2268 5922">
    <p class='ocr_par' dir='ltr' id='par_1_106' title="bbox 645 5827 2268 5922">
     <span class='ocr_line' id='line_1_106' title="bbox 645 5827 2268 5922; baseline -0.011 -21"><span class='ocrx_word' id='word_1_819' title='bbox 645 5834 800 5904; x_wconf 80' lang='lat' dir='ltr'><strong>Quid</strong></span> <span class='ocrx_word' id='word_1_820' title='bbox 825 5848 1055 5905; x_wconf 79' lang='lat' dir='ltr'><strong>namque</strong></span> <span class='ocrx_word' id='word_1_821' title='bbox 1086 5830 1268 5905; x_wconf 72' lang='lat' dir='ltr'><strong>magis</strong></span> <span class='ocrx_word' id='word_1_822' title='bbox 1298 5833 1548 5908; x_wconf 86' lang='lat' dir='ltr'><strong>impium,</strong></span> <span class='ocrx_word' id='word_1_823' title='bbox 1573 5831 1780 5906; x_wconf 92' lang='lat' dir='ltr'><strong>inquit,</strong></span> <span class='ocrx_word' id='word_1_824' title='bbox 1810 5827 2080 5922; x_wconf 74' lang='lat' dir='ltr'><strong>dictuque</strong></span> <span class='ocrx_word' id='word_1_825' title='bbox 2101 5830 2268 5902; x_wconf 80' lang='lat' dir='ltr'><strong>magis</strong></span> 
     </span>
    </p>
   </div>
   <div class='ocr_carea' id='block_1_107' title="bbox 2361 4699 3958 4789">
    <p class='ocr_par' dir='ltr' id='par_1_107' title="bbox 2361 4699 3958 4789">
     <span class='ocr_line' id='line_1_107' title="bbox 2361 4699 3958 4789; baseline 0.018 -37"><span class='ocrx_word' id='word_1_826' title='bbox 2361 4699 2524 4753; x_wconf 89' lang='lat' dir='ltr'><strong>immo</strong></span> <span class='ocrx_word' id='word_1_827' title='bbox 2573 4715 2704 4756; x_wconf 88' lang='lat' dir='ltr'><strong>vero</strong></span> <span class='ocrx_word' id='word_1_828' title='bbox 2778 4718 3184 4776; x_wconf 83' lang='lat' dir='ltr'><strong>nonnumquam</strong></span> <span class='ocrx_word' id='word_1_829' title='bbox 3230 4715 3540 4770; x_wconf 89' lang='lat' dir='ltr'><strong>meretricio</strong></span> <span class='ocrx_word' id='word_1_830' title='bbox 3602 4732 3836 4789; x_wconf 87' lang='lat' dir='ltr'><strong>ornattt,</strong></span> <span class='ocrx_word' id='word_1_831' title='bbox 3892 4743 3958 4781; x_wconf 81' lang='lat' dir='ltr'><strong>ex</strong></span> 
     </span>
    </p>
   </div>
   <div class='ocr_carea' id='block_1_108' title="bbox 2361 4795 3960 4884">
    <p class='ocr_par' dir='ltr' id='par_1_108' title="bbox 2361 4795 3960 4884">
     <span class='ocr_line' id='line_1_108' title="bbox 2361 4795 3960 4884; baseline 0.017 -36"><span class='ocrx_word' id='word_1_832' title='bbox 2361 4795 2663 4860; x_wconf 87' lang='lat' dir='ltr'><strong>cacabnlis,</strong></span> <span class='ocrx_word' id='word_1_833' title='bbox 2719 4796 2772 4851; x_wconf 87' lang='lat' dir='ltr'><strong>id</strong></span> <span class='ocrx_word' id='word_1_834' title='bbox 2821 4807 2945 4866; x_wconf 90' lang='lat' dir='ltr'><strong>est,</strong></span> <span class='ocrx_word' id='word_1_835' title='bbox 2997 4803 3258 4870; x_wconf 89' lang='lat' dir='ltr'><strong>vasculis,</strong></span> <span class='ocrx_word' id='word_1_836' title='bbox 3316 4807 3366 4861; x_wconf 92' lang='lat' dir='ltr'><strong>in</strong></span> <span class='ocrx_word' id='word_1_837' title='bbox 3413 4811 3612 4880; x_wconf 90' lang='lat' dir='ltr'><strong>quibus</strong></span> <span class='ocrx_word' id='word_1_838' title='bbox 3679 4817 3960 4884; x_wconf 85' lang='lat' dir='ltr'><strong>pulmenta</strong></span> 
     </span>
    </p>
   </div>
   <div class='ocr_carea' id='block_1_109' title="bbox 2333 4884 3966 4973">
    <p class='ocr_par' dir='ltr' id='par_1_109' title="bbox 2333 4884 3966 4973">
     <span class='ocr_line' id='line_1_109' title="bbox 2333 4884 3966 4973; baseline 0.017 -31"><span class='ocrx_word' id='word_1_839' title='bbox 2333 4884 2772 4960; x_wconf 28' lang='lat' dir='ltr'><strong>.coqnebantur,</strong></span> <span class='ocrx_word' id='word_1_840' title='bbox 2821 4894 3049 4965; x_wconf 88' lang='lat' dir='ltr'><strong>aliisque</strong></span> <span class='ocrx_word' id='word_1_841' title='bbox 3091 4897 3332 4966; x_wconf 87' lang='lat' dir='ltr'><strong>ejusdem</strong></span> <span class='ocrx_word' id='word_1_842' title='bbox 3385 4906 3642 4973; x_wconf 88' lang='lat' dir='ltr'><strong>generis,</strong></span> <span class='ocrx_word' id='word_1_843' title='bbox 3683 4917 3739 4964; x_wconf 92' lang='lat' dir='ltr'><strong>et</strong></span> <span class='ocrx_word' id='word_1_844' title='bbox 3767 4912 3966 4969; x_wconf 83' lang='lat' dir='ltr'><strong>obsce-</strong></span> 
     </span>
    </p>
   </div>
   <div class='ocr_carea' id='block_1_110' title="bbox 2369 4982 3962 5076">
    <p class='ocr_par' dir='ltr' id='par_1_110' title="bbox 2369 4982 3962 5076">
     <span class='ocr_line' id='line_1_110' title="bbox 2369 4982 3962 5076; baseline 0.016 -40"><span class='ocrx_word' id='word_1_845' title='bbox 2369 4982 2612 5038; x_wconf 88' lang='lat' dir='ltr'><strong>nioribus</strong></span> <span class='ocrx_word' id='word_1_846' title='bbox 2661 4986 2916 5042; x_wconf 86' lang='lat' dir='ltr'><strong>vasculis.</strong></span> <span class='ocrx_word' id='word_1_847' title='bbox 2973 4988 3144 5057; x_wconf 84' lang='lat' dir='ltr'><strong>Quam</strong></span> <span class='ocrx_word' id='word_1_848' title='bbox 3177 5002 3355 5047; x_wconf 87' lang='lat' dir='ltr'><strong>autem</strong></span> <span class='ocrx_word' id='word_1_849' title='bbox 3400 4998 3515 5052; x_wconf 63' lang='lat' dir='ltr'><strong>lucc</strong></span> <span class='ocrx_word' id='word_1_850' title='bbox 3564 5014 3689 5054; x_wconf 87' lang='lat' dir='ltr'><strong>vera</strong></span> <span class='ocrx_word' id='word_1_851' title='bbox 3722 5002 3830 5057; x_wconf 88' lang='lat' dir='ltr'><strong>sint</strong></span> <span class='ocrx_word' id='word_1_852' title='bbox 3859 5051 3875 5076; x_wconf 84' lang='lat'><strong>,</strong></span> <span class='ocrx_word' id='word_1_853' title='bbox 3911 5007 3962 5060; x_wconf 90' lang='lat' dir='ltr'><strong>in</strong></span> 
     </span>
    </p>
   </div>
   <div class='ocr_carea' id='block_1_111' title="bbox 2365 5079 3962 5166">
    <p class='ocr_par' dir='ltr' id='par_1_111' title="bbox 2365 5079 3962 5166">
     <span class='ocr_line' id='line_1_111' title="bbox 2365 5079 3962 5166; baseline 0.013 -34"><span class='ocrx_word' id='word_1_854' title='bbox 2365 5080 2627 5149; x_wconf 90' lang='lat' dir='ltr'><strong>superiori</strong></span> <span class='ocrx_word' id='word_1_855' title='bbox 2643 5079 3020 5139; x_wconf 83' lang='lat' dir='ltr'><strong>dissertatione</strong></span> <span class='ocrx_word' id='word_1_856' title='bbox 3038 5087 3632 5160; x_wconf 81' lang='lat' dir='ltr'><strong>ostendimus(Dissert.</strong></span> <span class='ocrx_word' id='word_1_857' title='bbox 3655 5096 3708 5148; x_wconf 87' lang='lat' dir='ltr'><strong>in</strong></span> <span class='ocrx_word' id='word_1_858' title='bbox 3732 5093 3962 5166; x_wconf 59' lang='lat' dir='ltr'><strong>Minuta,</strong></span> 
     </span>
    </p>
   </div>
   <div class='ocr_carea' id='block_1_112' title="bbox 2368 5173 3964 5253">
    <p class='ocr_par' dir='ltr' id='par_1_112' title="bbox 2368 5173 3964 5253">
     <span class='ocr_line' id='line_1_112' title="bbox 2368 5173 3964 5253; baseline 0.013 -29"><span class='ocrx_word' id='word_1_859' title='bbox 2368 5187 2487 5242; x_wconf 91' lang='lat' dir='ltr'><strong>cap.</strong></span> <span class='ocrx_word' id='word_1_860' title='bbox 2516 5173 2608 5239; x_wconf 73' lang='lat'><strong>21,</strong></span> <span class='ocrx_word' id='word_1_861' title='bbox 2636 5183 2738 5228; x_wconf 85' lang='lat' dir='ltr'><strong>art.</strong></span> <span class='ocrx_word' id='word_1_862' title='bbox 2771 5176 2794 5229; x_wconf 84' lang='lat' dir='ltr'><strong>l</strong></span> <span class='ocrx_word' id='word_1_863' title='bbox 2823 5176 2863 5247; x_wconf 91' lang='lat'><strong>).</strong></span> <span class='ocrx_word' id='word_1_864' title='bbox 2891 5177 3024 5242; x_wconf 81' lang='lat' dir='ltr'><strong>Quis</strong></span> <span class='ocrx_word' id='word_1_865' title='bbox 3050 5191 3229 5234; x_wconf 89' lang='lat' dir='ltr'><strong>autem</strong></span> <span class='ocrx_word' id='word_1_866' title='bbox 3255 5181 3460 5237; x_wconf 85' lang='lat' dir='ltr'><strong>inficias</strong></span> <span class='ocrx_word' id='word_1_867' title='bbox 3508 5184 3587 5240; x_wconf 90' lang='lat' dir='ltr'><strong>ire</strong></span> <span class='ocrx_word' id='word_1_868' title='bbox 3620 5195 3796 5253; x_wconf 79' lang='lat' dir='ltr'><strong>potest</strong></span> <span class='ocrx_word' id='word_1_869' title='bbox 3819 5189 3964 5246; x_wconf 89' lang='lat' dir='ltr'><strong>hanc</strong></span> 
     </span>
    </p>
   </div>
   <div class='ocr_carea' id='block_1_113' title="bbox 2369 5267 3967 5344">
    <p class='ocr_par' dir='ltr' id='par_1_113' title="bbox 2369 5267 3967 5344">
     <span class='ocr_line' id='line_1_113' title="bbox 2369 5267 3967 5344; baseline 0.013 -25"><span class='ocrx_word' id='word_1_870' title='bbox 2369 5267 2691 5338; x_wconf 90' lang='lat' dir='ltr'><strong>imaginum,</strong></span> <span class='ocrx_word' id='word_1_871' title='bbox 2741 5270 3183 5338; x_wconf 86' lang='lat' dir='ltr'><strong>simulacrorum,</strong></span> <span class='ocrx_word' id='word_1_872' title='bbox 3235 5282 3394 5344; x_wconf 90' lang='lat' dir='ltr'><strong>atque</strong></span> <span class='ocrx_word' id='word_1_873' title='bbox 3441 5288 3740 5334; x_wconf 86' lang='lat' dir='ltr'><strong>statuarum</strong></span> <span class='ocrx_word' id='word_1_874' title='bbox 3794 5297 3967 5339; x_wconf 78' lang='lat' dir='ltr'><strong>vene-</strong></span> 
     </span>
    </p>
   </div>
   <div class='ocr_carea' id='block_1_114' title="bbox 2369 5361 3961 5435">
    <p class='ocr_par' dir='ltr' id='par_1_114' title="bbox 2369 5361 3961 5435">
     <span class='ocr_line' id='line_1_114' title="bbox 2369 5361 3961 5435; baseline 0.01 -19"><span class='ocrx_word' id='word_1_875' title='bbox 2369 5361 2667 5428; x_wconf 86' lang='lat' dir='ltr'><strong>rati0nem,</strong></span> <span class='ocrx_word' id='word_1_876' title='bbox 2723 5363 2793 5420; x_wconf 90' lang='lat' dir='ltr'><strong>de</strong></span> <span class='ocrx_word' id='word_1_877' title='bbox 2841 5381 2942 5435; x_wconf 93' lang='lat' dir='ltr'><strong>qua</strong></span> <span class='ocrx_word' id='word_1_878' title='bbox 2999 5382 3104 5421; x_wconf 90' lang='lat' dir='ltr'><strong>non</strong></span> <span class='ocrx_word' id='word_1_879' title='bbox 3159 5368 3329 5423; x_wconf 85' lang='lat' dir='ltr'><strong>semel</strong></span> <span class='ocrx_word' id='word_1_880' title='bbox 3377 5369 3500 5425; x_wconf 73' lang='lat' dir='ltr'><strong>alibi</strong></span> <span class='ocrx_word' id='word_1_881' title='bbox 3540 5372 3750 5428; x_wconf 77' lang='lat' dir='ltr'><strong>anubis</strong></span> <span class='ocrx_word' id='word_1_882' title='bbox 3777 5387 3961 5432; x_wconf 85' lang='lat' dir='ltr'><strong>actum</strong></span> 
     </span>
    </p>
   </div>
   <div class='ocr_carea' id='block_1_115' title="bbox 2371 5457 3964 5535">
    <p class='ocr_par' dir='ltr' id='par_1_115' title="bbox 2371 5457 3964 5535">
     <span class='ocr_line' id='line_1_115' title="bbox 2371 5457 3964 5535; baseline 0.011 -26"><span class='ocrx_word' id='word_1_883' title='bbox 2371 5464 2486 5517; x_wconf 92' lang='lat' dir='ltr'><strong>est,</strong></span> <span class='ocrx_word' id='word_1_884' title='bbox 2541 5457 2608 5509; x_wconf 86' lang='lat' dir='ltr'><strong>ab</strong></span> <span class='ocrx_word' id='word_1_885' title='bbox 2657 5457 2896 5514; x_wconf 87' lang='lat' dir='ltr'><strong>Arnobio</strong></span> <span class='ocrx_word' id='word_1_886' title='bbox 2946 5459 3070 5531; x_wconf 86' lang='lat' dir='ltr'><strong>juro</strong></span> <span class='ocrx_word' id='word_1_887' title='bbox 3117 5461 3462 5519; x_wconf 85' lang='lat' dir='ltr'><strong>meritissimo</strong></span> <span class='ocrx_word' id='word_1_888' title='bbox 3489 5465 3750 5535; x_wconf 89' lang='lat' dir='ltr'><strong>proscribi</strong></span> <span class='ocrx_word' id='word_1_889' title='bbox 3776 5482 3844 5525; x_wconf 87' lang='lat' dir='ltr'><strong>ac</strong></span> <span class='ocrx_word' id='word_1_890' title='bbox 3876 5486 3964 5526; x_wconf 86' lang='lat' dir='ltr'><strong>re-</strong></span> 
     </span>
    </p>
   </div>
   <div class='ocr_carea' id='block_1_116' title="bbox 2371 5548 2606 5618">
    <p class='ocr_par' dir='ltr' id='par_1_116' title="bbox 2371 5548 2606 5618">
     <span class='ocr_line' id='line_1_116' title="bbox 2371 5548 2606 5618; baseline 0.009 -16"><span class='ocrx_word' id='word_1_891' title='bbox 2371 5549 2478 5618; x_wconf 90' lang='lat' dir='ltr'><strong>pud</strong></span> <span class='ocrx_word' id='word_1_892' title='bbox 2488 5548 2606 5604; x_wconf 91' lang='lat' dir='ltr'><strong>iari.</strong></span> 
     </span>
    </p>
   </div>
   <div class='ocr_carea' id='block_1_117' title="bbox 2443 5646 3968 5724">
    <p class='ocr_par' dir='ltr' id='par_1_117' title="bbox 2443 5646 3968 5724">
     <span class='ocr_line' id='line_1_117' title="bbox 2443 5646 3968 5724; baseline 0.009 -28"><span class='ocrx_word' id='word_1_893' title='bbox 2443 5646 2510 5696; x_wconf 87' lang='lat' dir='ltr'><strong>At</strong></span> <span class='ocrx_word' id='word_1_894' title='bbox 2548 5652 2694 5699; x_wconf 90' lang='lat' dir='ltr'><strong>certe</strong></span> <span class='ocrx_word' id='word_1_895' title='bbox 2735 5661 2802 5702; x_wconf 91' lang='lat' dir='ltr'><strong>eo</strong></span> <span class='ocrx_word' id='word_1_896' title='bbox 2847 5647 3016 5721; x_wconf 87' lang='lat' dir='ltr'><strong>magis</strong></span> <span class='ocrx_word' id='word_1_897' title='bbox 3057 5647 3358 5704; x_wconf 88' lang='lat' dir='ltr'><strong>damnanda</strong></span> <span class='ocrx_word' id='word_1_898' title='bbox 3387 5661 3538 5716; x_wconf 87' lang='lat' dir='ltr'><strong>erat,</strong></span> <span class='ocrx_word' id='word_1_899' title='bbox 3569 5653 3710 5724; x_wconf 89' lang='lat' dir='ltr'><strong>quod</strong></span> <span class='ocrx_word' id='word_1_900' title='bbox 3757 5655 3968 5710; x_wconf 88' lang='lat' dir='ltr'><strong>ethnici</strong></span> 
     </span>
    </p>
   </div>
   <div class='ocr_carea' id='block_1_118' title="bbox 2370 5735 3969 5816">
    <p class='ocr_par' dir='ltr' id='par_1_118' title="bbox 2370 5735 3969 5816">
     <span class='ocr_line' id='line_1_118' title="bbox 2370 5735 3969 5816; baseline 0.009 -27"><span class='ocrx_word' id='word_1_901' title='bbox 2370 5735 2448 5791; x_wconf 91' lang='lat' dir='ltr'><strong>sic</strong></span> <span class='ocrx_word' id='word_1_902' title='bbox 2479 5735 2547 5792; x_wconf 89' lang='lat' dir='ltr'><strong>ab</strong></span> <span class='ocrx_word' id='word_1_903' title='bbox 2575 5737 2680 5792; x_wconf 91' lang='lat' dir='ltr'><strong>illis</strong></span> <span class='ocrx_word' id='word_1_904' title='bbox 2707 5754 2896 5809; x_wconf 90' lang='lat' dir='ltr'><strong>opem,</strong></span> <span class='ocrx_word' id='word_1_905' title='bbox 2945 5743 3186 5800; x_wconf 78' lang='lat' dir='ltr'><strong>favorem</strong></span> <span class='ocrx_word' id='word_1_906' title='bbox 3237 5754 3292 5799; x_wconf 91' lang='lat' dir='ltr'><strong>et</strong></span> <span class='ocrx_word' id='word_1_907' title='bbox 3329 5744 3590 5801; x_wconf 85' lang='lat' dir='ltr'><strong>beneﬁcia</strong></span> <span class='ocrx_word' id='word_1_908' title='bbox 3619 5749 3918 5816; x_wconf 86' lang='lat' dir='ltr'><strong>poscebant</strong></span> <span class='ocrx_word' id='word_1_909' title='bbox 3951 5791 3969 5815; x_wconf 92' lang='lat'><strong>,</strong></span> 
     </span>
    </p>
   </div>
   <div class='ocr_carea' id='block_1_119' title="bbox 2373 5833 3983 5912">
    <p class='ocr_par' dir='ltr' id='par_1_119' title="bbox 2373 5833 3983 5912">
     <span class='ocr_line' id='line_1_119' title="bbox 2373 5833 3983 5912; baseline 0.008 -26"><span class='ocrx_word' id='word_1_910' title='bbox 2373 5839 2530 5904; x_wconf 87' lang='lat' dir='ltr'><strong>atque</strong></span> <span class='ocrx_word' id='word_1_911' title='bbox 2559 5833 2984 5906; x_wconf 80' lang='lat' dir='ltr'><strong>exspectabant,</strong></span> <span class='ocrx_word' id='word_1_912' title='bbox 3019 5844 3289 5908; x_wconf 90' lang='lat' dir='ltr'><strong>tamquam</strong></span> <span class='ocrx_word' id='word_1_913' title='bbox 3319 5851 3348 5891; x_wconf 84' lang='lat' dir='ltr'><strong>a</strong></span> <span class='ocrx_word' id='word_1_914' title='bbox 3369 5836 3476 5892; x_wconf 87' lang='lat' dir='ltr'><strong>diis</strong></span> <span class='ocrx_word' id='word_1_915' title='bbox 3506 5840 3885 5912; x_wconf 61' lang='lat' dir='ltr'><strong>praesentibus,</strong></span> <span class='ocrx_word' id='word_1_916' title='bbox 3919 5851 3983 5899; x_wconf 86' lang='lat' dir='ltr'><strong>et</strong></span> 
     </span>
    </p>
   </div>
  </div>
