4172 6252
312 184 427 269 ω

1506 212 1573 269 IN
1610 210 1985 281 AHNOBIUM,
2024 213 2179 271 CAP.
2223 213 2385 274 XXII.

3484 216 3591 272 626

308 305 503 399 quibus
529 324 706 382 divina
733 325 907 383 inerat
927 327 1007 384 vis
1022 337 1077 386 et
1100 330 1355 401 potentia.
1376 327 1667 388 Gentilium
1697 330 1893 401 quippe
1919 339 1974 399 Α
1997 347 2141 388 nunc
2168 332 2274 390 deo
2303 335 2705 405 praecellentem
2734 333 2989 390 arborem
3035 333 3238 389 dicant.
3266 333 3379 391 Nec
3420 335 3594 405 magis

307 420 503 476 animis
535 419 752 480 .insulsa
797 420 911 477 haec
951 423 1132 494 opinio
1188 424 1322 480 adeo
1375 423 1535 478 inﬁxa
1609 422 1882 490 haerebat;

308 525 367 573 ut
393 513 559 572 Siculi
591 517 731 587 apud
762 514 1078 574 Ciceronem
1123 519 1398 588 conquesti
1442 518 1640 574 fuerint
1667 536 1682 573 :
1715 538 1735 572 ι
1765 517 1899 574 Sese

299 610 411 682 jam
444 627 514 666 ne
541 610 673 667 deos
699 613 917 683 quidem
949 614 1001 668 in
1027 614 1138 667 suis
1165 611 1417 675 urbibus,
1467 611 1533 666 ad
1583 625 1720 683 quos
1770 625 1900 667 con-

303 702 586 775 fugerent,
618 703 836 766 habere.
866 706 1008 777 quod
1035 721 1217 761 eorum
1246 704 1531 761 simulacra
1559 704 1899 760 sanctissima

305 795 370 852 C.
406 795 600 853 Verres
645 812 710 852 ex
744 796 984 854 delubris
1037 795 1455 869 religiOSissimis
1494 797 1843 854 sustulisset?
1872 815 1891 850 ι

311 891 556 963 (Cicer.,
605 903 737 948 orat.
794 894 850 960 4,
898 895 951 947 in
1006 892 1174 959 Verr.,
1224 894 1363 961 init.,
1403 909 1517 965 pag.
1551 889 1664 964 46.)
1696 889 1897 946 Eadem

304 1001 523 1057 quoque
554 986 649 1041 luit
670 1029 686 1053 ,
718 996 857 1043 teSte
887 987 1040 1042 Livio
1060 1029 1074 1051 ,
1121 987 1566 1043 Ambracensiom
1599 987 1898 1058 legatorum

305 1078 363 1135 in
393 1088 580 1133 senatu
609 1078 851 1135 Romano
879 1081 1127 1151 querela:
1153 1100 1172 1132 ι
1210 1079 1355 1136 Bona
1381 1082 1650 1151 adempta,
1681 1088 1736 1134 et
1757 1080 1899 1150 quod

303 1185 367 1226 se
406 1181 531 1226 ante
558 1173 741 1227 omnia
770 1184 1019 1240 moveat,
1070 1172 1269 1244 templa
1326 1182 1434 1229 tota
1493 1172 1625 1229 urbe
1673 1175 1900 1246 spoliata

301 1271 673 1336 ornamentis,
730 1272 1020 1328 simulacra
1071 1272 1269 1341 deum,
1322 1275 1453 1329 deos
1504 1276 1669 1331 immo
1718 1276 1898 1345 ipsos,

302 1364 591 1420 convulsos
621 1379 687 1421 ex
717 1365 938 1423 sedibus
987 1354 1131 1435 suis,
1184 1369 1394 1424 ablatos
1441 1385 1564 1427 esse
1594 1372 1899 1442 parientes,

304 1464 596 1528 posteSque
621 1457 869 1514 nudatos.
901 1458 1051 1526 Quos
1099 1459 1426 1530 adorarent,
1482 1462 1549 1518 ad
1604 1478 1740 1532 quos
1772 1478 1898 1533 pre-

305 1560 501 1605 centur
515 1559 569 1605 et
589 1553 911 1621 supplicent,
932 1551 1407 1609 Ambraciensibus
1429 1570 1532 1611 nou
1552 1571 1857 1626 superesse.
1878 1577 1895 1608 ι

305 1640 444 1713 (Liv.
468 1642 555 1698 lib.
592 1660 822 1709 xxxvm,
853 1661 970 1715 cap.
998 1643 1117 1719 45.)
1143 1646 1276 1715 Quis
1301 1658 1479 1703 autem
1503 1664 1571 1704 ex
1617 1648 1702 1703 bis
1724 1650 1901 1706 verbis

1999 442 2134 482 auro
2164 427 2418 500 fulgentia
2451 439 2612 500 atque
2654 428 2821 485 ebore
2851 427 3138 484 simulacra
3163 471 3179 495 ,
3229 443 3390 498 quam
3440 428 3596 484 lucos

1997 529 2053 575 et
2082 521 2136 575 in
2168 522 2232 576 iis
2273 521 2485 578 silentia
2533 523 2648 593 ipsa
2677 520 2990 576 adoramus.
3037 539 3057 573 ι
3097 518 3277 593 (Plin.
3302 564 3317 588 ,
3369 520 3459 575 lib.
3517 536 3597 576 xu

2005 611 2139 668 Hist.
2184 622 2381 679 natur.,
2434 629 2551 684 cap.
2601 614 2655 681 1,
2701 630 2823 683 pag.
2854 611 2938 682 4.)
2971 612 3048 667 De
3076 611 3418 667 Phaiuicibus
3464 627 3598 667 vero

2000 707 2115 763 hare
2167 706 2322 761 Philo
2363 722 2428 763 ex
2478 706 2949 783 Sanchouiatone,
2997 715 3050 761 et
3076 703 3164 761 hic
3188 719 3255 760 ex
3280 704 3518 770 Taauto,
3548 705 3597 761 si

2000 800 2237 857 Eusebio
2264 799 2427 866 ﬁdes,
2463 800 2647 855 retulit
2678 817 2691 854 :
2723 796 2877 855 Οὖτοὶ
2904 820 2960 874 γε
2990 807 3182 874 πρῶτοι
3211 799 3500 876 ἁφιέρωσαν
3529 801 3598 854 τὰ

1999 902 2092 955 τῆς
2116 902 2209 966 γῆς
2238 894 2606 967 βλαστήματα,
2638 896 2725 947 καὶ
2747 893 2892 953 θεοὺς
2936 892 3159 964 ἐνόμιζον
3179 931 3195 958 ,
3248 892 3600 966 προσεκύνουν

2000 992 2190 1042 ταῦτα.
2243 1004 2261 1037 t
2307 984 2401 1041 Illi
2454 987 2684 1040 omnium
2714 985 2889 1057 priori
2939 985 3167 1057 germina
3222 992 3401 1049 terra,
3458 1002 3477 1034 ι
3532 999 3603 1039 ac

2003 1079 2233 1150 proinde
2262 1079 2485 1134 arbores
2505 1121 2520 1146 ,
2556 1096 2577 1130 ι
2608 1056 3035 1143 consecrarunt,
3069 1077 3242 1148 iisque
3267 1077 3490 1132 deorum
3542 1076 3603 1131 in

2005 1173 2126 1228 loco
2151 1173 2346 1229 habitis
2372 1173 2702 1228 adorationis
2726 1171 2927 1228 cultum
2956 1172 3277 1228 tribuerunt.
3308 1190 3326 1224 ι
3355 1170 3596 1244 (Euseb.,

2003 1266 2094 1322 lib.
2127 1283 2184 1322 Ill
2236 1266 2477 1339 Prtepar.
2507 1265 2759 1339 Euangel.
2783 1307 2799 1331 ,
2846 1284 2962 1338 cap.
3010 1268 3099 1327 10.
3128 1283 3250 1337 pag.
3282 1266 3371 1322 54.
3399 1265 3420 1337 )
3445 1265 3602 1320 Men-

2004 1360 2205 1417 tionem
2230 1376 2446 1432 quoque
2489 1361 2760 1416 Arnobius
2788 1361 2915 1416 facit
2939 1401 2955 1426 ,
2998 1359 3234 1415 lubricati
3279 1360 3466 1433 lapidis
3487 1401 3503 1427 ,
3532 1359 3603 1416 de

2004 1472 2110 1527 quo
2158 1457 2211 1511 in
2252 1456 2538 1527 superiore
2568 1466 2753 1510 nosrra
2782 1453 3193 1520 dissertatione,
3226 1453 3315 1509 ubi
3341 1454 3503 1509 etiam
3532 1453 3605 1508 de

2003 1538 2289 1607 arboribus
2343 1548 2546 1617 aliquid
2612 1549 2891 1620 attigimus
2937 1546 3197 1620 (Dissert.
3256 1549 3309 1602 in
3362 1546 3626 1621 Minue...

2004 1659 2121 1715 cap.
2151 1644 2242 1711 19,
2282 1653 2384 1695 art.
2408 1642 2506 1713 2).
2543 1642 2792 1696 Declarat
2860 1641 3041 1711 itaque
3071 1640 3342 1697 Arnobius
3373 1655 3432 1695 se
3472 1640 3607 1695 olim

305 1751 412 1791 non
444 1734 868 1804 animadvertat,
901 1755 1061 1809 quam
1097 1740 1377 1797 evidenter
1403 1756 1465 1796 ac
1491 1744 1633 1797 serio
1660 1742 1906 1800 homines

2011 1751 2131 1791 cum
2190 1737 2423 1801 insulsas
2466 1735 2749 1807 gentilium
2799 1733 3215 1805 superstitiones
3281 1743 3603 1801 sectaretur,

300 1831 447 1886 inter
502 1831 749 1887 ethnicos
800 1834 1089 1889 clarissimi
1158 1851 1342 1892 coram
1398 1836 1644 1893 Romano
1692 1848 1904 1906 senatu,

302 1937 465 1995 atque
487 1927 698 1998 ipsimet
716 1927 942 1984 Romani
965 1929 1305 1986 adserueriut
1320 1930 1437 1987 haec
1464 1932 1750 1989 sirnolacra
1779 1948 1908 1989 suos

309 2036 499 2075 revera
526 2034 650 2075 esse
675 2021 840 2088 deos,
876 2021 961 2077 vel
989 2021 1087 2077 bos
1116 2022 1169 2077 in
1203 2024 1340 2087 illis,
1375 2034 1645 2095 tamquam
1671 2023 1905 2080 domici-

310 2111 397 2166 liis
443 2111 559 2168 suis
606 2112 852 2168 habitare
876 2154 892 2179 ,
926 2113 998 2168 ita
1032 2122 1088 2169 ut
1111 2114 1339 2170 sublatis
1385 2116 1535 2171 hisce
1568 2114 1905 2182 simulacris,

309 2206 484 2261 nullos
512 2207 744 2277 amplius
769 2208 899 2263 deos
927 2223 986 2264 se
1016 2207 1215 2265 habere
1243 2209 1551 2267 crederent.
1594 2192 1601 2199 ’

378 2300 431 2357 Si
461 2301 580 2372 quis
611 2310 786 2357 tamen
818 2302 1040 2358 nimittm
1066 2304 1321 2373 pervicax
1377 2303 1508 2359 illud
1563 2304 1740 2360 adhuc
1781 2304 1904 2360 inﬁ-

305 2396 463 2460 ciari,
497 2406 590 2451 aut
620 2396 671 2451 in
694 2395 917 2451 dubium
949 2412 1141 2452 vocare
1170 2397 1396 2467 audeat,
1430 2399 1475 2453 is
1495 2409 1642 2453 certe
1671 2398 1904 2455 Arnobii

304 2489 482 2546 nostri
521 2490 840 2546 auctoritate
864 2530 880 2557 ,
909 2490 996 2545 cui
1045 2504 1240 2554 nemo,
1288 2491 1333 2544 si
1361 2506 1510 2545 sana:
1550 2491 1747 2547 ruentis
1795 2492 1900 2557 sit,

308 2583 564 2653 refragari
608 2591 815 2654 potest,
865 2583 1025 2653 plane
1073 2583 1458 2639 confutabitur.
1491 2584 1675 2639 Palam
1723 2586 1900 2652 enim,

309 2695 414 2735 nec
441 2679 559 2734 sine
598 2693 810 2734 summo
852 2679 1072 2734 contriti
1114 2678 1297 2734 cordis
1348 2678 1570 2747 dolore,
1628 2688 1904 2736 asseverat

305 2772 328 2845 (
350 2772 572 2839 Arnob.,
603 2771 692 2826 lib.
718 2788 756 2841 t,
784 2788 903 2843 pag.
933 2770 1053 2844 22),
1078 2786 1137 2826 se
1154 2787 1275 2826 cum
1297 2771 1576 2843 gentilium
1598 2771 1897 2838 erroribus,

2013 1828 2249 1883 coluisse
2278 1836 2332 1883 et
2360 1826 2617 1882 adorasse
2650 1826 2934 1882 simulacra
2961 1869 2977 1893 ,
3003 1826 3226 1881 arbores
3248 1869 3264 1893 ,
3296 1834 3352 1882 et
3381 1826 3595 1895 lapides

2007 1922 2077 1978 ab
2108 1923 2322 1993 illisque
2345 1921 2609 1976 beneﬁcia
2635 1923 2983 1992 poposcisse,
3015 1935 3441 1991 persuasumque
3470 1919 3607 1977 falso

2008 2015 2264 2071 habuisse
2296 2014 2413 2071 hare
2445 2016 2708 2085 ipsosmet
2732 2030 2853 2071 esse
2880 2013 3012 2071 deos
3031 2055 3046 2080 ,
3077 2024 3131 2070 et
3157 2013 3211 2069 in
3243 2012 3349 2070 illis
3375 2013 3481 2069 vim
3512 2029 3609 2083 po-
3666 2027 3675 2036 ’

2010 2117 2369 2181 tesratemqoe
2398 2109 2577 2165 inesse
2602 2108 2861 2173 divinam.

2077 2203 2339 2272 Quamvis
2364 2212 2546 2256 autem
2576 2200 2668 2256 ille
2717 2201 3046 2256 christianos
3088 2199 3292 2268 lactus,
3335 2215 3441 2255 non
3489 2199 3610 2256 sine

2006 2294 2206 2350 acerbo
2232 2294 2399 2349 animi
2422 2308 2604 2359 sensu,
2626 2293 2946 2365 sinceraque
2967 2292 3279 2364 paenitentia
3302 2307 3362 2349 se
3383 2292 3613 2349 deorum

2004 2389 2290 2445 simulacra
2329 2388 2563 2443 coluisse
2608 2387 2930 2442 conﬁteatur
2972 2384 3223 2460 (Arnob.,
3253 2385 3345 2440 lib.
3374 2401 3453 2449 tu,
3484 2401 3609 2456 pag.

2006 2485 2164 2555 101);
2200 2493 2346 2538 tanta
2380 2494 2562 2537 tamen
2589 2490 2704 2536 erat
2747 2480 3033 2551 gentilium
3066 2479 3380 2545 obstinatio,
3439 2487 3498 2533 ut
3548 2493 3618 2534 ea

2004 2579 2118 2650 ipsa
2146 2593 2266 2648 qua:
2292 2592 2359 2632 ex
2386 2576 2652 2631 vilissimo
2678 2575 2791 2629 luto
2818 2574 2951 2629 facta
2979 2588 3102 2629 esse
3133 2575 3344 2629 nescire
3383 2588 3491 2628 non
3518 2587 3616 2643 po-

2004 2682 2178 2728 terant
2196 2715 2212 2738 ,
2266 2672 2318 2726 in
2351 2670 2564 2741 templis
2595 2679 2775 2724 tamen
2803 2668 2915 2723 suis
2944 2668 3114 2737 posita
3134 2708 3153 2736 ,
3181 2680 3280 2738 pro
3304 2666 3408 2721 diis
3448 2664 3616 2721 habe-

2005 2776 2163 2830 rent,
2198 2780 2262 2821 ac
2299 2773 2716 2820 venerarentur.
2749 2762 2893 2817 Caeci
2917 2761 3198 2816 enimvero
3229 2760 3513 2828 homines,
3559 2772 3620 2815 ut

306 2865 408 2920 sibi
456 2865 618 2936 plane
678 2866 938 2935 cognitis,
993 2865 1302 2933 implicatus
1348 2873 1528 2932 esset,
1583 2880 1899 2934 persuasum
1997 2860 2206 2917 -icoid
2246 2859 2447 2923 abiis,
2482 2857 2937 2930 quemadmodum
2989 2857 3064 2911 ait
3090 2855 3403 2922 Arnobius,
3437 2855 3611 2926 impe

307 2961 530 3016 omnino
556 2960 811 3017 habuisse
840 2960 1067 3016 deorum
1098 2962 1386 3016 simulacra
1410 3003 1425 3026 ,
1459 2972 1513 3017 et
1541 2962 1826 3032 picturatas
1846 2963 1901 3016 in

307 3055 582 3109 veternosis
624 3052 888 3108 arboribus
939 3056 1149 3122 twuiaa,
1206 3070 1302 3110 eos
1359 3055 1507 3124 ipsos
1554 3070 1678 3111 esse
1728 3055 1897 3120 deos,

2006 2959 2212 3011 trarent
2233 2994 2249 3020 ,
2280 2952 2303 3007 k
2332 2953 2601 3021 Deorum,
2639 2973 2659 3005 ι
2693 2944 2807 3007 sive
2828 2950 3278 3017 simulacrorum,
3314 2968 3334 3002 ‹
3370 2958 3498 3005 ante
3518 2963 3621 3004 ora

2005 3047 2282 3118 prostrati,
2309 3046 2494 3101 limina
2524 3046 2636 3116 ipsa
2661 3044 3060 3100 converrebant
3079 3042 3284 3099 osculis
3303 3042 3431 3114 »(ἰά.
3456 3043 3548 3097 lib.
3573 3059 3617 3109 t,

308 3147 504 3218 quibus
553 3146 874 3202 adulabator
897 3188 914 3214 ,
977 3162 1113 3218 quos
1175 3146 1437 3203 allabatur
1460 3188 1476 3213 ,
1528 3156 1585 3204 et
1639 3163 1670 3203 a
1726 3149 1921 3219 quibus
1950 3139 1995 3202 C
2027 3160 2080 3214 ρ.
2106 3140 2223 3214 29).
2254 3140 2354 3212 Qui
2382 3142 2598 3212 quidem
2627 3143 2968 3197 adorantium
2994 3142 3130 3195 ritus
3154 3149 3293 3207 erat,
3317 3138 3523 3194 utsatis
3549 3153 3622 3193 ex

308 3239 571 3295 beneﬁcia
641 3240 984 3310 postulabat,
1060 3251 1302 3311 tanquam
1387 3240 1625 3308 inesset,
1704 3241 1911 3313 inquit,

309 3331 536 3388 deorum
559 3334 641 3387 vis
670 3348 929 3404 praesens,
953 3333 1038 3388 vel
1067 3333 1119 3388 in
1146 3334 1225 3389 eis
1241 3349 1429 3390 revera
1456 3334 1838 3392 inhabitarent.

381 3423 521 3492 Quid
553 3422 654 3478 hoc
707 3424 1016 3479 testimonio
1056 3426 1287 3490 clarius,
1319 3435 1372 3480 et
1402 3426 1753 3495 expressius?
1781 3428 1914 3495 Quis

309 3529 491 3572 autem
525 3518 723 3573 ahtmet
760 3518 898 3572 hanc
929 3518 1152 3581 Aruobii
1180 3519 1495 3590 opinionem
1519 3561 1533 3587 ,
1568 3534 1665 3575 seu
1696 3519 1910 3589 potius,

314 3624 373 3668 ot
400 3615 517 3685 ipse
544 3615 763 3681 fatetur,
792 3614 1169 3682 graviSsitnom
1202 3629 1442 3669 errorem
1467 3656 1483 3680 ,
1516 3615 1616 3682 ipsi
1643 3629 1764 3669 cum
1793 3613 1913 3670 aliis

318 3722 655 3763 communem
704 3706 870 3762 luisse
913 3706 1238 3778 gentilibus?
1288 3706 1652 3774 Quamobrem
1694 3706 1910 3761 Tertul-

320 3804 493 3859 lianus
529 3812 654 3858 ante
698 3800 956 3856 fabricata
989 3801 1214 3855 deorum
1246 3800 1535 3855 simulacra
1573 3819 1584 3854 :
1620 3819 1638 3852 ι
1674 3801 1849 3867 Deus,
1888 3820 1907 3852 ι

314 3898 519 3968 inquit,
555 3917 574 3949 ι
613 3896 727 3966 ipse
755 3911 1037 3965 nusquam.
1072 3893 1315 3949 Nondum
1345 3893 1488 3947 enim
1526 3902 1652 3947 tunc
1699 3892 1911 3963 ingenia

314 3993 662 4059 Graecorum,
726 4003 887 4062 atque
944 3978 1240 4044 Tuscorum
1291 3987 1556 4058 ﬁngendis
1610 3987 1913 4042 simulacris

319 4085 519 4141 Urbem
543 4084 959 4139 inundaverant»
984 4081 1339 4155 (Tertullian.,
1361 4081 1607 4151 Apolog.,
1659 4097 1777 4151 cap.
1814 4079 1909 4144 25,

314 4197 369 4250 p.
397 4178 513 4245 3.8).
534 4177 638 4234 Sed
661 4177 729 4234 de
752 4177 841 4232 illa
868 4176 1100 4231 absurda
1130 4174 1412 4247 gentiliqu
1442 4173 1719 4244 opinione,
1751 4184 1914 4244 atque

316 4274 598 4342 impietate
653 4271 853 4341 aliquid
903 4271 955 4324 in
1021 4270 1195 4340 primo
1248 4271 1554 4339 Apparatus
1620 4266 1789 4322 nostri
1858 4277 1914 4322 et

318 4376 469 4421 temo
526 4363 940 4433 perstrinximus
1005 4359 1334 4435 (Apparat.,
1379 4376 1500 4430 pag.
1535 4358 1643 4416 496
1692 4367 1739 4413 et
1767 4374 1908 4430 aeq.,

317 4477 442 4531 pag.
487 4459 591 4513 750
624 4467 671 4511 et
700 4472 837 4528 seqq.
861 4455 905 4527 ).
938 4455 1013 4511 De
1044 4454 1379 4510 Tertulliano
1418 4461 1597 4508 autem
1649 4467 1749 4508 suo
1793 4452 1912 4508 loco

319 4552 609 4624 agendum.

392 4644 659 4699 Caeterum
698 4642 970 4699 Arnobius
1018 4642 1158 4697 dixit
1209 4642 1423 4706 (lenias,
1470 4655 1648 4712 graece
1676 4644 1914 4708 ταινίας,

322 4738 377 4795 id
410 4747 525 4803 cst,
550 4734 775 4801 fascias,
809 4735 943 4801 sive,
979 4744 1033 4788 ut
1057 4733 1281 4789 Servius
1309 4732 1689 4789 animadvertit
1715 4730 1914 4805 (Sam,

320 4835 377 4889 in
402 4835 494 4887 lib.
538 4848 569 4886 v
601 4830 820 4886 ZEneid.
864 4828 1071 4901 Virgil.,
1103 4846 1225 4899 pag.
1250 4828 1358 4884 574
1382 4827 1420 4899 ),
1459 4829 1653 4894 vittas,
1702 4835 1795 4881 aut
1820 4824 1923 4881 vit-

323 4936 501 4982 tarum
530 4924 930 4990 extremitates,
967 4922 1019 4978 in
1051 4923 1334 4978 arboribus
1359 4921 1660 4982 veternosis,
1690 4919 1793 4974 hoc
1813 4929 1915 4986 est,

322 5021 518 5085 senio,
564 5035 660 5075 seu
690 5019 880 5073 morbo
910 5028 1092 5072 vetere
1122 5017 1417 5083 contentis,
1450 5026 1508 5071 ut
1536 5015 1769 5086 explicat
1811 5015 1917 5070 Do-

323 5123 487 5169 natus
511 5111 739 5184 (Donat.
762 5153 777 5179 ,
817 5112 871 5165 in
901 5110 1127 5175 Terent.,
1158 5109 1427 5177 Eunuch.,
1454 5118 1555 5163 act.
1586 5110 1640 5174 4,
1667 5124 1805 5163 scen.
1833 5109 1913 5178 4).

324 5205 613 5276 Siguilicat
679 5206 859 5275 itaque
906 5204 1111 5260 Auctor
1182 5212 1390 5267 noster,
1442 5218 1626 5257 secum
1670 5200 1919 5257 ethnicus

324 5301 507 5357 adhuc
527 5310 672 5357 esset
691 5343 705 5361 ,
734 5301 972 5356 coluisse
1002 5300 1052 5353 in
1084 5298 1405 5365 arboribus,
1438 5297 1593 5366 longa
1620 5306 1922 5352 aelatecon-

326 5396 599 5466 sumptis,
627 5395 789 5449 vittas
820 5403 875 5449 et
901 5407 1132 5449 coronas
1153 5434 1167 5456 ,
1217 5406 1312 5445 seu
1364 5389 1544 5460 potius
1564 5388 1812 5458 antiquas
1834 5402 1923 5441 ar-

328 5493 493 5546 bores
523 5490 669 5543 vittis
698 5500 753 5544 et
782 5488 997 5543 coronis
1045 5486 1345 5547 redimitus.
1392 5484 1629 5539 Arbores
1656 5481 1921 5552 siquidem

326 5584 437 5639 deo
457 5582 615 5638 alicui
641 5581 871 5644 dicatas,
905 5580 1047 5636 sicut
1071 5579 1223 5645 deos,
1260 5585 1353 5631 aut
1377 5590 1566 5632 eorum
1608 5575 1765 5631 sedes
1791 5573 1922 5629 olim

324 5678 536 5734 ethnici
581 5676 902 5733 adorabant.
937 5694 955 5727 ι
985 5673 1108 5729 llaec
1131 5716 1145 5739 ,
1185 5693 1204 5725 ι
1241 5670 1414 5740 inquit
1444 5670 1688 5736 Plinius,
1722 5688 1740 5721 t
1779 5668 1926 5723 fuere

1944 4537 1997 4598 D

2019 3236 2299 3300 Suetonio,
2324 3235 2498 3298 Livio.
2532 3235 2780 3308 Polybio,
2813 3246 2867 3291 et
2888 3236 3012 3291 aliis
3037 3235 3308 3305 colligitur
3333 3232 3577 3305 (Sueten.
3599 3276 3617 3302 ,

2017 3332 2109 3386 lib.
2138 3347 2236 3393 vn,
2263 3333 2317 3386 in
2348 3332 2449 3385 vita
2481 3330 2675 3396 Vitell.,
2703 3332 2858 3401 paulo
2880 3339 2993 3402 post
3018 3330 3131 3384 init.
3155 3345 3170 3396 ;
3190 3327 3333 3395 Liv.,
3363 3328 3453 3382 lib.
3483 3343 3618 3395 xxx,

2017 3441 2133 3494 cap.
2159 3424 2232 3490 8;
2269 3423 2454 3496 Polyb.
2480 3466 2496 3490 ,
2524 3422 2612 3479 lib.
2644 3439 2735 3493 xv,
2763 3424 2879 3479 init.
2903 3422 2948 3495 ).
2978 3422 3344 3492 Quamobrem
3374 3420 3623 3477 Tibullus

2017 3522 2290 3578 canebat:

2110 3636 2337 3699 Neegego
2356 3635 2585 3686 tellurem
2605 3636 2819 3698 genibus
2849 3647 3121 3699 prorepere
3147 3633 3379 3699 supplex,

2201 3697 2264 3749 Et
2283 3697 2520 3748 miserum
2547 3697 2717 3748 sancto
2738 3697 2947 3748 tundere
2976 3697 3117 3761 posse
3145 3697 3307 3760 caput.

2109 3762 2215 3814 Nec
2240 3775 2337 3824 ego
2358 3763 2401 3812 si
2423 3762 2606 3814 merui.
2625 3761 2850 3824 dubitem
2874 3759 3444 3824 procumbere’templis,

2204 3824 2268 3876 Et
2281 3823 2404 3874 dare
2427 3825 2632 3874 sacratis
2652 3823 2820 3875 oscula
2839 3823 3105 3873 liminibus.

2718 3904 2950 3971 (Tibull.,
2975 3905 3059 3958 lib.
3086 3923 3121 3971 ι,
3150 3908 3274 3971 eleg.
3301 3909 3377 3974 5.)

2016 4015 2213 4071 Verum
2239 4014 2540 4080 Lucretius,
2562 4028 2594 4069 a
2611 4013 2893 4070 Lactantio
2917 4015 3113 4069 citatos
3140 4012 3443 4084 (Lactant,
3466 4013 3555 4068 lib.
3585 4030 3625 4074 ll

2014 4108 2225 4173 lmtit.,
2255 4123 2373 4172 cap.
2397 4109 2452 4173 5,
2486 4123 2606 4178 pag.
2660 4106 2814 4176 150).
2868 4106 3087 4177 impium
3139 4106 3293 4163 illum
3341 4105 3625 4176 gentilium

2015 4218 2235 4259 suorum
2265 4202 2469 4259 cultum
2497 4201 2584 4256 his
2606 4201 2854 4257 versibus
2879 4201 3154 4273 explodit:

2106 4346 2222 4420 Eae
2234 4347 2395 4420 pietas
2416 4343 2515 4420 pila
2531 4351 2614 4420 est
2634 4344 2851 4420 velatum
2875 4358 3011 4408 saepe
3034 4345 3197 4420 videri

2105 4407 2309 4472 Yertire
2332 4408 2389 4457 ad
2416 4407 2651 4472 lapidem,
2675 4415 2826 4470 atque
2849 4407 3025 4457 omnes
3047 4408 3292 4472 accedere
3316 4407 3528 4472 adat-as,

2113 4470 2219 4535 Nec
2242 4468 2570 4535 procumbere
2586 4470 2722 4520 humi
2742 4468 3055 4535 prostratum,
3081 4477 3135 4521 et
3152 4468 3374 4534 pandere
3389 4468 3596 4535 palmas,
3622 4480 3633 4533 ξ

2115 4532 2252 4583 Ante
2269 4532 2419 4583 deum
2440 4533 2668 4585 delubra.

2452 4616 2687 4679 (Lucret.,
2712 4612 2797 4666 lib.
2822 4631 2872 4677 v,
2892 4628 3016 4666 vers.
3042 4614 3164 4666 1198
3185 4622 3232 4665 et
3249 4616 3407 4681 seqq.)

2024 4724 2167 4794 Lege
2213 4723 2423 4788 adlmc,
2475 4724 2519 4778 si
2577 4724 2743 4790 velis,
2795 4722 3138 4778 Plutarchum
3167 4764 3181 4789 ,
3229 4723 3543 4795 Lucanum,
3574 4736 3632 4782 et

2027 4818 2390 4882 Brissouium,
2441 4817 2529 4887 qui
2580 4816 2729 4886 plura
2779 4815 2846 4870 de
2885 4816 2969 4871 his
2997 4816 3276 4886 gentilium
3305 4817 3498 4872 ritibus
3526 4818 3629 4873 ob-

2026 4919 2311 4965 servarunt
2337 4908 2661 4980 (Plutarclt.,
2695 4906 2892 4972 Qua’st.
2925 4923 3153 4973 romam,
3186 4924 3308 4978 pag.
3348 4907 3486 4971 266;
3529 4906 3632 4964 Lu-

2023 5021 2166 5072 can.,
2217 5003 2307 5058 lib.
2361 5018 2419 5070 tt,
2465 5017 2595 5056 vers.
2630 4999 2736 5056 128
2775 5010 2823 5054 et
2867 5015 3006 5070 seqq.
3028 5018 3048 5067 ;
3086 4998 3343 5067 Brisson.,
3373 5001 3464 5056 lib.
3493 5018 3534 5070 ι,
3567 5004 3633 5060 de

2027 5098 2235 5166 Fornt.',
2257 5116 2383 5170 pag.
2407 5097 2522 5168 46).
2569 5175 2573 5180 ν

2102 5193 2373 5249 Arnobius
2401 5204 2563 5261 porro
2591 5189 2730 5244 hanc
2776 5188 3110 5259 impietatem
3157 5188 3422 5244 acerrime
3447 5204 3514 5244 eo
3545 5189 3632 5243 in-

2030 5299 2287 5354 sectator,
2326 5304 2345 5337 r
2375 5284 2539 5356 quod,
2573 5283 2617 5339 si
2649 5283 2873 5347 liceret,
2914 5303 2934 5336 ι
2967 5282 3169 5352 inquit,
3218 5300 3236 5334 ι
3272 5282 3324 5337 in
3355 5281 3634 5337 simulacri

2032 5383 2260 5451 alicujus
2306 5378 2531 5434 introire
2560 5376 2909 5448 pendigines,
2949 5395 2970 5428 ι
3000 5390 3116 5441 seu,
3147 5386 3204 5430 ut
3243 5374 3443 5429 clarius
3475 5372 3634 5443 paulo

2033 5486 2156 5547 post
2202 5472 2459 5544 loquitur,
2513 5490 2532 5523 ι
2574 5471 2625 5525 in
2670 5484 2860 5524 omnes
2912 5468 3064 5524 sinus
3091 5478 3146 5522 et
3174 5467 3555 5532 commissuras
3605 5485 3627 5519 ι

2032 5565 2278 5641 (Arnob,
2311 5565 2402 5619 lib.
2433 5578 2510 5630 vr,
2539 5579 2664 5634 pag.
2692 5560 2793 5617 201
2825 5571 2873 5614 et
2893 5558 3079 5633 seqq.),
3111 5558 3243 5613 nihil
3274 5557 3419 5612 aliud
3441 5572 3635 5613 cerne-

2032 5669 2202 5729 retur,
2230 5673 2389 5731 quam
2414 5658 2576 5713 variae
2606 5655 2750 5710 illius
2775 5664 2957 5735 partes
2975 5694 2989 5715 ,
3021 5667 3156 5723 quas
3182 5659 3389 5707 catena:
3422 5648 3639 5733 terrete,

326 5770 612 5826 numinum
646 5769 840 5837 templa
902 5768 1183 5837 priamique
1205 5762 1309 5820 ritu
1333 5764 1594 5837 simplicia
1619 5760 1742 5820 rora
1766 5755 1949 5820 ctianl‘
1980 5788 1985 5795 ν
2036 5750 2192 5826 unci,
2228 5754 2463 5823 ansula},
2493 5762 2551 5812 et
2584 5748 2845 5811 suﬂusum
2872 5747 3162 5819 plumbum
3187 5745 3523 5806 πειὶιιειιαιιι.
3567 5744 3657 5802 Διὶ
