4230 6266
550 180 656 238 627

1806 174 2257 241 DISSERTATIO
2294 176 2570 249 ruma

3739 180 3853 238 628

544 303 668 360 haec
692 315 824 359 vero
854 300 946 356 illa
975 300 1262 355 simulacra
1285 341 1300 367 ,
1337 316 1355 348 ι
1392 312 1622 369 quorum
1652 296 1864 369 plantas
1890 305 1943 351 et
1970 312 2140 370 genua
2172 309 2228 373 Α
2253 298 2380 352 deos
2404 306 2612 352 vestros
2638 295 2863 355 illuditis
2885 340 2902 365 ,
2930 297 3057 354 dum
3088 298 3331 385 lapideos
3365 297 3615 385 quidem,
3670 304 3725 367 et
3769 306 3857 352 te-

545 393 751 450 etbnici
768 402 988 448 orantes
1011 388 1417 446 contrectahant
1436 408 1455 442 ι
1469 386 1489 464 (
1498 386 1697 460 Veget.,
1712 387 1871 456 tib.n,
1888 406 2005 460 cap.
2027 388 2143 463 44).

546 487 846 559 semiplena
874 493 929 540 et
953 498 1142 550 vacua,
1174 498 1236 538 ac
1263 481 1485 538 minime
1514 480 1747 537 animata
1776 490 1828 538 et
1857 482 2142 552 spirantia,

548 592 852 651 temporum
874 576 1085 647 injuriis
1109 585 1452 646 putrescunt,
1483 588 1546 629 ac
1581 573 1966 629 dissolvmtlur.
2004 571 2061 627 in
2084 571 2149 627 iis

547 671 711 729 etiam
726 670 949 735 sorices,
969 667 1266 734 stelliones,
1287 664 1773 732 blatttenidiiicant,
1794 665 2005 720 araneis
2021 676 2150 721 vero

548 761 968 834 coinquinentur
991 767 1046 816 et
1060 757 1459 814 hirundinibus.
1481 757 1751 812 Arnobius
1781 756 1962 828 itaque
1989 757 2147 811 sicuti

550 856 816 916 Minucius
839 852 1012 919 Felix,
1028 852 1247 923 aliique,
1264 862 1323 907 ut
1340 850 1571 907 vidimus
1588 849 1827 924 (Dissert.
1851 851 1905 904 in
1926 849 2146 918 Minuta,

550 966 670 1022 cap.
703 949 770 1005 i9
800 958 904 1003 art.
936 947 1020 1018 2),
1069 945 1326 1002 Ecclesia:
1356 944 1544 999 Patres
1574 944 1701 999 hinc
1746 950 1897 998 recte
1926 942 2148 998 conclu-

549 1043 707 1111 dunt,
739 1042 869 1097 nihil
892 1041 1113 1097 omnino
1136 1040 1187 1094 in
1208 1038 1356 1094 hisce
1384 1036 1688 1093 simulacris
1709 1045 1765 1093 et
1784 1036 1952 1109 signis
1974 1037 2152 1092 inesse

550 1152 714 1211 posse
739 1135 1056 1192 divinitatis.

626 1234 839 1291 Ethnici
872 1250 1026 1301 vero,
1058 1241 1115 1288 ut
1146 1233 1249 1288 hoc
1279 1238 1659 1303 argumentum
1681 1272 1697 1298 ,
1724 1228 1879 1300 cujus
1907 1228 2152 1301 pondere

551 1346 616 1389 se
637 1328 870 1401 opprimi
898 1327 1203 1384 sentiebant
1223 1367 1237 1390 ,
1267 1342 1486 1397 quoquo
1514 1324 1677 1380 modo
1708 1323 1980 1379 inﬁrmare
2027 1340 2150 1396 pos-

550 1431 709 1488 sent,
758 1419 1161 1490 respondebant
1207 1433 1269 1474 se
1314 1431 1605 1488 numquam
1654 1415 1951 1473 credidisse
1987 1433 2048 1473 ea
2081 1418 2153 1473 si-

552 1516 794 1573 mulacra
839 1526 962 1568 esse
1002 1528 1097 1585 per
1146 1525 1207 1567 se
1257 1510 1388 1567 deos
1419 1530 1432 1566 :
1464 1508 1557 1566 Sed
1585 1511 1637 1565 in
1670 1509 1780 1566 illis
1812 1509 1913 1567 hos
1940 1522 2150 1567 tantum

549 1606 738 1663 colere
766 1619 830 1661 ac
858 1604 1109 1661 venerari
1134 1647 1149 1671 ,
1203 1622 1222 1655 ι
1257 1618 1394 1675 quos
1423 1603 1689 1659 dedicatio
1744 1603 1909 1659 infert
1959 1619 2110 1660 sacra
2131 1648 2175 1679 ,.

2252 395 2465 446 staceos
2492 389 2822 446 veneramini
2847 432 2862 458 ,
2895 386 3206 446 custodibus
3245 383 3496 446 carentes
3545 408 3558 445 :
3606 391 3734 451 τοὺς
3789 384 3852 443 δέ

2250 486 2538 564 ἀργυρέους
2568 486 2654 541 καὶ
2681 491 2921 563 χρυσοῦς
2950 486 3254 561 ἑγκλείοντες
3279 476 3394 549 ταῖς
3433 485 3578 564 νυξὶ,
3604 486 3688 539 καὶ
3732 491 3854 545 ταῖς

2250 578 2465 656 ἡμέραις
2514 579 2737 650 φύλακας
2806 580 3250 655 παρακαθίσαντες
3274 620 3290 644 ,
3343 580 3426 634 ἶνα
3473 583 3544 654 μή
3616 575 3857 633 κλαπῶσι

2252 668 2272 743 (
2298 668 2489 742 Epist.,
2519 671 2586 725 ad
2615 670 2878 744 Diognet.,
2906 683 3041 743 post.
3075 669 3225 740 init.)
3263 689 3275 724 :
3308 669 3584 743 Argenteos
3613 678 3858 722 autemet

2250 779 2432 819 aureos
2476 766 2739 820 includitis
2785 775 2937 820 noctu
2962 808 2977 831 ,
3033 775 3122 823 aut
3152 765 3379 820 interdiu
3423 760 3658 819 custodes
3688 778 3860 835 appo-

2252 857 2373 913 nitis
2415 875 2477 913 ne
2521 863 2660 933 {nrto
2700 864 3022 935 auferantur.
3071 859 3332 916 Similiter
3376 858 3699 931 Cyprianus,
3753 872 3857 925 nec

2253 952 2432 1006 minus
2456 950 2568 1006 acri
2603 952 2725 1023 styli
2764 953 2845 1008 sui
2887 954 3074 1008 aculeo
3112 968 3206 1007 eos
3228 952 3413 1022 pungit
3437 970 3482 1004 τι
3521 948 3610 1006 Sic
3632 949 3789 1017 illos,
3832 970 3852 1001 ι

2252 1040 2464 1113 inquit,
2522 1062 2541 1095 ι
2593 1044 2751 1103 ltnsos
2793 1045 2924 1099 ultio
2956 1053 3132 1103 vestra
3166 1042 3446 1104 defendit.
3497 1040 3771 1117 quomodo
3800 1054 3858 1097 et

2252 1133 2465 1190 clausos
2516 1152 2583 1192 ne
2628 1146 2891 1209 pereant,
2954 1138 3117 1192 tutela
3150 1147 3330 1205 vestra
3358 1132 3613 1192 custodit.
3650 1134 3860 1191 Pudeat

2253 1227 2475 1283 tutelam
2495 1227 2658 1294 deiis
2675 1244 2917 1298 sperare,
2941 1245 3076 1301 quos
3102 1240 3154 1285 tu
3172 1230 3286 1300 ipse
3305 1230 3491 1285 tueris.
3520 1226 3807 1302 (Cyprian.
3836 1271 3854 1296 ,

2252 1328 2401 1377 tract.
2431 1322 2500 1375 ad
2525 1320 2780 1389 Demetr.,
2812 1336 2933 1396 pag.
2970 1322 3121 1397 191.)
3200 1304 3203 1313 Α
3807 1386 3819 1395 .

2323 1410 2467 1467 Satis
2488 1426 2674 1483 ‘porro
2714 1414 3007 1484 gentilibus
3057 1426 3166 1469 non
3222 1424 3337 1471 erat
3391 1413 3713 1480 simulacra,
3743 1414 3865 1485 sive

2254 1504 2386 1561 deos
2432 1520 2560 1561 suos
2610 1506 2886 1560 hominum
2913 1508 3207 1574 custodiis,
3259 1521 3322 1562 ac
3372 1504 3580 1561 diurnis
3630 1516 3862 1561 noctur-

2253 1600 2445 1674 nisque
2472 1602 2668 1673 vigiliis
2696 1604 2869 1669 tueri,
2900 1602 2993 1659 sed
3019 1602 3263 1659 eamdem
3288 1645 3303 1671 ,
3347 1601 3524 1674 pergit
3551 1599 3820 1657 Arnobius
3841 1646 3858 1671 ,

553 1711 612 1758 et
639 1700 920 1757 fabrilibus
945 1699 1113 1755 efﬁcit
1144 1698 1445 1753 inhabitare
1484 1696 1789 1752 simulatris
1848 1718 1868 1750 ι
1900 1697 2144 1769 (Arnob.,
2180 1695 2323 1762 Bob
2370 1708 2629 1762 causam,
2679 1713 2841 1753 canes
2895 1706 2950 1753 et
3006 1712 3231 1753 anceres
3294 1694 3535 1752 alebant.
3592 1697 3654 1750 Et
3702 1704 3863 1751 certe

554 1795 646 1849 tib.
679 1808 752 1857 vt,
784 1808 907 1864 pag.
940 1791 1047 1847 205
1075 1799 1121 1845 et
1141 1788 1328 1862 θείη).
1364 1789 1562 1845 Verum
1585 1798 1776 1845 auc10r
1804 1800 1990 1845 noster
2019 1790 2151 1844 illud

553 1886 800 1944 ridiculae
841 1884 1114 1957 Opinionis
1140 1894 1509 1940 commentum
1542 1884 1707 1940 variis
1734 1885 2007 1940 rationum
2036 1900 2153 1939 mo-

553 1979 756 2036 mentis
784 1978 947 2049 plane
976 1977 1333 2045 comminuit,
1365 1976 1686 2048 penitusque
1707 1974 1949 2047 dissipat.
1989 1976 2153 2032 Eccui

556 2074 703 2129 enim
723 2114 738 2140 ,
769 2071 814 2126 si
844 2084 1005 2125 sanus
1027 2069 1130 2135 sit,
1166 2082 1399 2140 unquam
1423 2111 1438 2135 ,
1467 2069 1543 2123 ait
1586 2070 1712 2136 ille,
1747 2069 2155 2139 persuadebitur

556 2169 691 2227 deos
716 2167 945 2223 ridiculo
971 2166 1208 2237 quodam
1255 2163 1614 2220 dedicationis
1653 2164 1796 2235 jure,
1825 2171 1921 2219 aut
1946 2163 2013 2218 ad
2040 2171 2153 2219 ter-

556 2277 691 2320 rena
720 2260 1010 2317 simulacra
1056 2257 1403 2314 inhabitamia
1432 2258 1550 2329 c0gi
1576 2300 1590 2324 ,
1650 2267 1742 2313 aut
1786 2256 2014 2315 sidereis
2065 2270 2154 2312 se-

556 2354 717 2412 dibus
746 2354 881 2419 suis,
910 2360 1105 2422 sponte
1135 2364 1232 2406 sua
1263 2350 1487 2415 relictis,
1517 2349 1584 2405 ad
1613 2358 1678 2405 ea
1726 2352 1883 2406 toties
1930 2350 2156 2405 comini-

558 2458 718 2518 grare
740 2487 755 2514 ,
784 2445 995 2516 quoties
1024 2442 1227 2499 homini
1271 2451 1506 2498 statuam
1557 2442 1808 2499 dedicare
1852 2443 2157 2515 placuerit?

558 2538 701 2607 Quid
727 2553 878 2605 vero,
911 2536 1053 2609 quod
1086 2537 1158 2592 dii
1191 2536 1341 2592 nulla
1369 2538 1418 2591 vi
1462 2537 1699 2594 humana
1736 2540 1990 2608 coinpelii
2033 2552 2158 2609 pos-

558 2642 721 2697 sunt,
750 2639 810 2686 ut
854 2632 907 2685 in
943 2630 1246 2685 simulacris
1292 2630 1395 2685 illis
1421 2645 1638 2702 semper
1682 2631 1982 2687 maneant?
2011 2630 2158 2686 Nihil

558 2726 707 2782 enim
737 2739 801 2778 ea
833 2723 1154 2779 necessitate
1186 2724 1457 2791 miserius,
1485 2723 1728 2795 nihilque
1744 2725 1855 2781 Deo
1873 2726 2042 2796 magis
2065 2725 2149 2778 in-

560 2817 808 2888 dignum.
843 2818 1048 2872 Deinde
1077 2831 1228 2885 vero,
1259 2818 1308 2873 si
1348 2818 1403 2873 in
1441 2820 1520 2874 eis
1551 2818 1755 2874 tamdiu
1781 2828 1982 2875 tantum
2013 2834 2159 2875 com-

560 2920 862 2976 moremur,
916 2910 1170 2981 quamdiu
1219 2911 1346 2979 ipsis
1377 2911 1628 2978 libuerit,
1675 2921 1823 2968 certe
1866 2913 2158 2968 simulacra

561 3003 875 3074 aliquando,
896 3004 1002 3057 illis
1028 3002 1427 3069 recedentibus,
1449 3004 1521 3058 dii
1543 3018 1665 3060 esse
1688 3006 1954 3062 desinent.
1977 3007 2033 3061 lo
2056 3007 2154 3061 du-

562 3093 656 3149 bio
696 3094 856 3164 igitur
876 3094 1039 3148 Stabit
1058 3095 1271 3165 quando
1293 3098 1370 3150 eis
1392 3108 1542 3151 sacra
1568 3099 1706 3163 iieri,
1732 3106 1786 3153 et
1832 3110 1894 3154 ea
1941 3099 2155 3154 adorari
2185 3091 2231 3159 C

562 3184 815 3241 debeant.
847 3185 1114 3240 Pragterea
1147 3202 1302 3253 vero,
1336 3202 1460 3243 cum
1495 3190 1663 3259 plura,
1686 3189 1861 3261 inquit
1889 3190 2162 3250 Arnobius

562 3277 726 3330 unius
753 3276 1103 3349 ejusdemque
1126 3279 1211 3334 dei
1242 3282 1549 3348 simulacra,
1578 3284 1744 3338 modo
1776 3295 1969 3355 parva,
2001 3288 2161 3345 modo

561 3369 798 3425 maxima
822 3370 1173 3437 fabricantur,
1206 3374 1467 3443 numquid
1496 3375 1571 3430 dii
1597 3379 1651 3430 in
1686 3375 1792 3430 illis
1819 3387 1913 3432 aut
1940 3392 2001 3434 se
2026 3394 2161 3435 con-

563 3464 821 3533 trahunt,
871 3473 964 3520 aut
1006 3481 1066 3522 se
1095 3467 1378 3538 porrigunt
1398 3510 1412 3535 ,
1442 3480 1706 3540 suumque
1731 3484 1928 3541 corpus
1958 3489 2055 3542 pro
2086 3476 2159 3529 si-

563 3560 794 3615 mulacri
824 3572 1154 3631 componunt
1175 3562 1348 3618 forma
1369 3580 1433 3620 ac
1461 3564 1827 3636 figura?Quid
1855 3578 2033 3624 autem
2062 3568 2159 3624 ab-

563 3654 785 3710 surdius
813 3655 884 3710 de
916 3655 1029 3711 Deo
1056 3656 1162 3711 dici
1190 3669 1284 3712 aut
1306 3660 1533 3729 wgitari
1560 3660 1780 3730 βικθειξ

640 3749 744 3805 Sed
774 3751 1043 3831 agedum;
1092 3762 1303 3817 constat
1348 3768 1477 3809 sane
1527 3752 1755 3825 plurima
1801 3755 1962 3819 unius
2012 3757 2161 3827 ejus-

566 3841 800 3913 demque
829 3842 917 3899 dei
952 3844 1237 3899 simulacra
1280 3846 1337 3899 in
1377 3846 1644 3914 diversis,
1678 3859 1732 3903 et
1757 3863 1791 3903 a
1831 3863 1890 3904 se
1936 3850 2166 3906 invicem

565 3938 884 4010 longissimo
911 3948 1172 3995 terrarqu
1204 3938 1515 4012 intervallo,
1536 3942 1817 4013 disjunctis
1857 3945 2165 4015 regionibus

567 4034 743 4103 posita
761 4032 1037 4091 fuisse.An
1051 4034 1106 4089 in
1130 4033 1194 4089 iis
1206 4034 1457 4090 omnibus
1474 4034 1608 4090 deus
1620 4036 1709 4091 ille
1723 4036 1916 4091 adesse
1928 4036 2171 4108 poterat?

569 4126 690 4183 Non
707 4128 915 4185 divisus
941 4127 1179 4199 quidem,
1220 4131 1346 4200 quia
1369 4143 1531 4184 verus
1561 4130 1702 4185 Deus
1742 4130 1910 4186 dividi
1958 4133 2161 4201 nequit.

567 4218 687 4275 Non
724 4222 966 4291 integer;
1001 4237 1122 4279 nam
1151 4221 1286 4277 deus
1310 4221 1406 4277 ille
1426 4263 1443 4289 ,
1469 4222 1544 4277 uti
1572 4222 1833 4292 putabant
1874 4237 2170 4294 corporeus

567 4322 718 4377 erat,
750 4327 850 4368 nec
871 4312 1099 4383 proinde
1122 4320 1301 4387 potest
1321 4314 1373 4367 iu
1401 4314 1640 4387 pluribus
1663 4316 1821 4371 simul
1843 4329 1965 4371 esse
1986 4316 2138 4371 locis.

645 4404 887 4475 Denique
934 4406 983 4461 si
1033 4402 1149 4463 hanc
1202 4403 1487 4461 simulacra
1534 4418 1627 4460 aut
1676 4404 1753 4469 dii
1806 4415 2026 4470 essent.
2075 4416 2171 4461 aut

2256 1791 2513 1861 scriptum
2554 1807 2583 1845 a
2614 1790 2876 1848 CicerOne
2919 1790 3148 1863 legimus
3187 1811 3201 1846 :
3253 1808 3273 1843 ι
3326 1786 3625 1849 Anseribus
3653 1788 3864 1845 cibaria

2256 1884 2470 1955 publica
2520 1886 2787 1950 iocantur,
2825 1895 2879 1940 cl.
2925 1900 3089 1941 canes
3115 1885 3332 1940 aluntur
3364 1886 3419 1939 in
3448 1882 3750 1955 Capitolio;
3802 1891 3868 1938 ut

2256 1978 2605 2049 significent;
2635 1980 2681 2035 si
2722 1980 2867 2035 fures
2920 1980 3189 2035 venerint.
3239 1979 3472 2051 ((Jicer.,
3514 1988 3643 2033 orat.
3673 1977 3731 2043 2,
3764 1996 3868 2047 pro

2257 2072 2414 2128 Rosc.
2446 2070 2617 2127 Amer.
2649 2075 2700 2139 1,
2732 2090 2854 2144 pag.
2883 2071 3003 2147 2i.)
3049 2071 3204 2142 Quod
3255 2074 3415 2128 etiam
3447 2071 3581 2131 Livii
3610 2113 3625 2138 ,
3659 2070 3819 2128 Plinii
3848 2115 3865 2143 ,

2258 2165 2865 2237 Pltttarchi,.1Eiiani,
2913 2181 2968 2223 et
3016 2169 3247 2224 aliorum
3297 2168 3610 2224 testimonio
3662 2165 3869 2223 conﬁr-

2258 2261 2639 2335 matur(Liv.,
2673 2263 2760 2318 lib.
2806 2280 2860 2331 v,
2912 2270 3029 2318 ante
3075 2262 3194 2329 ﬁn.,
3246 2262 3392 2319 Plin.
3422 2304 3439 2331 ,
3486 2263 3575 2317 lib.
3634 2279 3667 2319 ι
3714 2261 3863 2317 Hist.

2258 2362 2391 2421 nat.,
2425 2370 2541 2423 cap.
2570 2352 2662 2420 22,
2695 2372 2816 2427 pag.
2842 2354 2977 2423 408;
3008 2348 3299 2410 'Plutarch.
3322 2396 3337 2421 ,
3388 2355 3441 2411 in
3462 2350 3552 2409 vit.
3605 2352 3812 2408 Camiil.
3849 2394 3867 2415 ,

2258 2456 2382 2519 pag.
2414 2444 2537 2514 142,
2572 2458 2617 2503 et
2651 2446 2849 2513 Quam.
2896 2465 3099 2503 roman.
3126 2492 3140 2515 ,
3173 2466 3295 2521 pag.
3318 2446 3456 2519 284;
3484 2442 3716 2514 Etiam,
3769 2445 3865 2502 lib.

2261 2552 2340 2596 xu
2392 2542 2454 2596 de
2483 2540 2738 2609 Αθήνησι,
2770 2559 2887 2614 cap.
2916 2543 2985 2598 55
3008 2540 3048 2615 ).
3088 2540 3248 2616 Atqui
3266 2539 3357 2597 hic
3377 2526 3659 2604 custodias,
3683 2540 3873 2610 arguit

2260 2634 2551 2700 Arnobius,
2584 2646 2688 2689 tam
2721 2634 2959 2701 inutiles,
2993 2650 3153 2705 quam
3211 2632 3316 2688 diis
3360 2631 3637 2703 injuriosaa
3685 2640 3868 2686 erant.

2263 2727 2328 2787 In
2356 2731 2655 2786 simulacris
2689 2726 2954 2798 siquidem
3000 2726 3043 2781 si
3088 2727 3188 2797 ipsi
3218 2727 3407 2782 saltem
3440 2720 3867 2791 inhabitassent,

2264 2824 2370 2883 illis
2402 2819 2641 2896 profecto
2671 2837 2770 2878 nec
2798 2823 2950 2886 aliis,
2981 2836 3042 2877 ea
3073 2837 3100 2874 a
3133 2821 3375 2892 quolibet
3396 2832 3557 2885 casu,
3586 2824 3639 2873 et
3668 2812 3868 2887 injuria

2264 2917 2577 2991 protegendi
2618 2932 2745 2971 cura
2792 2914 3145 2986 relinquenda
3198 2919 3335 2968 emt.
3370 2911 3560 2967 Nullus
3588 2911 3873 2966 enimvero

2261 3008 2479 3084 gentilis
2526 3009 2706 3064 dicere
2754 3022 2989 3077 unquam
3050 3007 3219 3077 potuit
3262 3005 3384 3060 illos
3428 3010 3521 3059 aut
3577 3003 3817 3058 dormire
3847 3047 3867 3070 ,

2263 3112 2353 3161 aut
2380 3112 2486 3161 ‘uon
2517 3112 2676 3176 possie
2720 3117 2778 3158 se
2809 3105 2969 3158 tueri.
3003 3100 3157 3158 Unde
3190 3100 3351 3156 etiam
3402 3099 3729 3170 Augustinus
3773 3108 3871 3163 ex,

2264 3201 2505 3272 proxime
2561 3206 2853 3253 memorata
2903 3212 3154 3251 anserum
3204 3193 3478 3255 cuStodia.
3522 3192 3600 3248 sic
3633 3192 3861 3249 eosdem

2261 3293 2540 3365 gentilium
2580 3292 2712 3347 deos
2752 3291 2942 3346 irridet
2968 3299 3024 3345 et
3051 3289 3313 3360 explodit.
3350 3307 3369 3340 ε
3414 3286 3567 3343 Tunc
3617 3293 3726 3341 tota
3780 3302 3874 3339 ro—

2262 3398 2416 3440 mana
2468 3386 2598 3439 urbe
2652 3384 2705 3438 in
2762 3383 2998 3437 ltoSIinm
3048 3390 3367 3451 potestatem
3427 3379 3678 3443 redacta.
3718 3377 3875 3432 solus

2265 3476 2419 3533 collis
2449 3476 2783 3547 Capitolinus
2808 3483 3176 3538 remanserat,
3230 3472 3504 3543 quietiam
3554 3470 3668 3537 ipse
3702 3484 3876 3539 cape-

2264 3580 2433 3637 retur,
2467 3572 2567 3624 nisi
2610 3571 2801 3624 saltem
2850 3583 3101 3631 anseres,
3137 3565 3239 3620 diis
3269 3563 3703 3626 dormientibus,
3734 3562 3873 3629 vigi-

2240 3666 2463 3720 larent.
2520 3661 2671 3719 Unde
2721 3677 2863 3733 pene
2912 3661 2964 3716 in
3016 3660 3477 3731 superstitionem,
3511 3659 3870 3730 aegyptiorum

2267 3759 2466 3814 bestias
2518 3771 2752 3826 avesque
2799 3754 3122 3817 colentium,
3172 3754 3344 3808 Roma
3385 3752 3693 3818 deciderat,
3741 3766 3871 3807 cum

2271 3846 2449 3901 anseri
2492 3845 2754 3900 solemnia
2811 3844 3175 3900 celebrabant.
3237 3861 3256 3894 ι
3312 3840 3333 3914 (
3363 3842 3617 3913 Angust.,
3679 3840 3767 3895 tib.
3828 3856 3870 3896 tt

2271 3940 2334 3995 de
2359 3937 2529 4003 σίδη..
2563 3956 2679 4010 cap.
2710 3939 2800 4005 22,
2854 3952 2972 4011 pag.
3006 3939 3123 4007 51.)

2342 4031 2472 4100 Quis
2502 4040 2679 4086 autem
2719 4030 2937 4086 difﬁteri
2969 4040 3148 4102 potest
3195 4046 3263 4088 ex
3316 4024 3401 4086 his
3426 4029 3678 4085 omnibus
3703 4027 3866 4083 ratio-

2274 4124 2430 4179 nibus
2460 4135 2606 4181 recte
2629 4125 2694 4180 ab
2721 4123 2961 4180 Arnobio
2986 4123 3179 4180 confici
3208 4124 3490 4196 gentilium
3543 4123 3825 4179 simulacra
3846 4164 3863 4186 ,

2271 4218 2359 4276 vel
2404 4231 2562 4285 ante,
2596 4214 2678 4274 vel
2727 4227 2847 4289 post
2896 4232 3047 4272 suam
3076 4219 3575 4282 consecrationem,
3610 4232 3708 4272 nec
3733 4216 3871 4272 deos

2274 4327 2427 4378 esse,
2461 4325 2559 4366 nec
2588 4311 2686 4365 hos
2708 4311 2760 4365 in
2788 4310 2898 4365 illis
2923 4310 3249 4375 inhabitare,
3283 4310 3452 4365 multo
3474 4311 3649 4364 minus
3672 4308 3735 4364 ad
3767 4324 3827 4364 ea
3850 4351 3870 4376 ,

2273 4400 2412 4460 caelo
2458 4404 2678 4468 relicto,
2731 4400 3078 4459 inbabitanda
3128 4416 3289 4475 pesse
3340 4403 3637 4473 compelli?
3668 4405 3741 4458 De
3778 4403 3869 4458 illa

569 4512 759 4557 eorum
824 4500 1082 4555 habitatio
1105 4540 1121 4566 ,
1179 4516 1360 4556 nonne
1407 4501 1589 4556 divina
1641 4511 1906 4575 putestate
1956 4520 2052 4561 sua
2109 4521 2169 4562 se
2196 4484 2249 4545 D
2276 4508 2435 4570 porro
2464 4496 2873 4552 simulacrorum
2904 4494 3246 4552 dedicatione
3266 4539 3281 4565 ,
3314 4496 3440 4552 alibi
3469 4494 3701 4551 diximus
3731 4494 3873 4569 (Dis-

567 4594 718 4663 ipsos
743 4590 1004 4647 adversus
1032 4595 1302 4664 quoslibet
1329 4609 1487 4653 casus
1510 4597 1671 4655 tutari
1698 4591 2010 4653 debebant?
2059 4601 2167 4656 Cur

568 4698 701 4753 ergo
725 4680 963 4750 ethnici,
995 4682 1171 4754 arguit
1195 4694 1384 4740 auctor
1408 4696 1593 4741 noster
1623 4685 1810 4759 (Ibid,
1835 4706 1957 4762 pag.
1981 4690 2163 4764 205.),

566 4772 664 4830 illa
690 4789 758 4828 ne
782 4789 885 4844 qua
913 4774 1106 4844 injuria
1128 4776 1493 4842 afficerentur,
1512 4779 1857 4835 validissimis
1891 4783 2164 4851 claustris,

567 4866 843 4940 repagulis
864 4910 878 4933 ,
910 4868 1139 4938 pessulis
1167 4870 1524 4937 claudebant,
1557 4887 1619 4926 ac
1650 4873 2005 4928 muniebant?
2035 4874 2165 4941 Cur,

567 4975 639 5015 ne
661 4976 692 5014 a
724 4960 931 5015 furibus
955 4961 1096 5016 clam
1116 4972 1346 5018 noctuve
1369 4973 1707 5035 raperentur,
1738 4965 1964 5029 aedituis
1986 4967 2163 5022 millet

569 5050 646 5109 ita
665 5053 757 5109 ille
777 5054 1034 5124 loquitur,
1057 5054 1245 5128 (lbitl.)
1272 5076 1290 5108 ι
1305 5059 1689 5128 protegebant;
1714 5070 1874 5130 atque
1889 5060 2169 5116 excubito-

569 5147 722 5202 ribus
742 5148 905 5202 miile.
921 5166 940 5199 ι
961 5147 1166 5203 Eodem
1189 5154 1348 5204 modo
1365 5159 1766 5220 argumentatur
1782 5151 2171 5218 Tertullianus,

569 5256 635 5296 ac
674 5244 768 5315 qui
800 5243 909 5297 sint
951 5240 1028 5297 illi
1071 5242 1413 5301 excubitores
1454 5244 1653 5301 clarius
1680 5246 1917 5318 explicat
1950 5264 1963 5301 :
2001 5266 2020 5300 ‹
2055 5244 2173 5303 iam

569 5335 756 5405 utique
781 5348 940 5405 suas,
981 5355 1000 5390 ι
1036 5338 1250 5408 inquit,
1286 5356 1305 5389 ι
1344 5340 1519 5409 primo
1546 5351 1771 5407 statuas,
1799 5350 1855 5396 et
1879 5343 2196 5413 imagines,

570 5437 628 5482 et
653 5426 799 5483 aedes
831 5438 1130 5498 tuerentur,
1172 5444 1321 5500 quat,
1348 5437 1406 5485 ut
1448 5432 1661 5499 opinor,
1706 5434 1935 5489 Caesaris
1974 5435 2172 5490 milites

571 5522 814 5576 excubiis
839 5524 952 5577 suis
981 5523 1126 5578 salva
1180 5534 1438 5594 priestant
1465 5542 1483 5575 ι
1513 5521 1533 5596 (
1560 5523 1890 5595 Tertullian.,
1922 5526 2168 5600 Apotog.,

571 5628 691 5684 cap.
721 5613 823 5681 29,
868 5633 989 5687 pag.
1017 5614 1133 5690 29).
1179 5615 1353 5673 Antea
1399 5632 1526 5673 vero
1573 5627 1765 5673 auctor
1816 5620 2059 5690 epistola:
2103 5622 2172 5678 ad

569 5704 897 5775 .Diognetum
943 5709 1023 5764 sic
1067 5710 1312 5766 ethnicos
1336 5708 1549 5779 affatur,
1580 5719 1637 5766 et
1673 5710 1897 5782 corripit
1937 5729 1953 5766 :
1984 5712 2174 5770 Nonne

2276 4599 2395 4645 seri.
2424 4591 2478 4644 in
2511 4589 2733 4659 Μίνωα,
2762 4607 2876 4660 cap.
2908 4590 2994 4656 19,
3024 4600 3125 4645 art.
3158 4592 3183 4645 1

2883 4720 3179 4760 Λιιτιουωε
3206 4720 3264 4758 ν.

2273 4794 2592 4846 Examinatur
2615 4790 2747 4845 aliud
2783 4791 2984 4845 Arnobii
3009 4796 3243 4845 adversus
3277 4792 3485 4853 deorum
3509 4792 3766 4847 simulacra
3790 4811 3872 4849 ar-

2337 4868 2646 4920 gumentum,
2688 4858 2801 4921 inde
2831 4861 3054 4921 petitum,
3074 4859 3205 4921 quod
3228 4859 3334 4921 illa
3374 4858 3437 4908 ab
3461 4860 3670 4910 ethnicis
3694 4863 3877 4920 probro

2341 4918 2393 4973 et
2414 4921 2647 4985 dedecori
2687 4918 2873 4985 habita,
2901 4934 2958 4985 ac
2980 4918 3187 4985 spoliata
3218 4918 3408 4985 fuerint
3430 4936 3441 4970 :
3470 4936 3647 4985 nempe
3670 4918 3876 4973 simula—

2341 4929 2393 4973 et
2414 4921 2647 4985 dedecori
2689 4920 2873 5031 hazlita,
2901 4934 2958 4970 ac
2980 4920 3187 4985 spoliata
3218 4920 3402 4973 fuerint
3430 4936 3441 4970 :
3470 4936 3647 4985 nempe
3670 4923 3868 4973 simula-

2339 4981 2634 5050 c_t:um_Jov_is
2657 4983 2717 5031 ab
2741 5024 2756 5031 -
2786 4976 2980 5050 itiocltp
3019 4980 3253 5050 Cyziceno
3287 4992 3356 5050 et_
3380 4982 3613 5050 Dionysio
3646 4994 3868 5050 tyranno,

2338 5042 2599 5110 [Esculapti
2625 5049 2686 5093 ab
2705 5046 2882 5110 eodem
2906 5042 3155 5108 Dionysio,
3177 5046 3388 5110 veneris
3408 5059 3435 5095 tl
3461 5042 3792 5110 Pygtttalione,
3820 5042 3875 5101 et

2339 5109 2436 5182 alio
2455 5107 2804 5182 adplefcente;
2827 5108 2921 5182 alia
2962 5107 3079 5182 vero
3100 5115 3184 5163 aut.
3211 5108 3390 5172 diruta,
3419 5107 3761 5173 aut'cremata,
3786 5113 3875 5169 ubi

2338 5164 2402 5221 de
2427 5171 2562 5221 vario
2585 5164 2807 5235 Capitoni
2828 5164 3074 5220 incendio.

2350 5277 2607 5337 Ultimum
2642 5278 2859 5335 Aruobii
2890 5277 3148 5337 adversus
3184 5278 3408 5335 deorum
3456 5281 3745 5338 simulacra
3780 5298 3874 5339 aro

2277 5381 2589 5443 gumentnm
2621 5386 2684 5425 ex
2715 5371 2780 5428 iis
2833 5370 3064 5433 ducitur,
3095 5387 3216 5442 qtae
3246 5373 3478 5431 tnaximo
3521 5374 3770 5432 dedecori
3821 5385 3878 5435 et

2282 5462 2478 5533 probro
2516 5463 2716 5527 habita,
2765 5477 2885 5517 eum
2933 5464 3225 5537 opprobrio
3269 5465 3513 5534 spoliata,
3546 5481 3608 5522 ac
3659 5467 3874 5524 tandem

2280 5569 2390 5608 non
2434 5567 2588 5608 secus
2632 5568 2694 5608 ac
2734 5553 2930 5623 templa
2974 5553 3295 5623 deturbate,
3337 5566 3391 5611 ct
3442 5558 3653 5628 penitus
3695 5558 3872 5617 diruta

2279 5656 2424 5703 sunt.
2457 5640 2587 5715 Quis
2612 5647 2754 5704 enim
2783 5649 2999 5720 negabit
3027 5647 3176 5703 iovis
3206 5658 3437 5705 statuam
3469 5665 3590 5705 cum
3625 5652 3873 5709 irrisione

2279 5752 2335 5799 et
2358 5739 2589 5799 ludibrio
2614 5742 2681 5798 ab
2712 5741 2980 5798 Antiocho
3004 5741 3272 5813 Cyziceno
3310 5743 3631 5812 spoliatam?
3664 5763 3682 5796 ι
3721 5744 3873 5803 Hunc
