4230 6266
277 245 388 302 629

1458 246 1525 303 iN
1551 246 1910 314 ABNOBIUM
1932 289 1948 315 ,
1989 249 2146 320 CAP.
2189 248 2358 306 XXII.

3481 258 3584 326 οδω

279 365 474 434 quippe
495 360 822 419 Antiochum
841 363 1163 436 Cyzicenum
1190 363 1402 430 ferunt,
1444 384 1463 418 ι
1497 365 1719 422 Arnobii
1749 380 1868 422 ver-
1899 375 1950 432 Α
1977 365 2065 420 lib.
2103 382 2118 420 ι
2172 365 2295 422 Var.
2330 367 2449 422 hist.
2483 409 2496 433 ,
2534 368 2562 440 ς
2591 369 2670 437 8).
2702 369 2810 425 Cur
2855 386 2984 444 ergo
3005 413 3020 440 ,
3075 374 3239 429 instat
3268 373 3540 431 Arnobius
3565 419 3580 442 ,

277 459 360 515 bis
390 459 612 523 utimur,
652 478 671 511 ι
701 459 1004 530 quindecim
1027 460 1326 515 cubitorum
1352 459 1540 516 Jovem
1563 476 1628 514 ex
1654 459 1879 514 delubro

279 567 496 608 aureum
528 553 812 626 sustulisse
831 596 845 619 ,
875 563 930 608 et
973 569 1038 608 ex
1066 569 1178 610 aere
1201 555 1485 618 bracteolis
1537 553 1878 608 substituisse

277 647 510 714 fucatam
545 666 566 714 ε
603 647 853 718 (Arnob,
880 647 970 704 lib.
995 665 1044 706 vi
1067 691 1081 714 ,
1109 667 1224 720 pag.
1267 647 1420 720 205).
1474 649 1552 710 Ex
1599 647 1879 710 Clemente

275 753 453 796 autem
503 741 873 796 Alexandrino
903 743 1031 798 illud
1069 742 1420 813 proculdubio
1447 740 1740 796 delibatum
1771 753 1875 796 est.

273 833 446 899 Audi,
485 849 694 904 qumso,
737 849 912 902 graeca
943 834 1060 904 ejus
1105 835 1265 890 verba
1292 875 1306 899 ,
1337 849 1402 890 ac
1428 833 1480 888 id
1528 833 1669 888 haud
1715 833 1878 890 dubie

272 927 526 992 fateberis
574 947 590 982 :
629 927 944 1000 Ἀντίοχοςὸ
982 931 1268 994 Κυζικηνὸς,
1297 928 1486 998 inquit,
1528 929 1877 1003 ἀπορούμενος

272 1021 581 1097 χρημάτων,
610 1026 700 1076 τοῦ
742 1022 853 1082 Διὸς
890 1023 949 1076 τὸ
980 1019 1187 1094 ἄγαλμα
1219 1023 1277 1090 τὸ
1320 1027 1583 1094 χρυσοῦν,
1609 1023 1876 1078 «cursual-

270 1112 399 1169 δίκα
415 1115 630 1185 πηχέων
643 1114 702 1168 τὸ
721 1114 927 1187 μέγεθος
954 1108 1026 1176 ὃν,
1049 1113 1333 1188 προσέταξε
1356 1119 1642 1184 χωνιῦσαι,
1678 1115 1878 1172 καὶτῆς

271 1204 428 1267 ἄλλης
460 1215 553 1266 τῆς
592 1207 900 1282 ἀτιμοτέρας
928 1205 1048 1266 ὕλης
1074 1202 1283 1278 ἄγαλμα
1315 1207 1676 1282 παραπλήσιον
1707 1206 1877 1277 ἐκείνῳ

269 1300 510 1360 πετάλοις
576 1301 980 1374 κεχρυσωμένον
1054 1301 1305 1357 ἀναθεῖναι
1376 1299 1543 1355 πάλιν.
1601 1296 1879 1370 (Clemens

268 1393 594 1459 Μετέλλαν-η
637 1394 900 1450 Admonit.
931 1393 998 1448 ad
1051 1402 1187 1464 gent.
1241 1411 1361 1463 pag.
1406 1392 1544 1463 δι.)
1595 1393 1878 1460 Antiochus

271 1487 573 1559 Cyzicenis,
602 1503 721 1542 cum
745 1495 908 1558 egeret
937 1487 1180 1555 pecuniis,
1208 1485 1354 1541 locis
1373 1503 1583 1544 auream
1631 1495 1873 1552 statuam,

269 1595 387 1651 quae
413 1590 518 1637 erat
539 1579 910 1650 magnitudinis
930 1581 1215 1646 quindecim
1248 1578 1556 1643 cubitorum,
1582 1577 1731 1648 fundi
1751 1578 1874 1646 jus-

269 1675 360 1738 sit,
386 1683 432 1731 et
453 1689 516 1729 es:
545 1673 653 1730 alia
676 1673 892 1730 materia
911 1683 1132 1731 statuam
1153 1671 1233 1732 illi
1258 1673 1476 1730 similem
1502 1672 1708 1729 laminis
1722 1673 1872 1732 inatt-

269 1776 435 1821 ratam
467 1781 677 1822 rursum
707 1767 906 1835 reponi.

339 1860 418 1915 Ex
461 1860 653 1914 eodem
704 1859 981 1930 Seriptore
1025 1874 1204 1931 graeco
1249 1858 1522 1918 Arnobius
1564 1857 1618 1914 in
1663 1857 1861 1916 librum

267 1968 420 2008 suum
446 1951 564 2008 hac
588 1951 763 2008 adhuc
790 1953 1059 2016 transtulit
1084 1971 1096 2008 :
1128 1972 1147 2006 s
1184 1952 1469 2024 Dionysius
1500 1951 1622 2019 ille,
1653 1951 1750 2010 scd
1775 1953 1859 2021 ju-

269 2046 407 2112 nior,
443 2059 568 2100 cum
597 2045 864 2101 velamine
906 2061 1070 2108 aureo
1115 2045 1370 2116 spoliaret
1412 2044 1620 2110 Jovem.
1663 2054 1718 2102 et
1763 2059 1862 2114 pro

275 2137 369 2192 illo
396 2138 609 2192 laneum
646 2137 918 2206 subderet,
945 2138 1273 2208 iocularibus
1319 2139 1478 2198 etiam
1532 2137 1743 2199 facetiis
1781 2138 1862 2196 lu-

267 2227 420 2295 dens,
459 2245 583 2286 cum
611 2245 732 2288 esse
758 2230 890 2296 illud
915 2231 968 2287 iu
995 2232 1263 2302 rigor-ibus
1288 2231 1544 2302 algidam,
1571 2229 1673 2288 hoc
1700 2245 1862 2301 vapo-

265 2338 406 2390 rum,
433 2337 722 2384 onerosum
754 2323 882 2386 illud
920 2325 971 2380 in
998 2325 1272 2390 aestatibus
1294 2323 1515 2390 diceret.
1550 2325 1652 2389 hoc
1673 2339 1862 2389 rursus

263 2418 367 2473 sub
412 2415 697 2474 ardoribus
743 2416 922 2476 ﬂabile
975 2437 994 2476 υ
1028 2417 1270 2490 (Arnob.,
1302 2419 1400 2474 loc.
1445 2416 1581 2488 cit.).
1609 2417 1861 2481 Clemens

261 2512 405 2566 enim
437 2510 832 2567 Alexandrinus
867 2511 1078 2576 dixerat
1107 2529 1120 2564 :
1152 2514 1411 2573 Διονύσιος
1463 2509 1489 2566 ὁ
1535 2512 1804 2582 τύραννος,
1835 2510 1861 2566 ὁ

259 2609 525 2682 νεώτερος,
546 2606 603 2661 τὸ
627 2605 824 2678 ἱμάτιον
866 2607 924 2663 τὸ
953 2608 1182 2682 χρύσεον
1211 2606 1558 2682 περιελόμενος
1607 2609 1700 2660 τοῦ
1753 2606 1862 2666 Διὸς

263 2702 314 2755 ἐν
361 2701 566 2776 Σικελίᾳ,
586 2703 903 2776 προσέταξεν
933 2703 1072 2774 αὐτῷ
1098 2703 1266 2777 ips'ow
1293 2702 1619 2776 περιτιθέναι,
1647 2703 1860 2777 χοιριὲν-

258 2815 365 2854 τως
385 2798 570 2868 φύσας,
597 2800 752 2849 τοῦτο
775 2790 980 2866 ἔμειναν
1008 2787 1136 2849 εἶναι
1158 2799 1249 2848 τοῦ
1279 2795 1508 2868 χρυσίου
1524 2833 1538 2855 ,
1572 2795 1661 2847 καὶ
1686 2793 1862 2870 θέρους

259 2885 596 2960 κουφότιρον,
653 2888 741 2940 καὶ
805 2886 997 2960 apricus
1057 2883 1387 2959 ἀλιιινότιραν
1452 2881 1686 2954 (Clem,
1755 2884 1856 2945 lac.

261 2978 392 3047 cit.).
444 2978 726 3048 Uionysius
753 2987 1003 3047 tyrannus
1042 2976 1215 3045 iunior
1260 2992 1376 3036 cum
1417 2991 1627 3038 auream
1673 2985 1861 3039 vestem

259 3069 375 3124 Iasi
389 3069 682 3129 abstulisset
708 3070 760 3124 in
785 3069 969 3130 Sicilia
989 3110 1004 3136 ,
1021 3071 1178 3139 jussit
1199 3085 1315 3124 eum
1337 3068 1486 3130 indui
1509 3069 1629 3130 lana
1649 3111 1665 3136 ,
1699 3073 1861 3140 facete

1943 447 1950 458 ’
1983 467 2268 528 utrumque
2298 457 2538 532 Dionysii
2593 472 2701 517 tam
2733 462 2904 518 audax
2940 464 3164 532 l‘acinus,
3223 467 3435 539 utrique
3479 469 3581 524 deo

1982 562 2088 604 tam
2133 551 2450 624 probrosum
2477 596 2491 618 ,
2527 553 2670 608 illico
2723 567 2914 611 neuter
2949 557 3276 612 vindicavit?
3316 559 3424 614 Cur
3470 570 3579 617 tam

1983 646 2203 715 patienti
2234 648 2416 701 animo
2443 647 2711 712 toleravit,
2753 660 2807 704 et
2845 651 2981 705 alter
3021 653 3238 722 quidem
3287 653 3577 710 deformari

1984 738 2192 793 vultum
2227 756 2402 807 suum,
2437 741 2574 794 alter
2617 752 2796 796 autem
2825 758 2922 796 suo
2954 753 3269 799 ornamento
3293 745 3427 801 adeo
3467 757 3579 801 tur-

1979 833 2122 902 piter
2155 833 2415 900 spoliari?
2443 833 2553 888 Cur
2577 833 2738 887 ambo
2782 835 2858 888 illi
2890 833 2963 889 dii
3005 837 3193 890 merita
3239 837 3446 893 ultione
3475 854 3578 894 non

1979 927 2422 984 demonstrarunt
2451 944 2509 984 se
2538 929 2589 983 in
2625 930 2926 984 simulacris
2953 932 3084 996 suis,
3115 932 3188 986 uti
3217 933 3444 1002 gentiles
3467 933 3581 1005 opi-

1980 1022 2247 1076 nabantur
2271 1065 2286 1092 ,
2321 1033 2618 1092 prznsenles
2655 1037 2796 1087 esse,
2855 1032 3013 1092 atque
3064 1025 3278 1079 illorum
3320 1028 3574 1082 custodes

1979 1129 2041 1169 ac
2063 1115 2415 1170 defensores?
2441 1115 2636 1170 Verum
2658 1117 2710 1169 lii
2731 1157 2743 1180 ,
2780 1135 2797 1167 ‹
2839 1118 2904 1170 ita
2934 1117 3166 1172 ludibrio
3190 1119 3352 1172 habiti
3378 1129 3521 1186 sunt,
3555 1139 3573 1172 ι

1977 1207 2151 1277 inquit
2181 1211 2538 1274 Ambrosius,
2585 1221 2640 1264 ut
2683 1226 2856 1280 neque
2902 1211 3111 1281 Jupiter
3166 1222 3372 1268 vestem
3424 1191 3604 1269 suam.

1978 1299 2272 1356 defendere
2325 1301 2596 1374 potuerit,
2654 1317 2753 1357 nec
2802 1302 3024 1357 barbam
3058 1303 3432 1375 z‘Esculapius,
3480 1323 3580 1362 nec

1978 1393 2176 1464 Apollo
2203 1394 2377 1449 adhuc
2410 1395 2710 1463 pubescere
2735 1397 2998 1465 coeperit,
3030 1412 3204 1466 neque
3234 1413 3423 1452 omnes
3447 1439 3461 1463 ,
3489 1400 3577 1469 qui

1980 1487 2231 1544 dicuntur
2255 1489 2328 1543 dii
2351 1490 2631 1544 retrahere
2660 1490 2932 1559 potuerint
2961 1501 3182 1561 patenas
3205 1533 3218 1556 ,
3251 1507 3385 1562 quas
3431 1503 3580 1548 tene-

1980 1583 2140 1648 bant,
2166 1600 2272 1638 nou
2300 1595 2405 1638 tam
2441 1584 2566 1638 furti
2613 1594 2817 1640 reatum
2849 1585 3100 1640 timentes
3122 1628 3135 1649 ,
3170 1602 3327 1657 quam
3359 1601 3577 1642 sensum

1978 1693 2084 1734 non
2139 1677 2420 1734 habentes.
2441 1677 2573 1745 Quis
2602 1679 2761 1749 igitur
2792 1695 2886 1734 eos
2911 1680 3083 1746 colat,
3118 1679 3208 1750 qui
3249 1696 3348 1734 nec
3393 1680 3580 1736 delen-

1900 1771 1946 1834 B
1974 1771 2106 1829 dere
2132 1786 2220 1838 se,
2257 1772 2407 1841 quasi
2441 1771 2546 1835 dii,
2583 1785 2681 1825 nec
2720 1770 3093 1832 abscondere,
3139 1773 3288 1842 quasi
3326 1771 3576 1827 homines

1965 1865 2232 1936 possunt?
2264 1883 2280 1915 s
2320 1863 2615 1933 (Ambros.,
2641 1863 2730 1917 lib.
2756 1879 2791 1918 ll
2816 1864 2878 1917 de
2922 1864 3201 1934 Virginib.,
3233 1880 3348 1933 cap.
3379 1864 3432 1932 5,
3463 1862 3490 1934 ᾗ
3522 1866 3576 1932 7,

1963 1975 2087 2030 pag.
2116 1957 2269 2026 172.)

2035 2049 2218 2128 Neque
2248 2058 2331 2104 est
2357 2065 2486 2106 sane
2514 2050 2655 2120 quod
2683 2049 2927 2106 ethnicus
2957 2051 3140 2106 nescio
3167 2051 3284 2122 quis
3315 2065 3436 2106 cum
3465 2050 3578 2105 Va-

1964 2140 2100 2198 lerio
2121 2141 2354 2196 Maximo
2379 2142 2532 2196 nobis
2557 2141 2775 2212 obiiciat
2792 2185 2806 2207 ,
2835 2143 3045 2198 tametsi
3071 2143 3358 2214 Dionysius
3391 2142 3570 2197 debita

1965 2235 2227 2306 supplicia
2255 2250 2362 2290 non
2413 2235 2734 2299 exsolverit.
2770 2235 2922 2290 illum
2957 2245 3134 2291 tamen
3167 2235 3434 2291 dedecore
3480 2234 3576 2294 ﬁlii

1964 2341 2152 2398 pinnas
2183 2336 2301 2396 post
2329 2337 2556 2382 mortem
2605 2327 2856 2388 dedisse,
2902 2342 3036 2397 quas
3088 2329 3242 2382 vivus
3289 2326 3572 2397 eﬂ‘ngcrat.

1965 2417 2100 2472 Nam
2132 2417 2224 2471 ille
2250 2417 2462 2471 debitas
2493 2433 2598 2472 non
2633 2427 2872 2487 paterna:
2922 2419 3016 2473 sed
3065 2433 3175 2473 suae
3205 2418 3570 2483 crudelitaits,

1967 2511 2042 2564 uti
2073 2525 2138 2564 ex
2168 2509 2432 2564 Atltmneo
2454 2551 2468 2572 ,
2497 2520 2552 2564 et
2592 2509 2806 2563 Justiuo
2834 2510 3251 2575 historico,salis
3277 2512 3565 2579 probatur,

1965 2617 2156 2672 pmnas
2183 2603 2399 2672 pertulit
2425 2603 2678 2674 (Alliam,
2726 2603 2815 2658 lib.
2851 2618 2931 2657 xu
2971 2601 3244 2673 Deipnos.,
3280 2620 3398 2674 pag.
3430 2602 3526 2657 541
3556 2621 3570 2667 ς

1963 2694 2158 2754 Justin.
2189 2736 2205 2760 ,
2235 2695 2373 2750 Hist.
2407 2697 2494 2751 lib.
2522 2713 2634 2761 ut,
2667 2712 2784 2767 cap.
2818 2695 2854 2750 2
2880 2708 2926 2751 et
2949 2679 3042 2768 5).;
3086 2697 3227 2752 unde
3247 2697 3469 2751 Ovidius
3504 2696 3572 2750 de

1966 2786 2063 2842 illo
2094 2790 2209 2842 haec
2237 2787 2467 2844 canebat
2499 2805 2514 2841 :

2059 2899 2148 2949 ille
2173 2899 2428 2964 Syracosia
2453 2900 2596 2950 modo
2618 2901 2903 2952 formidatus
2920 2904 2970 2952 in
2997 2903 3140 2964 urbe,

2183 2953 2277 3014 Vix
2304 2964 2477 3019 humili
2495 2966 2667 3018 duram
2690 2967 2909 3029 reppulit
2928 2974 3038 3016 arte
3055 2953 3252 3016 famem.

2120 3047 2307 3115 (Crist,
2330 3049 2413 3102 lib.
2437 3065 2504 3112 tv,
2521 3048 2660 3116 epist.
2683 3064 2746 3106 ea:
2771 3053 2919 3104 Paul.
2943 3049 3104 3115 Epist.
3122 3053 3172 3113 3,
3197 3064 3310 3118 pag.
3336 3051 3474 3117 328.)

261 3165 428 3219 dicens
447 3205 462 3228 ,
491 3180 606 3219 eam
625 3179 734 3218 esse
759 3178 916 3226 aurea
938 3163 1217 3228 meliorem,
1248 3171 1302 3216 ut
1322 3177 1436 3232 quat
1459 3171 1587 3218 esset
1608 3172 1655 3218 et
1679 3171 1857 3222 testate
1885 3160 1931 3225 C
2033 3157 2169 3227 Quid
2193 3173 2356 3223 vero,
2387 3158 2530 3229 quod
2556 3159 2746 3215 Cicero
2773 3158 2888 3229 ipse
2907 3200 2921 3222 ,
2951 3159 3050 3214 etsi
3081 3159 3300 3230 gentilis
3321 3203 3335 3225 ,
3364 3159 3558 3215 eodem

263 3256 434 3322 leuior,
466 3265 516 3311 et
541 3256 719 3327 hyeme
738 3255 975 3309 calidior.
1025 3255 1100 3309 De
1131 3266 1356 3324 utraque
1395 3254 1483 3320 illa
1513 3253 1663 3315 lovis
1684 3263 1859 3318 statua

261 3351 312 3404 in
330 3350 595 3420 superiori
619 3349 920 3419 Apparatus
941 3348 1108 3412 nostri
1135 3358 1281 3410 tumo
1300 3347 1654 3411 disseruimus
1679 3349 1860 3417 (tcum

260 3443 533 3514 Apparat.,
559 3443 650 3498 lib.
673 3458 762 3507 ιιι,
790 3441 991 3506 dissert.
1022 3457 1074 3505 ι,
1103 3458 1216 3510 cap.
1247 3441 1312 3508 8,
1345 3451 1440 3496 art.
1469 3440 1506 3500 ἢ
1535 3451 1579 3503 et
1611 3442 1646 3496 ’ὀ
1682 3484 1697 3500 .
1733 3458 1855 3513 pag.

262 3538 360 3593 757
389 3549 436 3594 et
458 3538 610 3607 745).
637 3538 708 3600 At
735 3537 787 3594 in
816 3537 1119 3596 simulacris
1148 3537 1260 3594 suis
1281 3579 1295 3600 ,
1328 3535 1502 3606 arguit
1551 3537 1820 3600 Arnobius
1841 3579 1855 3602 ,

261 3633 301 3686 si
327 3631 401 3690 dii
450 3632 815 3698 habitassent,
868 3646 1041 3701 neque
1087 3629 1383 3690 Antiochus
1410 3639 1465 3686 et
1492 3631 1777 3703 Dionysius
1803 3631 1856 3696 id

260 3728 515 3784 iecissent
564 3730 815 3798 impune;
851 3742 1028 3797 neque
1047 3726 1252 3797 Jupiter
1283 3736 1388 3786 tam
1416 3727 1677 3797 patienter
1715 3725 1857 3790 ferre

259 3826 522 3896 potuisset
545 3824 683 3878 tales
715 3831 996 3892 tantasque
1039 3819 1432 3882 contumelias,
1476 3821 1577 3882 sibi
1605 3821 1673 3880 ab
1700 3820 1853 3881 iniit'v

260 3917 366 3972 mis
393 3916 700 3972 hominibus
729 3930 835 3971 non
864 3915 982 3970 sine
1024 3913 1272 3970 irrisione
1321 3913 1517 3974 illatas.
1562 3913 1682 3983 Ipse
1709 3913 1853 3976 enim

262 4009 380 4066 illas
409 4025 516 4065 non
553 4017 898 4079 exspectato,
933 4007 1005 4066 uti
1037 4007 1088 4068 in
1133 4006 1411 4075 superiore
1450 4005 1677 4066 articulo
1710 4005 1852 4062 disi-

259 4116 393 4168 mus,
428 4102 590 4159 ullius
613 4101 833 4158 alterius
863 4099 1081 4166 auxilio,
1114 4098 1294 4160 statim
1328 4097 1471 4160 ultus
1501 4097 1707 4168 fuisset.

325 4196 508 4268 Pergit
532 4207 723 4256 auctor
748 4206 932 4254 noster
955 4205 1115 4267 atque
1157 4192 1401 4256 eumdem
1436 4193 1747 4264 Dionysium
1776 4193 1850 4258 si-

258 4291 455 4346 militer
486 4292 664 4348 adhuc
684 4290 922 4361 iocatum
959 4305 1080 4348 esse
1110 4297 1312 4353 narrat,
1334 4303 1454 4342 cum
1483 4285 1850 4356 [Esculapium

258 4382 585 4453 amplissima
613 4383 772 4438 barba
801 4397 962 4438 aurea
989 4382 1249 4451 spoliaret
1275 4399 1287 4435 :
1317 4399 1335 4433 ι
1372 4380 1598 4444 Facinus
1633 4399 1652 4442 ι
1681 4381 1853 4444 epim-

258 4489 381 4530 vero
401 4515 420 4538 ,
460 4493 480 4529 s
515 4488 638 4530 esse
667 4473 879 4531 dicebat
903 4474 1210 4543 indignum.
1241 4487 1309 4532 es
1336 4471 1581 4542 Apolline
1603 4486 1851 4540 procrea—

1964 3253 2122 3324 plaue
2153 3254 2312 3308 modo
2373 3269 2480 3324 quo
2523 3264 2710 3308 auctor
2742 3263 2965 3320 noster,
3012 3254 3209 3324 aliique
3257 3254 3566 3309 christianos

1964 3346 2242 3416 religionis
2270 3345 2588 3402 defensores
2609 3385 2625 3411 ,
2661 3360 2725 3400 ex
2757 3346 2996 3417 Dionysii
3021 3347 3186 3416 patris
3215 3345 3356 3401 facto
3403 3362 3563 3415 argu-

1963 3447 2234 3494 mentatur
2271 3457 2284 3492 :
2325 3457 2342 3489 ι
2383 3437 2535 3493 l-lnuc
2576 3438 2768 3508 igitur,
2807 3457 2826 3490 ›
2859 3439 3060 3507 inquit,
3100 3457 3117 3489 ι
3155 3454 3255 3493 nec
3285 3436 3565 3510 Olympius

1960 3533 2168 3604 Jupiter
2211 3532 2435 3590 fulmine
2486 3533 2773 3602 percussit,
2829 3548 2929 3588 nec
2976 3532 3320 3602 Esculapius
3365 3534 3564 3588 misero

1959 3629 2321 3698 diuturnoque
2363 3627 2554 3682 morbo
2583 3628 3006 3683 intabescentem
3037 3627 3346 3689 iutcremit’,
3400 3636 3563 3696 atque

1959 3723 2014 3777 in
2055 3736 2154 3775 suo
2183 3721 2379 3776 lectulo
2411 3728 2652 3775 mortuus
2673 3762 2687 3784 ,
2713 3721 2765 3773 in
2788 3719 3136 3790 Tympanidis
3166 3734 3354 3788 rogum
3380 3717 3560 3773 illatus

1958 3825 2043 3871 est
2059 3857 2074 3880 ,
2098 3829 2393 3884 eorumque
2415 3822 2733 3883 potestatem
2755 3853 2770 3879 ,
2800 3829 2959 3884 quam
2986 3814 3100 3884 ipse
3122 3829 3219 3884 per
3247 3813 3423 3869 scelus
3443 3824 3560 3868 erat

1959 3916 2178 3972 nactus,
2209 3907 2360 3977 quasi
2388 3907 2589 3976 justam
2620 3915 2675 3962 et
2723 3905 3016 3974 legitimam
3063 3905 3392 3961 haereditatis
3438 3906 3558 3960 loco

1958 4000 2072 4054 lilio
2103 3998 2320 4055 tradidit
2354 4017 2373 4050 ι
2407 3996 2624 4070 (Ciam,
2654 3998 2753 4051 loc.
2783 3999 2916 4063 cit.).

2027 4090 2137 4147 Nec
2161 4089 2433 4144 etlinicum
2469 4087 2798 4158 respondere
2814 4089 2964 4158 juvat
2989 4089 3139 4154 illas,
3173 4105 3295 4160 qua:
3321 4105 3553 4144 nomini-

1957 4182 2057 4238 bns
2077 4181 2355 4244 videntur,
2382 4180 2743 4236 contumelias
2767 4222 2783 4248 ,
2831 4195 3002 4250 eaque
3031 4182 3320 4250 opprobria
3338 4222 3354 4247 ,
3383 4195 3410 4236 a
3454 4179 3556 4235 diis

1955 4279 2030 4333 ita
2060 4278 2218 4348 plane
2260 4275 2480 4346 negligi,
2510 4284 2566 4329 et
2586 4274 2771 4334 haberi
2799 4289 2898 4346 pro
2925 4274 3117 4342 nihilo,
3148 4286 3204 4330 ut
3233 4274 3553 4345 supplicium

1954 4370 2025 4426 de
2069 4370 2175 4425 illis
2223 4383 2439 4423 sumere
2483 4383 2590 4423 non
2645 4369 2974 4424 curaverint.
3005 4367 3121 4436 Qua
3149 4369 3294 4424 enim
3341 4368 3554 4430 fronte.

1955 4471 2109 4533 urget
2135 4461 2406 4517 Arnobius
2430 4503 2446 4526 ,
2478 4475 2652 4531 quave
2677 4460 2841 4522 animi
2869 4461 3287 4532 tranquillitate,
3332 4476 3430 4516 seu
3464 4477 3556 4532 po-

260 4573 362 4620 tum
389 4567 499 4622 levi
521 4565 727 4636 glabro,
751 4566 1135 4636 simillimoan
1157 4563 1442 4634 impuberi,
1477 4563 1546 4624 ita
1569 4563 1847 4632 barbatum
1877 4551 1931 4614 D
1961 4557 2064 4612 tius
2084 4555 2396 4626 stupiditate
2425 4555 2498 4610 dii
2530 4555 2762 4611 tolerare
2789 4565 3079 4626 potuerunt
3109 4571 3217 4612 non
3247 4557 3419 4614 solum
3462 4558 3552 4612 illa

257 4657 428 4716 ﬁlium
478 4657 638 4728 litigi;
671 4660 799 4715 utin
827 4659 1046 4728 ancipiti
1093 4657 1448 4726 relinquatur,
1500 4666 1619 4722 uter
1663 4672 1850 4722 eul'um

255 4761 407 4821 pater
436 4751 526 4815 sit,
560 4761 681 4804 uter
727 4751 888 4815 illius,
920 4753 1084 4804 immo
1109 4767 1176 4804 an
1199 4751 1309 4816 sint
1334 4751 1549 4820 generis
1576 4760 1630 4810 et
1657 4764 1853 4820 cogna-

255 4847 418 4905 tionis
446 4846 608 4903 unius
639 4863 658 4898 ο
696 4843 937 4915 (Arnob,
976 4843 1063 4910 lib.
1095 4859 1167 4907 v1,
1220 4861 1339 4917 pag.
1387 4841 1540 4912 206).
1586 4842 1851 4912 Numquid

255 4953 282 4990 a
313 4953 441 4993 vero
482 4939 530 4992 is
559 4939 784 5000 multum
810 4936 1162 5006 abet-raverit,
1193 4937 1285 5006 qui
1311 4937 1452 5004 istud
1478 4953 1542 5008 ex
1575 4937 1656 4998 bis
1701 4937 1851 5008 Cice-

255 5031 402 5094 ronis
431 5029 613 5098 verbis
631 5030 944 5106 decerptum
990 5044 1110 5096 esse
1157 5030 1464 5102 opinabitur
1493 5047 1506 5083 :
1538 5047 1558 5100 ᾳ
1597 5029 1851 5098 Idemque

256 5123 581 5196 Dionysius,
620 5143 637 5196 9
677 5125 950 5192 inquiebat
992 5123 1213 5194 Latinus
1253 5121 1464 5192 Orator,
1499 5142 1514 5178 s
1556 5121 1846 5196 ,Esculapii

253 5219 532 5288 Epidaurii
563 5219 782 5284 barbam
827 5234 1047 5289 attream
1075 5218 1219 5282 dolui
1267 5218 1445 5288 jussit.
1472 5218 1657 5293 Neque
1699 5219 1844 5290 enim

256 5315 560 5379 convenire
590 5313 869 5380 barbatum
914 5328 1034 5372 esse
1084 5312 1285 5384 lilium,
1318 5327 1439 5378 cum
1491 5313 1543 5368 in
1598 5311 1847 5384 omnibus

256 5406 394 5462 fanis
424 5415 579 5477 pater
604 5404 863 5470 imberbis
885 5416 1028 5472 esset
1068 5423 1086 5470 ῃ
1115 5404 1325 5478 (Cicera,
1354 5405 1443 5471 lib.
1475 5421 1530 5474 tu
1558 5405 1620 5475 de
1653 5403 1844 5462 Natur.

256 5498 428 5565 daein,
454 5515 572 5568 pag.
603 5494 756 5567 252).
791 5497 990 5570 Eadem
1017 5496 1084 5564 de
1122 5507 1349 5568 utroque
1401 5497 1637 5569 Dionysii
1684 5497 1848 5568 impio

256 5591 498 5650 facinore
536 5589 788 5648 Valerius
844 5590 1137 5658 Maximus,
1185 5591 1522 5658 Lactantius,
1573 5590 1850 5658 Elianus,

257 5695 423 5755 atque
447 5684 553 5740 allii
575 5684 874 5747 retulerunt
904 5682 1053 5754 (Val.
1082 5683 1261 5748 Mam,
1292 5683 1381 5748 lib.
1416 5699 1468 5748 ι.
1511 5698 1631 5756 cap.
1655 5682 1759 5756 2,5
1795 5684 1851 5752 5,

256 5794 376 5849 pag.
413 5777 518 5845 30;
544 5776 802 5845 Lactant,
835 5778 926 5845 lib.
961 5793 1026 5846 ιι,
1052 5794 1169 5848 cap,
1197 5776 1251 5846 4,
1275 5792 1398 5849 pag.
1433 5776 1570 5846 l57;
1621 5775 1852 5847 (Etiam,

1961 4649 2124 4717 impia
2150 4647 2553 4719 Dionysiorum,
2583 4649 2917 4705 et-‘Autiochi
2944 4650 3118 4715 facta;
3151 4650 3245 4706 sed
3266 4652 3365 4705 alia
3389 4653 3551 4708 etiam

1959 4741 2262 4797 execranda
2283 4783 2297 4807 ,
2327 4757 2434 4798 nec
2454 4744 2573 4808 siue
2590 4742 2815 4799 horrore
2835 4743 3164 4800 nominanda
3190 4745 3410 4815 ﬂagitia,
3434 4763 3552 4814 quae

1961 4835 2473 4906 aPhilostepbano,
2527 4848 2584 4894 et
2635 4839 2924 4909 Posidippo
2978 4843 3252 4896 tnemorize
3300 4841 3551 4896 mandata

1959 4931 2121 4985 sunt?
2154 4930 2364 4986 Primus
2385 4931 2562 4996 enim,
2596 4950 2614 4983 ι
2647 4933 2699 4986 iu
2729 4929 3036 5002 Cypriacis,
3071 4952 3089 4994 ι
3117 4937 3193 4988 ait
3219 4944 3404 4988 auctor
3429 4949 3554 4989 nos-

1958 5033 2040 5080 ter
2058 5065 2074 5090 ,
2109 5043 2129 5078 t
2167 5035 2356 5079 auctor
2381 5033 2464 5080 est
2483 5025 2904 5096 Pygmalionem,
2930 5042 3108 5097 regem
3122 5028 3303 5099 Cypri,
3333 5029 3553 5085 simula-

1954 5134 2108 5174 crum
2137 5119 2381 5185 Veneris,
2413 5118 2555 5188 quod
2586 5119 2885 5174 sanctitatis
2915 5121 3058 5190 apud
3088 5123 3337 5194 Cyprios,
3381 5133 3436 5178 ct
3462 5140 3548 5180 re-

1955 5213 2166 5284 ligionis
2183 5213 2479 5268 habebatur
2490 5213 2742 5283 antiquae,
2760 5213 3041 5269 adornasse
3059 5227 3115 5269 ut
3128 5215 3401 5272 feminam.
3414 5259 3426 5272 .
3439 5256 3451 5270 .
3471 5232 3552 5272 so-

1954 5304 2106 5361 litum
2125 5305 2405 5360 sublevato
2427 5306 2478 5360 in
2505 5305 2762 5361 lectulum
2781 5307 3000 5362 numine
3021 5309 3325 5378 oopularier
3340 5310 3547 5380 ample-

1957 5400 2224 5456 xibus.....
2257 5398 2533 5456 Consimili
2561 5399 2774 5456 ratione
2806 5400 3133 5472 Posidippus
3179 5403 3232 5456 lu
3282 5417 3349 5458 eo
3370 5403 3543 5471 libro,

1953 5509 2111 5565 quem
2144 5493 2400 5564 scriptum
2427 5509 2590 5564 super
2611 5493 2786 5550 Cuido
2816 5493 3015 5550 indicat
3035 5539 3050 5562 ,
3084 5511 3354 5567 superque
3384 5497 3548 5553 rebus

1953 5587 2102 5656 ejus,
2151 5586 2547 5644 adolescentem
2581 5587 2723 5644 haud
2769 5589 3057 5659 ignobilem
3105 5593 3400 5659 memorat;
3453 5595 3546 5649 sed

1955 5679 2271 5735 vocabulum
2293 5679 2411 5750 ejus
2439 5679 2710 5745 obscurat,
2744 5690 3050 5752 correptum
3078 5683 3351 5740 amoribus
3377 5684 3548 5740 Vene~

1957 5774 2031 5828 ris
2054 5813 2070 5840 ,
2113 5782 2333 5844 propter
2362 5787 2520 5843 quam
2560 5771 2759 5828 Cnidus
2784 5773 2837 5828 in
2869 5774 3088 5832 nomine
3119 5784 3238 5843 est,
3263 5777 3550 5833 amatorias
