4230 6266
350 293 461 350 6'53

1558 300 1625 357 IN
1656 299 2038 368 ARNOBIUM,
2069 299 2222 357 CAP.
2266 280 2489 360 χχιιι(

3540 305 3645 365 654

343 409 683 480 sapientibus
724 413 1029 483 reipublicae
1059 428 1245 482 causa,
1276 425 1335 471 ut
1356 431 1490 487 quos
1518 417 1655 472 ratio
1681 432 1787 471 non
1815 431 1941 487 pos-
1970 419 2021 480 Λ
2046 431 2138 473 ces
2164 432 2230 473 ex
2262 416 2549 484 Macrobio,
2583 421 2675 491 qui
2698 429 2820 491 post
2855 421 3051 478 citatos
3079 438 3110 479 a
3136 438 3197 481 se
3234 423 3543 481 Trebatium
3590 434 3648 483 et

341 511 468 567 set,
500 517 596 557 eos
622 503 689 559 ad
735 505 970 586 cilicium
1000 508 1191 580 religio
1233 510 1490 577 duceret,
1521 525 1701 565 nonne
1728 525 1944 565 omnem

342 596 670 666 religionem
700 598 937 654 funditus
967 602 1331 659 sustulerunt?
1366 625 1384 656 ι
1419 601 1645 675 (Cicera,
1690 603 1779 658 lib.
1804 619 1840 658 ιι
1882 605 1946 658 de

346 685 544 744 Natur.
568 691 733 757 deor.,
760 708 879 764 pag.
906 692 1069 766 2l2.)

428 786 497 837 At
544 798 608 838 ex
639 782 1021 851 hisomnibus,
1071 805 1190 859 qua:
1242 789 1294 844 in
1342 790 1443 846 hoc
1481 801 1536 847 et
1574 790 1946 868 superioribus

342 877 599 931 articulis
643 877 909 948 disputata
938 890 1063 936 sunt
1085 923 1099 944 ,
1128 881 1283 938 facile
1308 885 1531 955 quilibet
1558 885 1812 955 colligere
1852 899 1948 955 po-

342 969 483 1023 terit
535 969 602 1024 ab
651 970 890 1026 Aruobio
945 972 1285 1030 validissimis
1339 977 1602 1031 rationmn
1658 976 1949 1032 ntomentis

342 1063 697 1133 comprobari
728 1062 953 1119 deorum
1002 1067 1257 1137 imagines
1286 1078 1339 1124 et
1381 1070 1668 1132 simulacra
1727 1085 1947 1141 prorsus

341 1155 660 1225 datnnanda
701 1174 823 1214 esse
853 1168 907 1215 et
933 1161 1243 1230 rejicieuda.
1290 1161 1531 1219 Gentiles
1581 1165 1846 1235 siquidem
1895 1165 1947 1219 in

342 1251 597 1305 animum
627 1265 781 1306 suum
814 1253 1011 1309 frustra
1040 1255 1363 1311 itnluxerant
1389 1273 1450 1312 ea
1474 1299 1490 1323 ,
1522 1258 1636 1314 sive
1656 1266 1814 1322 ante,
1838 1257 1952 1313 sive

344 1354 482 1413 post
525 1358 708 1398 eorum
748 1344 1140 1403 dedicationem
1170 1364 1234 1403 ac
1274 1351 1771 1418 consecrationem,
1817 1352 1950 1407 deos

346 1434 675 1507 ﬁeri,atque
699 1436 894 1495 abillis
924 1440 1158 1498 conferri
1188 1442 1287 1497 sibi
1319 1458 1476 1513 posse
1503 1460 1683 1516 Opem,
1709 1446 1947 1501 favorem

350 1538 417 1583 et
449 1528 724 1585 benelicia.
778 1530 922 1588 Nihil
963 1535 1239 1590 enimvero
1264 1536 1318 1591 in
1347 1538 1426 1592 eis
1449 1546 1596 1603 erat,
1629 1538 1732 1593 nisi
1760 1554 1792 1593 a
1823 1553 1949 1594 vera

352 1619 636 1679 dit‘Ittiiale
663 1640 887 1694 prorsus
912 1627 1231 1697 abhorrens,
1260 1646 1322 1686 ac
1343 1646 1493 1687 suam
1523 1632 1837 1703 plerumque
1878 1634 1949 1688 ob

352 1715 741 1785 turpitudinem
781 1734 910 1775 vero
935 1730 989 1777 et
1019 1723 1224 1792 optimo
1267 1724 1378 1781 Deo
1408 1726 1619 1794 penitus
1649 1728 1944 1798 indignum.

2050 510 2335 583 Virgilium
2362 513 2617 570 observat
2647 514 2753 571 hoc
2790 514 3091 573 bostiaium
3121 534 3312 589 genus,
3341 520 3496 591 cujus
3533 520 3649 577 sola

2046 604 2224 658 anima
2265 619 2533 674 sacratur,
2574 609 2643 665 ab
2687 609 3060 682 haruSpicihus
3086 613 3377 669 animalem
3416 615 3647 670 hostiam

2048 700 2225 753 vocari
2258 699 2541 771 (Macr-0b.,
2576 703 2664 757 lib.
2696 721 2751 759 ιιι
2784 704 3080 775 Saturual.,
3127 725 3244 779 cap.
3277 709 3331 776 5,
3381 724 3501 780 pag.
3543 708 3652 764 322

2046 801 2093 845 ct
2115 792 2306 865 seqq.).
2346 796 2542 852 Strabo
2572 798 2789 865 autem,
2820 800 2909 855 ubi
2957 801 3027 857 de
3058 802 3344 858 Persarum
3373 802 3651 859 sacriliciis

2046 886 2303 956 disputat,
2354 889 2473 946 haec
2516 893 2791 947 memoria:
2834 893 3076 965 prodidit
3117 913 3132 949 :
3188 915 3207 949 ι
3258 896 3453 951 Dicunt
3480 896 3650 951 Deum

2049 979 2182 1034 nihil
2210 981 2347 1036 velle
2376 992 2573 1053 praeter
2612 986 2802 1040 hostiae
2857 991 3113 1042 animam.
3153 1007 3173 1042 ι
3209 988 3436 1059 (Strab.,
3465 988 3551 1043 lib.
3581 1004 3652 1045 xv

2049 1071 2259 1146 Geogr.,
2321 1092 2439 1147 pag.
2499 1075 2652 1151 752.)
2681 1079 2841 1149 Atqui
2887 1080 3090 1136 ethnici
3142 1080 3339 1137 frustra
3397 1082 3655 1148 putabant

2050 1163 2182 1220 deos
2200 1166 2457 1234 animata,
2484 1169 2597 1224 sive
2629 1169 2939 1239 hujusmodi
2961 1173 3175 1229 victima
3204 1173 3401 1229 nutriri
3430 1192 3444 1229 :
3476 1192 3497 1226 ‹
3533 1172 3650 1229 Nisi

2049 1255 2208 1322 forte,
2249 1277 2267 1310 ι
2297 1260 2371 1314 ιιιὶ
2402 1262 2670 1317 Arnobius
2690 1262 2867 1319 facere
2889 1265 3087 1337 arguit,
3120 1285 3140 1317 ι
3181 1267 3477 1322 hostiarum
3505 1266 3640 1322 deus

2051 1351 2263 1406 animas
2290 1353 2533 1419 devorat,
2560 1366 2653 1409 aut
2677 1358 2787 1411 aris
2813 1357 3129 1414 ardentibus
3151 1359 3397 1415 nidorem
3419 1374 3649 1416 consec-

2053 1452 2215 1511 tatur,
2247 1456 2302 1501 et
2347 1445 2524 1502 fumos
2546 1490 2562 1515 ,
2595 1450 2940 1521 paseiturque
2986 1451 3053 1506 de
3089 1451 3314 1517 cnissis,
3346 1466 3481 1524 quas
3522 1467 3654 1506 evo-

2051 1541 2474 1598 muntardentia
2498 1544 2725 1608 viscera,
2764 1545 2943 1601 adhuc
2983 1545 3117 1601 suda
3154 1547 3223 1602 de
3265 1546 3565 1619 sanguine,
3597 1554 3654 1603 et

2053 1635 2325 1705 prioribus
2355 1638 2603 1694 humecta
2630 1639 2699 1694 de
2728 1641 2905 1695 succis
2932 1659 2952 1693 ι
3006 1641 3246 1707 (Arnob,
3277 1642 3371 1699 lib.
3401 1658 3493 1709 vn,
3527 1658 3647 1712 pag.

2052 1728 2201 1797 212).
2238 1728 2428 1785 CttiSsa
2459 1741 2661 1797 autent,
2690 1748 2865 1803 grmee
2887 1738 3095 1799 κνίσσα,
3126 1735 3210 1791 vel
3249 1739 3423 1802 κνίσα,
3464 1746 3546 1790 est
3571 1735 3654 1791 ni-

349 1805 493 1876 Qum
520 1810 733 1879 quidem
761 1813 939 1870 adhuc
969 1815 1163 1871 tnirum
1190 1818 1243 1872 in
1274 1818 1493 1874 modum
1523 1835 1590 1876 ex
1636 1821 1701 1876 iis
1752 1823 1948 1877 conlir-
1981 1810 2028 1870 B
2054 1820 2173 1886 dor,
2199 1835 2294 1876 seu
2323 1822 2635 1877 animalium
2664 1825 2873 1892 arvina,
2917 1837 2972 1881 et
2999 1818 3291 1897 pinguedo,
3324 1829 3437 1884 sive
3473 1827 3652 1885 fumus

350 1911 595 1968 mantur,
627 1919 749 1973 qua:
770 1904 882 1977 jam
905 1907 1033 1964 alibi
1063 1909 1203 1965 haud
1225 1913 1392 1967 semel
1432 1912 1947 1983 animadvertimus,

350 1993 452 2067 ubi
484 1997 642 2051 etiam
673 1999 952 2056 manifeste
974 2043 990 2067 ,
1039 2004 1111 2059 uti
1144 2006 1447 2075 opinamur,
1474 2006 1665 2075 cuivis,
1693 2009 1949 2079 pra-judi-

340 2086 496 2161 rcntis
537 2090 879 2159 Opinionibus
910 2110 1014 2149 non
1050 2098 1261 2166 penitus
1281 2111 1581 2168 excwcato,
1614 2104 1952 2160 ostendimus

351 2180 493 2235 nihil
541 2182 668 2239 inde
706 2193 891 2241 contra
922 2187 1182 2260 imagines
1214 2192 1347 2260 pica
1368 2195 1674 2250 christianis
1714 2195 1818 2251 coli
1854 2211 1949 2252 so-

350 2274 482 2330 litas
508 2292 665 2347 posse
681 2278 969 2351 quidquam
991 2285 1179 2340 conlici
1202 2284 1465 2356 (οἰκία-ι..
1495 2289 1548 2343 in
1575 2287 1798 2355 Minuc.,
1829 2306 1948 2361 cap.

352 2367 449 2434 I9,
471 2378 573 2425 art.
593 2368 648 2438 2;
685 2381 803 2426 tam.
830 2374 1137 2445 tApparat.,
1168 2377 1257 2432 lib.
1277 2395 1330 2443 v,
1351 2379 1554 2435 dissert.
1572 2382 1624 2444 1.
1643 2399 1759 2451 cap.
1776 2382 1831 2447 9,
1846 2392 1948 2437 art.

350 2461 410 2528 5,
442 2480 563 2534 pag.
589 2466 753 2521 74581
770 2473 959 2539 seqq.).
990 2468 1097 2526 Sed
1127 2472 1195 2527 de
1227 2471 1310 2526 his
1337 2474 1514 2528 adhuc
1546 2476 1597 2530 in
1612 2477 1948 2548 subsequen-

350 2554 500 2613 tibus
527 2558 995 2618 dissertationibus
1022 2566 1220 2621 nostris
1251 2567 1539 2637 agendum.

923 2704 1151 2761 CAPUT
1178 2704 1371 2762 XXIII.

812 2840 888 2895 De
924 2842 1189 2914 gentilium
1216 2844 1502 2914 sacriﬁciis.

886 2995 1181 3037 Αιιτιουιυε
1201 2996 1411 3037 PBIIUS.

351 3113 543 3185 Quibus
560 3119 866 3185 argumentis
890 3118 1139 3170 Arnobius
1154 3120 1280 3170 nulla
1305 3122 1544 3173 sacrificia
1567 3108 1664 3173 diis
1687 3124 1951 3185 gentilium

410 3179 639 3250 facienda
665 3195 778 3231 esse
795 3182 1134 3250 AdemonStret,
1183 3190 1333 3250 atque.
1372 3186 1619 3250 oppositas
1659 3179 1947 3237 earumdem

412 3243 686 3313 gentilium
718 3246 941 3313 rationes
979 3252 1189 3306 evertat,
1239 3243 1322 3297 ubi
1355 3243 1605 3299 de'bostia
1642 3250 1855 3313 animali,
1881 3251 1947 3302 de

416 3307 581 3356 cnissa
596 3313 650 3357 et
672 3307 843 3357 hostia:
866 3310 1042 3358 anima.

428 3412 487 3469 Si
540 3412 651 3469 ﬁcti
693 3415 1155 3487 commentitiique
1197 3417 1305 3471 sint
1334 3416 1434 3484 dii,
1467 3419 1512 3474 si
1541 3419 1684 3474 nulla
1716 3420 1945 3491 proinde

358 3506 424 3562 iis
455 3506 674 3577 templa,
700 3506 948 3574 delubra,
972 3505 1092 3564 fana
1118 3509 1502 3574 construenda,
1521 3511 1565 3564 si
1595 3510 1811 3567 illorutn
1842 3513 1952 3569 sint

352 3598 506 3656 fuisse
526 3601 809 3671 imagines,
835 3602 1190 3672 lictitia'signa
1210 3610 1267 3657 et
1289 3603 1599 3669 simulacra,
1622 3620 1800 3661 nonne
1824 3605 1949 3661 inde

355 3693 600 3763 sequitur
627 3693 768 3748 nulla
799 3708 1017 3764 prorsus
1043 3694 1307 3750 sacrificia
1337 3695 1537 3751 debere
1568 3712 1817 3767 umquam
1846 3696 1951 3752 illis

359 3786 512 3840 fieri?
546 3786 705 3858 Atqui
738 3788 924 3857 prima:
967 3787 1381 3859 propositiones,
1416 3790 1489 3844 uti
1539 3789 1787 3860 superius
1815 3790 1976 3846 vidi-.

358 3896 503 3945 mus,
545 3883 614 3939 ab
668 3883 908 3940 Arnobio
960 3884 1312 3940 invictissime
1364 3886 1681 3956 probantur.
1730 3886 1871 3957 Ergo
1895 3895 1952 3942 et

357 3974 546 4031 ultima
571 3976 732 4032 simul
757 3993 878 4031 eum
913 3977 1021 4033 illis
1051 3988 1158 4032 tam
1207 3987 1394 4048 aperte
1435 3978 1803 4033 demonstrata
1832 3989 1948 4043 est,

355 4081 415 4122 ut
464 4084 533 4124 tte
562 4069 778 4124 minima
809 4068 1027 4141 quidem
1074 4070 1304 4141 amplius
1350 4069 1665 4139 probatione
1709 4069 1950 4139 indigere

354 4163 621 4219 videatur.
650 4162 850 4220 Verum
882 4163 1152 4235 prioribus
1192 4162 1297 4218 illis
1338 4164 1614 4219 erroribus
1639 4162 1948 4233 singillatim

353 4255 670 4322 confutatis,
720 4256 966 4335 ethunc
1020 4271 1234 4328 quoque
1274 4255 1624 4327 posteriorem
1680 4255 1949 4311 Arnobius

354 4350 657 4422 speciatim,
685 4366 747 4406 ac
776 4348 1131 4420 peculiaribus
1151 4348 1450 4404 rationibus
1475 4367 1503 4402 a
1534 4364 1593 4405 se
1629 4348 1914 4420 impugnari
1933 4375 1950 4388 -

354 4446 483 4501 dum
506 4459 626 4502 esse
638 4445 913 4515 judicavit.

426 4538 770 4594 Manifestum
808 4540 984 4609 itaque
1013 4538 1188 4608 primo
1230 4536 1360 4593 facit
1398 4538 1596 4593 nullam
1624 4538 1833 4607 penitus
1862 4553 1948 4595 sa-

353 4633 547 4690 crificii
580 4632 740 4688 ullius
768 4632 872 4688 diis
898 4633 1177 4704 gentilium
1221 4631 1452 4687 faciendi
1487 4646 1705 4687 causam
1731 4646 1890 4703 posse
1918 4647 1949 4687 a

354 4740 628 4799 quoquam
648 4726 917 4797 adsignari
940 4726 1180 4795 (Arnob.,
1204 4725 1293 4779 lib.
1316 4741 1409 4789 vn,
1427 4741 1545 4797 pag.
1578 4724 1682 4780 212
1697 4736 1741 4780 et
1760 4723 1947 4799 seqq.).

355 4822 501 4878 Nihil
528 4825 673 4879 enim
697 4822 986 4887 commodi,
1017 4829 1109 4876 aut
1133 4821 1285 4889 lucri,
1321 4831 1414 4875 aut
1440 4819 1646 4875 fructus
1664 4835 1731 4876 ex
1763 4821 1828 4874 iis
1853 4820 1948 4886 dii,

355 4919 403 4973 si
449 4918 540 4987 qui
585 4916 730 4982 sint,
776 4916 1052 4986 percipere
1094 4929 1325 4985 unquam
1369 4921 1681 4984 potuerunt.
1729 4912 1948 4968 Falsum

356 5009 625 5080 siquidem
654 5017 739 5064 est
765 5024 859 5063 eos
885 5007 1160 5062 sacrificiis
1190 5006 1281 5072 ali,
1311 5012 1381 5076 et;
1400 5005 1611 5061 nutriri.
1644 5004 1775 5059 Nam
1804 5006 1951 5075 quis-

356 5103 481 5173 quis
506 5102 612 5157 cibi
653 5113 705 5158 et
734 5100 979 5156 alimenti
1017 5100 1218 5171 aliquid
1254 5100 1471 5171 accipit,
1520 5099 1567 5153 is
1596 5098 1839 5179 mortalis
1879 5097 1953 5153 sit

355 5208 595 5271 oportet.
630 5198 709 5252 Dii
737 5213 862 5252 vero
887 5195 1221 5251 immortales
1242 5211 1362 5250 esse
1392 5192 1609 5250 debent.

434 5292 642 5347 Deinde
672 5290 816 5360 quod
855 5289 1078 5346 deorum
1112 5289 1374 5345 altaribus
1418 5289 1737 5343 admovetur
1776 5286 1952 5341 inani-

359 5398 563 5443 matam
595 5387 727 5443 illud
749 5397 853 5451 est,
875 5395 967 5439 :tut
1000 5385 1294 5440 animatum
1324 5382 1534 5456 (Ibid),
1561 5383 1632 5437 At
1654 5380 1727 5436 dii
1759 5390 1954 5437 neutro

358 5480 431 5535 aii
461 5488 705 5551 possunt.
746 5478 862 5532 Non
910 5477 1207 5531 inanimato
1238 5474 1486 5546 quidem,
1531 5474 1633 5527 nisi
1681 5473 1951 5543 corporei,

358 5574 517 5629 siculi
545 5574 789 5628 homines
819 5571 1088 5632 dicantur.
1122 5585 1184 5624 ac
1226 5568 1452 5639 proinde
1482 5566 1553 5622 dii
1589 5582 1692 5620 non
1717 5566 1844 5622 sint.
1872 5564 1952 5620 Ad

358 5667 480 5723 bare
512 5682 638 5722 vero
669 5666 850 5721 nullus
876 5663 1195 5720 diflitebitur
1225 5662 1289 5718 iis
1309 5662 1601 5715 animatum
1630 5660 1803 5732 potius
1824 5673 1954 5714 con-

356 5766 547 5819 venire
585 5779 743 5835 quam
776 5761 1149 5819 inanimatum.
1192 5757 1498 5813 Animatum
1547 5754 1723 5819 enim,
1773 5761 1834 5808 ut
1880 5751 1956 5807 ait

352 5856 654 5926 Arnobius,
677 5864 761 5913 est
781 5850 1019 5911 animalis
1048 5852 1233 5909 hostia.
1267 5849 1398 5919 Quae
1420 5859 1602 5907 autem
1629 5863 1693 5905 ea
1721 5848 1810 5915 sit,
1840 5837 1955 5901 dis-

1972 4591 2028 4652 D

2054 1930 2213 1986 quem
2241 1932 2365 1972 cum
2390 1917 2564 1974 hostia
2592 1920 2957 1987 comburitur,
3004 1924 3141 1992 ignis
3168 1922 3401 1978 exhalat.
3450 1922 3654 1980 Ultimo

2053 2020 2237 2064 autem
2268 2011 2372 2066 hoc
2397 2026 2559 2067 sensu
2588 2014 2657 2069 ab
2682 2029 2907 2071 auc.ore
2931 2026 3118 2072 nostro
3146 2017 3430 2088 accipitur.

2125 2102 2195 2158 At
2221 2104 2453 2175 gentiles
2475 2121 2665 2161 revera
2687 2106 2983 2162 credidisse
3013 2108 3146 2164 deos
3170 2124 3299 2165 suos
3330 2109 3416 2165 bis
3457 2108 3653 2167 cnissis
3688 2096 3691 2099 ’

2056 2200 2202 2270 pasci
2233 2212 2290 2254 et
2312 2201 2563 2267 saturari,
2609 2216 2678 2255 ex
2711 2201 2793 2255 his
2832 2201 3058 2274 colliges
3095 2202 3392 2260 Clementis
3418 2204 3656 2260 Alexan-

2053 2291 2397 2348 drini'verbis
2432 2310 2444 2347 :
2480 2297 2603 2355 Ζεὺς
2630 2292 2685 2349 δὲ
2734 2295 2952 2373 ὕστερον
3009 2297 3286 2371 ἐπιφανεὶς,
3334 2299 3377 2351 εὶ
3418 2298 3528 2358 θεὸς
3569 2294 3650 2364 ἦν,

2052 2390 2206 2460 τάχα
2221 2409 2324 2442 που
2356 2396 2447 2449 τῆς
2467 2391 2682 2449 κνίσσης
2701 2397 2801 2445 τῶν
2825 2391 3133 2462 ὀπτωμένων
3149 2398 3306 2466 κρεῶν
3327 2391 3646 2462 μεταλαϐὼν,

2054 2478 2113 2541 ἧς
2141 2478 2278 2537 δὲτὸ
2314 2483 2469 2557 ’γέρας
2513 2483 2696 2554 λαχεῖν
2744 2482 3075 2557 ὁμολογοῦσιν
3119 2485 3263 2557 ὑμῶν
3301 2485 3346 2538 οἱ
3383 2486 3485 2539 θεοὶ
3514 2481 3655 2557 (Cle-

2048 2587 2195 2629 mens
2225 2574 2533 2640 Alexandr.,
2567 2575 2830 2630 Admonit.
2857 2577 2925 2631 ad
2950 2586 3111 2647 gent.,
3146 2595 3267 2649 pag.
3307 2574 3416 2649 12).
3445 2574 3652 2649 Jupiter

2054 2679 2223 2722 autem
2248 2685 2366 2722 cum
2389 2680 2564 2738 postea
2590 2670 2938 2739 apparuisset,
2968 2669 3014 2724 si
3039 2670 3245 2740 quidem
3272 2668 3398 2724 deus
3425 2677 3557 2734 erat,
3584 2678 3645 2723 ut

2053 2763 2140 2834 qui
2185 2777 2420 2816 asserum
2442 2763 2689 2816 carnium
2738 2763 2964 2817 cnissam
3012 2768 3145 2835 forte
3196 2764 3455 2830 sensisset,
3501 2763 3651 2832 cujus

2055 2854 2252 2924 prtemii
2277 2870 2334 2909 se
2372 2871 2481 2909 esse
2505 2855 2784 2927 participes
2812 2855 2964 2910 uestri
3001 2854 3084 2909 dei
3110 2857 3435 2923 conﬁteatur.
3464 2855 3651 2926 Neque

2054 2946 2231 3002 minus
2277 2947 2563 3018 perspicue
2605 2946 2660 3003 id
2717 2947 2928 3018 probari
2975 2957 3149 3018 potest
3177 2948 3497 3003 auctoritate
3537 2946 3649 3003 Lu-

2052 3039 2218 3104 ciani,
2249 3039 2341 3110 qui
2372 3039 2611 3107 quidem,
2638 3040 2888 3110 quamvis
2915 3038 3171 3095 ethnicus
3201 3039 3387 3105 homo,
3414 3055 3542 3096 suos
3571 3048 3651 3094 ta-

2053 3149 2176 3189 tnen
2201 3133 2333 3189 deos
2364 3133 2469 3190 hoc
2513 3143 2819 3211 σαρκοσμῷ,
2853 3134 3086 3190 irridere
3116 3149 3281 3188 ausus
3312 3143 3395 3188 est
3425 3150 3440 3187 ε
3494 3152 3514 3186 ι
3562 3133 3646 3187 Dii

2047 3228 2198 3298 juxta
2225 3228 2411 3284 Jovem
2431 3228 2760 3297 adsidentes,
2787 3229 2841 3282 in
2870 3239 3066 3284 terram
3089 3227 3416 3298 deSpiciunt,
3438 3235 3494 3282 et
3516 3242 3652 3297 quo-

2051 3337 2159 3393 quo
2185 3337 2399 3378 versum
2428 3322 2637 3378 intento
2663 3323 2838 3393 capite
2868 3364 2884 3390 ,
2917 3322 3396 3393 circumspectant,
3425 3320 3648 3376 sicunde

2051 3415 2433 3471 subvolantem
2467 3418 2643 3487 ignem
2665 3416 2906 3479 videant,
2931 3414 3018 3471 vel
3041 3414 3285 3469 nidorem
3316 3414 3369 3469 in
3392 3428 3518 3469 aere
3538 3427 3654 3468 sura

2050 3518 2295 3579 gentem,
2322 3509 2354 3569 ἣ
2384 3511 2757 3586 ἀναφερομένην
2781 3510 3019 3575 κνίσσαν,
3050 3509 3302 3577 circaque
3326 3506 3530 3562 fumum
3562 3520 3649 3561 ro-

2054 3609 2255 3655 tantem
2283 3616 2428 3657 esse.
2476 3601 2632 3669 Quod
2666 3601 2712 3655 si
2740 3601 2857 3671 quis
2893 3600 3037 3656 forte
3061 3615 3276 3656 sacrum
3315 3598 3494 3665 faciat,
3520 3614 3653 3670 epu-

2053 3692 2235 3748 lantur
2257 3708 2466 3761 omnes,
2500 3693 2644 3748 furno
2678 3692 2970 3759 inhiantes,
3019 3708 3084 3749 ac
3112 3707 3419 3748 muscarum
3450 3691 3504 3746 in
3532 3706 3654 3747 m0-

2052 3802 2168 3843 retn
2208 3789 2525 3858 sanguinem
2562 3797 2920 3858 exsugeutes,
2966 3787 3169 3843 circum
3207 3801 3328 3843 aras
3364 3784 3592 3843 effusum
3628 3806 3647 3837 ›

2053 3885 2296 3951 Lucian.,
2329 3885 2392 3939 de
2414 3884 2681 3954 Sacri/ia,
2705 3901 2825 3955 pag.
2857 3883 3009 3954 185).

2126 3980 2232 4037 Sed
2264 3980 2406 4035 hanc
2427 3978 2872 4036 absurdissima")
2900 3978 3213 4048 opinionem
3238 3975 3513 4031 Arnobius
3534 3974 3655 4031 ideo

2054 4071 2286 4137 refellit;
2312 4070 2435 4142 quia
2464 4070 2598 4123 nihil
2629 4068 2788 4139 plane
2816 4084 2886 4125 ex
2910 4067 3185 4122 immolata
3212 4067 3450 4137 qualibet
3478 4065 3653 4122 hostia

2052 4165 2118 4220 ad
2148 4164 2372 4219 deorum
2417 4161 2773 4217 substantiam
2814 4158 3079 4233 pervenit.
3119 4158 3389 4230 Quidquid
3412 4159 3559 4214 enim
3586 4159 3658 4217 ab

2052 4257 2344 4329 gentilibus
2376 4253 2783 4319 immolabatur,
2811 4252 3129 4308 remanebat
3152 4254 3205 4306 in
3237 4262 3400 4314 terra,
3428 4259 3521 4306 aut
3544 4266 3657 4307 sur.

2053 4368 2173 4407 sum
2218 4350 2594 4415 sublevatum,
2630 4358 2796 4421 atque
2847 4349 2899 4403 in
2948 4348 3163 4404 cineres
3204 4347 3547 4411 dissolutum,
3599 4349 3652 4404 in

2052 4458 2171 4500 eam
2201 4442 2499 4498 recidebat.
2540 4442 2680 4499 Hinc
2717 4457 2930 4498 rursum
2970 4441 3111 4496 idem
3140 4440 3409 4498 Lucianus
3460 4459 3475 4496 :
3524 4441 3580 4498 ἰι
3600 4441 3654 4499 δέ

2052 4539 2241 4593 κνίσσα
2262 4536 2537 4598 θεσπέσιος
2556 4537 2638 4592 καί
2661 4535 2970 4615 ἱεροπρεπὴς
2991 4544 3162 4612 χωρεῖ
3185 4533 3307 4602 ἅνω,
3335 4540 3415 4591 καὶ
3430 4539 3482 4599 ἐς
3502 4539 3655 4594 αὐτὸν

2055 4631 2141 4686 τὸν
2194 4631 2401 4706 οὐρανὸν
2455 4627 2791 4686 διασκδνᾶται
2836 4630 3015 4705 ,ἡρέμα
3065 4626 3216 4697 (Luc.
3242 4670 3257 4695 ,
3307 4628 3433 4683 ibid.
3458 4670 3474 4696 ,
3531 4645 3651 4701 pag.

2060 4721 2212 4793 I86).
2252 4720 2426 4775 Nidor
2470 4721 2605 4775 enim
2657 4721 2744 4775 ille
2789 4735 2933 4775 sacer
2987 4730 3137 4789 atque
3190 4721 3389 4775 divinus
3449 4738 3653 4777 sursum

2058 4817 2243 4886 fertur,
2291 4824 2438 4885 atque
2465 4814 2519 4868 in
2544 4813 2712 4885 ipsum
2738 4813 2920 4868 caelum
2952 4813 3235 4882 subvectus,
3263 4815 3514 4884 paulatim
3544 4814 3652 4886 dif-

2057 4907 2312 4979 funditur.

2127 4998 2487 5068 Quamobrem
2517 4995 2768 5053 Clemens
2791 4997 3185 5053 Alexandrinus
3210 4998 3337 5055 inde
3354 5009 3499 5055 recte
3521 5014 3652 5057 con-

2060 5097 2174 5152 ficit
2198 5096 2314 5151 haec
2333 5112 2360 5148 a
2385 5093 2696 5150 ebristianis
2713 5093 3060 5148 meritissimo
3075 5093 3198 5164 jure
3221 5096 3433 5165 penitus
3459 5096 3607 5166 rejici
3633 5115 3647 5151 :

2057 5195 2275 5254 Εἰκότως
2320 5190 2426 5270 ἄρα
2488 5198 2562 5264 τῷ
2635 5196 2704 5263 μή
2755 5192 3012 5262 νικωμένῳ
3071 5187 3274 5251 ἡδοναῖς
3344 5191 3526 5246 θυσίαν
3591 5193 3650 5245 οὐ

2058 5286 2385 5362 προσάγομεν
2414 5325 2430 5350 ,
2482 5284 2618 5337 κάτω
2676 5303 2778 5337 που
2838 5286 2923 5336 καὶ
2971 5280 3088 5337 οὐδέ
3145 5284 3294 5359 μέχρι
3340 5291 3494 5357 νεφῶν
3552 5291 3652 5338 τῶν

2059 5381 2405 5453 παχυτάτων,
2440 5381 2638 5453 μακράν
2668 5375 2723 5433 δὲ
2757 5380 2842 5431 καὶ
2863 5380 3079 5441 τούτων,
3109 5386 3200 5438 τῆς
3238 5375 3322 5433 διά
3347 5383 3438 5432 τοῦ
3461 5384 3652 5433 καπνοῦ

2058 5470 2448 5541 ἀναθυμιάσεως
2506 5470 2788 5542 φθανούσης
2820 5510 2835 5534 ,
2893 5466 2943 5521 εἴ
2992 5489 3092 5522 που
3144 5469 3313 5541 φθάνει
3373 5465 3655 5538 (Clemens

2057 5562 2364 5626 Alexandr.,
2416 5577 2490 5615 vn
2539 5560 2819 5625 Stromat.,
2865 5578 2987 5631 pag.
3026 5559 3174 5632 707).
3234 5559 3419 5615 Merito
3449 5577 3569 5633 ergo
3608 5561 3655 5616 ci

2056 5672 2159 5710 non
2182 5653 2444 5722 offerimus
2462 5652 2793 5722 sacriﬁcium,
2819 5655 2905 5717 qui
2928 5651 3269 5721 voluptatibus
3296 5668 3397 5707 non
3424 5654 3649 5721 capitur,

2057 5763 2173 5801 cum
2193 5746 2411 5819 inferius
2440 5760 2531 5800 nec
2552 5761 2709 5816 usque
2730 5743 2798 5797 ad
2821 5743 3167 5798 crassissimus
3191 5744 3347 5800 nubes
3369 5746 3646 5815 pcrreniat,

2054 5844 2146 5898 sed
2178 5845 2326 5914 longe
2375 5843 2529 5898 etiam
2565 5841 2628 5897 ab
2654 5842 2717 5895 iis
2746 5840 3010 5908 consistat,
3052 5856 3168 5912 quae
3222 5841 3278 5911 ﬁt
3326 5858 3418 5912 per
3456 5845 3654 5914 [mttunt
