  <div class='ocr_page' id='page_1' title='image "/cluster/home/n/w/nwhite01/storage/ocr_20150623/5/hvd.32044073505224/323.png"; bbox 0 0 4230 6266; ppageno 0'>
   <div class='ocr_carea' id='block_1_1' title="bbox 576 232 681 288">
    <p class='ocr_par' dir='ltr' id='par_1_1' title="bbox 576 232 681 288">
     <span class='ocr_line' id='line_1_1' title="bbox 576 232 681 288; baseline 0.01 -1"><span class='ocrx_word' id='word_1_1' title='bbox 576 232 681 288; x_wconf 77' lang='grc'><strong>655</strong></span> 
     </span>
    </p>
   </div>
   <div class='ocr_carea' id='block_1_2' title="bbox 578 440 2168 514">
    <p class='ocr_par' dir='ltr' id='par_1_2' title="bbox 578 440 2168 514">
     <span class='ocr_line' id='line_1_2' title="bbox 578 440 2168 514; baseline -0.001 -16"><span class='ocrx_word' id='word_1_2' title='bbox 578 456 691 498; x_wconf 85' lang='lat' dir='ltr'><strong>sam</strong></span> <span class='ocrx_word' id='word_1_3' title='bbox 721 442 1058 498; x_wconf 98' lang='lat' dir='ltr'><strong>ethnicorum</strong></span> <span class='ocrx_word' id='word_1_4' title='bbox 1087 443 1395 513; x_wconf 82' lang='lat' dir='ltr'><strong>opinionem</strong></span> <span class='ocrx_word' id='word_1_5' title='bbox 1428 440 1536 496; x_wconf 89' lang='lat' dir='ltr'><strong>alio</strong></span> <span class='ocrx_word' id='word_1_6' title='bbox 1580 454 1899 514; x_wconf 77' lang='lat' dir='ltr'><strong>argumento</strong></span> <span class='ocrx_word' id='word_1_7' title='bbox 1922 441 2119 498; x_wconf 88' lang='lat' dir='ltr'><strong>refellit</strong></span> <span class='ocrx_word' id='word_1_8' title='bbox 2153 460 2168 497; x_wconf 87' lang='lat'><strong>:</strong></span> 
     </span>
    </p>
   </div>
   <div class='ocr_carea' id='block_1_3' title="bbox 575 532 2168 615">
    <p class='ocr_par' dir='ltr' id='par_1_3' title="bbox 575 532 2168 615">
     <span class='ocr_line' id='line_1_3' title="bbox 575 532 2168 615; baseline -0.001 -23"><span class='ocrx_word' id='word_1_9' title='bbox 575 537 714 601; x_wconf 75' lang='grc' dir='ltr'><strong>Εἰ,δὲ</strong></span> <span class='ocrx_word' id='word_1_10' title='bbox 740 545 812 611; x_wconf 83' lang='grc' dir='ltr'>τῷ</span> <span class='ocrx_word' id='word_1_11' title='bbox 842 533 946 591; x_wconf 78' lang='grc' dir='ltr'><strong>ὅντε</strong></span> <span class='ocrx_word' id='word_1_12' title='bbox 972 537 1002 595; x_wconf 79' lang='grc' dir='ltr'>ἡ</span> <span class='ocrx_word' id='word_1_13' title='bbox 1029 537 1215 591; x_wconf 77' lang='grc' dir='ltr'>κνίσσα</span> <span class='ocrx_word' id='word_1_14' title='bbox 1243 536 1395 615; x_wconf 68' lang='grc' dir='ltr'><strong>γέρας</strong></span> <span class='ocrx_word' id='word_1_15' title='bbox 1422 537 1537 591; x_wconf 83' lang='grc' dir='ltr'><strong>ἐστὶ</strong></span> <span class='ocrx_word' id='word_1_16' title='bbox 1564 537 1684 593; x_wconf 82' lang='grc' dir='ltr'>θεῶν</span> <span class='ocrx_word' id='word_1_17' title='bbox 1714 542 1812 590; x_wconf 85' lang='grc' dir='ltr'><strong>τῶν</strong></span> <span class='ocrx_word' id='word_1_18' title='bbox 1854 536 1975 610; x_wconf 77' lang='grc' dir='ltr'><strong>παρ’</strong></span> <span class='ocrx_word' id='word_1_19' title='bbox 1995 532 2168 595; x_wconf 71' lang='grc' dir='ltr'><strong>Ἐλλη-</strong></span> 
     </span>
    </p>
   </div>
   <div class='ocr_carea' id='block_1_4' title="bbox 580 625 2170 710">
    <p class='ocr_par' dir='ltr' id='par_1_4' title="bbox 580 625 2170 710">
     <span class='ocr_line' id='line_1_4' title="bbox 580 625 2170 710; baseline -0.003 -22"><span class='ocrx_word' id='word_1_20' title='bbox 580 656 682 699; x_wconf 85' lang='grc' dir='ltr'>σιν,</span> <span class='ocrx_word' id='word_1_21' title='bbox 712 634 797 687; x_wconf 74' lang='grc' dir='ltr'><strong>οὐκ</strong></span> <span class='ocrx_word' id='word_1_22' title='bbox 829 625 887 686; x_wconf 86' lang='grc' dir='ltr'>ἂν</span> <span class='ocrx_word' id='word_1_23' title='bbox 918 632 1139 703; x_wconf 76' lang='grc' dir='ltr'><strong>φθάνοιεν</strong></span> <span class='ocrx_word' id='word_1_24' title='bbox 1166 634 1257 686; x_wconf 79' lang='grc' dir='ltr'><strong>καῖ</strong></span> <span class='ocrx_word' id='word_1_25' title='bbox 1279 634 1399 692; x_wconf 78' lang='grc' dir='ltr'><strong>τοὺς</strong></span> <span class='ocrx_word' id='word_1_26' title='bbox 1429 634 1700 710; x_wconf 64' lang='grc' dir='ltr'><strong>μαγείρους</strong></span> <span class='ocrx_word' id='word_1_27' title='bbox 1727 635 2095 693; x_wconf 79' lang='grc' dir='ltr'>θεοποιοῦντες,</span> <span class='ocrx_word' id='word_1_28' title='bbox 2125 630 2170 685; x_wconf 77' lang='grc' dir='ltr'>οἳ</span> 
     </span>
    </p>
   </div>
   <div class='ocr_carea' id='block_1_5' title="bbox 577 723 2171 797">
    <p class='ocr_par' dir='ltr' id='par_1_5' title="bbox 577 723 2171 797">
     <span class='ocr_line' id='line_1_5' title="bbox 577 723 2171 797; baseline -0.002 -19"><span class='ocrx_word' id='word_1_29' title='bbox 577 735 669 786; x_wconf 78' lang='grc' dir='ltr'><strong>τῆς</strong></span> <span class='ocrx_word' id='word_1_30' title='bbox 698 724 816 785; x_wconf 82' lang='grc' dir='ltr'><strong>ἴσης</strong></span> <span class='ocrx_word' id='word_1_31' title='bbox 840 723 1164 796; x_wconf 74' lang='grc' dir='ltr'><strong>εὐδαιμονίας</strong></span> <span class='ocrx_word' id='word_1_32' title='bbox 1190 724 1464 790; x_wconf 79' lang='grc' dir='ltr'><strong>ἀξιοῦνται.</strong></span> <span class='ocrx_word' id='word_1_33' title='bbox 1491 728 1574 778; x_wconf 81' lang='grc' dir='ltr'><strong>καὶ</strong></span> <span class='ocrx_word' id='word_1_34' title='bbox 1603 727 1685 780; x_wconf 81' lang='grc' dir='ltr'><strong>τὸν</strong></span> <span class='ocrx_word' id='word_1_35' title='bbox 1712 725 1851 797; x_wconf 77' lang='grc' dir='ltr'><strong>ἰτμὸν</strong></span> <span class='ocrx_word' id='word_1_36' title='bbox 1866 723 2171 797; x_wconf 59' lang='grc' dir='ltr'><strong>αὐτόνῌιπεζϐ</strong></span> 
     </span>
    </p>
   </div>
   <div class='ocr_carea' id='block_1_6' title="bbox 522 813 2169 894">
    <p class='ocr_par' dir='ltr' id='par_1_6' title="bbox 578 813 2169 894">
     <span class='ocr_line' id='line_1_6' title="bbox 578 813 2169 894; baseline -0.001 -23"><span class='ocrx_word' id='word_1_37' title='bbox 578 819 738 883; x_wconf 78' lang='grc' dir='ltr'>ἰπνὸν,</span> <span class='ocrx_word' id='word_1_38' title='bbox 773 831 869 871; x_wconf 89' lang='lat' dir='ltr'><strong>seu</strong></span> <span class='ocrx_word' id='word_1_39' title='bbox 900 819 1075 886; x_wconf 89' lang='lat' dir='ltr'><strong>p0tius</strong></span> <span class='ocrx_word' id='word_1_40' title='bbox 1118 822 1206 876; x_wconf 77' lang='grc' dir='ltr'><strong>τὴν</strong></span> <span class='ocrx_word' id='word_1_41' title='bbox 1254 820 1458 889; x_wconf 80' lang='grc' dir='ltr'><strong>κάμινον</strong></span> <span class='ocrx_word' id='word_1_42' title='bbox 1503 819 1678 878; x_wconf 72' lang='grc' dir='ltr'>αὐτὴν.</span> <span class='ocrx_word' id='word_1_43' title='bbox 1722 813 2169 894; x_wconf 78' lang='grc' dir='ltr'><strong>προσκυνοῦντες)</strong></span> 
     </span>
    </p>
   </div>
   <div class='ocr_carea' id='block_1_7' title="bbox 577 906 2168 990">
    <p class='ocr_par' dir='ltr' id='par_1_7' title="bbox 577 906 2168 990">
     <span class='ocr_line' id='line_1_7' title="bbox 577 906 2168 990; baseline -0.004 -24"><span class='ocrx_word' id='word_1_44' title='bbox 577 912 1011 990; x_wconf 77' lang='grc' dir='ltr'>προσεχεστὲραν</span> <span class='ocrx_word' id='word_1_45' title='bbox 1026 911 1285 983; x_wconf 68' lang='grc' dir='ltr'>’γινομένην</span> <span class='ocrx_word' id='word_1_46' title='bbox 1297 918 1357 985; x_wconf 73' lang='grc' dir='ltr'>τῇ</span> <span class='ocrx_word' id='word_1_47' title='bbox 1370 913 1554 985; x_wconf 76' lang='grc' dir='ltr'>κνίσσῃ</span> <span class='ocrx_word' id='word_1_48' title='bbox 1571 917 1631 985; x_wconf 77' lang='grc' dir='ltr'>τῇ</span> <span class='ocrx_word' id='word_1_49' title='bbox 1650 910 1975 983; x_wconf 53' lang='lat' dir='ltr'><strong>nol-myrin.)</strong></span> <span class='ocrx_word' id='word_1_50' title='bbox 1989 906 2168 978; x_wconf 79' lang='lat' dir='ltr'><strong>(Ibid.,</strong></span> 
     </span>
    </p>
   </div>
   <div class='ocr_carea' id='block_1_8' title="bbox 578 1002 2169 1078">
    <p class='ocr_par' dir='ltr' id='par_1_8' title="bbox 578 1002 2169 1078">
     <span class='ocr_line' id='line_1_8' title="bbox 578 1002 2169 1078; baseline -0.003 -19"><span class='ocrx_word' id='word_1_51' title='bbox 578 1024 699 1078; x_wconf 81' lang='lat' dir='ltr'><strong>pag.</strong></span> <span class='ocrx_word' id='word_1_52' title='bbox 735 1003 886 1078; x_wconf 72' lang='grc'>716).</span> <span class='ocrx_word' id='word_1_53' title='bbox 913 1004 1013 1061; x_wconf 82' lang='lat' dir='ltr'><strong>Sin</strong></span> <span class='ocrx_word' id='word_1_54' title='bbox 1042 1019 1209 1059; x_wconf 85' lang='lat' dir='ltr'><strong>autem</strong></span> <span class='ocrx_word' id='word_1_55' title='bbox 1234 1022 1409 1059; x_wconf 74' lang='lat' dir='ltr'><strong>revera</strong></span> <span class='ocrx_word' id='word_1_56' title='bbox 1438 1005 1605 1057; x_wconf 82' lang='lat' dir='ltr'><strong>cnissa</strong></span> <span class='ocrx_word' id='word_1_57' title='bbox 1636 1014 1708 1057; x_wconf 84' lang='lat' dir='ltr'><strong>est</strong></span> <span class='ocrx_word' id='word_1_58' title='bbox 1737 1020 1917 1055; x_wconf 78' lang='lat' dir='ltr'><strong>manus</strong></span> <span class='ocrx_word' id='word_1_59' title='bbox 1940 1002 2169 1068; x_wconf 86' lang='lat' dir='ltr'><strong>deorum,</strong></span> 
     </span>
    </p>
   </div>
   <div class='ocr_carea' id='block_1_9' title="bbox 526 1098 2171 1179">
    <p class='ocr_par' dir='ltr' id='par_1_9' title="bbox 526 1098 2171 1179">
     <span class='ocr_line' id='line_1_9' title="bbox 526 1098 2171 1179; baseline -0.002 -24"><span class='ocrx_word' id='word_1_60' title='bbox 526 1154 532 1165; x_wconf 70' lang='grc'><strong><em>,</em></strong></span> <span class='ocrx_word' id='word_1_61' title='bbox 578 1103 665 1173; x_wconf 85' lang='lat' dir='ltr'><strong>qui</strong></span> <span class='ocrx_word' id='word_1_62' title='bbox 693 1101 834 1179; x_wconf 84' lang='lat' dir='ltr'><strong>apud</strong></span> <span class='ocrx_word' id='word_1_63' title='bbox 859 1101 1065 1157; x_wconf 75' lang='lat' dir='ltr'><strong>Grtrcos</strong></span> <span class='ocrx_word' id='word_1_64' title='bbox 1096 1110 1236 1167; x_wconf 79' lang='lat' dir='ltr'><strong>sunt,</strong></span> <span class='ocrx_word' id='word_1_65' title='bbox 1267 1118 1359 1153; x_wconf 87' lang='lat' dir='ltr'><strong>cur</strong></span> <span class='ocrx_word' id='word_1_66' title='bbox 1388 1116 1487 1153; x_wconf 83' lang='lat' dir='ltr'><strong>non</strong></span> <span class='ocrx_word' id='word_1_67' title='bbox 1521 1099 1664 1171; x_wconf 79' lang='lat' dir='ltr'><strong>prius</strong></span> <span class='ocrx_word' id='word_1_68' title='bbox 1690 1115 1885 1169; x_wconf 82' lang='lat' dir='ltr'><strong>quoque</strong></span> <span class='ocrx_word' id='word_1_69' title='bbox 1908 1114 2092 1168; x_wconf 84' lang='lat' dir='ltr'><strong><em>coquos</em></strong></span> <span class='ocrx_word' id='word_1_70' title='bbox 2120 1098 2171 1150; x_wconf 82' lang='lat' dir='ltr'><strong>in</strong></span> 
     </span>
    </p>
   </div>
   <div class='ocr_carea' id='block_1_10' title="bbox 580 1191 2172 1268">
    <p class='ocr_par' dir='ltr' id='par_1_10' title="bbox 580 1191 2172 1268">
     <span class='ocr_line' id='line_1_10' title="bbox 580 1191 2172 1268; baseline -0.001 -19"><span class='ocrx_word' id='word_1_71' title='bbox 580 1195 700 1251; x_wconf 79' lang='lat' dir='ltr'><strong>deos</strong></span> <span class='ocrx_word' id='word_1_72' title='bbox 732 1199 979 1267; x_wconf 76' lang='lat' dir='ltr'><strong>referunt,</strong></span> <span class='ocrx_word' id='word_1_73' title='bbox 1012 1196 1098 1268; x_wconf 82' lang='lat' dir='ltr'><strong>qui</strong></span> <span class='ocrx_word' id='word_1_74' title='bbox 1127 1196 1313 1266; x_wconf 75' lang='grc' dir='ltr'><strong>α’ᾳιιαιὶ</strong></span> <span class='ocrx_word' id='word_1_75' title='bbox 1331 1196 1611 1263; x_wconf 83' lang='lat' dir='ltr'><strong>dignantur</strong></span> <span class='ocrx_word' id='word_1_76' title='bbox 1635 1191 1965 1256; x_wconf 70' lang='lat' dir='ltr'><strong>beatitudine,</strong></span> <span class='ocrx_word' id='word_1_77' title='bbox 1994 1202 2042 1246; x_wconf 82' lang='lat' dir='ltr'><strong>et</strong></span> <span class='ocrx_word' id='word_1_78' title='bbox 2071 1208 2172 1247; x_wconf 79' lang='lat' dir='ltr'><strong>non</strong></span> 
     </span>
    </p>
   </div>
   <div class='ocr_carea' id='block_1_11' title="bbox 578 1283 2173 1365">
    <p class='ocr_par' dir='ltr' id='par_1_11' title="bbox 578 1283 2173 1360">
     <span class='ocr_line' id='line_1_11' title="bbox 578 1283 2173 1360; baseline -0.004 -17"><span class='ocrx_word' id='word_1_79' title='bbox 578 1289 746 1360; x_wconf 80' lang='lat' dir='ltr'><strong>ipsum</strong></span> <span class='ocrx_word' id='word_1_80' title='bbox 773 1288 989 1341; x_wconf 86' lang='lat' dir='ltr'><strong>adorant</strong></span> <span class='ocrx_word' id='word_1_81' title='bbox 1019 1288 1297 1351; x_wconf 86' lang='lat' dir='ltr'><strong>caminum,</strong></span> <span class='ocrx_word' id='word_1_82' title='bbox 1325 1288 1411 1359; x_wconf 87' lang='lat' dir='ltr'><strong>qui</strong></span> <span class='ocrx_word' id='word_1_83' title='bbox 1451 1298 1525 1340; x_wconf 81' lang='lat' dir='ltr'><strong>est</strong></span> <span class='ocrx_word' id='word_1_84' title='bbox 1548 1286 1665 1339; x_wconf 83' lang='lat' dir='ltr'><strong>huic</strong></span> <span class='ocrx_word' id='word_1_85' title='bbox 1697 1283 1966 1339; x_wconf 79' lang='lat' dir='ltr'><strong>venerabili</strong></span> <span class='ocrx_word' id='word_1_86' title='bbox 1995 1285 2173 1338; x_wconf 73' lang='lat' dir='ltr'><strong>cnissar</strong></span> 
     </span>
    </p>
   </div>
   <div class='ocr_carea' id='block_1_12' title="bbox 577 1385 948 1457">
    <p class='ocr_par' dir='ltr' id='par_1_12' title="bbox 577 1385 948 1457">
     <span class='ocr_line' id='line_1_12' title="bbox 577 1385 948 1457; baseline -0.003 -18"><span class='ocrx_word' id='word_1_87' title='bbox 577 1385 948 1457; x_wconf 84' lang='lat' dir='ltr'><strong>propinquior?</strong></span> 
     </span>
    </p>
   </div>
   <div class='ocr_carea' id='block_1_13' title="bbox 651 1472 2171 1531">
    <p class='ocr_par' dir='ltr' id='par_1_13' title="bbox 651 1472 2171 1531">
     <span class='ocr_line' id='line_1_13' title="bbox 651 1472 2171 1531; baseline -0.003 0"><span class='ocrx_word' id='word_1_88' title='bbox 651 1474 898 1531; x_wconf 88' lang='lat' dir='ltr'><strong>Secunda</strong></span> <span class='ocrx_word' id='word_1_89' title='bbox 928 1475 1263 1531; x_wconf 87' lang='lat' dir='ltr'><strong>ethnicorum</strong></span> <span class='ocrx_word' id='word_1_90' title='bbox 1295 1473 1431 1530; x_wconf 81' lang='lat' dir='ltr'><strong>ratio</strong></span> <span class='ocrx_word' id='word_1_91' title='bbox 1475 1491 1572 1531; x_wconf 92' lang='lat' dir='ltr'><strong>cur</strong></span> <span class='ocrx_word' id='word_1_92' title='bbox 1611 1474 1872 1530; x_wconf 90' lang='lat' dir='ltr'><strong>sacriﬁcia</strong></span> <span class='ocrx_word' id='word_1_93' title='bbox 1915 1473 2017 1530; x_wconf 88' lang='lat' dir='ltr'><strong>diis</strong></span> <span class='ocrx_word' id='word_1_94' title='bbox 2060 1472 2171 1528; x_wconf 87' lang='lat' dir='ltr'><strong>suis</strong></span> 
     </span>
    </p>
   </div>
   <div class='ocr_carea' id='block_1_14' title="bbox 581 1567 2171 1640">
    <p class='ocr_par' dir='ltr' id='par_1_14' title="bbox 581 1567 2171 1640">
     <span class='ocr_line' id='line_1_14' title="bbox 581 1567 2171 1640; baseline 0 -17"><span class='ocrx_word' id='word_1_95' title='bbox 581 1567 844 1629; x_wconf 81' lang='lat' dir='ltr'><strong>facerent.</strong></span> <span class='ocrx_word' id='word_1_96' title='bbox 873 1568 989 1623; x_wconf 63' lang='lat' dir='ltr'><strong>hatc</strong></span> <span class='ocrx_word' id='word_1_97' title='bbox 1014 1578 1149 1634; x_wconf 75' lang='lat' dir='ltr'><strong>erat,</strong></span> <span class='ocrx_word' id='word_1_98' title='bbox 1184 1567 1384 1624; x_wconf 76' lang='lat' dir='ltr'><strong>hostias</strong></span> <span class='ocrx_word' id='word_1_99' title='bbox 1425 1569 1715 1640; x_wconf 83' lang='lat' dir='ltr'><strong>voluptatis</strong></span> <span class='ocrx_word' id='word_1_100' title='bbox 1750 1570 1918 1640; x_wconf 80' lang='lat' dir='ltr'><strong>gratia</strong></span> <span class='ocrx_word' id='word_1_101' title='bbox 1958 1570 2022 1624; x_wconf 87' lang='lat' dir='ltr'><strong>iis</strong></span> <span class='ocrx_word' id='word_1_102' title='bbox 2052 1583 2171 1623; x_wconf 86' lang='lat' dir='ltr'><strong>esse</strong></span> 
     </span>
    </p>
   </div>
   <div class='ocr_carea' id='block_1_15' title="bbox 579 1659 2170 1733">
    <p class='ocr_par' dir='ltr' id='par_1_15' title="bbox 579 1659 2170 1733">
     <span class='ocr_line' id='line_1_15' title="bbox 579 1659 2170 1733; baseline -0.001 -17"><span class='ocrx_word' id='word_1_103' title='bbox 579 1660 900 1725; x_wconf 72' lang='lat' dir='ltr'><strong>cmdendas;</strong></span> <span class='ocrx_word' id='word_1_104' title='bbox 934 1670 990 1715; x_wconf 90' lang='lat' dir='ltr'><strong>ut</strong></span> <span class='ocrx_word' id='word_1_105' title='bbox 1017 1670 1143 1733; x_wconf 86' lang='lat' dir='ltr'><strong>pote</strong></span> <span class='ocrx_word' id='word_1_106' title='bbox 1175 1663 1262 1733; x_wconf 85' lang='lat' dir='ltr'><strong>qui</strong></span> <span class='ocrx_word' id='word_1_107' title='bbox 1291 1661 1486 1733; x_wconf 83' lang='lat' dir='ltr'><strong>gaudio</strong></span> <span class='ocrx_word' id='word_1_108' title='bbox 1514 1669 1569 1716; x_wconf 87' lang='lat' dir='ltr'><strong>et</strong></span> <span class='ocrx_word' id='word_1_109' title='bbox 1594 1662 1777 1716; x_wconf 72' lang='lat' dir='ltr'><strong>lzetitia</strong></span> <span class='ocrx_word' id='word_1_110' title='bbox 1806 1660 1927 1715; x_wconf 87' lang='lat' dir='ltr'><strong>inde</strong></span> <span class='ocrx_word' id='word_1_111' title='bbox 1952 1659 2170 1732; x_wconf 88' lang='lat' dir='ltr'><strong>perfun-</strong></span> 
     </span>
    </p>
   </div>
   <div class='ocr_carea' id='block_1_16' title="bbox 1851 233 2619 307">
    <p class='ocr_par' dir='ltr' id='par_1_16' title="bbox 1851 233 2619 307">
     <span class='ocr_line' id='line_1_16' title="bbox 1851 233 2619 307; baseline 0.005 -16"><span class='ocrx_word' id='word_1_112' title='bbox 1851 233 2300 307; x_wconf 70' lang='lat' dir='ltr'><strong>DISSERTATIO</strong></span> <span class='ocrx_word' id='word_1_113' title='bbox 2339 233 2619 297; x_wconf 65' lang='lat' dir='ltr'><strong>eumn</strong></span> 
     </span>
    </p>
   </div>
   <div class='ocr_carea' id='block_1_17' title="bbox 575 349 2248 421">
    <p class='ocr_par' dir='ltr' id='par_1_17' title="bbox 575 349 2248 421">
     <span class='ocr_line' id='line_1_17' title="bbox 575 349 2248 421; baseline 0 -16"><span class='ocrx_word' id='word_1_114' title='bbox 575 350 859 418; x_wconf 77' lang='lat' dir='ltr'><strong>exhalatio,</strong></span> <span class='ocrx_word' id='word_1_115' title='bbox 887 350 931 405; x_wconf 81' lang='lat' dir='ltr'><strong>si</strong></span> <span class='ocrx_word' id='word_1_116' title='bbox 959 351 1109 419; x_wconf 76' lang='lat' dir='ltr'><strong>modo</strong></span> <span class='ocrx_word' id='word_1_117' title='bbox 1141 351 1417 420; x_wconf 76' lang='lat' dir='ltr'><strong>perveniat.</strong></span> <span class='ocrx_word' id='word_1_118' title='bbox 1460 349 1655 406; x_wconf 82' lang='lat' dir='ltr'><strong>Postea</strong></span> <span class='ocrx_word' id='word_1_119' title='bbox 1688 363 1816 406; x_wconf 85' lang='lat' dir='ltr'><strong>vero</strong></span> <span class='ocrx_word' id='word_1_120' title='bbox 1845 349 1985 406; x_wconf 87' lang='lat' dir='ltr'><strong>hanc</strong></span> <span class='ocrx_word' id='word_1_121' title='bbox 2010 350 2171 405; x_wconf 86' lang='lat' dir='ltr'><strong>insul-</strong></span> <span class='ocrx_word' id='word_1_122' title='bbox 2196 354 2248 421; x_wconf 75' lang='grc' dir='ltr'><strong>Α</strong></span> 
     </span>
    </p>
   </div>
   <div class='ocr_carea' id='block_1_18' title="bbox 3754 232 3864 288">
    <p class='ocr_par' dir='ltr' id='par_1_18' title="bbox 3754 232 3864 288">
     <span class='ocr_line' id='line_1_18' title="bbox 3754 232 3864 288; baseline 0 0"><span class='ocrx_word' id='word_1_123' title='bbox 3754 232 3864 288; x_wconf 74' lang='lat'><strong>636</strong></span> 
     </span>
    </p>
   </div>
   <div class='ocr_carea' id='block_1_19' title="bbox 2872 336 3259 427">
    <p class='ocr_par' dir='ltr' id='par_1_19' title="bbox 2872 336 3259 427">
     <span class='ocr_line' id='line_1_19' title="bbox 2872 336 3259 427; baseline 0.003 -20"><span class='ocrx_word' id='word_1_124' title='bbox 2872 336 3164 427; x_wconf 65' lang='lat' dir='ltr'><strong>iartcutus</strong></span> <span class='ocrx_word' id='word_1_125' title='bbox 3201 368 3259 410; x_wconf 88' lang='lat' dir='ltr'><strong>tt.</strong></span> 
     </span>
    </p>
   </div>
   <div class='ocr_carea' id='block_1_20' title="bbox 2269 463 3861 528">
    <p class='ocr_par' dir='ltr' id='par_1_20' title="bbox 2269 463 3861 528">
     <span class='ocr_line' id='line_1_20' title="bbox 2269 463 3861 528; baseline 0.007 -15"><span class='ocrx_word' id='word_1_126' title='bbox 2269 464 2519 528; x_wconf 82' lang='lat' dir='ltr'><strong>Quomodo</strong></span> <span class='ocrx_word' id='word_1_127' title='bbox 2558 463 2819 528; x_wconf 19' lang='lat' dir='ltr'><strong>Arnobius,</strong></span> <span class='ocrx_word' id='word_1_128' title='bbox 2842 463 2935 515; x_wconf 87' lang='lat' dir='ltr'><strong>alia</strong></span> <span class='ocrx_word' id='word_1_129' title='bbox 2970 471 3165 517; x_wconf 78' lang='lat' dir='ltr'><strong>evertat</strong></span> <span class='ocrx_word' id='word_1_130' title='bbox 3203 468 3507 523; x_wconf 74' lang='lat' dir='ltr'><strong>ethnicorum</strong></span> <span class='ocrx_word' id='word_1_131' title='bbox 3545 472 3861 528; x_wconf 67' lang='lat' dir='ltr'><strong>argumenta.</strong></span> 
     </span>
    </p>
   </div>
   <div class='ocr_carea' id='block_1_21' title="bbox 2332 526 3861 594">
    <p class='ocr_par' dir='ltr' id='par_1_21' title="bbox 2332 526 3861 594">
     <span class='ocr_line' id='line_1_21' title="bbox 2332 526 3861 594; baseline 0.002 -20"><span class='ocrx_word' id='word_1_132' title='bbox 2332 527 2510 594; x_wconf 84' lang='lat' dir='ltr'><strong>quibus</strong></span> <span class='ocrx_word' id='word_1_133' title='bbox 2532 526 2772 594; x_wconf 78' lang='lat' dir='ltr'><strong>sacrificia</strong></span> <span class='ocrx_word' id='word_1_134' title='bbox 2793 527 2887 577; x_wconf 84' lang='lat' dir='ltr'><strong>diis</strong></span> <span class='ocrx_word' id='word_1_135' title='bbox 2903 529 3005 594; x_wconf 83' lang='lat' dir='ltr'><strong>suis</strong></span> <span class='ocrx_word' id='word_1_136' title='bbox 3022 541 3132 594; x_wconf 82' lang='lat' dir='ltr'><strong>esse</strong></span> <span class='ocrx_word' id='word_1_137' title='bbox 3154 526 3371 594; x_wconf 84' lang='lat' dir='ltr'><strong>facienda</strong></span> <span class='ocrx_word' id='word_1_138' title='bbox 3399 526 3621 594; x_wconf 80' lang='lat' dir='ltr'><strong>probare</strong></span> <span class='ocrx_word' id='word_1_139' title='bbox 3633 528 3861 594; x_wconf 73' lang='lat' dir='ltr'><strong>niteban-</strong></span> 
     </span>
    </p>
   </div>
   <div class='ocr_carea' id='block_1_22' title="bbox 2330 589 3865 655">
    <p class='ocr_par' dir='ltr' id='par_1_22' title="bbox 2330 589 3865 655">
     <span class='ocr_line' id='line_1_22' title="bbox 2330 589 3865 655; baseline -0.001 -16"><span class='ocrx_word' id='word_1_140' title='bbox 2330 597 2436 649; x_wconf 89' lang='lat' dir='ltr'><strong>tur;</strong></span> <span class='ocrx_word' id='word_1_141' title='bbox 2463 591 2548 639; x_wconf 88' lang='lat' dir='ltr'><strong>ubi</strong></span> <span class='ocrx_word' id='word_1_142' title='bbox 2567 592 2631 638; x_wconf 88' lang='lat' dir='ltr'><strong>de</strong></span> <span class='ocrx_word' id='word_1_143' title='bbox 2651 592 2746 640; x_wconf 87' lang='lat' dir='ltr'><strong>ritu</strong></span> <span class='ocrx_word' id='word_1_144' title='bbox 2757 603 2865 655; x_wconf 81' lang='lat' dir='ltr'><strong>quo</strong></span> <span class='ocrx_word' id='word_1_145' title='bbox 2884 590 3029 639; x_wconf 88' lang='lat' dir='ltr'><strong>iidem</strong></span> <span class='ocrx_word' id='word_1_146' title='bbox 3054 591 3233 640; x_wconf 88' lang='lat' dir='ltr'><strong>ethnici</strong></span> <span class='ocrx_word' id='word_1_147' title='bbox 3267 589 3528 655; x_wconf 81' lang='lat' dir='ltr'><strong>antequam</strong></span> <span class='ocrx_word' id='word_1_148' title='bbox 3553 589 3735 655; x_wconf 67' lang='lat' dir='ltr'><strong>templa</strong></span> <span class='ocrx_word' id='word_1_149' title='bbox 3758 590 3865 655; x_wconf 72' lang='lat' dir='ltr'><strong>adi-</strong></span> 
     </span>
    </p>
   </div>
   <div class='ocr_carea' id='block_1_23' title="bbox 2332 651 3865 718">
    <p class='ocr_par' dir='ltr' id='par_1_23' title="bbox 2332 651 3865 718">
     <span class='ocr_line' id='line_1_23' title="bbox 2332 651 3865 718; baseline 0.001 -17"><span class='ocrx_word' id='word_1_150' title='bbox 2332 659 2467 718; x_wconf 19' lang='lat' dir='ltr'><strong>rent,»</strong></span> <span class='ocrx_word' id='word_1_151' title='bbox 2490 665 2667 718; x_wconf 81' lang='lat' dir='ltr'><strong>corpus</strong></span> <span class='ocrx_word' id='word_1_152' title='bbox 2679 651 2980 718; x_wconf 55' lang='lat' dir='ltr'><strong>abluebant,</strong></span> <span class='ocrx_word' id='word_1_153' title='bbox 3001 660 3053 703; x_wconf 83' lang='lat' dir='ltr'><strong>et</strong></span> <span class='ocrx_word' id='word_1_154' title='bbox 3097 655 3373 718; x_wconf 78' lang='lat' dir='ltr'><strong>explicatur</strong></span> <span class='ocrx_word' id='word_1_155' title='bbox 3401 651 3527 718; x_wconf 72' lang='grc' dir='ltr'><strong>ἐιυῘᾴ</strong></span> <span class='ocrx_word' id='word_1_156' title='bbox 3575 656 3640 705; x_wconf 82' lang='lat' dir='ltr'><strong>sit</strong></span> <span class='ocrx_word' id='word_1_157' title='bbox 3663 651 3865 711; x_wconf 20' lang='lat' dir='ltr'><strong>’Bulba,</strong></span> 
     </span>
    </p>
   </div>
   <div class='ocr_carea' id='block_1_24' title="bbox 2330 714 3857 785">
    <p class='ocr_par' dir='ltr' id='par_1_24' title="bbox 2330 714 3857 785">
     <span class='ocr_line' id='line_1_24' title="bbox 2330 714 3857 785; baseline 0.001 -22"><span class='ocrx_word' id='word_1_158' title='bbox 2330 714 2654 785; x_wconf 77' lang='lat' dir='ltr'><strong>Immissnlus,</strong></span> <span class='ocrx_word' id='word_1_159' title='bbox 2678 716 2853 785; x_wconf 64' lang='lat' dir='ltr'><strong>Buteo,</strong></span> <span class='ocrx_word' id='word_1_160' title='bbox 2884 715 3136 785; x_wconf 79' lang='lat' dir='ltr'><strong>Solipnga,</strong></span> <span class='ocrx_word' id='word_1_161' title='bbox 3152 714 3357 785; x_wconf 43' lang='lat' dir='ltr'><strong>matrix,</strong></span> <span class='ocrx_word' id='word_1_162' title='bbox 3383 714 3649 777; x_wconf 81' lang='lat' dir='ltr'><strong>cuminum,</strong></span> <span class='ocrx_word' id='word_1_163' title='bbox 3672 724 3857 766; x_wconf 84' lang='lat' dir='ltr'><strong>nastur-</strong></span> 
     </span>
    </p>
   </div>
   <div class='ocr_carea' id='block_1_25' title="bbox 2333 778 3250 840">
    <p class='ocr_par' dir='ltr' id='par_1_25' title="bbox 2333 778 3250 840">
     <span class='ocr_line' id='line_1_25' title="bbox 2333 778 3250 840; baseline 0.003 -13"><span class='ocrx_word' id='word_1_164' title='bbox 2333 779 2480 838; x_wconf 86' lang='lat' dir='ltr'><strong>cium,</strong></span> <span class='ocrx_word' id='word_1_165' title='bbox 2498 778 2695 840; x_wconf 86' lang='lat' dir='ltr'><strong>bulbus,</strong></span> <span class='ocrx_word' id='word_1_166' title='bbox 2718 779 2898 839; x_wconf 89' lang='lat' dir='ltr'><strong>cunila,</strong></span> <span class='ocrx_word' id='word_1_167' title='bbox 2917 786 2969 828; x_wconf 88' lang='lat' dir='ltr'><strong>et</strong></span> <span class='ocrx_word' id='word_1_168' title='bbox 2987 778 3250 830; x_wconf 79' lang='lat' dir='ltr'><strong>mo&#39;tacilla.</strong></span> 
     </span>
    </p>
   </div>
   <div class='ocr_carea' id='block_1_26' title="bbox 2344 885 3864 961">
    <p class='ocr_par' dir='ltr' id='par_1_26' title="bbox 2344 885 3864 961">
     <span class='ocr_line' id='line_1_26' title="bbox 2344 885 3864 961; baseline 0.001 -22"><span class='ocrx_word' id='word_1_169' title='bbox 2344 885 2592 957; x_wconf 77' lang='lat' dir='ltr'><strong>Vulgaris</strong></span> <span class='ocrx_word' id='word_1_170' title='bbox 2620 888 2897 957; x_wconf 82' lang='lat' dir='ltr'><strong>gentilium</strong></span> <span class='ocrx_word' id='word_1_171' title='bbox 2942 888 3146 958; x_wconf 84' lang='lat' dir='ltr'><strong>Opinio,</strong></span> <span class='ocrx_word' id='word_1_172' title='bbox 3189 897 3239 944; x_wconf 88' lang='lat' dir='ltr'><strong>et</strong></span> <span class='ocrx_word' id='word_1_173' title='bbox 3275 888 3471 961; x_wconf 78' lang='lat' dir='ltr'><strong>magni,</strong></span> <span class='ocrx_word' id='word_1_174' title='bbox 3519 888 3596 942; x_wconf 88' lang='lat' dir='ltr'><strong>uti</strong></span> <span class='ocrx_word' id='word_1_175' title='bbox 3634 886 3864 943; x_wconf 85' lang='lat' dir='ltr'><strong>arbitra-</strong></span> 
     </span>
    </p>
   </div>
   <div class='ocr_carea' id='block_1_27' title="bbox 2272 980 3865 1054">
    <p class='ocr_par' dir='ltr' id='par_1_27' title="bbox 2272 980 3865 1054">
     <span class='ocr_line' id='line_1_27' title="bbox 2272 980 3865 1054; baseline -0.001 -17"><span class='ocrx_word' id='word_1_176' title='bbox 2272 982 2485 1047; x_wconf 89' lang='lat' dir='ltr'><strong>bantur,</strong></span> <span class='ocrx_word' id='word_1_177' title='bbox 2516 981 2771 1051; x_wconf 91' lang='lat' dir='ltr'><strong>ponderis</strong></span> <span class='ocrx_word' id='word_1_178' title='bbox 2795 982 2861 1037; x_wconf 89' lang='lat' dir='ltr'><strong>ad</strong></span> <span class='ocrx_word' id='word_1_179' title='bbox 2882 982 3144 1038; x_wconf 88' lang='lat' dir='ltr'><strong>sacriﬁcia</strong></span> <span class='ocrx_word' id='word_1_180' title='bbox 3173 982 3275 1039; x_wconf 90' lang='lat' dir='ltr'><strong>diis</strong></span> <span class='ocrx_word' id='word_1_181' title='bbox 3300 980 3540 1038; x_wconf 89' lang='lat' dir='ltr'><strong>facienda</strong></span> <span class='ocrx_word' id='word_1_182' title='bbox 3572 996 3865 1054; x_wconf 76' lang='lat' dir='ltr'><strong>argumen-</strong></span> 
     </span>
    </p>
   </div>
   <div class='ocr_carea' id='block_1_28' title="bbox 2276 1074 3865 1147">
    <p class='ocr_par' dir='ltr' id='par_1_28' title="bbox 2276 1074 3865 1147">
     <span class='ocr_line' id='line_1_28' title="bbox 2276 1074 3865 1147; baseline 0.001 -18"><span class='ocrx_word' id='word_1_183' title='bbox 2276 1083 2416 1141; x_wconf 85' lang='lat' dir='ltr'><strong>tum,</strong></span> <span class='ocrx_word' id='word_1_184' title='bbox 2448 1075 2546 1129; x_wconf 78' lang='lat' dir='ltr'><strong>liac</strong></span> <span class='ocrx_word' id='word_1_185' title='bbox 2577 1074 2850 1131; x_wconf 89' lang='lat' dir='ltr'><strong>fundatum</strong></span> <span class='ocrx_word' id='word_1_186' title='bbox 2880 1088 2996 1131; x_wconf 88' lang='lat' dir='ltr'><strong>erat</strong></span> <span class='ocrx_word' id='word_1_187' title='bbox 3024 1092 3158 1131; x_wconf 85' lang='lat' dir='ltr'><strong>vana</strong></span> <span class='ocrx_word' id='word_1_188' title='bbox 3192 1076 3561 1147; x_wconf 87' lang='lat' dir='ltr'><strong>persuasione,</strong></span> <span class='ocrx_word' id='word_1_189' title='bbox 3589 1091 3693 1147; x_wconf 91' lang='lat' dir='ltr'><strong>qua</strong></span> <span class='ocrx_word' id='word_1_190' title='bbox 3716 1076 3865 1130; x_wconf 78' lang='lat' dir='ltr'><strong>exis-</strong></span> 
     </span>
    </p>
   </div>
   <div class='ocr_carea' id='block_1_29' title="bbox 2276 1164 3860 1241">
    <p class='ocr_par' dir='ltr' id='par_1_29' title="bbox 2276 1164 3860 1241">
     <span class='ocr_line' id='line_1_29' title="bbox 2276 1164 3860 1241; baseline 0.003 -20"><span class='ocrx_word' id='word_1_191' title='bbox 2276 1166 2534 1222; x_wconf 87' lang='lat' dir='ltr'><strong>timabant</strong></span> <span class='ocrx_word' id='word_1_192' title='bbox 2559 1183 2653 1223; x_wconf 90' lang='lat' dir='ltr'><strong>eos</strong></span> <span class='ocrx_word' id='word_1_193' title='bbox 2684 1184 2711 1221; x_wconf 91' lang='lat' dir='ltr'><strong>a</strong></span> <span class='ocrx_word' id='word_1_194' title='bbox 2741 1164 3174 1225; x_wconf 80' lang='lat' dir='ltr'><strong>sacriﬁcantibus</strong></span> <span class='ocrx_word' id='word_1_195' title='bbox 3202 1170 3424 1241; x_wconf 88' lang='lat' dir='ltr'><strong>placari,</strong></span> <span class='ocrx_word' id='word_1_196' title='bbox 3457 1179 3616 1240; x_wconf 87' lang='lat' dir='ltr'><strong>atque</strong></span> <span class='ocrx_word' id='word_1_197' title='bbox 3644 1170 3860 1225; x_wconf 84' lang='lat' dir='ltr'><strong>illorum</strong></span> 
     </span>
    </p>
   </div>
   <div class='ocr_carea' id='block_1_30' title="bbox 2272 1260 3861 1334">
    <p class='ocr_par' dir='ltr' id='par_1_30' title="bbox 2272 1260 3861 1334">
     <span class='ocr_line' id='line_1_30' title="bbox 2272 1260 3861 1334; baseline 0.003 -19"><span class='ocrx_word' id='word_1_198' title='bbox 2272 1260 2447 1316; x_wconf 88' lang='lat' dir='ltr'><strong>sedari</strong></span> <span class='ocrx_word' id='word_1_199' title='bbox 2497 1262 2844 1317; x_wconf 87' lang='lat' dir='ltr'><strong>iracundiam.</strong></span> <span class='ocrx_word' id='word_1_200' title='bbox 2891 1263 2994 1317; x_wconf 87' lang='lat' dir='ltr'><strong>Sed</strong></span> <span class='ocrx_word' id='word_1_201' title='bbox 3033 1263 3170 1319; x_wconf 86' lang='lat' dir='ltr'><strong>hanc</strong></span> <span class='ocrx_word' id='word_1_202' title='bbox 3197 1263 3557 1334; x_wconf 85' lang='lat' dir='ltr'><strong>opinationem</strong></span> <span class='ocrx_word' id='word_1_203' title='bbox 3590 1264 3861 1320; x_wconf 84' lang='lat' dir='ltr'><strong>Arnobius</strong></span> 
     </span>
    </p>
   </div>
   <div class='ocr_carea' id='block_1_31' title="bbox 2274 1352 3860 1433">
    <p class='ocr_par' dir='ltr' id='par_1_31' title="bbox 2274 1352 3860 1433">
     <span class='ocr_line' id='line_1_31' title="bbox 2274 1352 3860 1433; baseline 0.004 -25"><span class='ocrx_word' id='word_1_204' title='bbox 2274 1352 2523 1410; x_wconf 83' lang='lat' dir='ltr'><strong>falsitatis</strong></span> <span class='ocrx_word' id='word_1_205' title='bbox 2559 1357 2963 1413; x_wconf 74' lang='lat' dir='ltr'><strong>evidentissime</strong></span> <span class='ocrx_word' id='word_1_206' title='bbox 3001 1358 3176 1430; x_wconf 78' lang='lat' dir='ltr'><strong>arguit</strong></span> <span class='ocrx_word' id='word_1_207' title='bbox 3210 1357 3450 1433; x_wconf 49' lang='lat' dir='ltr'><strong>(Arnob,</strong></span> <span class='ocrx_word' id='word_1_208' title='bbox 3501 1358 3588 1413; x_wconf 89' lang='lat' dir='ltr'><strong>lib.</strong></span> <span class='ocrx_word' id='word_1_209' title='bbox 3612 1374 3706 1423; x_wconf 84' lang='lat' dir='ltr'><strong>vn,</strong></span> <span class='ocrx_word' id='word_1_210' title='bbox 3737 1376 3860 1432; x_wconf 83' lang='lat' dir='ltr'><strong>pag.</strong></span> 
     </span>
    </p>
   </div>
   <div class='ocr_carea' id='block_1_32' title="bbox 2270 1444 3863 1527">
    <p class='ocr_par' dir='ltr' id='par_1_32' title="bbox 2270 1444 3863 1527">
     <span class='ocr_line' id='line_1_32' title="bbox 2270 1444 3863 1527; baseline 0.002 -25"><span class='ocrx_word' id='word_1_211' title='bbox 2270 1444 2423 1521; x_wconf 73' lang='lat' dir='ltr'><strong>2H).</strong></span> <span class='ocrx_word' id='word_1_212' title='bbox 2452 1447 2642 1505; x_wconf 89' lang='lat' dir='ltr'><strong>Nullus</strong></span> <span class='ocrx_word' id='word_1_213' title='bbox 2665 1452 2864 1522; x_wconf 87' lang='lat' dir='ltr'><strong>quippe</strong></span> <span class='ocrx_word' id='word_1_214' title='bbox 2898 1452 2947 1505; x_wconf 90' lang='lat' dir='ltr'><strong>in</strong></span> <span class='ocrx_word' id='word_1_215' title='bbox 2978 1466 3106 1505; x_wconf 83' lang='lat' dir='ltr'><strong>vero</strong></span> <span class='ocrx_word' id='word_1_216' title='bbox 3132 1451 3241 1507; x_wconf 91' lang='lat' dir='ltr'><strong>Deo</strong></span> <span class='ocrx_word' id='word_1_217' title='bbox 3267 1466 3387 1507; x_wconf 86' lang='lat' dir='ltr'><strong>esse</strong></span> <span class='ocrx_word' id='word_1_218' title='bbox 3418 1461 3591 1527; x_wconf 83' lang='lat' dir='ltr'><strong>potest</strong></span> <span class='ocrx_word' id='word_1_219' title='bbox 3620 1453 3715 1507; x_wconf 64' lang='lat' dir='ltr'><strong>iraa</strong></span> <span class='ocrx_word' id='word_1_220' title='bbox 3746 1467 3863 1506; x_wconf 64' lang='lat' dir='ltr'><strong>mo.</strong></span> 
     </span>
    </p>
   </div>
   <div class='ocr_carea' id='block_1_33' title="bbox 2273 1542 3865 1615">
    <p class='ocr_par' dir='ltr' id='par_1_33' title="bbox 2273 1542 3865 1615">
     <span class='ocr_line' id='line_1_33' title="bbox 2273 1542 3865 1615; baseline 0.004 -20"><span class='ocrx_word' id='word_1_221' title='bbox 2273 1550 2376 1605; x_wconf 90' lang='lat' dir='ltr'><strong>tus,</strong></span> <span class='ocrx_word' id='word_1_222' title='bbox 2408 1542 2603 1613; x_wconf 88' lang='lat' dir='ltr'><strong>quippe</strong></span> <span class='ocrx_word' id='word_1_223' title='bbox 2624 1544 2712 1614; x_wconf 91' lang='lat' dir='ltr'><strong>qui</strong></span> <span class='ocrx_word' id='word_1_224' title='bbox 2744 1542 2935 1598; x_wconf 91' lang='lat' dir='ltr'><strong>belluis</strong></span> <span class='ocrx_word' id='word_1_225' title='bbox 2959 1544 3254 1615; x_wconf 77' lang='lat' dir='ltr'><strong>proximus,</strong></span> <span class='ocrx_word' id='word_1_226' title='bbox 3284 1559 3471 1599; x_wconf 89' lang='lat' dir='ltr'><strong>eorum</strong></span> <span class='ocrx_word' id='word_1_227' title='bbox 3503 1554 3705 1599; x_wconf 88' lang='lat' dir='ltr'><strong>tantum</strong></span> <span class='ocrx_word' id='word_1_228' title='bbox 3737 1560 3865 1602; x_wconf 82' lang='lat' dir='ltr'><strong>esse</strong></span> 
     </span>
    </p>
   </div>
   <div class='ocr_carea' id='block_1_34' title="bbox 2273 1634 3865 1704">
    <p class='ocr_par' dir='ltr' id='par_1_34' title="bbox 2273 1634 3865 1704">
     <span class='ocr_line' id='line_1_34' title="bbox 2273 1634 3865 1704; baseline 0.004 -17"><span class='ocrx_word' id='word_1_229' title='bbox 2273 1643 2469 1703; x_wconf 87' lang='lat' dir='ltr'><strong>potest,</strong></span> <span class='ocrx_word' id='word_1_230' title='bbox 2497 1635 2587 1704; x_wconf 87' lang='lat' dir='ltr'><strong>qui</strong></span> <span class='ocrx_word' id='word_1_231' title='bbox 2620 1635 2878 1690; x_wconf 86' lang='lat' dir='ltr'><strong>mortales</strong></span> <span class='ocrx_word' id='word_1_232' title='bbox 2917 1643 3063 1702; x_wconf 89' lang='lat' dir='ltr'><strong>sunt,</strong></span> <span class='ocrx_word' id='word_1_233' title='bbox 3096 1650 3196 1691; x_wconf 91' lang='lat' dir='ltr'><strong>nec</strong></span> <span class='ocrx_word' id='word_1_234' title='bbox 3240 1634 3416 1690; x_wconf 87' lang='lat' dir='ltr'><strong>adhuc</strong></span> <span class='ocrx_word' id='word_1_235' title='bbox 3461 1635 3621 1691; x_wconf 82' lang='lat' dir='ltr'><strong>beati.</strong></span> <span class='ocrx_word' id='word_1_236' title='bbox 3657 1635 3762 1691; x_wconf 88' lang='lat' dir='ltr'><strong>Sed</strong></span> <span class='ocrx_word' id='word_1_237' title='bbox 3791 1637 3865 1693; x_wconf 89' lang='lat' dir='ltr'><strong>de</strong></span> 
     </span>
    </p>
   </div>
   <div class='ocr_carea' id='block_1_35' title="bbox 574 1726 3859 1829">
    <p class='ocr_par' dir='ltr' id='par_1_35' title="bbox 574 1726 3859 1829">
     <span class='ocr_line' id='line_1_35' title="bbox 574 1726 3859 1829; baseline -0.002 -18"><span class='ocrx_word' id='word_1_238' title='bbox 574 1754 769 1811; x_wconf 84' lang='lat' dir='ltr'><strong>dantur</strong></span> <span class='ocrx_word' id='word_1_239' title='bbox 796 1726 1037 1829; x_wconf 59' lang='lat' dir='ltr'><strong>(Arnob,</strong></span> <span class='ocrx_word' id='word_1_240' title='bbox 1063 1755 1152 1809; x_wconf 86' lang='lat' dir='ltr'><strong>lib.</strong></span> <span class='ocrx_word' id='word_1_241' title='bbox 1179 1726 1272 1819; x_wconf 70' lang='lat' dir='ltr'><strong>vn,</strong></span> <span class='ocrx_word' id='word_1_242' title='bbox 1293 1726 1424 1826; x_wconf 65' lang='lat' dir='ltr'><strong>pag.</strong></span> <span class='ocrx_word' id='word_1_243' title='bbox 1449 1753 1597 1823; x_wconf 70' lang='lat'><strong>213).</strong></span> <span class='ocrx_word' id='word_1_244' title='bbox 1618 1753 1773 1815; x_wconf 80' lang='lat' dir='ltr'><strong>Nam.</strong></span> <span class='ocrx_word' id='word_1_245' title='bbox 1797 1753 1872 1808; x_wconf 91' lang='lat' dir='ltr'><strong>uti</strong></span> <span class='ocrx_word' id='word_1_246' title='bbox 1899 1726 2167 1808; x_wconf 77' lang='lat' dir='ltr'><strong>Litcianus</strong></span> <span class='ocrx_word' id='word_1_247' title='bbox 2201 1744 2248 1807; x_wconf 84' lang='lat' dir='ltr'><strong>B</strong></span> <span class='ocrx_word' id='word_1_248' title='bbox 2274 1727 2473 1829; x_wconf 67' lang='lat' dir='ltr'><strong>Dei</strong></span> <span class='ocrx_word' id='word_1_249' title='bbox 2502 1726 2672 1829; x_wconf 60' lang='grc' dir='ltr'><strong>Ῑίξδίιξδ</strong></span> <span class='ocrx_word' id='word_1_250' title='bbox 2710 1728 2762 1781; x_wconf 68' lang='lat' dir='ltr'><strong>in</strong></span> <span class='ocrx_word' id='word_1_251' title='bbox 2807 1728 3153 1829; x_wconf 37' lang='lat' dir='ltr'><strong>subsequ‘i&#39;ri</strong></span> <span class='ocrx_word' id='word_1_252' title='bbox 3178 1726 3567 1829; x_wconf 58' lang='grc' dir='ltr'><strong>δίεθθτίθίίοηίῖ</strong></span> <span class='ocrx_word' id='word_1_253' title='bbox 3588 1729 3859 1801; x_wconf 64' lang='lat' dir='ltr'><strong>agendum</strong></span> 
     </span>
    </p>
   </div>
   <div class='ocr_carea' id='block_1_36' title="bbox 580 1829 2168 1917">
    <p class='ocr_par' dir='ltr' id='par_1_36' title="bbox 580 1829 2168 1917">
     <span class='ocr_line' id='line_1_36' title="bbox 580 1829 2168 1917; baseline -0.001 -13"><span class='ocrx_word' id='word_1_254' title='bbox 580 1863 613 1904; x_wconf 90' lang='lat' dir='ltr'><strong>a</strong></span> <span class='ocrx_word' id='word_1_255' title='bbox 645 1847 801 1903; x_wconf 88' lang='lat' dir='ltr'><strong>nobis</strong></span> <span class='ocrx_word' id='word_1_256' title='bbox 826 1847 937 1917; x_wconf 87' lang='lat' dir='ltr'><strong>jam</strong></span> <span class='ocrx_word' id='word_1_257' title='bbox 970 1847 1214 1901; x_wconf 87' lang='lat' dir='ltr'><strong>laudatus</strong></span> <span class='ocrx_word' id='word_1_258' title='bbox 1245 1848 1377 1901; x_wconf 76' lang='lat' dir='ltr'><strong>dixit</strong></span> <span class='ocrx_word' id='word_1_259' title='bbox 1409 1862 1422 1899; x_wconf 77' lang='lat'><strong><em>2</em></strong></span> <span class='ocrx_word' id='word_1_260' title='bbox 1451 1851 1537 1909; x_wconf 79' lang='grc' dir='ltr'><strong>Τίς</strong></span> <span class='ocrx_word' id='word_1_261' title='bbox 1555 1850 1639 1901; x_wconf 70' lang='grc' dir='ltr'>οὐκ</span> <span class='ocrx_word' id='word_1_262' title='bbox 1665 1842 1723 1901; x_wconf 86' lang='grc' dir='ltr'>ἂν</span> <span class='ocrx_word' id='word_1_263' title='bbox 1746 1849 1990 1902; x_wconf 79' lang='grc' dir='ltr'>εἰκάσειεν</span> <span class='ocrx_word' id='word_1_264' title='bbox 2009 1829 2168 1905; x_wconf 39' lang='grc' dir='ltr'><strong>’ἥδεσ-</strong></span> 
     </span>
    </p>
   </div>
   <div class='ocr_carea' id='block_1_37' title="bbox 573 1937 2169 2021">
    <p class='ocr_par' dir='ltr' id='par_1_37' title="bbox 573 1937 2169 2021">
     <span class='ocr_line' id='line_1_37' title="bbox 573 1937 2169 2021; baseline -0.005 -22"><span class='ocrx_word' id='word_1_265' title='bbox 573 1946 654 1999; x_wconf 80' lang='grc' dir='ltr'>θαι</span> <span class='ocrx_word' id='word_1_266' title='bbox 682 1942 820 1999; x_wconf 77' lang='grc' dir='ltr'><strong>ταῦθ’</strong></span> <span class='ocrx_word' id='word_1_267' title='bbox 841 1940 1067 2021; x_wconf 80' lang='grc' dir='ltr'><strong>ὁρῶντας</strong></span> <span class='ocrx_word' id='word_1_268' title='bbox 1089 1943 1210 2002; x_wconf 79' lang='grc' dir='ltr'><strong>τοὺς</strong></span> <span class='ocrx_word' id='word_1_269' title='bbox 1232 1942 1406 2002; x_wconf 73' lang='grc' dir='ltr'>θεοὺςς</span> <span class='ocrx_word' id='word_1_270' title='bbox 1441 1939 1567 2008; x_wconf 81' lang='lat' dir='ltr'><strong>Quis</strong></span> <span class='ocrx_word' id='word_1_271' title='bbox 1615 1944 1727 2005; x_wconf 32' lang='lat' dir='ltr'><strong>non,&quot;</strong></span> <span class='ocrx_word' id='word_1_272' title='bbox 1754 1937 1905 2008; x_wconf 78' lang='lat' dir='ltr'><strong>facile</strong></span> <span class='ocrx_word' id='word_1_273' title='bbox 1927 1939 2169 2011; x_wconf 79' lang='lat' dir='ltr'><strong>conjeclet</strong></span> 
     </span>
    </p>
   </div>
   <div class='ocr_carea' id='block_1_38' title="bbox 573 2033 2163 2110">
    <p class='ocr_par' dir='ltr' id='par_1_38' title="bbox 573 2033 2163 2110">
     <span class='ocr_line' id='line_1_38' title="bbox 573 2033 2163 2110; baseline -0.003 -20"><span class='ocrx_word' id='word_1_274' title='bbox 573 2037 798 2110; x_wconf 86' lang='lat' dir='ltr'><strong>gaudere</strong></span> <span class='ocrx_word' id='word_1_275' title='bbox 827 2036 948 2089; x_wconf 81' lang='lat' dir='ltr'><strong>deos</strong></span> <span class='ocrx_word' id='word_1_276' title='bbox 967 2077 982 2101; x_wconf 94' lang='lat'><strong>,</strong></span> <span class='ocrx_word' id='word_1_277' title='bbox 1029 2052 1144 2089; x_wconf 85' lang='lat' dir='ltr'><strong>cum</strong></span> <span class='ocrx_word' id='word_1_278' title='bbox 1179 2035 1276 2089; x_wconf 84' lang='lat' dir='ltr'><strong>ista</strong></span> <span class='ocrx_word' id='word_1_279' title='bbox 1303 2035 1571 2105; x_wconf 79' lang='lat' dir='ltr'><strong>spectant?</strong></span> <span class='ocrx_word' id='word_1_280' title='bbox 1601 2033 1840 2107; x_wconf 75' lang='lat' dir='ltr'><strong>(Lucina.</strong></span> <span class='ocrx_word' id='word_1_281' title='bbox 1867 2074 1882 2099; x_wconf 95' lang='lat'><strong>,</strong></span> <span class='ocrx_word' id='word_1_282' title='bbox 1917 2034 2011 2101; x_wconf 86' lang='lat' dir='ltr'><strong>ib.,</strong></span> <span class='ocrx_word' id='word_1_283' title='bbox 2044 2050 2163 2105; x_wconf 84' lang='lat' dir='ltr'><strong>pag.</strong></span> 
     </span>
    </p>
   </div>
   <div class='ocr_carea' id='block_1_39' title="bbox 572 2128 724 2199">
    <p class='ocr_par' dir='ltr' id='par_1_39' title="bbox 572 2128 724 2199">
     <span class='ocr_line' id='line_1_39' title="bbox 572 2128 724 2199; baseline -0.013 -14"><span class='ocrx_word' id='word_1_284' title='bbox 572 2128 724 2199; x_wconf 75' lang='lat'><strong>186.)</strong></span> 
     </span>
    </p>
   </div>
   <div class='ocr_carea' id='block_1_40' title="bbox 644 2220 2165 2294">
    <p class='ocr_par' dir='ltr' id='par_1_40' title="bbox 644 2220 2165 2294">
     <span class='ocr_line' id='line_1_40' title="bbox 644 2220 2165 2294; baseline -0.004 -15"><span class='ocrx_word' id='word_1_285' title='bbox 644 2226 714 2279; x_wconf 78' lang='lat' dir='ltr'><strong>At</strong></span> <span class='ocrx_word' id='word_1_286' title='bbox 739 2223 941 2279; x_wconf 92' lang='lat' dir='ltr'><strong>nemini</strong></span> <span class='ocrx_word' id='word_1_287' title='bbox 969 2238 1203 2294; x_wconf 86' lang='lat' dir='ltr'><strong>unquam</strong></span> <span class='ocrx_word' id='word_1_288' title='bbox 1235 2238 1341 2280; x_wconf 87' lang='lat' dir='ltr'><strong>non</strong></span> <span class='ocrx_word' id='word_1_289' title='bbox 1384 2222 1559 2278; x_wconf 87' lang='lat' dir='ltr'><strong>insani</strong></span> <span class='ocrx_word' id='word_1_290' title='bbox 1601 2222 1792 2293; x_wconf 81' lang='lat' dir='ltr'><strong>capitis</strong></span> <span class='ocrx_word' id='word_1_291' title='bbox 1821 2220 2022 2277; x_wconf 87' lang='lat' dir='ltr'><strong>homini</strong></span> <span class='ocrx_word' id='word_1_292' title='bbox 2050 2235 2165 2291; x_wconf 86' lang='lat' dir='ltr'><strong>per-</strong></span> 
     </span>
    </p>
   </div>
   <div class='ocr_carea' id='block_1_41' title="bbox 574 2309 2162 2386">
    <p class='ocr_par' dir='ltr' id='par_1_41' title="bbox 574 2309 2162 2386">
     <span class='ocr_line' id='line_1_41' title="bbox 574 2309 2162 2386; baseline -0.004 -13"><span class='ocrx_word' id='word_1_293' title='bbox 574 2315 848 2381; x_wconf 84' lang='lat' dir='ltr'><strong>suadebis,</strong></span> <span class='ocrx_word' id='word_1_294' title='bbox 875 2316 1044 2386; x_wconf 87' lang='lat' dir='ltr'><strong>inquit</strong></span> <span class='ocrx_word' id='word_1_295' title='bbox 1074 2315 1361 2382; x_wconf 79' lang='lat' dir='ltr'><strong>Arnobius,</strong></span> <span class='ocrx_word' id='word_1_296' title='bbox 1389 2314 1543 2381; x_wconf 92' lang='lat' dir='ltr'><strong>deos,</strong></span> <span class='ocrx_word' id='word_1_297' title='bbox 1575 2314 1721 2369; x_wconf 85' lang='lat' dir='ltr'><strong>velut</strong></span> <span class='ocrx_word' id='word_1_298' title='bbox 1763 2312 2030 2386; x_wconf 89' lang='lat' dir='ltr'><strong>quoddam</strong></span> <span class='ocrx_word' id='word_1_299' title='bbox 2055 2309 2162 2366; x_wconf 84' lang='lat' dir='ltr'><strong>ani-</strong></span> 
     </span>
    </p>
   </div>
   <div class='ocr_carea' id='block_1_42' title="bbox 574 2405 2159 2478">
    <p class='ocr_par' dir='ltr' id='par_1_42' title="bbox 574 2405 2159 2478">
     <span class='ocr_line' id='line_1_42' title="bbox 574 2405 2159 2478; baseline -0.001 -15"><span class='ocrx_word' id='word_1_300' title='bbox 574 2409 701 2475; x_wconf 89' lang='lat' dir='ltr'><strong>mal,</strong></span> <span class='ocrx_word' id='word_1_301' title='bbox 742 2408 1097 2463; x_wconf 84' lang='lat' dir='ltr'><strong>delectatione</strong></span> <span class='ocrx_word' id='word_1_302' title='bbox 1144 2408 1320 2478; x_wconf 87' lang='lat' dir='ltr'><strong>aliqua</strong></span> <span class='ocrx_word' id='word_1_303' title='bbox 1358 2418 1412 2463; x_wconf 91' lang='lat' dir='ltr'><strong>et</strong></span> <span class='ocrx_word' id='word_1_304' title='bbox 1443 2407 1640 2478; x_wconf 87' lang='lat' dir='ltr'><strong>gaudio</strong></span> <span class='ocrx_word' id='word_1_305' title='bbox 1674 2407 1853 2461; x_wconf 88' lang='lat' dir='ltr'><strong>adlici.</strong></span> <span class='ocrx_word' id='word_1_306' title='bbox 1895 2405 2159 2476; x_wconf 79' lang='lat' dir='ltr'><strong>Voluptas</strong></span> 
     </span>
    </p>
   </div>
   <div class='ocr_carea' id='block_1_43' title="bbox 575 2496 2165 2573">
    <p class='ocr_par' dir='ltr' id='par_1_43' title="bbox 575 2496 2165 2573">
     <span class='ocr_line' id='line_1_43' title="bbox 575 2496 2165 2573; baseline -0.006 -15"><span class='ocrx_word' id='word_1_307' title='bbox 575 2502 839 2573; x_wconf 83' lang='lat' dir='ltr'><strong>siquidem</strong></span> <span class='ocrx_word' id='word_1_308' title='bbox 871 2502 1104 2573; x_wconf 81' lang='lat' dir='ltr'><strong>quinque</strong></span> <span class='ocrx_word' id='word_1_309' title='bbox 1150 2501 1395 2570; x_wconf 89' lang='lat' dir='ltr'><strong>corporis</strong></span> <span class='ocrx_word' id='word_1_310' title='bbox 1435 2499 1685 2555; x_wconf 79' lang='lat' dir='ltr'><strong>sensibus</strong></span> <span class='ocrx_word' id='word_1_311' title='bbox 1731 2498 2040 2570; x_wconf 83' lang='lat' dir='ltr'><strong>percipitur.</strong></span> <span class='ocrx_word' id='word_1_312' title='bbox 2087 2496 2165 2550; x_wconf 87' lang='lat' dir='ltr'><strong>Dii</strong></span> 
     </span>
    </p>
   </div>
   <div class='ocr_carea' id='block_1_44' title="bbox 572 2589 2150 2664">
    <p class='ocr_par' dir='ltr' id='par_1_44' title="bbox 572 2589 2150 2664">
     <span class='ocr_line' id='line_1_44' title="bbox 572 2589 2150 2664; baseline -0.003 -15"><span class='ocrx_word' id='word_1_313' title='bbox 572 2605 775 2664; x_wconf 90' lang='lat' dir='ltr'><strong>autem,</strong></span> <span class='ocrx_word' id='word_1_314' title='bbox 810 2596 855 2651; x_wconf 88' lang='lat' dir='ltr'><strong>si</strong></span> <span class='ocrx_word' id='word_1_315' title='bbox 885 2596 992 2650; x_wconf 91' lang='lat' dir='ltr'><strong>sint</strong></span> <span class='ocrx_word' id='word_1_316' title='bbox 1018 2594 1371 2662; x_wconf 87' lang='lat' dir='ltr'><strong>immortales,</strong></span> <span class='ocrx_word' id='word_1_317' title='bbox 1414 2592 1661 2649; x_wconf 84' lang='lat' dir='ltr'><strong>sensibus</strong></span> <span class='ocrx_word' id='word_1_318' title='bbox 1705 2594 1809 2648; x_wconf 89' lang='lat' dir='ltr'><strong>illis</strong></span> <span class='ocrx_word' id='word_1_319' title='bbox 1849 2589 2150 2647; x_wconf 49' lang='lat' dir='ltr'><strong>carere&#39;de.</strong></span> 
     </span>
    </p>
   </div>
   <div class='ocr_carea' id='block_1_45' title="bbox 571 2691 721 2746">
    <p class='ocr_par' dir='ltr' id='par_1_45' title="bbox 571 2691 721 2746">
     <span class='ocr_line' id='line_1_45' title="bbox 571 2691 721 2746; baseline -0.007 0"><span class='ocrx_word' id='word_1_320' title='bbox 571 2691 721 2746; x_wconf 87' lang='lat' dir='ltr'><strong>bent.</strong></span> 
     </span>
    </p>
   </div>
   <div class='ocr_carea' id='block_1_46' title="bbox 640 2780 2164 2857">
    <p class='ocr_par' dir='ltr' id='par_1_46' title="bbox 640 2780 2164 2857">
     <span class='ocr_line' id='line_1_46' title="bbox 640 2780 2164 2857; baseline -0.003 -18"><span class='ocrx_word' id='word_1_321' title='bbox 640 2782 912 2839; x_wconf 63' lang='lat' dir='ltr'><strong>Praeterea</strong></span> <span class='ocrx_word' id='word_1_322' title='bbox 958 2783 1115 2854; x_wconf 87' lang='lat' dir='ltr'><strong>quale</strong></span> <span class='ocrx_word' id='word_1_323' title='bbox 1150 2781 1277 2837; x_wconf 88' lang='lat' dir='ltr'><strong>illud</strong></span> <span class='ocrx_word' id='word_1_324' title='bbox 1323 2788 1405 2837; x_wconf 88' lang='lat' dir='ltr'><strong>est</strong></span> <span class='ocrx_word' id='word_1_325' title='bbox 1444 2780 1720 2853; x_wconf 79' lang='lat' dir='ltr'><strong>gaudium,</strong></span> <span class='ocrx_word' id='word_1_326' title='bbox 1752 2795 1859 2852; x_wconf 89' lang='lat' dir='ltr'><strong>quo</strong></span> <span class='ocrx_word' id='word_1_327' title='bbox 1911 2795 2033 2857; x_wconf 79' lang='lat' dir='ltr'><strong>quis</strong></span> <span class='ocrx_word' id='word_1_328' title='bbox 2084 2780 2164 2834; x_wconf 86' lang='lat' dir='ltr'><strong>in-</strong></span> 
     </span>
    </p>
   </div>
   <div class='ocr_carea' id='block_1_47' title="bbox 568 2872 2165 2933">
    <p class='ocr_par' dir='ltr' id='par_1_47' title="bbox 568 2872 2165 2933">
     <span class='ocr_line' id='line_1_47' title="bbox 568 2872 2165 2933; baseline -0.004 0"><span class='ocrx_word' id='word_1_329' title='bbox 568 2877 853 2933; x_wconf 82' lang='lat' dir='ltr'><strong>noxiorum</strong></span> <span class='ocrx_word' id='word_1_330' title='bbox 876 2877 1186 2931; x_wconf 87' lang='lat' dir='ltr'><strong>animalium</strong></span> <span class='ocrx_word' id='word_1_331' title='bbox 1210 2874 1360 2930; x_wconf 70' lang='lat' dir='ltr'><strong>caede</strong></span> <span class='ocrx_word' id='word_1_332' title='bbox 1383 2875 1633 2930; x_wconf 70' lang='lat' dir='ltr'><strong>lmtatur?</strong></span> <span class='ocrx_word' id='word_1_333' title='bbox 1664 2874 1850 2929; x_wconf 82' lang='lat' dir='ltr'><strong>Nonne</strong></span> <span class='ocrx_word' id='word_1_334' title='bbox 1878 2872 1974 2929; x_wconf 80' lang='lat' dir='ltr'><strong>feri</strong></span> <span class='ocrx_word' id='word_1_335' title='bbox 2004 2874 2165 2928; x_wconf 88' lang='lat' dir='ltr'><strong>etiam</strong></span> 
     </span>
    </p>
   </div>
   <div class='ocr_carea' id='block_1_48' title="bbox 569 2968 2165 3039">
    <p class='ocr_par' dir='ltr' id='par_1_48' title="bbox 569 2968 2165 3039">
     <span class='ocr_line' id='line_1_48' title="bbox 569 2968 2165 3039; baseline -0.004 -12"><span class='ocrx_word' id='word_1_336' title='bbox 569 2973 823 3028; x_wconf 80' lang='lat' dir='ltr'><strong>homines</strong></span> <span class='ocrx_word' id='word_1_337' title='bbox 851 2972 1065 3026; x_wconf 88' lang='lat' dir='ltr'><strong>illorum</strong></span> <span class='ocrx_word' id='word_1_338' title='bbox 1113 2979 1523 3025; x_wconf 83' lang='lat' dir='ltr'><strong>commoventur</strong></span> <span class='ocrx_word' id='word_1_339' title='bbox 1549 2968 1835 3039; x_wconf 86' lang='lat' dir='ltr'><strong>aliquando</strong></span> <span class='ocrx_word' id='word_1_340' title='bbox 1875 2968 2165 3022; x_wconf 86' lang='lat' dir='ltr'><strong>commise-</strong></span> 
     </span>
    </p>
   </div>
   <div class='ocr_carea' id='block_1_49' title="bbox 567 3060 2161 3134">
    <p class='ocr_par' dir='ltr' id='par_1_49' title="bbox 567 3060 2161 3134">
     <span class='ocr_line' id='line_1_49' title="bbox 567 3060 2161 3134; baseline -0.004 -12"><span class='ocrx_word' id='word_1_341' title='bbox 567 3064 810 3122; x_wconf 84' lang='lat' dir='ltr'><strong>rati0ne?</strong></span> <span class='ocrx_word' id='word_1_342' title='bbox 849 3063 1058 3133; x_wconf 85' lang='lat' dir='ltr'><strong>Quanto</strong></span> <span class='ocrx_word' id='word_1_343' title='bbox 1086 3064 1243 3134; x_wconf 82' lang='lat' dir='ltr'><strong>igitur</strong></span> <span class='ocrx_word' id='word_1_344' title='bbox 1271 3064 1439 3134; x_wconf 81' lang='lat' dir='ltr'><strong>magis</strong></span> <span class='ocrx_word' id='word_1_345' title='bbox 1470 3061 1562 3125; x_wconf 85' lang='lat' dir='ltr'><strong>dii,</strong></span> <span class='ocrx_word' id='word_1_346' title='bbox 1613 3076 1748 3132; x_wconf 89' lang='lat' dir='ltr'><strong>quos</strong></span> <span class='ocrx_word' id='word_1_347' title='bbox 1800 3061 1944 3132; x_wconf 85' lang='lat' dir='ltr'><strong>plus,</strong></span> <span class='ocrx_word' id='word_1_348' title='bbox 1980 3060 2161 3128; x_wconf 89' lang='lat' dir='ltr'><strong>mites,</strong></span> 
     </span>
    </p>
   </div>
   <div class='ocr_carea' id='block_1_50' title="bbox 568 3158 982 3212">
    <p class='ocr_par' dir='ltr' id='par_1_50' title="bbox 568 3158 982 3212">
     <span class='ocr_line' id='line_1_50' title="bbox 568 3158 982 3212; baseline -0.012 0"><span class='ocrx_word' id='word_1_349' title='bbox 568 3173 631 3212; x_wconf 84' lang='lat' dir='ltr'><strong>ac</strong></span> <span class='ocrx_word' id='word_1_350' title='bbox 662 3158 982 3211; x_wconf 51' lang='lat' dir='ltr'><strong>mansuetis:</strong></span> 
     </span>
    </p>
   </div>
   <div class='ocr_carea' id='block_1_51' title="bbox 568 3242 2158 3335">
    <p class='ocr_par' dir='ltr' id='par_1_51' title="bbox 568 3242 2158 3335">
     <span class='ocr_line' id='line_1_51' title="bbox 568 3242 2158 3335; baseline -0.004 -29"><span class='ocrx_word' id='word_1_351' title='bbox 568 3252 781 3321; x_wconf 86' lang='lat' dir='ltr'><strong>quidam</strong></span> <span class='ocrx_word' id='word_1_352' title='bbox 813 3261 965 3335; x_wconf 54' lang='lat' dir='ltr'><strong>popta</strong></span> <span class='ocrx_word' id='word_1_353' title='bbox 991 3266 1019 3304; x_wconf 89' lang='lat' dir='ltr'><strong>a</strong></span> <span class='ocrx_word' id='word_1_354' title='bbox 1055 3242 1353 3320; x_wconf 71' lang='lat' dir='ltr'><strong>Porphyrii)</strong></span> <span class='ocrx_word' id='word_1_355' title='bbox 1396 3248 1591 3302; x_wconf 90' lang='lat' dir='ltr'><strong>citatus</strong></span> <span class='ocrx_word' id='word_1_356' title='bbox 1620 3247 1734 3301; x_wconf 81' lang='lat' dir='ltr'><strong>haec</strong></span> <span class='ocrx_word' id='word_1_357' title='bbox 1763 3246 1960 3303; x_wconf 86' lang='lat' dir='ltr'><strong>cecinit</strong></span> <span class='ocrx_word' id='word_1_358' title='bbox 1996 3244 2158 3317; x_wconf 87' lang='lat' dir='ltr'><strong>(Por-</strong></span> 
     </span>
    </p>
   </div>
   <div class='ocr_carea' id='block_1_52' title="bbox 569 3339 1819 3416">
    <p class='ocr_par' dir='ltr' id='par_1_52' title="bbox 569 3339 1819 3416">
     <span class='ocr_line' id='line_1_52' title="bbox 569 3339 1819 3416; baseline -0.002 -18"><span class='ocrx_word' id='word_1_359' title='bbox 569 3346 716 3416; x_wconf 59' lang='grc' dir='ltr'><strong>νήθη</strong></span> <span class='ocrx_word' id='word_1_360' title='bbox 748 3344 834 3398; x_wconf 89' lang='lat' dir='ltr'><strong>lib.</strong></span> <span class='ocrx_word' id='word_1_361' title='bbox 864 3360 901 3398; x_wconf 89' lang='grc' dir='ltr'><strong>ιι</strong></span> <span class='ocrx_word' id='word_1_362' title='bbox 928 3343 991 3397; x_wconf 83' lang='lat' dir='ltr'><strong>de</strong></span> <span class='ocrx_word' id='word_1_363' title='bbox 1012 3343 1207 3397; x_wconf 71' lang='lat' dir='ltr'><strong>Abstin.</strong></span> <span class='ocrx_word' id='word_1_364' title='bbox 1239 3340 1477 3407; x_wconf 77' lang='lat' dir='ltr'><strong>animal.,</strong></span> <span class='ocrx_word' id='word_1_365' title='bbox 1512 3359 1635 3412; x_wconf 88' lang='lat' dir='ltr'><strong>pag.</strong></span> <span class='ocrx_word' id='word_1_366' title='bbox 1666 3339 1819 3411; x_wconf 75' lang='lat'><strong>2&#39;50).</strong></span> 
     </span>
    </p>
   </div>
   <div class='ocr_carea' id='block_1_53' title="bbox 754 3508 1509 3565">
    <p class='ocr_par' dir='ltr' id='par_1_53' title="bbox 754 3508 1509 3565">
     <span class='ocr_line' id='line_1_53' title="bbox 754 3508 1509 3565; baseline 0.001 -14"><span class='ocrx_word' id='word_1_367' title='bbox 754 3508 825 3560; x_wconf 81' lang='grc' dir='ltr'><strong>Τις</strong></span> <span class='ocrx_word' id='word_1_368' title='bbox 847 3509 918 3553; x_wconf 68' lang='grc' dir='ltr'>ὗδι</span> <span class='ocrx_word' id='word_1_369' title='bbox 941 3520 1058 3565; x_wconf 72' lang='grc' dir='ltr'><strong>μῶρος</strong></span> <span class='ocrx_word' id='word_1_370' title='bbox 1072 3544 1083 3561; x_wconf 85' lang='grc'>,</span> <span class='ocrx_word' id='word_1_371' title='bbox 1106 3514 1167 3553; x_wconf 69' lang='grc' dir='ltr'><strong>καὶ</strong></span> <span class='ocrx_word' id='word_1_372' title='bbox 1186 3514 1272 3552; x_wconf 74' lang='grc' dir='ltr'>λὶιν</span> <span class='ocrx_word' id='word_1_373' title='bbox 1294 3513 1478 3562; x_wconf 60' lang='lat' dir='ltr'><strong>«inqu»:</strong></span> <span class='ocrx_word' id='word_1_374' title='bbox 1497 3542 1509 3559; x_wconf 65' lang='grc' dir='ltr'><strong><em>ο</em></strong></span> 
     </span>
    </p>
   </div>
   <div class='ocr_carea' id='block_1_54' title="bbox 754 3574 1539 3628">
    <p class='ocr_par' dir='ltr' id='par_1_54' title="bbox 754 3574 1539 3628">
     <span class='ocr_line' id='line_1_54' title="bbox 754 3574 1539 3628; baseline 0.011 -14"><span class='ocrx_word' id='word_1_375' title='bbox 754 3576 933 3628; x_wconf 64' lang='grc' dir='ltr'>Βῦπιστος</span> <span class='ocrx_word' id='word_1_376' title='bbox 955 3574 1111 3628; x_wconf 73' lang='grc' dir='ltr'><strong>ἀνδρῶν,</strong></span> <span class='ocrx_word' id='word_1_377' title='bbox 1132 3575 1234 3625; x_wconf 78' lang='grc' dir='ltr'>ὅστις</span> <span class='ocrx_word' id='word_1_378' title='bbox 1259 3575 1395 3622; x_wconf 44' lang='lat' dir='ltr'><strong>“33C”-</strong></span> <span class='ocrx_word' id='word_1_379' title='bbox 1414 3576 1514 3625; x_wconf 58' lang='grc' dir='ltr'><strong>βιοὺς</strong></span> <span class='ocrx_word' id='word_1_380' title='bbox 1528 3605 1539 3623; x_wconf 78' lang='grc' dir='ltr'><strong>ι</strong></span> 
     </span>
    </p>
   </div>
   <div class='ocr_carea' id='block_1_55' title="bbox 754 3624 1575 3692">
    <p class='ocr_par' dir='ltr' id='par_1_55' title="bbox 754 3624 1575 3692">
     <span class='ocr_line' id='line_1_55' title="bbox 754 3624 1575 3692; baseline -0.004 -14"><span class='ocrx_word' id='word_1_381' title='bbox 754 3624 881 3679; x_wconf 70' lang='grc' dir='ltr'>ὀστῶν</span> <span class='ocrx_word' id='word_1_382' title='bbox 899 3624 1079 3692; x_wconf 56' lang='lat' dir='ltr'><strong>dederant,</strong></span> <span class='ocrx_word' id='word_1_383' title='bbox 1100 3624 1166 3678; x_wconf 75' lang='grc' dir='ltr'>ιιαὶ</span> <span class='ocrx_word' id='word_1_384' title='bbox 1184 3624 1295 3691; x_wconf 75' lang='grc' dir='ltr'>χολῆς</span> <span class='ocrx_word' id='word_1_385' title='bbox 1318 3624 1540 3690; x_wconf 48' lang='lat' dir='ltr'><strong>aversatum;</strong></span> <span class='ocrx_word' id='word_1_386' title='bbox 1563 3668 1575 3685; x_wconf 87' lang='lat'><strong>,</strong></span> 
     </span>
    </p>
   </div>
   <div class='ocr_carea' id='block_1_56' title="bbox 754 3692 1509 3753">
    <p class='ocr_par' dir='ltr' id='par_1_56' title="bbox 754 3692 1509 3753">
     <span class='ocr_line' id='line_1_56' title="bbox 754 3692 1509 3753; baseline -0.005 -11"><span class='ocrx_word' id='word_1_387' title='bbox 754 3692 786 3742; x_wconf 67' lang='grc' dir='ltr'>λ</span> <span class='ocrx_word' id='word_1_388' title='bbox 809 3705 869 3741; x_wconf 73' lang='grc' dir='ltr'>καὶ</span> <span class='ocrx_word' id='word_1_389' title='bbox 891 3706 992 3741; x_wconf 59' lang='lat' dir='ltr'><strong>tactv</strong></span> <span class='ocrx_word' id='word_1_390' title='bbox 1014 3709 1180 3742; x_wconf 70' lang='grc' dir='ltr'>πεινθσιν</span> <span class='ocrx_word' id='word_1_391' title='bbox 1202 3703 1283 3753; x_wconf 75' lang='grc' dir='ltr'><strong>οὐχὶ</strong></span> <span class='ocrx_word' id='word_1_392' title='bbox 1313 3705 1478 3751; x_wconf 69' lang='grc' dir='ltr'><strong>βρώσιμα</strong></span> <span class='ocrx_word' id='word_1_393' title='bbox 1499 3731 1509 3747; x_wconf 88' lang='grc'><em>,</em></span> 
     </span>
    </p>
   </div>
   <div class='ocr_carea' id='block_1_57' title="bbox 755 3760 1591 3817">
    <p class='ocr_par' dir='ltr' id='par_1_57' title="bbox 755 3760 1591 3817">
     <span class='ocr_line' id='line_1_57' title="bbox 755 3760 1591 3817; baseline 0.001 -13"><span class='ocrx_word' id='word_1_394' title='bbox 755 3768 902 3817; x_wconf 57' lang='grc' dir='ltr'><strong>χαίροι-ι</strong></span> <span class='ocrx_word' id='word_1_395' title='bbox 925 3767 1104 3817; x_wconf 42' lang='lat' dir='ltr'><strong>dedam.</strong></span> <span class='ocrx_word' id='word_1_396' title='bbox 1126 3768 1186 3805; x_wconf 76' lang='grc' dir='ltr'>ιιαὶ</span> <span class='ocrx_word' id='word_1_397' title='bbox 1201 3767 1306 3817; x_wconf 55' lang='grc' dir='ltr'><strong><em>τινος</em></strong></span> <span class='ocrx_word' id='word_1_398' title='bbox 1328 3765 1451 3815; x_wconf 49' lang='lat' dir='ltr'><strong>his“</strong></span> <span class='ocrx_word' id='word_1_399' title='bbox 1473 3760 1591 3809; x_wconf 61' lang='lat'><strong>168:;</strong></span> 
     </span>
    </p>
   </div>
   <div class='ocr_carea' id='block_1_58' title="bbox 662 3881 1568 3941">
    <p class='ocr_par' dir='ltr' id='par_1_58' title="bbox 662 3881 1568 3941">
     <span class='ocr_line' id='line_1_58' title="bbox 662 3881 1568 3941; baseline -0.001 -9"><span class='ocrx_word' id='word_1_400' title='bbox 662 3883 782 3941; x_wconf 83' lang='lat' dir='ltr'><strong>Quis</strong></span> <span class='ocrx_word' id='word_1_401' title='bbox 805 3884 873 3932; x_wconf 87' lang='lat' dir='ltr'><strong>ita</strong></span> <span class='ocrx_word' id='word_1_402' title='bbox 895 3881 1089 3939; x_wconf 85' lang='lat' dir='ltr'><strong>stultus,</strong></span> <span class='ocrx_word' id='word_1_403' title='bbox 1118 3887 1167 3930; x_wconf 85' lang='lat' dir='ltr'><strong>et</strong></span> <span class='ocrx_word' id='word_1_404' title='bbox 1188 3886 1285 3930; x_wconf 87' lang='lat' dir='ltr'><strong>tam</strong></span> <span class='ocrx_word' id='word_1_405' title='bbox 1311 3881 1568 3938; x_wconf 83' lang='lat' dir='ltr'><strong>remissus.</strong></span> 
     </span>
    </p>
   </div>
   <div class='ocr_carea' id='block_1_59' title="bbox 660 3943 1739 4009">
    <p class='ocr_par' dir='ltr' id='par_1_59' title="bbox 660 3943 1739 4009">
     <span class='ocr_line' id='line_1_59' title="bbox 660 3943 1739 4009; baseline -0.002 -13"><span class='ocrx_word' id='word_1_406' title='bbox 660 3945 999 4009; x_wconf 77' lang='lat' dir='ltr'><strong>Credulusque</strong></span> <span class='ocrx_word' id='word_1_407' title='bbox 1026 3945 1293 4009; x_wconf 78' lang='lat' dir='ltr'><strong>hominum,</strong></span> <span class='ocrx_word' id='word_1_408' title='bbox 1310 3947 1582 4009; x_wconf 71' lang='lat' dir='ltr'><strong>quisperet</strong></span> <span class='ocrx_word' id='word_1_409' title='bbox 1597 3943 1739 4005; x_wconf 82' lang='lat' dir='ltr'><strong>deos,</strong></span> 
     </span>
    </p>
   </div>
   <div class='ocr_carea' id='block_1_60' title="bbox 662 4004 2158 4129">
    <p class='ocr_par' dir='ltr' id='par_1_60' title="bbox 662 4004 2158 4129">
     <span class='ocr_line' id='line_1_60' title="bbox 662 4004 2158 4129; baseline -0.004 -70"><span class='ocrx_word' id='word_1_410' title='bbox 662 4004 859 4059; x_wconf 86' lang='lat' dir='ltr'><strong>Ossibus</strong></span> <span class='ocrx_word' id='word_1_411' title='bbox 901 4004 1213 4068; x_wconf 75' lang='lat' dir='ltr'><strong>excarnibus,</strong></span> <span class='ocrx_word' id='word_1_412' title='bbox 1239 4004 1291 4057; x_wconf 77' lang='lat' dir='ltr'><strong>et</strong></span> <span class='ocrx_word' id='word_1_413' title='bbox 1320 4004 1408 4057; x_wconf 89' lang='lat' dir='ltr'><strong>bili</strong></span> <span class='ocrx_word' id='word_1_414' title='bbox 1439 4004 1563 4070; x_wconf 81' lang='lat' dir='ltr'><strong>igne</strong></span> <span class='ocrx_word' id='word_1_415' title='bbox 1611 4004 1908 4067; x_wconf 80' lang='lat' dir='ltr'><strong>examinata,</strong></span> <span class='ocrx_word' id='word_1_416' title='bbox 1957 4017 2048 4129; x_wconf 56' lang='grc' dir='ltr'><strong>εἴη</strong></span> <span class='ocrx_word' id='word_1_417' title='bbox 2073 4016 2158 4116; x_wconf 58' lang='lat' dir='ltr'><strong>etx-</strong></span> 
     </span>
     <span class='ocr_line' id='line_1_61' title="bbox 2001 4080 2157 4128; baseline -0.013 -12"><span class='ocrx_word' id='word_1_418' title='bbox 2001 4080 2087 4117; x_wconf 83' lang='lat' dir='ltr'><strong>coc</strong></span> <span class='ocrx_word' id='word_1_419' title='bbox 2112 4081 2157 4128; x_wconf 71' lang='grc' dir='ltr'>ιι,</span> 
     </span>
    </p>
   </div>
   <div class='ocr_carea' id='block_1_61' title="bbox 2080 4104 2157 4128">
    <p class='ocr_par' dir='ltr' id='par_1_61' title="bbox 2080 4104 2157 4128">
     <span class='ocr_line' id='line_1_62' title="bbox 2080 4104 2157 4128; baseline 0 0"><span class='ocrx_word' id='word_1_420' title='bbox 2080 4104 2157 4128; x_wconf 61' lang='grc' dir='ltr'>αι’-ν</span> 
     </span>
    </p>
   </div>
   <div class='ocr_carea' id='block_1_62' title="bbox 662 4131 1878 4193">
    <p class='ocr_par' dir='ltr' id='par_1_62' title="bbox 662 4131 1878 4193">
     <span class='ocr_line' id='line_1_63' title="bbox 662 4131 1878 4193; baseline 0.002 -10"><span class='ocrx_word' id='word_1_421' title='bbox 662 4135 782 4193; x_wconf 71' lang='lat' dir='ltr'><strong>Quae</strong></span> <span class='ocrx_word' id='word_1_422' title='bbox 807 4134 1012 4185; x_wconf 86' lang='lat' dir='ltr'><strong>canibus</strong></span> <span class='ocrx_word' id='word_1_423' title='bbox 1035 4132 1273 4189; x_wconf 79' lang='lat' dir='ltr'><strong>famelicis</strong></span> <span class='ocrx_word' id='word_1_424' title='bbox 1298 4146 1395 4183; x_wconf 81' lang='lat' dir='ltr'><strong>non</strong></span> <span class='ocrx_word' id='word_1_425' title='bbox 1414 4138 1585 4185; x_wconf 86' lang='lat' dir='ltr'><strong>essent</strong></span> <span class='ocrx_word' id='word_1_426' title='bbox 1606 4131 1878 4186; x_wconf 80' lang='lat' dir='ltr'><strong>esculenta.</strong></span> 
     </span>
    </p>
   </div>
   <div class='ocr_carea' id='block_1_63' title="bbox 627 4194 1895 4263">
    <p class='ocr_par' dir='ltr' id='par_1_63' title="bbox 627 4194 1895 4263">
     <span class='ocr_line' id='line_1_64' title="bbox 627 4194 1895 4263; baseline -0.004 -16"><span class='ocrx_word' id='word_1_427' title='bbox 627 4203 630 4206; x_wconf 78' lang='grc'><strong>’</strong></span> <span class='ocrx_word' id='word_1_428' title='bbox 661 4196 845 4248; x_wconf 85' lang='lat' dir='ltr'><strong>Omnes</strong></span> <span class='ocrx_word' id='word_1_429' title='bbox 868 4196 1109 4258; x_wconf 82' lang='lat' dir='ltr'><strong>gaudere,</strong></span> <span class='ocrx_word' id='word_1_430' title='bbox 1136 4203 1189 4245; x_wconf 88' lang='lat' dir='ltr'><strong>et</strong></span> <span class='ocrx_word' id='word_1_431' title='bbox 1206 4197 1460 4263; x_wconf 73' lang='lat' dir='ltr'><strong>praemium</strong></span> <span class='ocrx_word' id='word_1_432' title='bbox 1479 4195 1595 4259; x_wconf 84' lang='lat' dir='ltr'><strong>illud</strong></span> <span class='ocrx_word' id='word_1_433' title='bbox 1620 4194 1895 4258; x_wconf 83' lang='lat' dir='ltr'><strong>consequi?</strong></span> 
     </span>
    </p>
   </div>
   <div class='ocr_carea' id='block_1_64' title="bbox 568 4325 2162 4399">
    <p class='ocr_par' dir='ltr' id='par_1_64' title="bbox 568 4325 2162 4399">
     <span class='ocr_line' id='line_1_65' title="bbox 568 4325 2162 4399; baseline -0.002 -16"><span class='ocrx_word' id='word_1_434' title='bbox 568 4327 727 4384; x_wconf 87' lang='lat' dir='ltr'><strong>Prius</strong></span> <span class='ocrx_word' id='word_1_435' title='bbox 775 4343 905 4384; x_wconf 82' lang='lat' dir='ltr'><strong>vero</strong></span> <span class='ocrx_word' id='word_1_436' title='bbox 944 4329 1035 4384; x_wconf 90' lang='lat' dir='ltr'><strong>illc</strong></span> <span class='ocrx_word' id='word_1_437' title='bbox 1080 4329 1309 4397; x_wconf 84' lang='lat' dir='ltr'><strong>ipsemet</strong></span> <span class='ocrx_word' id='word_1_438' title='bbox 1360 4328 1692 4399; x_wconf 66' lang='lat' dir='ltr'><strong>Porphyrius</strong></span> <span class='ocrx_word' id='word_1_439' title='bbox 1730 4326 1947 4382; x_wconf 74' lang='lat' dir='ltr'><strong>dixerat</strong></span> <span class='ocrx_word' id='word_1_440' title='bbox 1988 4325 2162 4381; x_wconf 87' lang='lat' dir='ltr'><strong>malos</strong></span> 
     </span>
    </p>
   </div>
   <div class='ocr_carea' id='block_1_65' title="bbox 568 4418 2166 4495">
    <p class='ocr_par' dir='ltr' id='par_1_65' title="bbox 568 4418 2166 4495">
     <span class='ocr_line' id='line_1_66' title="bbox 568 4418 2166 4495; baseline -0.003 -19"><span class='ocrx_word' id='word_1_441' title='bbox 568 4420 861 4485; x_wconf 71' lang='lat' dir='ltr'><strong>daemones,</strong></span> <span class='ocrx_word' id='word_1_442' title='bbox 896 4422 987 4491; x_wconf 90' lang='lat' dir='ltr'><strong>qui</strong></span> <span class='ocrx_word' id='word_1_443' title='bbox 1022 4420 1097 4475; x_wconf 89' lang='lat' dir='ltr'><strong>dii</strong></span> <span class='ocrx_word' id='word_1_444' title='bbox 1138 4420 1301 4476; x_wconf 84' lang='lat' dir='ltr'><strong>videri</strong></span> <span class='ocrx_word' id='word_1_445' title='bbox 1329 4421 1570 4490; x_wconf 87' lang='lat' dir='ltr'><strong>cupiunt,</strong></span> <span class='ocrx_word' id='word_1_446' title='bbox 1598 4418 2166 4495; x_wconf 58' lang='lat' dir='ltr'><strong>viaep,‘etsacriﬁcio-</strong></span> 
     </span>
    </p>
   </div>
   <div class='ocr_carea' id='block_1_66' title="bbox 2271 1819 3574 1893">
    <p class='ocr_par' dir='ltr' id='par_1_66' title="bbox 2271 1819 3574 1893">
     <span class='ocr_line' id='line_1_67' title="bbox 2271 1819 3574 1893; baseline 0.002 -19"><span class='ocrx_word' id='word_1_447' title='bbox 2271 1819 2510 1893; x_wconf 76' lang='lat' dir='ltr'><strong>(Dissert.</strong></span> <span class='ocrx_word' id='word_1_448' title='bbox 2538 1822 2590 1875; x_wconf 87' lang='lat' dir='ltr'><strong>in</strong></span> <span class='ocrx_word' id='word_1_449' title='bbox 2616 1819 2877 1886; x_wconf 83' lang='lat' dir='ltr'><strong>Lactant.,</strong></span> <span class='ocrx_word' id='word_1_450' title='bbox 2909 1837 3027 1892; x_wconf 84' lang='lat' dir='ltr'><strong>cap.</strong></span> <span class='ocrx_word' id='word_1_451' title='bbox 3055 1822 3143 1889; x_wconf 77' lang='grc'><strong>15,</strong></span> <span class='ocrx_word' id='word_1_452' title='bbox 3164 1831 3265 1876; x_wconf 89' lang='lat' dir='ltr'><strong>art.</strong></span> <span class='ocrx_word' id='word_1_453' title='bbox 3297 1830 3379 1877; x_wconf 88' lang='lat' dir='ltr'><strong>tet</strong></span> <span class='ocrx_word' id='word_1_454' title='bbox 3407 1821 3574 1893; x_wconf 72' lang='lat' dir='ltr'><strong>seqq.)</strong></span> 
     </span>
    </p>
   </div>
   <div class='ocr_carea' id='block_1_67' title="bbox 2342 1913 3863 1983">
    <p class='ocr_par' dir='ltr' id='par_1_67' title="bbox 2342 1913 3863 1983">
     <span class='ocr_line' id='line_1_68' title="bbox 2342 1913 3863 1983; baseline 0 -14"><span class='ocrx_word' id='word_1_455' title='bbox 2342 1915 2449 1969; x_wconf 79' lang='lat' dir='ltr'><strong>Fac</strong></span> <span class='ocrx_word' id='word_1_456' title='bbox 2473 1923 2653 1970; x_wconf 88' lang='lat' dir='ltr'><strong>tamen</strong></span> <span class='ocrx_word' id='word_1_457' title='bbox 2683 1929 2824 1969; x_wconf 93' lang='lat' dir='ltr'><strong>nunc</strong></span> <span class='ocrx_word' id='word_1_458' title='bbox 2845 1915 2889 1969; x_wconf 88' lang='lat' dir='ltr'><strong>si</strong></span> <span class='ocrx_word' id='word_1_459' title='bbox 2913 1916 3066 1980; x_wconf 88' lang='lat' dir='ltr'><strong>velis,</strong></span> <span class='ocrx_word' id='word_1_460' title='bbox 3101 1915 3175 1969; x_wconf 87' lang='lat' dir='ltr'><strong>ait</strong></span> <span class='ocrx_word' id='word_1_461' title='bbox 3200 1913 3491 1983; x_wconf 81' lang='lat' dir='ltr'><strong>Arnobius,</strong></span> <span class='ocrx_word' id='word_1_462' title='bbox 3514 1914 3647 1970; x_wconf 91' lang='lat' dir='ltr'><strong>deos</strong></span> <span class='ocrx_word' id='word_1_463' title='bbox 3670 1930 3863 1972; x_wconf 85' lang='lat' dir='ltr'><strong>revera</strong></span> 
     </span>
    </p>
   </div>
   <div class='ocr_carea' id='block_1_68' title="bbox 2269 2004 3866 2080">
    <p class='ocr_par' dir='ltr' id='par_1_68' title="bbox 2269 2004 3866 2080">
     <span class='ocr_line' id='line_1_69' title="bbox 2269 2004 3866 2080; baseline 0.003 -21"><span class='ocrx_word' id='word_1_464' title='bbox 2269 2004 2579 2060; x_wconf 90' lang='lat' dir='ltr'><strong>hominibus</strong></span> <span class='ocrx_word' id='word_1_465' title='bbox 2610 2006 2790 2073; x_wconf 90' lang='lat' dir='ltr'><strong>irasci,</strong></span> <span class='ocrx_word' id='word_1_466' title='bbox 2822 2020 2928 2060; x_wconf 92' lang='lat' dir='ltr'><strong>non</strong></span> <span class='ocrx_word' id='word_1_467' title='bbox 2952 2005 3077 2062; x_wconf 88' lang='lat' dir='ltr'><strong>inde</strong></span> <span class='ocrx_word' id='word_1_468' title='bbox 3105 2020 3199 2062; x_wconf 91' lang='lat' dir='ltr'><strong>eos</strong></span> <span class='ocrx_word' id='word_1_469' title='bbox 3229 2006 3507 2062; x_wconf 89' lang='lat' dir='ltr'><strong>sacriﬁciis</strong></span> <span class='ocrx_word' id='word_1_470' title='bbox 3536 2005 3866 2080; x_wconf 74' lang='lat' dir='ltr'><strong>mitigandos</strong></span> 
     </span>
    </p>
   </div>
   <div class='ocr_carea' id='block_1_69' title="bbox 2270 2098 3865 2172">
    <p class='ocr_par' dir='ltr' id='par_1_69' title="bbox 2270 2098 3865 2172">
     <span class='ocr_line' id='line_1_70' title="bbox 2270 2098 3865 2172; baseline 0.001 -17"><span class='ocrx_word' id='word_1_471' title='bbox 2270 2113 2392 2155; x_wconf 88' lang='lat' dir='ltr'><strong>esse</strong></span> <span class='ocrx_word' id='word_1_472' title='bbox 2445 2115 2677 2169; x_wconf 87' lang='lat' dir='ltr'><strong>unquam</strong></span> <span class='ocrx_word' id='word_1_473' title='bbox 2727 2100 2999 2155; x_wconf 90' lang='lat' dir='ltr'><strong>conﬁcies.</strong></span> <span class='ocrx_word' id='word_1_474' title='bbox 3051 2098 3168 2155; x_wconf 87' lang='lat' dir='ltr'><strong>Non</strong></span> <span class='ocrx_word' id='word_1_475' title='bbox 3218 2100 3361 2154; x_wconf 91' lang='lat' dir='ltr'><strong>enim</strong></span> <span class='ocrx_word' id='word_1_476' title='bbox 3403 2110 3690 2172; x_wconf 89' lang='lat' dir='ltr'><strong>antequam</strong></span> <span class='ocrx_word' id='word_1_477' title='bbox 3736 2100 3865 2159; x_wconf 83' lang='lat' dir='ltr'><strong>irati</strong></span> 
     </span>
    </p>
   </div>
   <div class='ocr_carea' id='block_1_70' title="bbox 2270 2192 3864 2264">
    <p class='ocr_par' dir='ltr' id='par_1_70' title="bbox 2270 2192 3864 2264">
     <span class='ocr_line' id='line_1_71' title="bbox 2270 2192 3864 2264; baseline 0.002 -18"><span class='ocrx_word' id='word_1_478' title='bbox 2270 2192 2398 2257; x_wconf 90' lang='lat' dir='ltr'><strong>sint,</strong></span> <span class='ocrx_word' id='word_1_479' title='bbox 2423 2193 2747 2248; x_wconf 85' lang='lat' dir='ltr'><strong>sacriﬁcium</strong></span> <span class='ocrx_word' id='word_1_480' title='bbox 2768 2194 2847 2248; x_wconf 90' lang='lat' dir='ltr'><strong>eis</strong></span> <span class='ocrx_word' id='word_1_481' title='bbox 2879 2193 2992 2249; x_wconf 87' lang='lat' dir='ltr'><strong>ﬁeri</strong></span> <span class='ocrx_word' id='word_1_482' title='bbox 3015 2193 3199 2250; x_wconf 83' lang='lat' dir='ltr'><strong>delet.</strong></span> <span class='ocrx_word' id='word_1_483' title='bbox 3218 2192 3353 2249; x_wconf 81' lang='lat' dir='ltr'><strong>Tum</strong></span> <span class='ocrx_word' id='word_1_484' title='bbox 3371 2193 3536 2261; x_wconf 88' lang='lat' dir='ltr'><strong>enim,</strong></span> <span class='ocrx_word' id='word_1_485' title='bbox 3557 2196 3693 2250; x_wconf 89' lang='lat' dir='ltr'><strong>sicut</strong></span> <span class='ocrx_word' id='word_1_486' title='bbox 3709 2194 3864 2264; x_wconf 86' lang='lat' dir='ltr'><strong>feris,</strong></span> 
     </span>
    </p>
   </div>
   <div class='ocr_carea' id='block_1_71' title="bbox 2271 2287 3868 2357">
    <p class='ocr_par' dir='ltr' id='par_1_71' title="bbox 2271 2287 3868 2357">
     <span class='ocr_line' id='line_1_72' title="bbox 2271 2287 3868 2357; baseline 0.001 -16"><span class='ocrx_word' id='word_1_487' title='bbox 2271 2302 2340 2342; x_wconf 84' lang='lat' dir='ltr'><strong>ne</strong></span> <span class='ocrx_word' id='word_1_488' title='bbox 2368 2287 2630 2354; x_wconf 73' lang='lat' dir='ltr'><strong>szeviant,</strong></span> <span class='ocrx_word' id='word_1_489' title='bbox 2679 2302 2800 2343; x_wconf 82' lang='lat' dir='ltr'><strong>esca</strong></span> <span class='ocrx_word' id='word_1_490' title='bbox 2846 2288 3118 2357; x_wconf 85' lang='lat' dir='ltr'><strong>objicitur,</strong></span> <span class='ocrx_word' id='word_1_491' title='bbox 3152 2289 3226 2344; x_wconf 88' lang='lat' dir='ltr'><strong>ita</strong></span> <span class='ocrx_word' id='word_1_492' title='bbox 3275 2288 3598 2347; x_wconf 90' lang='lat' dir='ltr'><strong>sacriﬁcium</strong></span> <span class='ocrx_word' id='word_1_493' title='bbox 3627 2287 3868 2349; x_wconf 85' lang='lat' dir='ltr'><strong>futuram</strong></span> 
     </span>
    </p>
   </div>
   <div class='ocr_carea' id='block_1_72' title="bbox 2272 2380 3866 2453">
    <p class='ocr_par' dir='ltr' id='par_1_72' title="bbox 2272 2380 3866 2453">
     <span class='ocr_line' id='line_1_73' title="bbox 2272 2380 3866 2453; baseline 0.004 -19"><span class='ocrx_word' id='word_1_494' title='bbox 2272 2380 2495 2435; x_wconf 88' lang='lat' dir='ltr'><strong>deorum</strong></span> <span class='ocrx_word' id='word_1_495' title='bbox 2548 2381 2682 2435; x_wconf 88' lang='lat' dir='ltr'><strong>iram</strong></span> <span class='ocrx_word' id='word_1_496' title='bbox 2728 2380 3028 2437; x_wconf 83' lang='lat' dir='ltr'><strong>cohiberet.</strong></span> <span class='ocrx_word' id='word_1_497' title='bbox 3067 2382 3251 2453; x_wconf 85' lang='lat' dir='ltr'><strong>Neque</strong></span> <span class='ocrx_word' id='word_1_498' title='bbox 3297 2383 3459 2438; x_wconf 86' lang='lat' dir='ltr'><strong>etiam</strong></span> <span class='ocrx_word' id='word_1_499' title='bbox 3500 2381 3604 2443; x_wconf 84' lang='lat' dir='ltr'><strong>diis</strong></span> <span class='ocrx_word' id='word_1_500' title='bbox 3628 2382 3737 2453; x_wconf 87' lang='lat' dir='ltr'><strong>jam</strong></span> <span class='ocrx_word' id='word_1_501' title='bbox 3783 2382 3866 2441; x_wconf 84' lang='lat' dir='ltr'><strong>ira</strong></span> 
     </span>
    </p>
   </div>
   <div class='ocr_carea' id='block_1_73' title="bbox 2271 2473 3865 2547">
    <p class='ocr_par' dir='ltr' id='par_1_73' title="bbox 2271 2473 3865 2547">
     <span class='ocr_line' id='line_1_74' title="bbox 2271 2473 3865 2547; baseline 0.002 -17"><span class='ocrx_word' id='word_1_502' title='bbox 2271 2473 2621 2531; x_wconf 81' lang='lat' dir='ltr'><strong>inﬂammatis</strong></span> <span class='ocrx_word' id='word_1_503' title='bbox 2675 2476 3085 2531; x_wconf 79' lang='lat' dir='ltr'><strong>sacriﬁcandum</strong></span> <span class='ocrx_word' id='word_1_504' title='bbox 3150 2487 3254 2532; x_wconf 91' lang='lat' dir='ltr'><strong>est.</strong></span> <span class='ocrx_word' id='word_1_505' title='bbox 3312 2475 3445 2532; x_wconf 87' lang='lat' dir='ltr'><strong>Nam</strong></span> <span class='ocrx_word' id='word_1_506' title='bbox 3504 2485 3865 2547; x_wconf 67' lang='lat' dir='ltr'><strong>praeterquam</strong></span> 
     </span>
    </p>
   </div>
   <div class='ocr_carea' id='block_1_74' title="bbox 2270 2568 3867 2642">
    <p class='ocr_par' dir='ltr' id='par_1_74' title="bbox 2270 2568 3867 2642">
     <span class='ocr_line' id='line_1_75' title="bbox 2270 2568 3867 2642; baseline 0.003 -21"><span class='ocrx_word' id='word_1_507' title='bbox 2270 2568 2411 2639; x_wconf 90' lang='lat' dir='ltr'><strong>quod</strong></span> <span class='ocrx_word' id='word_1_508' title='bbox 2433 2569 2502 2624; x_wconf 90' lang='lat' dir='ltr'><strong>ab</strong></span> <span class='ocrx_word' id='word_1_509' title='bbox 2530 2569 2840 2625; x_wconf 91' lang='lat' dir='ltr'><strong>hominibus</strong></span> <span class='ocrx_word' id='word_1_510' title='bbox 2863 2569 2935 2625; x_wconf 85' lang='lat' dir='ltr'><strong>dii</strong></span> <span class='ocrx_word' id='word_1_511' title='bbox 2960 2569 3086 2625; x_wconf 89' lang='lat' dir='ltr'><strong>laedi</strong></span> <span class='ocrx_word' id='word_1_512' title='bbox 3115 2580 3412 2642; x_wconf 91' lang='lat' dir='ltr'><strong>nequeunt,</strong></span> <span class='ocrx_word' id='word_1_513' title='bbox 3445 2570 3605 2625; x_wconf 90' lang='lat' dir='ltr'><strong>nullis</strong></span> <span class='ocrx_word' id='word_1_514' title='bbox 3622 2585 3754 2625; x_wconf 85' lang='lat' dir='ltr'><strong>sane</strong></span> <span class='ocrx_word' id='word_1_515' title='bbox 3784 2570 3867 2625; x_wconf 90' lang='lat' dir='ltr'><strong>illi</strong></span> 
     </span>
    </p>
   </div>
   <div class='ocr_carea' id='block_1_75' title="bbox 2269 2660 3866 2734">
    <p class='ocr_par' dir='ltr' id='par_1_75' title="bbox 2269 2660 3866 2734">
     <span class='ocr_line' id='line_1_76' title="bbox 2269 2660 3866 2734; baseline 0.001 -19"><span class='ocrx_word' id='word_1_516' title='bbox 2269 2660 2480 2732; x_wconf 82' lang='lat' dir='ltr'><strong>legibus</strong></span> <span class='ocrx_word' id='word_1_517' title='bbox 2520 2678 2752 2733; x_wconf 91' lang='lat' dir='ltr'><strong>unquam</strong></span> <span class='ocrx_word' id='word_1_518' title='bbox 2802 2661 3199 2727; x_wconf 81' lang='lat' dir='ltr'><strong>constituerunt</strong></span> <span class='ocrx_word' id='word_1_519' title='bbox 3224 2662 3494 2734; x_wconf 88' lang='lat' dir='ltr'><strong>quodnam</strong></span> <span class='ocrx_word' id='word_1_520' title='bbox 3531 2663 3599 2718; x_wconf 91' lang='lat' dir='ltr'><strong>ab</strong></span> <span class='ocrx_word' id='word_1_521' title='bbox 3627 2662 3866 2718; x_wconf 86' lang='lat' dir='ltr'><strong>homini-</strong></span> 
     </span>
    </p>
   </div>
   <div class='ocr_carea' id='block_1_76' title="bbox 2269 2754 3861 2827">
    <p class='ocr_par' dir='ltr' id='par_1_76' title="bbox 2269 2754 3861 2827">
     <span class='ocr_line' id='line_1_77' title="bbox 2269 2754 3861 2827; baseline 0.002 -19"><span class='ocrx_word' id='word_1_522' title='bbox 2269 2754 2371 2809; x_wconf 87' lang='lat' dir='ltr'><strong>bus</strong></span> <span class='ocrx_word' id='word_1_523' title='bbox 2398 2754 2918 2824; x_wconf 65' lang='lat' dir='ltr'><strong>przuvaricatoribus,</strong></span> <span class='ocrx_word' id='word_1_524' title='bbox 2953 2773 3020 2812; x_wconf 89' lang='lat' dir='ltr'><strong>ne</strong></span> <span class='ocrx_word' id='word_1_525' title='bbox 3049 2773 3233 2827; x_wconf 75' lang='lat' dir='ltr'><strong>ptenas</strong></span> <span class='ocrx_word' id='word_1_526' title='bbox 3256 2758 3367 2810; x_wconf 78' lang='lat' dir='ltr'><strong>laesi</strong></span> <span class='ocrx_word' id='word_1_527' title='bbox 3387 2757 3620 2821; x_wconf 85' lang='lat' dir='ltr'><strong>numinis</strong></span> <span class='ocrx_word' id='word_1_528' title='bbox 3644 2756 3861 2825; x_wconf 86' lang='lat' dir='ltr'><strong>darent,</strong></span> 
     </span>
    </p>
   </div>
   <div class='ocr_carea' id='block_1_77' title="bbox 2270 2848 3864 2922">
    <p class='ocr_par' dir='ltr' id='par_1_77' title="bbox 2270 2848 3864 2922">
     <span class='ocr_line' id='line_1_78' title="bbox 2270 2848 3864 2922; baseline 0.005 -23"><span class='ocrx_word' id='word_1_529' title='bbox 2270 2861 2479 2901; x_wconf 89' lang='lat' dir='ltr'><strong>sacrum</strong></span> <span class='ocrx_word' id='word_1_530' title='bbox 2511 2848 2777 2919; x_wconf 80' lang='lat' dir='ltr'><strong>agendum</strong></span> <span class='ocrx_word' id='word_1_531' title='bbox 2820 2858 2955 2905; x_wconf 91' lang='lat' dir='ltr'><strong>erat.</strong></span> <span class='ocrx_word' id='word_1_532' title='bbox 2988 2850 3193 2906; x_wconf 82' lang='lat' dir='ltr'><strong>Deinde</strong></span> <span class='ocrx_word' id='word_1_533' title='bbox 3215 2866 3344 2907; x_wconf 86' lang='lat' dir='ltr'><strong>vero</strong></span> <span class='ocrx_word' id='word_1_534' title='bbox 3372 2849 3441 2906; x_wconf 89' lang='lat' dir='ltr'><strong>ab</strong></span> <span class='ocrx_word' id='word_1_535' title='bbox 3466 2852 3612 2906; x_wconf 93' lang='lat' dir='ltr'><strong>omni</strong></span> <span class='ocrx_word' id='word_1_536' title='bbox 3642 2865 3864 2922; x_wconf 78' lang='lat' dir='ltr'><strong>prorsus</strong></span> 
     </span>
    </p>
   </div>
   <div class='ocr_carea' id='block_1_78' title="bbox 2269 2939 3862 3016">
    <p class='ocr_par' dir='ltr' id='par_1_78' title="bbox 2269 2939 3862 3016">
     <span class='ocr_line' id='line_1_79' title="bbox 2269 2939 3862 3016; baseline 0.003 -23"><span class='ocrx_word' id='word_1_537' title='bbox 2269 2939 2740 2995; x_wconf 78' lang='lat' dir='ltr'><strong>verisimilitudine</strong></span> <span class='ocrx_word' id='word_1_538' title='bbox 2775 2942 3036 3007; x_wconf 75' lang='lat' dir='ltr'><strong>abhorret</strong></span> <span class='ocrx_word' id='word_1_539' title='bbox 3072 2944 3193 3002; x_wconf 79' lang='lat' dir='ltr'><strong>illos</strong></span> <span class='ocrx_word' id='word_1_540' title='bbox 3231 2959 3419 3016; x_wconf 84' lang='lat' dir='ltr'><strong>porco,</strong></span> <span class='ocrx_word' id='word_1_541' title='bbox 3451 2954 3543 2998; x_wconf 88' lang='lat' dir='ltr'><strong>aut</strong></span> <span class='ocrx_word' id='word_1_542' title='bbox 3588 2944 3862 3015; x_wconf 82' lang='lat' dir='ltr'><strong>gallinula,</strong></span> 
     </span>
    </p>
   </div>
   <div class='ocr_carea' id='block_1_79' title="bbox 2268 3031 3862 3111">
    <p class='ocr_par' dir='ltr' id='par_1_79' title="bbox 2268 3031 3862 3111">
     <span class='ocr_line' id='line_1_80' title="bbox 2268 3031 3862 3111; baseline 0.004 -27"><span class='ocrx_word' id='word_1_543' title='bbox 2268 3039 2361 3085; x_wconf 88' lang='lat' dir='ltr'><strong>aut</strong></span> <span class='ocrx_word' id='word_1_544' title='bbox 2385 3031 2504 3085; x_wconf 89' lang='lat' dir='ltr'><strong>aliis</strong></span> <span class='ocrx_word' id='word_1_545' title='bbox 2535 3032 2835 3101; x_wconf 80' lang='lat' dir='ltr'><strong>pecudibus</strong></span> <span class='ocrx_word' id='word_1_546' title='bbox 2867 3034 3180 3103; x_wconf 88' lang='lat' dir='ltr'><strong>immolatis,</strong></span> <span class='ocrx_word' id='word_1_547' title='bbox 3213 3036 3347 3091; x_wconf 88' lang='lat' dir='ltr'><strong>iram</strong></span> <span class='ocrx_word' id='word_1_548' title='bbox 3378 3050 3601 3111; x_wconf 82' lang='lat' dir='ltr'><strong>ponere,</strong></span> <span class='ocrx_word' id='word_1_549' title='bbox 3633 3044 3687 3107; x_wconf 89' lang='lat' dir='ltr'><strong>et</strong></span> <span class='ocrx_word' id='word_1_550' title='bbox 3718 3034 3862 3107; x_wconf 85' lang='lat' dir='ltr'><strong>inju-</strong></span> 
     </span>
    </p>
   </div>
   <div class='ocr_carea' id='block_1_80' title="bbox 988 3123 3862 3222">
    <p class='ocr_par' dir='ltr' id='par_1_80' title="bbox 988 3123 3862 3222">
     <span class='ocr_line' id='line_1_81' title="bbox 988 3123 3862 3222; baseline 0.002 -45"><span class='ocrx_word' id='word_1_551' title='bbox 988 3123 1132 3209; x_wconf 68' lang='lat' dir='ltr'><strong>imo‘s&#39;</strong></span> <span class='ocrx_word' id='word_1_552' title='bbox 1148 3169 1268 3209; x_wconf 70' lang='lat' dir='ltr'><strong>esse</strong></span> <span class='ocrx_word' id='word_1_553' title='bbox 1292 3123 1597 3208; x_wconf 37' lang='lat' dir='ltr'><strong>“tigerunt?</strong></span> <span class='ocrx_word' id='word_1_554' title='bbox 1621 3123 1986 3222; x_wconf 43' lang='lat' dir='ltr'><strong>Quambbre’m</strong></span> <span class='ocrx_word' id='word_1_555' title='bbox 2013 3123 2165 3207; x_wconf 39' lang='lat' dir='ltr'><strong>vel“;</strong></span> <span class='ocrx_word' id='word_1_556' title='bbox 2192 3134 2238 3197; x_wconf 72' lang='grc' dir='ltr'><strong>ρ</strong></span> <span class='ocrx_word' id='word_1_557' title='bbox 2270 3123 2470 3180; x_wconf 89' lang='lat' dir='ltr'><strong>riarnm</strong></span> <span class='ocrx_word' id='word_1_558' title='bbox 2502 3124 2768 3183; x_wconf 85' lang='lat' dir='ltr'><strong>oblivisci.</strong></span> <span class='ocrx_word' id='word_1_559' title='bbox 2813 3124 3110 3185; x_wconf 86' lang='lat' dir='ltr'><strong>Criminum</strong></span> <span class='ocrx_word' id='word_1_560' title='bbox 3156 3127 3301 3185; x_wconf 88' lang='lat' dir='ltr'><strong>enim</strong></span> <span class='ocrx_word' id='word_1_561' title='bbox 3358 3138 3466 3183; x_wconf 85' lang='lat' dir='ltr'><strong>tam</strong></span> <span class='ocrx_word' id='word_1_562' title='bbox 3505 3126 3660 3185; x_wconf 85' lang='lat' dir='ltr'><strong>facile</strong></span> <span class='ocrx_word' id='word_1_563' title='bbox 3710 3126 3862 3183; x_wconf 86' lang='lat' dir='ltr'><strong>redi—</strong></span> 
     </span>
    </p>
   </div>
   <div class='ocr_carea' id='block_1_81' title="bbox 2267 3217 3865 3292">
    <p class='ocr_par' dir='ltr' id='par_1_81' title="bbox 2267 3217 3865 3292">
     <span class='ocr_line' id='line_1_82' title="bbox 2267 3217 3865 3292; baseline 0.003 -20"><span class='ocrx_word' id='word_1_564' title='bbox 2267 3217 2588 3277; x_wconf 88' lang='lat' dir='ltr'><strong>mendorum</strong></span> <span class='ocrx_word' id='word_1_565' title='bbox 2618 3217 2717 3273; x_wconf 84' lang='lat' dir='ltr'><strong>hac</strong></span> <span class='ocrx_word' id='word_1_566' title='bbox 2758 3234 2854 3289; x_wconf 88' lang='lat' dir='ltr'><strong>spe</strong></span> <span class='ocrx_word' id='word_1_567' title='bbox 2873 3219 3019 3287; x_wconf 82' lang='lat' dir='ltr'><strong>data,</strong></span> <span class='ocrx_word' id='word_1_568' title='bbox 3048 3230 3317 3276; x_wconf 84' lang='lat' dir='ltr'><strong>cresceret</strong></span> <span class='ocrx_word' id='word_1_569' title='bbox 3343 3220 3504 3275; x_wconf 88' lang='lat' dir='ltr'><strong>dubio</strong></span> <span class='ocrx_word' id='word_1_570' title='bbox 3531 3220 3713 3292; x_wconf 87' lang='lat' dir='ltr'><strong>procul</strong></span> <span class='ocrx_word' id='word_1_571' title='bbox 3739 3235 3865 3277; x_wconf 80' lang='lat' dir='ltr'><strong>sce-</strong></span> 
     </span>
    </p>
   </div>
   <div class='ocr_carea' id='block_1_82' title="bbox 2266 3309 3865 3387">
    <p class='ocr_par' dir='ltr' id='par_1_82' title="bbox 2266 3309 3865 3387">
     <span class='ocr_line' id='line_1_83' title="bbox 2266 3309 3865 3387; baseline 0.001 -24"><span class='ocrx_word' id='word_1_572' title='bbox 2266 3309 2555 3365; x_wconf 87' lang='lat' dir='ltr'><strong>leratorum</strong></span> <span class='ocrx_word' id='word_1_573' title='bbox 2576 3311 2851 3367; x_wconf 87' lang='lat' dir='ltr'><strong>hominum</strong></span> <span class='ocrx_word' id='word_1_574' title='bbox 2873 3314 3176 3367; x_wconf 91' lang='lat' dir='ltr'><strong>multitudo.</strong></span> <span class='ocrx_word' id='word_1_575' title='bbox 3201 3312 3354 3381; x_wconf 86' lang='lat' dir='ltr'><strong>Quod</strong></span> <span class='ocrx_word' id='word_1_576' title='bbox 3381 3313 3594 3382; x_wconf 85' lang='lat' dir='ltr'><strong>quidem</strong></span> <span class='ocrx_word' id='word_1_577' title='bbox 3618 3313 3865 3387; x_wconf 79' lang='lat' dir='ltr'><strong>Porphy-</strong></span> 
     </span>
    </p>
   </div>
   <div class='ocr_carea' id='block_1_83' title="bbox 2262 3400 3859 3477">
    <p class='ocr_par' dir='ltr' id='par_1_83' title="bbox 2262 3400 3859 3477">
     <span class='ocr_line' id='line_1_84' title="bbox 2262 3400 3859 3477; baseline 0.003 -22"><span class='ocrx_word' id='word_1_578' title='bbox 2262 3403 2376 3456; x_wconf 85' lang='lat' dir='ltr'><strong>rius</strong></span> <span class='ocrx_word' id='word_1_579' title='bbox 2402 3400 2570 3459; x_wconf 82' lang='lat' dir='ltr'><strong>fusius</strong></span> <span class='ocrx_word' id='word_1_580' title='bbox 2592 3419 2658 3459; x_wconf 91' lang='lat' dir='ltr'><strong>eo</strong></span> <span class='ocrx_word' id='word_1_581' title='bbox 2682 3405 2870 3474; x_wconf 87' lang='lat' dir='ltr'><strong>probat</strong></span> <span class='ocrx_word' id='word_1_582' title='bbox 2887 3403 3175 3477; x_wconf 74' lang='lat' dir='ltr'><strong>(Porpltyr.</strong></span> <span class='ocrx_word' id='word_1_583' title='bbox 3200 3405 3289 3460; x_wconf 87' lang='lat' dir='ltr'><strong>lib.</strong></span> <span class='ocrx_word' id='word_1_584' title='bbox 3310 3422 3345 3460; x_wconf 92' lang='grc' dir='ltr'><strong>ιι</strong></span> <span class='ocrx_word' id='word_1_585' title='bbox 3368 3405 3432 3460; x_wconf 87' lang='lat' dir='ltr'><strong>de</strong></span> <span class='ocrx_word' id='word_1_586' title='bbox 3451 3405 3594 3462; x_wconf 76' lang='grc' dir='ltr'>Αὺει.</span> <span class='ocrx_word' id='word_1_587' title='bbox 3616 3407 3859 3473; x_wconf 83' lang='lat' dir='ltr'><strong>animal.,</strong></span> 
     </span>
    </p>
   </div>
   <div class='ocr_carea' id='block_1_84' title="bbox 2264 3496 3866 3572">
    <p class='ocr_par' dir='ltr' id='par_1_84' title="bbox 2264 3496 3866 3572">
     <span class='ocr_line' id='line_1_85' title="bbox 2264 3496 3866 3572; baseline 0.006 -24"><span class='ocrx_word' id='word_1_588' title='bbox 2264 3511 2383 3566; x_wconf 85' lang='lat' dir='ltr'><strong>pag.</strong></span> <span class='ocrx_word' id='word_1_589' title='bbox 2413 3496 2522 3550; x_wconf 65' lang='grc' dir='ltr'>εδει</span> <span class='ocrx_word' id='word_1_590' title='bbox 2543 3506 2589 3550; x_wconf 87' lang='lat' dir='ltr'><strong>et</strong></span> <span class='ocrx_word' id='word_1_591' title='bbox 2624 3498 2812 3569; x_wconf 63' lang='grc' dir='ltr'><strong>καφ),</strong></span> <span class='ocrx_word' id='word_1_592' title='bbox 2838 3498 2981 3568; x_wconf 87' lang='lat' dir='ltr'><strong>quod</strong></span> <span class='ocrx_word' id='word_1_593' title='bbox 3006 3498 3103 3553; x_wconf 90' lang='lat' dir='ltr'><strong>hac</strong></span> <span class='ocrx_word' id='word_1_594' title='bbox 3122 3501 3330 3556; x_wconf 86' lang='lat' dir='ltr'><strong>ratione</strong></span> <span class='ocrx_word' id='word_1_595' title='bbox 3357 3500 3606 3557; x_wconf 85' lang='lat' dir='ltr'><strong>inductus</strong></span> <span class='ocrx_word' id='word_1_596' title='bbox 3634 3501 3866 3572; x_wconf 87' lang='lat' dir='ltr'><strong>quilibet</strong></span> 
     </span>
    </p>
   </div>
   <div class='ocr_carea' id='block_1_85' title="bbox 2265 3589 3866 3667">
    <p class='ocr_par' dir='ltr' id='par_1_85' title="bbox 2265 3589 3866 3667">
     <span class='ocr_line' id='line_1_86' title="bbox 2265 3589 3866 3667; baseline 0.004 -25"><span class='ocrx_word' id='word_1_597' title='bbox 2265 3589 2543 3659; x_wconf 85' lang='lat' dir='ltr'><strong>improbus</strong></span> <span class='ocrx_word' id='word_1_598' title='bbox 2558 3590 2737 3656; x_wconf 91' lang='lat' dir='ltr'><strong>homo,</strong></span> <span class='ocrx_word' id='word_1_599' title='bbox 2757 3593 2940 3648; x_wconf 89' lang='lat' dir='ltr'><strong>credet</strong></span> <span class='ocrx_word' id='word_1_600' title='bbox 2961 3591 3152 3649; x_wconf 82' lang='lat' dir='ltr'><strong>iactam</strong></span> <span class='ocrx_word' id='word_1_601' title='bbox 3165 3594 3265 3650; x_wconf 85' lang='lat' dir='ltr'><strong>sibi</strong></span> <span class='ocrx_word' id='word_1_602' title='bbox 3281 3595 3481 3665; x_wconf 88' lang='lat' dir='ltr'><strong>injuste</strong></span> <span class='ocrx_word' id='word_1_603' title='bbox 3495 3596 3691 3652; x_wconf 89' lang='lat' dir='ltr'><strong>etmale</strong></span> <span class='ocrx_word' id='word_1_604' title='bbox 3707 3611 3866 3667; x_wconf 80' lang='lat' dir='ltr'><strong>agen-</strong></span> 
     </span>
    </p>
   </div>
   <div class='ocr_carea' id='block_1_86' title="bbox 2263 3681 3860 3754">
    <p class='ocr_par' dir='ltr' id='par_1_86' title="bbox 2263 3681 3860 3754">
     <span class='ocr_line' id='line_1_87' title="bbox 2263 3681 3860 3754; baseline 0.006 -18"><span class='ocrx_word' id='word_1_605' title='bbox 2263 3681 2315 3736; x_wconf 92' lang='lat' dir='ltr'><strong>di</strong></span> <span class='ocrx_word' id='word_1_606' title='bbox 2347 3692 2661 3752; x_wconf 85' lang='lat' dir='ltr'><strong>potestatem</strong></span> <span class='ocrx_word' id='word_1_607' title='bbox 2695 3701 2708 3737; x_wconf 91' lang='lat'><strong>:</strong></span> <span class='ocrx_word' id='word_1_608' title='bbox 2738 3699 2894 3741; x_wconf 88' lang='lat' dir='ltr'><strong>secus</strong></span> <span class='ocrx_word' id='word_1_609' title='bbox 2933 3703 3082 3754; x_wconf 87' lang='lat' dir='ltr'><strong>vero,</strong></span> <span class='ocrx_word' id='word_1_610' title='bbox 3135 3690 3181 3744; x_wconf 90' lang='lat' dir='ltr'><strong>si</strong></span> <span class='ocrx_word' id='word_1_611' title='bbox 3224 3691 3496 3745; x_wconf 87' lang='lat' dir='ltr'><strong>existimet</strong></span> <span class='ocrx_word' id='word_1_612' title='bbox 3533 3704 3630 3745; x_wconf 87' lang='lat' dir='ltr'><strong>sua</strong></span> <span class='ocrx_word' id='word_1_613' title='bbox 3654 3698 3860 3745; x_wconf 87' lang='lat' dir='ltr'><strong>tantum</strong></span> 
     </span>
    </p>
   </div>
   <div class='ocr_carea' id='block_1_87' title="bbox 2262 3776 3772 3854">
    <p class='ocr_par' dir='ltr' id='par_1_87' title="bbox 2262 3776 3772 3854">
     <span class='ocr_line' id='line_1_88' title="bbox 2262 3776 3772 3854; baseline 0.008 -25"><span class='ocrx_word' id='word_1_614' title='bbox 2262 3784 2483 3845; x_wconf 86' lang='lat' dir='ltr'><strong>propter</strong></span> <span class='ocrx_word' id='word_1_615' title='bbox 2513 3776 2651 3832; x_wconf 89' lang='lat' dir='ltr'><strong>bona</strong></span> <span class='ocrx_word' id='word_1_616' title='bbox 2689 3793 2851 3849; x_wconf 86' lang='lat' dir='ltr'><strong>opera</strong></span> <span class='ocrx_word' id='word_1_617' title='bbox 2879 3781 3186 3837; x_wconf 89' lang='lat' dir='ltr'><strong>mercedem</strong></span> <span class='ocrx_word' id='word_1_618' title='bbox 3218 3798 3248 3837; x_wconf 89' lang='lat' dir='ltr'><strong>a</strong></span> <span class='ocrx_word' id='word_1_619' title='bbox 3271 3784 3373 3838; x_wconf 86' lang='lat' dir='ltr'><strong>diis</strong></span> <span class='ocrx_word' id='word_1_620' title='bbox 3402 3794 3772 3854; x_wconf 86' lang='lat' dir='ltr'><strong>accepturum.</strong></span> 
     </span>
    </p>
   </div>
   <div class='ocr_carea' id='block_1_88' title="bbox 2262 3870 3858 3947">
    <p class='ocr_par' dir='ltr' id='par_1_88' title="bbox 2262 3870 3858 3947">
     <span class='ocr_line' id='line_1_89' title="bbox 2262 3870 3858 3947; baseline 0.005 -24"><span class='ocrx_word' id='word_1_621' title='bbox 2262 3902 2279 3939; x_wconf 50' lang='grc' dir='ltr'><strong>ί</strong></span> <span class='ocrx_word' id='word_1_622' title='bbox 2333 3870 2495 3924; x_wconf 83' lang='lat' dir='ltr'><strong>Addit</strong></span> <span class='ocrx_word' id='word_1_623' title='bbox 2517 3872 2730 3943; x_wconf 85' lang='lat' dir='ltr'><strong>insuper</strong></span> <span class='ocrx_word' id='word_1_624' title='bbox 2757 3874 3022 3929; x_wconf 79' lang='lat' dir='ltr'><strong>Arnobius</strong></span> <span class='ocrx_word' id='word_1_625' title='bbox 3050 3875 3286 3947; x_wconf 90' lang='lat' dir='ltr'><strong>iniquum</strong></span> <span class='ocrx_word' id='word_1_626' title='bbox 3314 3878 3532 3933; x_wconf 86' lang='lat' dir='ltr'><strong>omnino</strong></span> <span class='ocrx_word' id='word_1_627' title='bbox 3560 3876 3749 3944; x_wconf 81' lang='lat' dir='ltr'><strong>videri,</strong></span> <span class='ocrx_word' id='word_1_628' title='bbox 3780 3886 3858 3947; x_wconf 90' lang='lat' dir='ltr'><strong>ut,</strong></span> 
     </span>
    </p>
   </div>
   <div class='ocr_carea' id='block_1_89' title="bbox 2262 3967 3855 4035">
    <p class='ocr_par' dir='ltr' id='par_1_89' title="bbox 2262 3967 3855 4035">
     <span class='ocr_line' id='line_1_90' title="bbox 2262 3967 3855 4035; baseline 0.004 -17"><span class='ocrx_word' id='word_1_629' title='bbox 2262 3977 2365 4035; x_wconf 87' lang='lat' dir='ltr'><strong>pro</strong></span> <span class='ocrx_word' id='word_1_630' title='bbox 2390 3979 2485 4019; x_wconf 89' lang='lat' dir='ltr'><strong>reo</strong></span> <span class='ocrx_word' id='word_1_631' title='bbox 2514 3974 2569 4021; x_wconf 88' lang='lat' dir='ltr'><strong>et</strong></span> <span class='ocrx_word' id='word_1_632' title='bbox 2606 3967 2775 4022; x_wconf 81' lang='lat' dir='ltr'><strong>noxio</strong></span> <span class='ocrx_word' id='word_1_633' title='bbox 2798 3967 3015 4023; x_wconf 90' lang='lat' dir='ltr'><strong>homine</strong></span> <span class='ocrx_word' id='word_1_634' title='bbox 3041 3969 3301 4026; x_wconf 90' lang='lat' dir='ltr'><strong>innocens</strong></span> <span class='ocrx_word' id='word_1_635' title='bbox 3341 3971 3511 4027; x_wconf 89' lang='lat' dir='ltr'><strong>bestia</strong></span> <span class='ocrx_word' id='word_1_636' title='bbox 3556 3971 3855 4027; x_wconf 89' lang='lat' dir='ltr'><strong>occidatur.</strong></span> 
     </span>
    </p>
   </div>
   <div class='ocr_carea' id='block_1_90' title="bbox 2263 4057 3856 4135">
    <p class='ocr_par' dir='ltr' id='par_1_90' title="bbox 2263 4057 3856 4135">
     <span class='ocr_line' id='line_1_91' title="bbox 2263 4057 3856 4135; baseline 0.004 -21"><span class='ocrx_word' id='word_1_637' title='bbox 2263 4057 2435 4114; x_wconf 80' lang='lat' dir='ltr'><strong>Simili</strong></span> <span class='ocrx_word' id='word_1_638' title='bbox 2468 4068 2784 4131; x_wconf 78' lang='lat' dir='ltr'><strong>argumento</strong></span> <span class='ocrx_word' id='word_1_639' title='bbox 2812 4059 3147 4135; x_wconf 81' lang='lat' dir='ltr'><strong>Porphyrius</strong></span> <span class='ocrx_word' id='word_1_640' title='bbox 3168 4064 3406 4119; x_wconf 88' lang='lat' dir='ltr'><strong>ostendit</strong></span> <span class='ocrx_word' id='word_1_641' title='bbox 3425 4063 3629 4119; x_wconf 89' lang='lat' dir='ltr'><strong>nullum</strong></span> <span class='ocrx_word' id='word_1_642' title='bbox 3655 4064 3856 4120; x_wconf 85' lang='lat' dir='ltr'><strong>animal</strong></span> 
     </span>
    </p>
   </div>
   <div class='ocr_carea' id='block_1_91' title="bbox 2261 4152 3858 4231">
    <p class='ocr_par' dir='ltr' id='par_1_91' title="bbox 2261 4152 3858 4231">
     <span class='ocr_line' id='line_1_92' title="bbox 2261 4152 3858 4231; baseline 0.007 -27"><span class='ocrx_word' id='word_1_643' title='bbox 2261 4152 2601 4224; x_wconf 79' lang='lat' dir='ltr'><strong>gratitudinis</strong></span> <span class='ocrx_word' id='word_1_644' title='bbox 2616 4167 2799 4221; x_wconf 88' lang='lat' dir='ltr'><strong>causa,</strong></span> <span class='ocrx_word' id='word_1_645' title='bbox 2823 4161 2877 4207; x_wconf 88' lang='lat' dir='ltr'><strong>et</strong></span> <span class='ocrx_word' id='word_1_646' title='bbox 2900 4153 2968 4210; x_wconf 91' lang='lat' dir='ltr'><strong>ad</strong></span> <span class='ocrx_word' id='word_1_647' title='bbox 2989 4157 3189 4225; x_wconf 76' lang='lat' dir='ltr'><strong>gratias</strong></span> <span class='ocrx_word' id='word_1_648' title='bbox 3212 4156 3317 4214; x_wconf 91' lang='lat' dir='ltr'><strong>diis</strong></span> <span class='ocrx_word' id='word_1_649' title='bbox 3346 4156 3715 4231; x_wconf 81' lang='lat' dir='ltr'><strong>rependendas</strong></span> <span class='ocrx_word' id='word_1_650' title='bbox 3733 4173 3858 4215; x_wconf 77' lang='lat' dir='ltr'><strong>esse</strong></span> 
     </span>
    </p>
   </div>
   <div class='ocr_carea' id='block_1_92' title="bbox 2260 4246 3861 4325">
    <p class='ocr_par' dir='ltr' id='par_1_92' title="bbox 2260 4246 3861 4325">
     <span class='ocr_line' id='line_1_93' title="bbox 2260 4246 3861 4325; baseline 0.004 -22"><span class='ocrx_word' id='word_1_651' title='bbox 2260 4246 2668 4305; x_wconf 88' lang='lat' dir='ltr'><strong>sacriﬁcandum</strong></span> <span class='ocrx_word' id='word_1_652' title='bbox 2698 4250 2892 4325; x_wconf 85' lang='lat' dir='ltr'><strong>(Idem,</strong></span> <span class='ocrx_word' id='word_1_653' title='bbox 2937 4251 3088 4320; x_wconf 80' lang='lat' dir='ltr'><strong>ibid.,</strong></span> <span class='ocrx_word' id='word_1_654' title='bbox 3132 4268 3255 4323; x_wconf 85' lang='lat' dir='ltr'><strong>pag.</strong></span> <span class='ocrx_word' id='word_1_655' title='bbox 3289 4250 3441 4325; x_wconf 79' lang='grc'><strong>165).</strong></span> <span class='ocrx_word' id='word_1_656' title='bbox 3488 4250 3592 4321; x_wconf 85' lang='lat' dir='ltr'><strong>Qui</strong></span> <span class='ocrx_word' id='word_1_657' title='bbox 3623 4267 3861 4324; x_wconf 88' lang='lat' dir='ltr'><strong>namque</strong></span> 
     </span>
    </p>
   </div>
   <div class='ocr_carea' id='block_1_93' title="bbox 2261 4345 3862 4417">
    <p class='ocr_par' dir='ltr' id='par_1_93' title="bbox 2261 4345 3862 4417">
     <span class='ocr_line' id='line_1_94' title="bbox 2261 4345 3862 4417; baseline 0.004 -20"><span class='ocrx_word' id='word_1_658' title='bbox 2261 4358 2361 4415; x_wconf 91' lang='lat' dir='ltr'><strong>pro</strong></span> <span class='ocrx_word' id='word_1_659' title='bbox 2390 4354 2613 4415; x_wconf 85' lang='lat' dir='ltr'><strong>accepto</strong></span> <span class='ocrx_word' id='word_1_660' title='bbox 2642 4347 2907 4401; x_wconf 89' lang='lat' dir='ltr'><strong>beneﬁcio</strong></span> <span class='ocrx_word' id='word_1_661' title='bbox 2935 4347 3135 4417; x_wconf 79' lang='lat' dir='ltr'><strong>gratias</strong></span> <span class='ocrx_word' id='word_1_662' title='bbox 3164 4345 3293 4417; x_wconf 79' lang='lat' dir='ltr'><strong>agit,</strong></span> <span class='ocrx_word' id='word_1_663' title='bbox 3318 4346 3363 4401; x_wconf 94' lang='lat' dir='ltr'><strong>is</strong></span> <span class='ocrx_word' id='word_1_664' title='bbox 3394 4361 3500 4401; x_wconf 92' lang='lat' dir='ltr'><strong>non</strong></span> <span class='ocrx_word' id='word_1_665' title='bbox 3528 4346 3691 4402; x_wconf 89' lang='lat' dir='ltr'><strong>debet</strong></span> <span class='ocrx_word' id='word_1_666' title='bbox 3716 4347 3862 4403; x_wconf 88' lang='lat' dir='ltr'><strong>male</strong></span> 
     </span>
    </p>
   </div>
   <div class='ocr_carea' id='block_1_94' title="bbox 2262 4438 3850 4509">
    <p class='ocr_par' dir='ltr' id='par_1_94' title="bbox 2262 4438 3850 4509">
     <span class='ocr_line' id='line_1_95' title="bbox 2262 4438 3850 4509; baseline 0.003 -18"><span class='ocrx_word' id='word_1_667' title='bbox 2262 4451 2589 4507; x_wconf 88' lang='lat' dir='ltr'><strong>quemquam</strong></span> <span class='ocrx_word' id='word_1_668' title='bbox 2635 4438 2907 4494; x_wconf 90' lang='lat' dir='ltr'><strong>immerito</strong></span> <span class='ocrx_word' id='word_1_669' title='bbox 2937 4439 3156 4495; x_wconf 88' lang='lat' dir='ltr'><strong>afﬁcere</strong></span> <span class='ocrx_word' id='word_1_670' title='bbox 3206 4454 3308 4494; x_wconf 89' lang='lat' dir='ltr'><strong>nec</strong></span> <span class='ocrx_word' id='word_1_671' title='bbox 3338 4454 3435 4509; x_wconf 90' lang='lat' dir='ltr'><strong>pro</strong></span> <span class='ocrx_word' id='word_1_672' title='bbox 3461 4441 3623 4496; x_wconf 79' lang='lat' dir='ltr'><strong>noxio</strong></span> <span class='ocrx_word' id='word_1_673' title='bbox 3649 4447 3704 4495; x_wconf 88' lang='lat' dir='ltr'><strong>et</strong></span> <span class='ocrx_word' id='word_1_674' title='bbox 3734 4441 3850 4495; x_wconf 83' lang='lat' dir='ltr'><strong>cri-</strong></span> 
     </span>
    </p>
   </div>
   <div class='ocr_carea' id='block_1_95' title="bbox 568 4511 3645 4595">
    <p class='ocr_par' dir='ltr' id='par_1_95' title="bbox 568 4511 3645 4595">
     <span class='ocr_line' id='line_1_96' title="bbox 568 4511 3645 4595; baseline 0 -30"><span class='ocrx_word' id='word_1_675' title='bbox 568 4527 687 4569; x_wconf 90' lang='lat' dir='ltr'><strong>rnm</strong></span> <span class='ocrx_word' id='word_1_676' title='bbox 729 4512 919 4569; x_wconf 87' lang='lat' dir='ltr'><strong>nidore</strong></span> <span class='ocrx_word' id='word_1_677' title='bbox 968 4513 1222 4567; x_wconf 84' lang='lat' dir='ltr'><strong>recreari.</strong></span> <span class='ocrx_word' id='word_1_678' title='bbox 1266 4512 1622 4579; x_wconf 81' lang='lat' dir='ltr'><strong>Quamobrem</strong></span> <span class='ocrx_word' id='word_1_679' title='bbox 1650 4513 1727 4566; x_wconf 71' lang='lat' dir='ltr'><strong>uir</strong></span> <span class='ocrx_word' id='word_1_680' title='bbox 1772 4512 1951 4577; x_wconf 70' lang='lat' dir='ltr'><strong>hamis,</strong></span> <span class='ocrx_word' id='word_1_681' title='bbox 1991 4511 2164 4581; x_wconf 90' lang='lat' dir='ltr'><strong>inquit</strong></span> <span class='ocrx_word' id='word_1_682' title='bbox 2186 4523 2238 4595; x_wconf 69' lang='grc' dir='ltr'>ῃ</span> <span class='ocrx_word' id='word_1_683' title='bbox 2265 4530 2425 4584; x_wconf 66' lang='lat' dir='ltr'><strong>minis</strong></span> <span class='ocrx_word' id='word_1_684' title='bbox 2453 4530 2669 4585; x_wconf 67' lang='lat' dir='ltr'><strong>conscio</strong></span> <span class='ocrx_word' id='word_1_685' title='bbox 2692 4529 2911 4587; x_wconf 64' lang='lat' dir='ltr'><strong>homine</strong></span> <span class='ocrx_word' id='word_1_686' title='bbox 2937 4531 3106 4586; x_wconf 69' lang='lat' dir='ltr'><strong>unum</strong></span> <span class='ocrx_word' id='word_1_687' title='bbox 3133 4531 3396 4588; x_wconf 67' lang='lat' dir='ltr'><strong>innocens</strong></span> <span class='ocrx_word' id='word_1_688' title='bbox 3424 4531 3645 4587; x_wconf 49' lang='lat' dir='ltr'><strong>animi.</strong></span> 
     </span>
    </p>
   </div>
   <div class='ocr_carea' id='block_1_96' title="bbox 570 4601 2163 4673">
    <p class='ocr_par' dir='ltr' id='par_1_96' title="bbox 570 4601 2163 4673">
     <span class='ocr_line' id='line_1_97' title="bbox 570 4601 2163 4673; baseline 0.001 -17"><span class='ocrx_word' id='word_1_689' title='bbox 570 4602 682 4664; x_wconf 87' lang='lat' dir='ltr'><strong>ille.</strong></span> <span class='ocrx_word' id='word_1_690' title='bbox 708 4611 753 4655; x_wconf 87' lang='lat' dir='ltr'><strong>et</strong></span> <span class='ocrx_word' id='word_1_691' title='bbox 771 4603 974 4673; x_wconf 72' lang='lat' dir='ltr'><strong>sapiens</strong></span> <span class='ocrx_word' id='word_1_692' title='bbox 1000 4601 1063 4656; x_wconf 90' lang='lat' dir='ltr'><strong>ab</strong></span> <span class='ocrx_word' id='word_1_693' title='bbox 1085 4602 1336 4667; x_wconf 74' lang='lat' dir='ltr'><strong>eiusmodi</strong></span> <span class='ocrx_word' id='word_1_694' title='bbox 1361 4603 1625 4668; x_wconf 72' lang='lat' dir='ltr'><strong>sacriﬁciis</strong></span> <span class='ocrx_word' id='word_1_695' title='bbox 1645 4601 1873 4667; x_wconf 81' lang='lat' dir='ltr'><strong>cavebit;</strong></span> <span class='ocrx_word' id='word_1_696' title='bbox 1906 4617 1975 4657; x_wconf 81' lang='lat' dir='ltr'><strong>na</strong></span> <span class='ocrx_word' id='word_1_697' title='bbox 2001 4602 2068 4657; x_wconf 82' lang='lat' dir='ltr'><strong>ad</strong></span> <span class='ocrx_word' id='word_1_698' title='bbox 2100 4616 2163 4658; x_wconf 84' lang='lat' dir='ltr'><strong>se</strong></span> 
     </span>
    </p>
   </div>
   <div class='ocr_carea' id='block_1_97' title="bbox 570 4693 2156 4765">
    <p class='ocr_par' dir='ltr' id='par_1_97' title="bbox 570 4693 2156 4765">
     <span class='ocr_line' id='line_1_98' title="bbox 570 4693 2156 4765; baseline 0.001 -17"><span class='ocrx_word' id='word_1_699' title='bbox 570 4693 789 4751; x_wconf 85' lang='lat' dir='ltr'><strong>adliciat</strong></span> <span class='ocrx_word' id='word_1_700' title='bbox 833 4695 965 4749; x_wconf 88' lang='lat' dir='ltr'><strong>tales</strong></span> <span class='ocrx_word' id='word_1_701' title='bbox 996 4695 1285 4763; x_wconf 87' lang='lat' dir='ltr'><strong>impietatis</strong></span> <span class='ocrx_word' id='word_1_702' title='bbox 1322 4694 1627 4765; x_wconf 76' lang='lat' dir='ltr'><strong>magistros.</strong></span> <span class='ocrx_word' id='word_1_703' title='bbox 1668 4695 1937 4762; x_wconf 78' lang='lat' dir='ltr'><strong>Quantum</strong></span> <span class='ocrx_word' id='word_1_704' title='bbox 1976 4704 2156 4751; x_wconf 87' lang='lat' dir='ltr'><strong>autem</strong></span> 
     </span>
    </p>
   </div>
   <div class='ocr_carea' id='block_1_98' title="bbox 570 4785 2162 4857">
    <p class='ocr_par' dir='ltr' id='par_1_98' title="bbox 570 4785 2162 4857">
     <span class='ocr_line' id='line_1_99' title="bbox 570 4785 2162 4857; baseline 0.001 -17"><span class='ocrx_word' id='word_1_705' title='bbox 570 4786 624 4840; x_wconf 89' lang='lat' dir='ltr'><strong>in</strong></span> <span class='ocrx_word' id='word_1_706' title='bbox 646 4785 898 4845; x_wconf 85' lang='lat' dir='ltr'><strong>omnibus</strong></span> <span class='ocrx_word' id='word_1_707' title='bbox 922 4802 985 4843; x_wconf 85' lang='lat' dir='ltr'><strong>ac</strong></span> <span class='ocrx_word' id='word_1_708' title='bbox 1010 4787 1258 4855; x_wconf 76' lang='lat' dir='ltr'><strong>singulis,</strong></span> <span class='ocrx_word' id='word_1_709' title='bbox 1287 4803 1407 4856; x_wconf 66' lang='lat' dir='ltr'><strong>quae</strong></span> <span class='ocrx_word' id='word_1_710' title='bbox 1436 4787 1803 4857; x_wconf 78' lang='lat' dir='ltr'><strong>exposuimus,</strong></span> <span class='ocrx_word' id='word_1_711' title='bbox 1825 4787 2162 4857; x_wconf 76' lang='lat' dir='ltr'><strong>argumentis</strong></span> 
     </span>
    </p>
   </div>
   <div class='ocr_carea' id='block_1_99' title="bbox 568 4876 2160 4950">
    <p class='ocr_par' dir='ltr' id='par_1_99' title="bbox 568 4876 2160 4950">
     <span class='ocr_line' id='line_1_100' title="bbox 568 4876 2160 4950; baseline 0 -16"><span class='ocrx_word' id='word_1_712' title='bbox 568 4879 640 4934; x_wconf 89' lang='lat' dir='ltr'><strong>sit</strong></span> <span class='ocrx_word' id='word_1_713' title='bbox 665 4879 883 4945; x_wconf 84' lang='lat' dir='ltr'><strong>virium,</strong></span> <span class='ocrx_word' id='word_1_714' title='bbox 913 4878 1075 4935; x_wconf 88' lang='lat' dir='ltr'><strong>facile</strong></span> <span class='ocrx_word' id='word_1_715' title='bbox 1105 4891 1164 4934; x_wconf 90' lang='lat' dir='ltr'><strong>ut</strong></span> <span class='ocrx_word' id='word_1_716' title='bbox 1194 4889 1464 4950; x_wconf 89' lang='lat' dir='ltr'><strong>putamus,</strong></span> <span class='ocrx_word' id='word_1_717' title='bbox 1505 4881 1732 4949; x_wconf 85' lang='lat' dir='ltr'><strong>quisque</strong></span> <span class='ocrx_word' id='word_1_718' title='bbox 1761 4879 2070 4948; x_wconf 74' lang='lat' dir='ltr'><strong>perspiciet.</strong></span> <span class='ocrx_word' id='word_1_719' title='bbox 2101 4876 2160 4934; x_wconf 82' lang='lat' dir='ltr'><strong>Si</strong></span> 
     </span>
    </p>
   </div>
   <div class='ocr_carea' id='block_1_100' title="bbox 569 4972 2161 5044">
    <p class='ocr_par' dir='ltr' id='par_1_100' title="bbox 569 4972 2161 5044">
     <span class='ocr_line' id='line_1_101' title="bbox 569 4972 2161 5044; baseline -0.002 -13"><span class='ocrx_word' id='word_1_720' title='bbox 569 4974 690 5044; x_wconf 85' lang='lat' dir='ltr'><strong>quis</strong></span> <span class='ocrx_word' id='word_1_721' title='bbox 719 4988 849 5033; x_wconf 80' lang='lat' dir='ltr'><strong>vero</strong></span> <span class='ocrx_word' id='word_1_722' title='bbox 875 4973 1028 5043; x_wconf 85' lang='lat' dir='ltr'><strong>plura</strong></span> <span class='ocrx_word' id='word_1_723' title='bbox 1057 4973 1405 5032; x_wconf 83' lang='lat' dir='ltr'><strong>desiderabit.</strong></span> <span class='ocrx_word' id='word_1_724' title='bbox 1426 4973 1543 5029; x_wconf 64' lang='lat' dir='ltr'><strong>haec</strong></span> <span class='ocrx_word' id='word_1_725' title='bbox 1564 4972 1703 5042; x_wconf 87' lang='lat' dir='ltr'><strong>apud</strong></span> <span class='ocrx_word' id='word_1_726' title='bbox 1730 4973 2018 5029; x_wconf 84' lang='lat' dir='ltr'><strong>Eusebium</strong></span> <span class='ocrx_word' id='word_1_727' title='bbox 2046 4986 2161 5037; x_wconf 73' lang='lat' dir='ltr'><strong>ma-</strong></span> 
     </span>
    </p>
   </div>
   <div class='ocr_carea' id='block_1_101' title="bbox 568 5062 2158 5139">
    <p class='ocr_par' dir='ltr' id='par_1_101' title="bbox 568 5062 2158 5139">
     <span class='ocr_line' id='line_1_102' title="bbox 568 5062 2158 5139; baseline -0.002 -19"><span class='ocrx_word' id='word_1_728' title='bbox 568 5080 675 5137; x_wconf 81' lang='lat' dir='ltr'><strong>gno</strong></span> <span class='ocrx_word' id='word_1_729' title='bbox 713 5067 834 5123; x_wconf 86' lang='lat' dir='ltr'><strong>sine</strong></span> <span class='ocrx_word' id='word_1_730' title='bbox 870 5067 1054 5123; x_wconf 87' lang='lat' dir='ltr'><strong>labore</strong></span> <span class='ocrx_word' id='word_1_731' title='bbox 1095 5067 1332 5124; x_wconf 81' lang='lat' dir='ltr'><strong>inveniet</strong></span> <span class='ocrx_word' id='word_1_732' title='bbox 1379 5066 1615 5139; x_wconf 77' lang='lat' dir='ltr'><strong>(Euseb.,</strong></span> <span class='ocrx_word' id='word_1_733' title='bbox 1662 5064 1751 5120; x_wconf 85' lang='lat' dir='ltr'><strong>lib.</strong></span> <span class='ocrx_word' id='word_1_734' title='bbox 1808 5076 1858 5121; x_wconf 81' lang='lat' dir='ltr'><strong>tv</strong></span> <span class='ocrx_word' id='word_1_735' title='bbox 1916 5062 2158 5134; x_wconf 75' lang='lat' dir='ltr'><strong>Prwpar.</strong></span> 
     </span>
    </p>
   </div>
   <div class='ocr_carea' id='block_1_102' title="bbox 568 5157 2159 5233">
    <p class='ocr_par' dir='ltr' id='par_1_102' title="bbox 568 5157 2159 5233">
     <span class='ocr_line' id='line_1_103' title="bbox 568 5157 2159 5233; baseline -0.001 -19"><span class='ocrx_word' id='word_1_736' title='bbox 568 5175 775 5231; x_wconf 81' lang='lat' dir='ltr'><strong>evang.,</strong></span> <span class='ocrx_word' id='word_1_737' title='bbox 805 5177 920 5232; x_wconf 85' lang='lat' dir='ltr'><strong>cap.</strong></span> <span class='ocrx_word' id='word_1_738' title='bbox 951 5159 1044 5225; x_wconf 62' lang='grc' dir='ltr'><strong>εἰ,</strong></span> <span class='ocrx_word' id='word_1_739' title='bbox 1073 5176 1194 5233; x_wconf 82' lang='lat' dir='ltr'><strong>pag.</strong></span> <span class='ocrx_word' id='word_1_740' title='bbox 1232 5162 1364 5225; x_wconf 66' lang='lat'><strong>175;</strong></span> <span class='ocrx_word' id='word_1_741' title='bbox 1408 5160 1495 5221; x_wconf 83' lang='lat' dir='ltr'><strong>lib.</strong></span> <span class='ocrx_word' id='word_1_742' title='bbox 1532 5176 1584 5227; x_wconf 86' lang='lat' dir='ltr'><strong>v,</strong></span> <span class='ocrx_word' id='word_1_743' title='bbox 1616 5176 1730 5230; x_wconf 86' lang='lat' dir='ltr'><strong>cap.</strong></span> <span class='ocrx_word' id='word_1_744' title='bbox 1758 5159 1816 5225; x_wconf 70' lang='lat'><strong>2,</strong></span> <span class='ocrx_word' id='word_1_745' title='bbox 1846 5174 1966 5231; x_wconf 80' lang='lat' dir='ltr'><strong>pag.</strong></span> <span class='ocrx_word' id='word_1_746' title='bbox 2008 5157 2159 5228; x_wconf 73' lang='grc'><strong>182).</strong></span> 
     </span>
    </p>
   </div>
   <div class='ocr_carea' id='block_1_103' title="bbox 568 5252 2160 5325">
    <p class='ocr_par' dir='ltr' id='par_1_103' title="bbox 568 5252 2160 5325">
     <span class='ocr_line' id='line_1_104' title="bbox 568 5252 2160 5325; baseline 0.001 -15"><span class='ocrx_word' id='word_1_747' title='bbox 568 5253 846 5317; x_wconf 79' lang='lat' dir='ltr'><strong>Neminem</strong></span> <span class='ocrx_word' id='word_1_748' title='bbox 878 5269 1039 5324; x_wconf 87' lang='lat' dir='ltr'><strong>porro</strong></span> <span class='ocrx_word' id='word_1_749' title='bbox 1077 5269 1197 5310; x_wconf 85' lang='lat' dir='ltr'><strong>esse</strong></span> <span class='ocrx_word' id='word_1_750' title='bbox 1236 5254 1577 5320; x_wconf 81' lang='lat' dir='ltr'><strong>arbitramur,</strong></span> <span class='ocrx_word' id='word_1_751' title='bbox 1611 5256 1700 5325; x_wconf 91' lang='lat' dir='ltr'><strong>qui</strong></span> <span class='ocrx_word' id='word_1_752' title='bbox 1730 5271 1796 5309; x_wconf 84' lang='lat' dir='ltr'><strong>ex</strong></span> <span class='ocrx_word' id='word_1_753' title='bbox 1822 5252 2030 5315; x_wconf 82' lang='lat' dir='ltr'><strong>cunctis</strong></span> <span class='ocrx_word' id='word_1_754' title='bbox 2057 5255 2160 5311; x_wconf 81' lang='lat' dir='ltr'><strong>Ar-</strong></span> 
     </span>
    </p>
   </div>
   <div class='ocr_carea' id='block_1_104' title="bbox 569 5346 2163 5413">
    <p class='ocr_par' dir='ltr' id='par_1_104' title="bbox 569 5346 2163 5413">
     <span class='ocr_line' id='line_1_105' title="bbox 569 5346 2163 5413; baseline 0.001 -11"><span class='ocrx_word' id='word_1_755' title='bbox 569 5346 716 5411; x_wconf 84' lang='lat' dir='ltr'><strong>nobii</strong></span> <span class='ocrx_word' id='word_1_756' title='bbox 740 5348 1056 5413; x_wconf 81' lang='lat' dir='ltr'><strong>rationibus,</strong></span> <span class='ocrx_word' id='word_1_757' title='bbox 1079 5347 1241 5407; x_wconf 80' lang='lat' dir='ltr'><strong>simul</strong></span> <span class='ocrx_word' id='word_1_758' title='bbox 1267 5347 1531 5411; x_wconf 80' lang='lat' dir='ltr'><strong>collectis,</strong></span> <span class='ocrx_word' id='word_1_759' title='bbox 1555 5362 1662 5405; x_wconf 89' lang='lat' dir='ltr'><strong>non</strong></span> <span class='ocrx_word' id='word_1_760' title='bbox 1692 5347 1921 5405; x_wconf 85' lang='lat' dir='ltr'><strong>fateatur</strong></span> <span class='ocrx_word' id='word_1_761' title='bbox 1942 5346 2049 5405; x_wconf 87' lang='lat' dir='ltr'><strong>illis</strong></span> <span class='ocrx_word' id='word_1_762' title='bbox 2069 5346 2163 5403; x_wconf 82' lang='lat' dir='ltr'><strong>ab-</strong></span> 
     </span>
    </p>
   </div>
   <div class='ocr_carea' id='block_1_105' title="bbox 570 5440 2158 5515">
    <p class='ocr_par' dir='ltr' id='par_1_105' title="bbox 570 5440 2158 5515">
     <span class='ocr_line' id='line_1_106' title="bbox 570 5440 2158 5515; baseline 0.003 -20"><span class='ocrx_word' id='word_1_763' title='bbox 570 5443 789 5499; x_wconf 87' lang='lat' dir='ltr'><strong>surdum</strong></span> <span class='ocrx_word' id='word_1_764' title='bbox 817 5443 1097 5514; x_wconf 74' lang='lat' dir='ltr'><strong>gentilium</strong></span> <span class='ocrx_word' id='word_1_765' title='bbox 1127 5458 1365 5501; x_wconf 84' lang='lat' dir='ltr'><strong>errorem</strong></span> <span class='ocrx_word' id='word_1_766' title='bbox 1406 5442 1619 5513; x_wconf 83' lang='lat' dir='ltr'><strong>penitus</strong></span> <span class='ocrx_word' id='word_1_767' title='bbox 1646 5443 1886 5499; x_wconf 88' lang='lat' dir='ltr'><strong>subverti</strong></span> <span class='ocrx_word' id='word_1_768' title='bbox 1916 5440 2158 5515; x_wconf 53' lang='lat' dir='ltr'><strong>(Arnob,</strong></span> 
     </span>
    </p>
   </div>
   <div class='ocr_carea' id='block_1_106' title="bbox 571 5536 1098 5609">
    <p class='ocr_par' dir='ltr' id='par_1_106' title="bbox 571 5536 1098 5609">
     <span class='ocr_line' id='line_1_107' title="bbox 571 5536 1098 5609; baseline 0.006 -20"><span class='ocrx_word' id='word_1_769' title='bbox 571 5536 659 5591; x_wconf 83' lang='lat' dir='ltr'><strong>lib.</strong></span> <span class='ocrx_word' id='word_1_770' title='bbox 694 5551 770 5605; x_wconf 73' lang='lat' dir='ltr'><strong>Vl,</strong></span> <span class='ocrx_word' id='word_1_771' title='bbox 799 5554 918 5609; x_wconf 83' lang='lat' dir='ltr'><strong>pag.</strong></span> <span class='ocrx_word' id='word_1_772' title='bbox 944 5536 1098 5609; x_wconf 74' lang='lat' dir='ltr'><strong>aut).</strong></span> 
     </span>
    </p>
   </div>
   <div class='ocr_carea' id='block_1_107' title="bbox 2333 4622 3862 4696">
    <p class='ocr_par' dir='ltr' id='par_1_107' title="bbox 2333 4622 3862 4696">
     <span class='ocr_line' id='line_1_108' title="bbox 2333 4622 3862 4696; baseline 0.003 -17"><span class='ocrx_word' id='word_1_773' title='bbox 2333 4622 2533 4679; x_wconf 84' lang='lat' dir='ltr'><strong>Contra</strong></span> <span class='ocrx_word' id='word_1_774' title='bbox 2581 4638 2713 4679; x_wconf 88' lang='lat' dir='ltr'><strong>vero</strong></span> <span class='ocrx_word' id='word_1_775' title='bbox 2760 4625 3030 4680; x_wconf 89' lang='lat' dir='ltr'><strong>instabant</strong></span> <span class='ocrx_word' id='word_1_776' title='bbox 3076 4623 3251 4681; x_wconf 90' lang='lat' dir='ltr'><strong>adhuc</strong></span> <span class='ocrx_word' id='word_1_777' title='bbox 3292 4626 3529 4691; x_wconf 81' lang='lat' dir='ltr'><strong>ethnici,</strong></span> <span class='ocrx_word' id='word_1_778' title='bbox 3559 4624 3862 4696; x_wconf 77' lang='lat' dir='ltr'><strong>maiorique</strong></span> 
     </span>
    </p>
   </div>
   <div class='ocr_carea' id='block_1_108' title="bbox 2262 4716 3856 4785">
    <p class='ocr_par' dir='ltr' id='par_1_108' title="bbox 2262 4716 3856 4785">
     <span class='ocr_line' id='line_1_109' title="bbox 2262 4716 3856 4785; baseline 0.002 -14"><span class='ocrx_word' id='word_1_779' title='bbox 2262 4730 2397 4772; x_wconf 87' lang='lat' dir='ltr'><strong>voce</strong></span> <span class='ocrx_word' id='word_1_780' title='bbox 2423 4716 2724 4772; x_wconf 80' lang='lat' dir='ltr'><strong>clamabant</strong></span> <span class='ocrx_word' id='word_1_781' title='bbox 2745 4718 2868 4773; x_wconf 90' lang='lat' dir='ltr'><strong>ideo</strong></span> <span class='ocrx_word' id='word_1_782' title='bbox 2888 4716 3108 4775; x_wconf 88' lang='lat' dir='ltr'><strong>cuilibet</strong></span> <span class='ocrx_word' id='word_1_783' title='bbox 3126 4717 3231 4773; x_wconf 89' lang='lat' dir='ltr'><strong>deo</strong></span> <span class='ocrx_word' id='word_1_784' title='bbox 3253 4718 3457 4774; x_wconf 84' lang='lat' dir='ltr'><strong>hostias</strong></span> <span class='ocrx_word' id='word_1_785' title='bbox 3477 4718 3856 4785; x_wconf 87' lang='lat' dir='ltr'><strong>immolandas,</strong></span> 
     </span>
    </p>
   </div>
   <div class='ocr_carea' id='block_1_109' title="bbox 2272 4810 3857 4882">
    <p class='ocr_par' dir='ltr' id='par_1_109' title="bbox 2272 4810 3857 4882">
     <span class='ocr_line' id='line_1_110' title="bbox 2272 4810 3857 4882; baseline 0.002 -18"><span class='ocrx_word' id='word_1_786' title='bbox 2272 4819 2329 4864; x_wconf 89' lang='lat' dir='ltr'><strong>ut</strong></span> <span class='ocrx_word' id='word_1_787' title='bbox 2359 4824 2447 4865; x_wconf 86' lang='lat' dir='ltr'><strong>res</strong></span> <span class='ocrx_word' id='word_1_788' title='bbox 2479 4810 2634 4866; x_wconf 87' lang='lat' dir='ltr'><strong>nobis</strong></span> <span class='ocrx_word' id='word_1_789' title='bbox 2667 4810 2863 4865; x_wconf 88' lang='lat' dir='ltr'><strong>tribuat</strong></span> <span class='ocrx_word' id='word_1_790' title='bbox 2908 4825 3214 4882; x_wconf 87' lang='lat' dir='ltr'><strong>prosperas,</strong></span> <span class='ocrx_word' id='word_1_791' title='bbox 3258 4822 3313 4867; x_wconf 89' lang='lat' dir='ltr'><strong>et</strong></span> <span class='ocrx_word' id='word_1_792' title='bbox 3342 4811 3599 4868; x_wconf 86' lang='lat' dir='ltr'><strong>adversas</strong></span> <span class='ocrx_word' id='word_1_793' title='bbox 3625 4820 3857 4867; x_wconf 71' lang='lat' dir='ltr'><strong>avertat.</strong></span> 
     </span>
    </p>
   </div>
   <div class='ocr_carea' id='block_1_110' title="bbox 2271 4904 3860 4961">
    <p class='ocr_par' dir='ltr' id='par_1_110' title="bbox 2271 4904 3860 4961">
     <span class='ocr_line' id='line_1_111' title="bbox 2271 4904 3860 4961; baseline 0.001 -2"><span class='ocrx_word' id='word_1_794' title='bbox 2271 4904 2376 4961; x_wconf 85' lang='lat' dir='ltr'><strong>Sed</strong></span> <span class='ocrx_word' id='word_1_795' title='bbox 2398 4905 2513 4959; x_wconf 71' lang='lat' dir='ltr'><strong>hazc</strong></span> <span class='ocrx_word' id='word_1_796' title='bbox 2542 4904 2680 4959; x_wconf 84' lang='lat' dir='ltr'><strong>ratio</strong></span> <span class='ocrx_word' id='word_1_797' title='bbox 2700 4906 2903 4959; x_wconf 89' lang='lat' dir='ltr'><strong>auctori</strong></span> <span class='ocrx_word' id='word_1_798' title='bbox 2935 4914 3121 4959; x_wconf 87' lang='lat' dir='ltr'><strong>nostro</strong></span> <span class='ocrx_word' id='word_1_799' title='bbox 3146 4920 3252 4960; x_wconf 92' lang='lat' dir='ltr'><strong>non</strong></span> <span class='ocrx_word' id='word_1_800' title='bbox 3281 4904 3493 4960; x_wconf 85' lang='lat' dir='ltr'><strong>videtur</strong></span> <span class='ocrx_word' id='word_1_801' title='bbox 3509 4906 3627 4960; x_wconf 88' lang='lat' dir='ltr'><strong>aliis</strong></span> <span class='ocrx_word' id='word_1_802' title='bbox 3649 4906 3860 4960; x_wconf 88' lang='lat' dir='ltr'><strong>ﬁrmior</strong></span> 
     </span>
    </p>
   </div>
   <div class='ocr_carea' id='block_1_111' title="bbox 2270 4995 3859 5071">
    <p class='ocr_par' dir='ltr' id='par_1_111' title="bbox 2270 4995 3859 5071">
     <span class='ocr_line' id='line_1_112' title="bbox 2270 4995 3859 5071; baseline 0.002 -20"><span class='ocrx_word' id='word_1_803' title='bbox 2270 5006 2365 5053; x_wconf 89' lang='lat' dir='ltr'><strong>aut</strong></span> <span class='ocrx_word' id='word_1_804' title='bbox 2390 4996 2615 5052; x_wconf 85' lang='lat' dir='ltr'><strong>validior</strong></span> <span class='ocrx_word' id='word_1_805' title='bbox 2637 4997 2881 5071; x_wconf 53' lang='grc' dir='ltr'><strong>(Αι-ιιοὺ.ἓ</strong></span> <span class='ocrx_word' id='word_1_806' title='bbox 2903 4995 2992 5052; x_wconf 84' lang='lat' dir='ltr'><strong>lib.</strong></span> <span class='ocrx_word' id='word_1_807' title='bbox 3018 5014 3110 5061; x_wconf 87' lang='lat' dir='ltr'><strong>vn,</strong></span> <span class='ocrx_word' id='word_1_808' title='bbox 3128 5015 3247 5070; x_wconf 85' lang='lat' dir='ltr'><strong>pag.</strong></span> <span class='ocrx_word' id='word_1_809' title='bbox 3280 4998 3407 5063; x_wconf 77' lang='lat' dir='ltr'><strong>3l7,</strong></span> <span class='ocrx_word' id='word_1_810' title='bbox 3436 5007 3483 5052; x_wconf 83' lang='lat' dir='ltr'><strong>et</strong></span> <span class='ocrx_word' id='word_1_811' title='bbox 3506 4999 3694 5071; x_wconf 63' lang='grc' dir='ltr'><strong>καφ).</strong></span> <span class='ocrx_word' id='word_1_812' title='bbox 3724 4997 3859 5054; x_wconf 85' lang='lat' dir='ltr'><strong>Eth-</strong></span> 
     </span>
    </p>
   </div>
   <div class='ocr_carea' id='block_1_112' title="bbox 2270 5070 3861 5163">
    <p class='ocr_par' dir='ltr' id='par_1_112' title="bbox 2270 5070 3861 5163">
     <span class='ocr_line' id='line_1_113' title="bbox 2270 5070 3861 5163; baseline 0.001 -16"><span class='ocrx_word' id='word_1_813' title='bbox 2270 5092 2515 5148; x_wconf 92' lang='lat' dir='ltr'><strong>nicorum</strong></span> <span class='ocrx_word' id='word_1_814' title='bbox 2561 5092 2826 5162; x_wconf 89' lang='lat' dir='ltr'><strong>siquidem</strong></span> <span class='ocrx_word' id='word_1_815' title='bbox 2858 5070 3298 5163; x_wconf 56' lang='lat' dir='ltr'><strong>millosoplmrum</strong></span> <span class='ocrx_word' id='word_1_816' title='bbox 3328 5091 3674 5148; x_wconf 88' lang='lat' dir='ltr'><strong>eruditissimi</strong></span> <span class='ocrx_word' id='word_1_817' title='bbox 3718 5108 3861 5163; x_wconf 78' lang='lat' dir='ltr'><strong>pra:-</strong></span> 
     </span>
    </p>
   </div>
   <div class='ocr_carea' id='block_1_113' title="bbox 2267 5184 3859 5258">
    <p class='ocr_par' dir='ltr' id='par_1_113' title="bbox 2267 5184 3859 5258">
     <span class='ocr_line' id='line_1_114' title="bbox 2267 5184 3859 5258; baseline 0.001 -17"><span class='ocrx_word' id='word_1_818' title='bbox 2267 5186 2437 5244; x_wconf 88' lang='lat' dir='ltr'><strong>fracte</strong></span> <span class='ocrx_word' id='word_1_819' title='bbox 2463 5187 2730 5243; x_wconf 82' lang='lat' dir='ltr'><strong>docebant</strong></span> <span class='ocrx_word' id='word_1_820' title='bbox 2752 5187 2931 5241; x_wconf 89' lang='lat' dir='ltr'><strong>omnia</strong></span> <span class='ocrx_word' id='word_1_821' title='bbox 2948 5186 3057 5241; x_wconf 86' lang='lat' dir='ltr'><strong>fato</strong></span> <span class='ocrx_word' id='word_1_822' title='bbox 3082 5184 3357 5258; x_wconf 88' lang='lat' dir='ltr'><strong>fatalique,</strong></span> <span class='ocrx_word' id='word_1_823' title='bbox 3382 5199 3440 5241; x_wconf 85' lang='lat' dir='ltr'><strong>ut</strong></span> <span class='ocrx_word' id='word_1_824' title='bbox 3452 5185 3575 5241; x_wconf 89' lang='lat' dir='ltr'><strong>alibi</strong></span> <span class='ocrx_word' id='word_1_825' title='bbox 3600 5185 3859 5250; x_wconf 86' lang='lat' dir='ltr'><strong>vidimus,</strong></span> 
     </span>
    </p>
   </div>
   <div class='ocr_carea' id='block_1_114' title="bbox 2270 5277 3861 5349">
    <p class='ocr_par' dir='ltr' id='par_1_114' title="bbox 2270 5277 3861 5349">
     <span class='ocr_line' id='line_1_115' title="bbox 2270 5277 3861 5349; baseline 0.001 -16"><span class='ocrx_word' id='word_1_826' title='bbox 2270 5280 2591 5335; x_wconf 85' lang='lat' dir='ltr'><strong>necessitate</strong></span> <span class='ocrx_word' id='word_1_827' title='bbox 2628 5277 2762 5335; x_wconf 84' lang='lat' dir='ltr'><strong>ﬂeri.</strong></span> <span class='ocrx_word' id='word_1_828' title='bbox 2812 5279 2880 5333; x_wconf 82' lang='lat' dir='ltr'><strong>At</strong></span> <span class='ocrx_word' id='word_1_829' title='bbox 2910 5277 3037 5333; x_wconf 89' lang='lat' dir='ltr'><strong>inde</strong></span> <span class='ocrx_word' id='word_1_830' title='bbox 3074 5287 3258 5349; x_wconf 87' lang='lat' dir='ltr'><strong>aperte</strong></span> <span class='ocrx_word' id='word_1_831' title='bbox 3295 5277 3538 5349; x_wconf 85' lang='lat' dir='ltr'><strong>sequitur</strong></span> <span class='ocrx_word' id='word_1_832' title='bbox 3563 5278 3697 5334; x_wconf 87' lang='lat' dir='ltr'><strong>deos</strong></span> <span class='ocrx_word' id='word_1_833' title='bbox 3728 5278 3861 5334; x_wconf 89' lang='lat' dir='ltr'><strong>nihil</strong></span> 
     </span>
    </p>
   </div>
   <div class='ocr_carea' id='block_1_115' title="bbox 2267 5372 3860 5445">
    <p class='ocr_par' dir='ltr' id='par_1_115' title="bbox 2267 5372 3860 5445">
     <span class='ocr_line' id='line_1_116' title="bbox 2267 5372 3860 5445; baseline 0 -15"><span class='ocrx_word' id='word_1_834' title='bbox 2267 5374 2486 5444; x_wconf 85' lang='lat' dir='ltr'><strong>penitus</strong></span> <span class='ocrx_word' id='word_1_835' title='bbox 2529 5373 2839 5428; x_wconf 87' lang='lat' dir='ltr'><strong>hominibus</strong></span> <span class='ocrx_word' id='word_1_836' title='bbox 2885 5380 2979 5427; x_wconf 88' lang='lat' dir='ltr'><strong>aut</strong></span> <span class='ocrx_word' id='word_1_837' title='bbox 3007 5372 3139 5428; x_wconf 89' lang='lat' dir='ltr'><strong>dare</strong></span> <span class='ocrx_word' id='word_1_838' title='bbox 3176 5386 3371 5445; x_wconf 89' lang='lat' dir='ltr'><strong>posse,</strong></span> <span class='ocrx_word' id='word_1_839' title='bbox 3417 5381 3509 5427; x_wconf 89' lang='lat' dir='ltr'><strong>aut</strong></span> <span class='ocrx_word' id='word_1_840' title='bbox 3549 5373 3860 5444; x_wconf 86' lang='lat' dir='ltr'><strong>prohibere,</strong></span> 
     </span>
    </p>
   </div>
   <div class='ocr_carea' id='block_1_116' title="bbox 2269 5466 3863 5539">
    <p class='ocr_par' dir='ltr' id='par_1_116' title="bbox 2269 5466 3863 5539">
     <span class='ocr_line' id='line_1_117' title="bbox 2269 5466 3863 5539; baseline 0.001 -18"><span class='ocrx_word' id='word_1_841' title='bbox 2269 5478 2429 5539; x_wconf 87' lang='lat' dir='ltr'><strong>atque</strong></span> <span class='ocrx_word' id='word_1_842' title='bbox 2460 5467 2661 5523; x_wconf 91' lang='lat' dir='ltr'><strong>idcirco</strong></span> <span class='ocrx_word' id='word_1_843' title='bbox 2688 5466 2878 5522; x_wconf 81' lang='lat' dir='ltr'><strong>hostiis</strong></span> <span class='ocrx_word' id='word_1_844' title='bbox 2901 5467 3134 5521; x_wconf 87' lang='lat' dir='ltr'><strong>victimis</strong></span> <span class='ocrx_word' id='word_1_845' title='bbox 3154 5508 3170 5534; x_wconf 93' lang='lat'><strong>,</strong></span> <span class='ocrx_word' id='word_1_846' title='bbox 3205 5466 3573 5535; x_wconf 86' lang='lat' dir='ltr'><strong>Iibationibus,</strong></span> <span class='ocrx_word' id='word_1_847' title='bbox 3605 5478 3659 5524; x_wconf 84' lang='lat' dir='ltr'><strong>et</strong></span> <span class='ocrx_word' id='word_1_848' title='bbox 3685 5467 3863 5524; x_wconf 88' lang='lat' dir='ltr'><strong>sacri-</strong></span> 
     </span>
    </p>
   </div>
   <div class='ocr_carea' id='block_1_117' title="bbox 2271 5557 3858 5631">
    <p class='ocr_par' dir='ltr' id='par_1_117' title="bbox 2271 5557 3858 5631">
     <span class='ocr_line' id='line_1_118' title="bbox 2271 5557 3858 5631; baseline 0.003 -16"><span class='ocrx_word' id='word_1_849' title='bbox 2271 5560 2408 5617; x_wconf 86' lang='lat' dir='ltr'><strong>ﬁciis</strong></span> <span class='ocrx_word' id='word_1_850' title='bbox 2439 5558 2635 5614; x_wconf 87' lang='lat' dir='ltr'><strong>frustra</strong></span> <span class='ocrx_word' id='word_1_851' title='bbox 2665 5559 2873 5631; x_wconf 74' lang='lat' dir='ltr'><strong>fatigari</strong></span> <span class='ocrx_word' id='word_1_852' title='bbox 2902 5558 3144 5629; x_wconf 59' lang='lat' dir='ltr'><strong>(Diisert.</strong></span> <span class='ocrx_word' id='word_1_853' title='bbox 3172 5559 3225 5612; x_wconf 84' lang='lat' dir='ltr'><strong>in</strong></span> <span class='ocrx_word' id='word_1_854' title='bbox 3255 5557 3480 5625; x_wconf 59' lang='lat' dir='ltr'><strong>Minuta,</strong></span> <span class='ocrx_word' id='word_1_855' title='bbox 3510 5575 3557 5613; x_wconf 75' lang='grc' dir='ltr'><strong>ε.</strong></span> <span class='ocrx_word' id='word_1_856' title='bbox 3588 5560 3641 5627; x_wconf 91' lang='grc'>6,</span> <span class='ocrx_word' id='word_1_857' title='bbox 3670 5559 3858 5630; x_wconf 63' lang='lat' dir='ltr'><strong>artJ).</strong></span> 
     </span>
    </p>
   </div>
   <div class='ocr_carea' id='block_1_118' title="bbox 2345 5650 3858 5724">
    <p class='ocr_par' dir='ltr' id='par_1_118' title="bbox 2345 5650 3858 5724">
     <span class='ocr_line' id='line_1_119' title="bbox 2345 5650 3858 5724; baseline 0 -15"><span class='ocrx_word' id='word_1_858' title='bbox 2345 5653 2610 5709; x_wconf 72' lang='lat' dir='ltr'><strong>Prmterea</strong></span> <span class='ocrx_word' id='word_1_859' title='bbox 2655 5654 2701 5708; x_wconf 89' lang='lat' dir='ltr'><strong>si</strong></span> <span class='ocrx_word' id='word_1_860' title='bbox 2744 5653 2816 5708; x_wconf 89' lang='lat' dir='ltr'><strong>dii</strong></span> <span class='ocrx_word' id='word_1_861' title='bbox 2864 5667 3117 5724; x_wconf 83' lang='lat' dir='ltr'><strong>prospera</strong></span> <span class='ocrx_word' id='word_1_862' title='bbox 3161 5650 3489 5722; x_wconf 79' lang='lat' dir='ltr'><strong>largiuntur,</strong></span> <span class='ocrx_word' id='word_1_863' title='bbox 3534 5660 3591 5707; x_wconf 90' lang='lat' dir='ltr'><strong>et</strong></span> <span class='ocrx_word' id='word_1_864' title='bbox 3634 5653 3858 5709; x_wconf 79' lang='lat' dir='ltr'><strong>adversa</strong></span> 
     </span>
    </p>
   </div>
   <div class='ocr_carea' id='block_1_119' title="bbox 2271 5744 3860 5822">
    <p class='ocr_par' dir='ltr' id='par_1_119' title="bbox 2271 5744 3860 5822">
     <span class='ocr_line' id='line_1_120' title="bbox 2271 5744 3860 5822; baseline -0.001 -17"><span class='ocrx_word' id='word_1_865' title='bbox 2271 5746 2601 5822; x_wconf 86' lang='lat' dir='ltr'><strong>propellunt,</strong></span> <span class='ocrx_word' id='word_1_866' title='bbox 2642 5760 2739 5803; x_wconf 90' lang='lat' dir='ltr'><strong>cur</strong></span> <span class='ocrx_word' id='word_1_867' title='bbox 2779 5745 3048 5804; x_wconf 88' lang='lat' dir='ltr'><strong>innumeri</strong></span> <span class='ocrx_word' id='word_1_868' title='bbox 3087 5744 3355 5815; x_wconf 86' lang='lat' dir='ltr'><strong>homines,</strong></span> <span class='ocrx_word' id='word_1_869' title='bbox 3400 5751 3560 5815; x_wconf 85' lang='lat' dir='ltr'><strong>atque</strong></span> <span class='ocrx_word' id='word_1_870' title='bbox 3598 5745 3635 5802; x_wconf 88' lang='lat' dir='ltr'><strong>ii</strong></span> <span class='ocrx_word' id='word_1_871' title='bbox 3673 5746 3860 5817; x_wconf 83' lang='lat' dir='ltr'><strong>etiam,</strong></span> 
     </span>
    </p>
   </div>
  </div>
