4172 6252
236 216 339 275 637

1469 229 1536 286 IN
1565 230 1943 302 ABNOBIUM,
1984 234 2137 295 CAP.
2179 234 2364 295 XXIII.

3420 243 3526 300 658

231 335 323 405 qui
368 336 644 405 perpetuis
686 338 962 395 sacriﬁciis
993 353 1114 397 aras
1158 353 1405 412 onerant,
1453 346 1517 400 ad
1548 354 1816 402 extremas
1843 351 1897 410 A
1921 350 1992 404 mi
2014 350 2162 406 labes
2185 366 2284 407 nec
2301 350 2649 411 diuturnitate
2666 370 2980 423 vanescere,
3006 372 3107 417 nec
3125 358 3375 415 manibus
3400 360 3525 415 uilis

231 429 503 497 angustias
526 429 780 499 orbitate,
818 433 1045 500 morbis,
1078 436 1387 509 naufragiis,
1414 436 1640 511 aliisque
1667 439 1822 494 malis

233 529 285 577 et
312 519 624 577 infortuniis
653 522 852 578 redaCti
884 527 1047 580 sunt?
1076 526 1262 584 Nonne
1302 532 1540 584 omnium
1575 530 1825 604 ingratis-

229 614 351 670 simi
381 624 569 670 essent
606 613 704 682 dii,
737 618 805 687 si,
830 617 947 674 haec
976 634 1095 675 cum
1147 623 1374 695 possint,
1421 625 1628 681 nollent
1658 627 1825 697 impe-

228 709 366 777 dire,
396 710 637 781 nihilque
667 710 866 767 vellent
899 715 1103 783 piorum
1131 732 1367 772 annuere
1394 718 1718 788 postulatis?

301 806 373 860 At
397 804 567 875 prius,
591 804 823 876 inquies,
856 806 1149 864 hostiarum
1180 813 1438 882 sanguine
1468 824 1521 869 et
1548 815 1827 871 sacriﬁciis

228 898 593 969 comparanda
617 909 673 957 et
696 900 926 961 emenda
954 914 1079 959 sunt
1113 905 1335 960 deorum
1374 906 1658 964 beneﬁcia.
1689 907 1824 976 Quid

229 991 336 1061 ais,
372 992 452 1046 vir
476 992 656 1047 bene?
676 992 852 1060 Quod,
883 995 1074 1049 amabo
1095 1006 1166 1066 te,
1200 997 1302 1053 diis
1329 1000 1497 1071 magis
1524 1000 1822 1073 indignum,

227 1101 392 1157 quam
417 1085 624 1142 venalia
645 1085 847 1143 habere
875 1080 1174 1156 benefacta,
1209 1107 1270 1146 ac
1300 1094 1539 1147 sineillis
1566 1093 1825 1164 prodesse

230 1179 476 1235 nemini?
497 1177 634 1246 Quid
661 1195 813 1243 vero,
852 1181 993 1249 quod
1035 1183 1078 1237 si
1112 1183 1226 1238 sola
1263 1184 1632 1256 hujuscemodi
1662 1187 1827 1242 sacri-

230 1270 353 1324 ﬁcia
395 1274 636 1339 prosint,
663 1280 810 1327 certe
849 1272 1010 1327 homo
1054 1274 1228 1343 dives,
1260 1278 1350 1348 qui
1380 1278 1534 1350 plura
1574 1278 1825 1334 animalia

231 1376 430 1433 magno
456 1362 702 1433 quidem,
750 1363 845 1420 sed
896 1362 941 1419 si
973 1380 1104 1435 opes
1134 1366 1251 1438 ejus
1291 1370 1568 1439 reSpicias,
1615 1373 1828 1427 modico

230 1457 412 1528 pretio
457 1465 657 1527 empta,
710 1455 813 1512 diis
857 1458 1132 1528 mactabit,
1179 1459 1248 1516 ab
1292 1463 1357 1517 iis
1407 1472 1553 1519 tanto
1599 1465 1821 1537 majora,

232 1563 439 1626 quanto
467 1554 674 1609 minora
703 1570 929 1626 pauper,
951 1556 1040 1627 qui
1062 1559 1315 1629 exiguum
1353 1559 1576 1631 aliquid,
1608 1560 1711 1615 sibi
1750 1571 1823 1613 ta-

1925 444 2030 497 elui
2078 455 2272 525 potest.
2336 446 2558 517 (Cicer.,
2610 448 2700 504 lib.
2738 466 2812 515 tt,
2853 451 2917 508 de
2950 450 3123 524 chib.
3148 494 3166 519 ,
3213 464 3333 523 pug.
3364 433 3525 525 5557)

1932 537 2206 595 Testatum
2269 555 2395 595 vero
2461 541 2758 613 Macrobius
2807 545 2932 606 facit
2982 561 3321 601 communem
3382 546 3523 602 hanc

1934 632 2098 689 tuisse
2128 634 2401 705 gentilium
2432 636 2876 699 consuetudinem
2897 679 2910 703 ,
2944 638 3037 695 sed
3058 639 3427 709 aspersionem
3458 641 3527 696 ab

1933 724 2209 783 ablutione
2257 726 2579 801 distinguit:
2615 728 2888 797 tConstat
2927 731 3106 796 enim,
3155 731 3353 799 inquit,
3407 730 3513 790 diis

1933 822 2143 891 superis
2184 835 2334 877 sacra
2382 822 2647 879 facturum
2704 825 2948 894 corporis
2984 825 3258 881 ablutiune
3289 828 3523 898 purgari.

1937 913 2069 967 Cum
2109 929 2235 971 vero
2265 915 2447 971 inieris
2476 915 2731 975 litandum
2761 928 2876 979 est.
2908 920 3040 974 satis
3070 928 3246 978 actum
3278 919 3524 985 videtur,

1932 1004 1978 1058 si
2021 1007 2263 1075 aspersio
2288 1007 2400 1065 sola
2428 1008 2689 1078 contingit
2727 1028 2746 1061 ι
2808 1008 3067 1081 (Macrob.
3087 1053 3103 1077 ,
3134 1010 3221 1065 lib.
3255 1026 3315 1066 ιιι
3344 1010 3531 1067 Satur-

1931 1098 2078 1167 nal.,
2121 1115 2239 1168 cap.
2285 1098 2361 1171 i).
2406 1100 2569 1157 Multa
2616 1103 2687 1157 ibi
2714 1101 2806 1158 ille
2843 1119 2912 1159 ex
2954 1104 3220 1176 Virgilio,
3268 1115 3323 1161 et
3370 1106 3530 1177 longe

1936 1191 2083 1261 plura
2104 1191 2410 1249 Brissonins
2440 1210 2505 1250 ex
2535 1196 2725 1250 eodem
2757 1206 2911 1265 poeta
2933 1197 3160 1267 aliisque
3177 1198 3528 1268 scriptoribus

1935 1283 2002 1339 de
2047 1283 2169 1361 hoc.
2200 1287 2477 1356 gentilium
2532 1288 2637 1343 ritu
2686 1290 2941 1345 retulere.
2990 1291 3101 1353 Hos
3143 1300 3329 1348 autem
3373 1292 3530 1347 adire

1936 1376 2077 1431 haud
2130 1378 2417 1438 difﬁciliter
2486 1383 2725 1452 poteris,
2777 1384 2917 1438 sicut
2971 1383 3401 1468 Tertullianum,
3468 1400 3533 1442 ac

1934 1466 2207 1523 Iustinum
2239 1472 2403 1526 etiam
2435 1482 2757 1547 martyrem,
2786 1476 2878 1545 qui
2927 1477 3015 1533 ttbi
3056 1466 3401 1533 christianam
3446 1493 3534 1533 re-

1935 1559 2189 1630 ligionetn
2217 1573 2403 1629 contra
2449 1564 2694 1623 ethnicos
2745 1576 2958 1637 tuetur,
2994 1568 3067 1623 ibi
3115 1569 3301 1627 scribit
3343 1584 3374 1624 a
3422 1569 3535 1626 da:-

232 1662 358 1702 men
391 1660 486 1718 pro
514 1657 755 1718 egestate
793 1648 1105 1716 maximum,
1149 1651 1361 1718 oil‘eret,
1399 1654 1660 1709 beneﬁcia
1691 1656 1832 1709 acci-
1864 1663 1911 1724 Β
1938 1653 2187 1713 monibus
2214 1697 2228 1721 ,
2252 1656 2347 1726 qui
2388 1656 2709 1715 lavationem
2756 1659 2824 1715 ab
2855 1659 3011 1721 Esaia
3060 1661 3316 1729 propheta
3363 1661 3534 1719 indic-

232 1756 364 1812 pere
389 1740 642 1799 debebit?
672 1744 801 1811 Quae
825 1756 1004 1799 autem
1036 1747 1208 1816 major
1239 1745 1340 1802 hac
1368 1762 1489 1802 esse
1531 1757 1705 1815 potest
1748 1749 1832 1803 itt-

228 1834 371 1906 juria
398 1846 451 1891 et
478 1835 771 1905 iniquitas?
797 1834 997 1893 Eadem
1019 1853 1150 1893 vero
1182 1839 1410 1907 ratione,
1445 1841 1488 1894 si
1510 1840 1618 1895 duo
1647 1838 1833 1912 pepuli

230 1944 414 1984 secum
435 1928 581 1985 bello
608 1929 967 1998 decertantes,
1000 1934 1187 1989 eadem
1223 1935 1444 1989 omnino
1467 1935 1727 1991 sacriﬁcia
1759 1937 1834 1991 fa-

231 2024 398 2091 ciant,
428 2033 539 2078 tum
568 2024 643 2080 dii
676 2024 781 2080 illis
808 2042 989 2096 opem,
1019 2044 1178 2099 quam
1207 2030 1389 2100 utique
1413 2045 1594 2100 parem
1622 2046 1835 2086 meren-

232 2128 341 2182 tur,
371 2117 514 2174 i‘erre
540 2135 833 2190 numquam
866 2131 1139 2191 poterunt.

308 2210 507 2268 Verum
565 2228 632 2269 ea
673 2214 971 2284 sacriﬁcia,
1014 2218 1229 2272 aiebant
1268 2218 1502 2285 ethnici,
1545 2218 1611 2273 ad
1659 2217 1835 2275 hono—

238 2309 443 2366 randos
468 2311 638 2379 deos,
698 2314 1233 2387 amplilicandamque
1278 2332 1463 2371 eorum
1517 2315 1831 2389 dignitatem

232 2415 384 2460 recte
428 2404 674 2460 instituta
722 2416 867 2461 sunt.
900 2408 1006 2463 Sed
1060 2409 1111 2464 id
1158 2411 1332 2479 palam
1374 2410 1639 2482 planeque
1676 2418 1837 2482 negat

228 2497 507 2554 Arnobius
532 2496 747 2569 (Arnob.
772 2541 786 2563 ,
817 2500 904 2555 lib.
939 2518 1009 2557 vtt
1033 2544 1046 2566 ,
1094 2520 1213 2575 pag.
1247 2504 1354 2560 29.0
1389 2515 1435 2559 et
1472 2502 1656 2576 seqq.).
1700 2504 1833 2563 Nam

229 2589 510 2643 honorum
543 2588 965 2663 dignitatumque
1007 2594 1283 2649 attributio
1334 2602 1387 2650 et
1436 2596 1832 2652 incrententum

228 2685 297 2738 in
365 2682 496 2738 solis
539 2682 844 2740 hominibus
911 2688 1083 2741 locum
1137 2688 1314 2744 habet.
1360 2689 1498 2745 Deus
1560 2691 1836 2744 enimvero

228 2777 393 2834 nullo
432 2794 651 2850 prorsus
692 2778 852 2835 modo
895 2780 1188 2852 dignitate,
1233 2784 1503 2854 potentia,
1541 2783 1836 2843 honoribus

231 2872 427 2944 augeri
465 2884 663 2944 potest.
710 2874 848 2941 Quin
879 2875 1040 2931 etiam
1084 2877 1173 2947 qui
1216 2876 1497 2944 humanis,
1542 2878 1615 2932 ait
1656 2877 1835 2953 ᾼιιιοο

235 2968 397 3035 hius,
425 2967 721 3024 honoribus
762 2980 1035 3036 mactatur,
1080 2971 1131 3027 id
1171 2983 1254 3027 est
1292 2972 1516 3039 Servio,
1559 2974 1837 3030 Brissonio

1941 1756 2046 1802 tam
2073 1758 2478 1818 cognoverant,
2514 1749 2763 1811 allectum
2799 1750 3007 1819 fuisse;
3042 1761 3099 1811 ut
3135 1752 3363 1823 gentiles
3396 1762 3536 1808 tem-

1936 1843 2024 1911 pla
2066 1858 2160 1897 sua
2190 1842 2458 1917 ingresuri
2484 1886 2497 1911 ,
2550 1861 2609 1901 se
2638 1845 2782 1916 ipsos
2813 1855 2867 1901 et
2896 1862 3049 1916 aqua;
3093 1848 3408 1917 aspersione
3454 1848 3538 1903 lu-

1933 1943 2196 2005 strarent,
2232 1944 2287 1990 et
2316 1942 2428 1993 toto
2456 1937 2617 1993 etiam
2641 1952 2868 2010 corpore
2900 1939 3208 1999 lavarentur
3233 1938 3524 2013 (Br-issam,

1934 2025 2024 2080 lib.
2056 2043 2071 2081 ι
2102 2025 2165 2082 de
2218 2024 2397 2093 Form.
2421 2070 2437 2103 ,
2486 2047 2605 2102 pag.
2660 2029 2693 2084 6
2717 2041 2765 2085 et
2811 2046 2993 2102 seqq.;
3031 2030 3294 2101 Tertull.,
3338 2033 3428 2095 lib.
3475 2033 3540 2093 dc

1934 2119 2223 2192 Baptism,
2266 2140 2380 2196 cap.
2420 2124 2494 2189 5;
2536 2125 2734 2180 Justin.
2758 2168 2771 2193 ,
2816 2124 3037 2198 Apolog.
3078 2143 3151 2193 tt,
3179 2144 3266 2183 seu
3292 2143 3343 2194 1,
3383 2146 3437 2199 p.
3471 2128 3544 2191 94

1934 2223 1981 2268 et
2006 2222 2190 2286 seqq.).
2230 2215 2570 2286 QuaprOpIer
2597 2217 2940 2288 Lactantius,
2992 2220 3065 2274 uti
3109 2236 3207 2289 suo
3237 2221 3358 2276 loco
3389 2220 3542 2279 vide-

1934 2310 2142 2377 bimus,
2174 2325 2269 2366 eos
2296 2311 2548 2387 corripit,
2596 2322 2877 2383 propterea
2928 2312 3068 2383 quod
3111 2312 3196 2385 pie
3240 2328 3299 2368 se
3334 2313 3541 2371 sacriﬁ-

1936 2417 2090 2471 casse
2154 2403 2565 2467 existimarent,
2624 2405 2669 2458 si
2723 2414 2882 2459 antea
2939 2404 3172 2475 laverint
3227 2403 3534 2477 (Lactant.,

1938 2492 2025 2548 lib.
2051 2511 2084 2548 v
2109 2490 2345 2550 lnslitut.
2370 2538 2384 2562 ,
2430 2513 2547 2565 cap.
2596 2495 2668 2553 ’20
2692 2538 2704 2559 ,
2751 2514 2874 2573 pag.
2900 2494 3054 2569 512).

2008 2586 2115 2657 Sed
2141 2587 2254 2643 base
2283 2587 2556 2644 sacriﬁciis
2586 2590 2870 2662 praemissa
2904 2589 3101 2649 lavatio
3120 2630 3135 2655 ,
3169 2604 3261 2659 seu
3291 2589 3494 2651 ahlutio
3520 2630 3537 2658 ,

1937 2690 2030 2735 aut
2056 2681 2299 2751 aspersio
2344 2697 2450 2736 non
2492 2682 2795 2753 efﬁciebat,
2831 2691 2889 2737 ut
2940 2697 3201 2747 caesarum
3230 2681 3530 2739 hostiarum

1938 2777 2198 2849 sanguine
2218 2818 2233 2843 ,
2257 2785 2313 2832 et
2342 2778 2661 2846 putoribus,
2692 2791 2831 2849 quos
2861 2791 2963 2832 nec
2990 2777 3091 2844 ipsi
3139 2762 3539 2845 sacriﬁcantes,

1939 2871 2078 2925 sicut
2124 2880 2313 2925 auctor
2346 2878 2529 2924 noster
2573 2878 2719 2924 recte
2767 2868 2944 2939 arguit
2985 2867 3204 2939 (Arnob.
3231 2909 3247 2935 ,
3298 2868 3388 2925 lib.
3420 2884 3491 2929 vn
3520 2908 3535 2931 ,

1942 2983 2060 3036 pag.
2091 2965 2255 3037 9.22),
2299 2963 2441 3021 ferre
2487 2975 2733 3035 poterant
2763 2964 2835 3020 dii
2888 2964 3298 3019 honorat-enitor.
3336 2963 3525 3033 Neque

239 3072 300 3116 ct
331 3061 448 3117 aliis
475 3062 890 3134 interpretibus,
925 3068 1074 3134 quasi
1122 3068 1290 3137 magis
1331 3077 1556 3133 augetur
1576 3109 1590 3134 ,
1633 3068 1727 3123 illo
1760 3069 1836 3123 iu-
1860 3052 1905 3116 C
1940 3057 2139 3111 dixeris
2163 3073 2192 3111 ει
2220 3055 2482 3112 Cicerone
2507 3056 2685 3110 citatis
2716 3055 2923 3125 legibus
2953 3069 3073 3111 cunt
3119 3056 3362 3127 corporis
3395 3055 3540 3109 lava-

242 3154 415 3209 ferior
444 3164 560 3221 est,
605 3155 760 3225 cujus
798 3166 1021 3226 augetur
1062 3159 1295 3226 potentia
1326 3158 1511 3230 (Serv.
1538 3202 1553 3225 ,
1582 3160 1634 3213 in
1666 3161 1754 3217 lib.
1787 3176 1839 3215 tv

238 3247 501 3316 Δῖηεὶάη
528 3265 581 3315 ι,
626 3267 746 3320 pag.
789 3250 926 3316 516,
975 3261 1020 3303 et
1057 3249 1288 3305 Brisson.
1312 3294 1325 3316 ,
1372 3252 1506 3307 lib.t
1551 3253 1613 3306 de
1652 3251 1833 3308 Farm.

240 3362 364 3416 pag.
403 3343 518 3417 ει).
551 3344 621 3403 At
647 3344 734 3414 id,
779 3358 871 3405 aut
896 3346 1020 3417 quid
1053 3348 1228 3404 simile
1256 3348 1323 3405 de
1365 3350 1473 3406 Deo
1523 3348 1708 3406 dicere
1752 3352 1837 3407 vel

239 3440 479 3509 cogitare
510 3439 732 3509 impium
763 3447 846 3495 est
884 3440 1011 3507 (Cic.
1043 3484 1057 3508 ,
1088 3445 1274 3517 fragm.
1297 3485 1311 3510 ,
1341 3460 1463 3516 pag.
1494 3443 1608 3516 16).

316 3530 425 3587 Nos
457 3532 637 3603 itaque
663 3533 834 3589 Deum
866 3550 1023 3600 vere,
1050 3550 1112 3590 ac
1138 3534 1405 3600 maxime,
1445 3545 1500 3591 et
1539 3552 1701 3608 super
1729 3553 1837 3592 cac-

244 3638 369 3682 tera
415 3626 594 3681 omnia
641 3626 971 3682 honoramus
1024 3635 1079 3682 et
1131 3629 1389 3699 colimus;
1429 3644 1550 3684 cum
1606 3630 1673 3685 de
1723 3629 1841 3701 ipso

242 3717 413 3787 digne
452 3718 719 3775 sentimus
768 3718 1023 3788 (Arnob,
1072 3714 1164 3777 lib.
1199 3735 1306 3785 vtt,
1355 3721 1654 3793 pay.2‘22).
1700 3721 1841 3777 Nihil

241 3810 450 3881 quippe
474 3811 742 3867 credimus
787 3813 839 3867 in
872 3813 963 3867 illo
1003 3827 1128 3869 esse
1151 3856 1164 3876 .
1212 3814 1355 3886 quod
1387 3816 1516 3871 solis
1555 3817 1842 3872 conveniat

240 3904 605 3971 mortalibus,
664 3916 755 3961 aut
811 3906 911 3977 ipsi
967 3906 1341 3974 extrinsecus,
1393 3925 1499 3978 quo
1538 3908 1841 3980 perturbari

242 3997 457 4067 possit,
499 3997 762 4053 adveniat.
815 3998 997 4053 Palam
1029 4012 1244 4069 quoque
1290 3998 1521 4055 fatemur
1550 4001 1701 4055 illum
1745 4016 1844 4055 sua

244 4089 307 4143 vi
352 4104 414 4144 se
459 4076 850 4160 perfectissime
903 4106 1260 4161 cognoscere,
1292 4090 1559 4163 becg‘ullo
1608 4108 1843 4163 unquam

243 4181 547 4238 iracundiae
572 4223 588 4249 ,
620 4184 943 4252 voluptatis,
977 4184 1286 4238 ambitionis
1311 4225 1326 4251 ,
1359 4184 1700 4255 cupiditatis,
1753 4194 1844 4241 aut

244 4275 445 4347 quovis
472 4276 652 4347 ejusce
680 4274 824 4335 mo‘di
862 4276 967 4332 alio
999 4285 1148 4333 motu
1171 4277 1380 4346 agitari.

319 4370 455 4437 Quis
475 4384 607 4439 ergo
632 4385 739 4424 non
767 4371 886 4426 sine
904 4370 1062 4425 sibilo
1085 4368 1341 4440 explodet
1360 4370 1607 4426 ethnicos
1629 4369 1841 4446 (Ibid.),

1944 3152 2088 3209 tione
2113 3160 2320 3207 castum
2353 3151 2591 3209 animum
2631 3149 2853 3219 requiri.
2885 3149 3017 3205 Nam
3050 3148 3185 3203 nihil
3213 3149 3280 3217 de
3314 3149 3399 3203 illa
3431 3164 3529 3209 cu-

1942 3249 2131 3303 rabant
2160 3248 2407 3319 gentiles.
2441 3247 2557 3316 Quo
2590 3257 2771 3301 autem
2815 3246 2976 3309 modo
3006 3256 3188 3315 castus
3217 3260 3340 3300 esse
3383 3255 3540 3316 pote-

1942 3352 2233 3397 rateoruut
2275 3344 2516 3407 animus,
2545 3342 2634 3412 qui
2664 3339 2765 3395 diis
2811 3340 2991 3406 omni,
3028 3339 3102 3399 uti
3148 3338 3537 3403 venditabant,

1942 3432 2365 3491 eﬁ‘renatiSsinne
2395 3431 2635 3495 libidinis
2677 3439 2730 3487 et
2767 3430 3112 3500 impudicitiae
3160 3445 3365 3502 genere
3410 3444 3541 3493 con-

1943 3527 2208 3581 taminatis
2237 3541 2297 3580 ea
2321 3542 2439 3593 qua:
2467 3525 2696 3591 diximus
2714 3566 2728 3590 ,
2762 3525 3028 3580 faciebant
3056 3522 3319 3579 sacriﬁcia
3342 3522 3365 3575 ?

2016 3621 2283 3675 Praeterea
2333 3634 2501 3689 vero,
2547 3619 2591 3672 si
2641 3618 2954 3675 sacriﬁcatis
3000 3616 3324 3677 animalibus
3367 3615 3542 3671 honos

1944 3713 2046 3771 diis
2078 3714 2347 3779 redditur,
2383 3728 2479 3777 cur
2517 3712 2747 3775 ethnicis
2796 3714 2859 3768 iis
2914 3728 3021 3766 non
3070 3712 3382 3767 mactabam
3424 3711 3538 3767 eice

1945 3809 2209 3876 phantos,
2267 3822 2459 3869 ursos,
2510 3820 2707 3871 canes,
2741 3804 2951 3871 belbas,
3001 3805 3166 3859 codex
3216 3820 3318 3859 ms.
3365 3804 3543 3871 regius

1946 3903 2173 3967 belluas,
2208 3901 2380 3957 littera
2408 3918 2461 3954 ιι.
2496 3916 2595 3972 pro
2622 3900 2671 3955 b.
2726 3915 2878 3955 more
2926 3900 3085 3954 Solito
3114 3900 3283 3969 posita
3329 3897 3495 3971 (Ibid.
3518 3939 3533 3967 ,

1946 4011 2065 4065 pag.
2086 3992 2239 4063 225).
2270 3993 2427 4048 Bciba
2460 4003 2637 4049 autem
2668 3991 2807 4048 idem
2832 3992 3097 4062 signiﬁcat
3125 4002 3286 4060 atque
3319 3990 3505 4060 hymna
3525 4031 3544 4059 ,

1945 4085 2401 4159 quemadmodum
2429 4085 2673 4155 epistolae
2697 4101 2726 4138 a
2756 4084 3000 4140 Barnaba
3030 4083 3243 4153 scripta:
3277 4085 3544 4152 interpres

1948 4177 2465 4251 pseudo-Clemens,
2495 4176 2829 4248 Capitolinus
2860 4188 2911 4231 et
2954 4176 3255 4239 Cotelerius
3284 4176 3511 4231 observa
3530 4204 3543 4214 ο

1948 4285 2073 4331 runt
2124 4273 2419 4349 (Barnab.,
2466 4272 2679 4345 Epist,
2717 4289 2859 4327 num.
2912 4271 3015 4337 10;
3066 4271 3261 4337 Clem.,
3304 4269 3395 4325 lib.
3446 4284 3544 4325 Vttl

1948 4368 2213 4441 Recognit.
2246 4411 2262 4435 ,
2290 4369 2318 4441 §
2350 4368 2420 4423 231
2441 4386 2459 4439 ί
2482 4368 2704 4443 Capitol.
2727 4410 2742 4435 ,
2767 4366 2856 4423 sub
2878 4366 2970 4435 ﬁn.
2991 4406 3005 4432 ,
3028 4364 3188 4423 Gardi
3210 4367 3242 4420 5
3260 4383 3277 4431 ;
3297 4361 3543 4441 Cotelcr.,

247 4465 343 4535 qui
391 4462 773 4525 existimabant
799 4481 859 4519 se
887 4481 993 4523 non
1024 4466 1306 4522 minimum
1339 4467 1442 4525 diis
1469 4468 1581 4523 sitis
1610 4466 1847 4525 tribuere
1871 4453 1927 4513 D
1950 4458 2002 4517 in
2048 4464 2189 4517 citat.
2222 4463 2368 4534 epist.
2399 4461 2676 4533 Barnab.).
2727 4462 2834 4529 Cur
2879 4463 3039 4527 etiam
3068 4460 3270 4515 ethnici
3301 4474 3409 4525 non
3440 4459 3547 4521 im-

252 4558 554 4624 honorem,
607 4558 650 4612 si
680 4572 834 4613 sacra
863 4558 1092 4630 quadam
1122 4561 1367 4631 corporis
1400 4561 1668 4619 lavatioue
1698 4562 1846 4633 prius

247 4646 609 4704 abicerentur
627 4648 661 4715 ,⁵
689 4665 850 4720 quam
903 4658 1028 4705 ante
1069 4650 1283 4707 illorum
1327 4668 1421 4707 ora
1477 4651 1665 4708 bovem
1691 4694 1705 4719 ,
1755 4662 1848 4719 aut

243 4740 398 4797 aliud
445 4740 645 4796 animal
687 4740 995 4797 occiderent
1040 4742 1289 4815 illiusque
1333 4742 1675 4805 effunderent
1724 4760 1847 4801 san-

242 4832 509 4905 guinem?
556 4824 777 4904 Templa
832 4833 1108 4889 enimvero
1165 4846 1449 4907 antequam
1504 4834 1845 4903 adirent,ab

244 4924 394 4981 omni
419 4923 531 4978 labe
554 4940 614 4980 se
640 4942 829 4996 puros,
858 4935 915 4979 ut
945 4925 1018 4979 ait
1062 4927 1329 4983 Arnobius
1376 4925 1567 5001 (lbid.)
1586 4970 1601 4994 ,
1637 4929 1805 4984 lautos
1827 4971 1843 4997 ,

242 5036 345 5077 seu
399 5018 641 5087 lavatos,
685 5019 1094 5091 castissimosqne
1137 5023 1481 5091 praestabant,
1531 5032 1624 5077 aut
1668 5023 1847 5093 potius

244 5129 311 5169 se
370 5121 629 5183 praestare
657 5111 1077 5168 arbitrabantur.
1125 5112 1200 5168 De
1251 5115 1342 5168 illo
1382 5125 1559 5173 autem
1605 5114 1846 5169 ethnico-

242 5221 371 5262 rum
405 5219 524 5260 sese
543 5202 756 5259 levandi
780 5220 929 5259 more
951 5204 1168 5277 scripsit
1192 5204 1413 5261 Cicero:
1437 5207 1659 5262 «Castos
1684 5204 1847 5267 lubet

238 5301 337 5356 lex
367 5298 519 5354 adire
539 5297 605 5354 ad
622 5296 776 5367 deos,
796 5298 975 5356 animo
995 5302 1263 5370 videlicet,
1288 5306 1338 5360 in
1363 5322 1468 5377 quo
1496 5315 1620 5361 sunt
1642 5307 1840 5363 omnia.

234 5391 362 5448 Nec
395 5391 531 5446 tollit
555 5391 930 5457 castimoniam
961 5397 1238 5465 corporis:
1263 5398 1358 5453 sed
1384 5398 1485 5453 hoc
1512 5407 1732 5469 oportet
1759 5399 1842 5455 itt-

236 5485 450 5558 telligi,
483 5501 601 5541 cum
626 5484 850 5540 multum
877 5486 1085 5543 animus
1110 5492 1323 5561 corpori
1367 5501 1611 5561 prtestet,
1659 5493 1844 5549 obser-

230 5595 517 5652 vaturque
566 5584 644 5650 ut}
676 5589 828 5635 casto
885 5595 1113 5651 corpore
1176 5585 1436 5652 adeatur,
1504 5587 1675 5645 multo
1726 5603 1848 5645 esse

238 5681 303 5736 in
334 5677 533 5730 animis
559 5670 880 5731 servandum
910 5678 1095 5748 magis.
1126 5678 1258 5735 Nam
1296 5680 1428 5739 illud
1469 5684 1553 5738 vel
1601 5682 1730 5739 illud
1760 5698 1846 5738 as-

259 5772 592 5840 aspersione
617 5784 791 5839 aquae,
824 5769 911 5827 vel
940 5770 1149 5828 dierum
1195 5790 1419 5832 numero
1449 5776 1650 5835 tollitur
1682 5795 1697 5832 :
1729 5777 1844 5833 ani-

1951 4559 2225 4615 molabant
2269 4556 2625 4614 lmmissulum
2672 4567 2718 4613 et
2774 4555 3064 4617 Putcones,
3113 4553 3203 4626 qui
3246 4561 3380 4609 teste
3436 4551 3548 4607 Pli-

1951 4651 2077 4716 nio,
2130 4649 2527 4718 Aldrovando,
2588 4661 2643 4705 et
2687 4650 2807 4705 aliis
2859 4648 3108 4721 quaedam
3164 4654 3319 4707 erant
3366 4645 3546 4703 avium

1949 4760 2146 4815 genera
2171 4760 2185 4811 ;
2214 4760 2311 4807 cur
2338 4761 2439 4801 nec
2464 4746 2717 4816 solifugas
2739 4760 2830 4799 seu
2856 4744 3118 4812 solipugas
3160 4783 3174 4807 ,
3212 4757 3307 4797 seu
3346 4739 3548 4795 bestio-

1949 4838 2028 4891 las
2080 4838 2386 4915 tnaielicas,
2437 4854 2558 4908 qua:
2602 4853 2723 4891 eum
2772 4836 2853 4893 sol
2920 4832 3195 4891 ardentior
3253 4840 3370 4895 est,
3432 4841 3543 4889 tum

1951 4932 2129 4987 acrius
2181 4942 2461 5004 pungunt;
2516 4946 2613 4987 cur
2640 4945 2738 4986 nec
2787 4930 3041 4994 natrices,
3076 4942 3169 4980 seu
3219 4932 3538 4995 serpentes,

1950 5042 2217 5087 venenum
2248 5027 2299 5081 itt
2345 5041 2537 5098 aquam
2567 5023 2852 5079 fundentes
2877 5062 2891 5089 ,
2936 5020 3004 5074 de
3047 5018 3238 5091 quibus
3268 5016 3409 5079 idem
3437 5015 3549 5071 Pli-

1950 5123 2101 5185 nius,
2149 5120 2400 5185 Solinus,
2451 5117 2736 5184 Lucanus,
2785 5114 3061 5175 Isidorus,
3116 5112 3341 5175 Cicero,
3379 5108 3547 5163 Colu-

1950 5212 2144 5279 mella,
2177 5222 2230 5267 et
2260 5227 2356 5266 nos
2387 5211 2512 5265 alibi
2558 5209 2727 5280 (Plin.
2750 5251 2765 5275 ,
2794 5208 2884 5265 lib.
2934 5223 3064 5264 xvttt
3131 5203 3325 5259 Νίκην.
3381 5203 3501 5257 hist.
3529 5241 3545 5267 ,

1950 5324 2066 5378 cap.
2097 5308 2127 5362 7
2156 5317 2202 5371 et
2227 5308 2296 5375 8;
2336 5306 2505 5373 idem,
2548 5306 2637 5360 lib.
2668 5321 2796 5368 Vill,
2831 5321 2948 5375 cap.
3005 5300 3112 5363 50;
3150 5297 3240 5355 lib.
3276 5311 3387 5351 ltth
3427 5312 3547 5365 cap.

1949 5402 2209 5466 ult.;lib.
2242 5418 2409 5471 χχιχ,
2459 5417 2577 5471 cap.
2609 5400 2681 5464 4;
2735 5398 2948 5460 Solimi,
2997 5412 3115 5465 cap.
3166 5395 3228 5455 4,
3274 5406 3397 5461 pag.
3444 5388 3545 5453 18;

1950 5492 2145 5551 Lucan.
2175 5535 2188 5556 ,
2213 5494 2300 5548 lib.
2342 5510 2389 5548 Ix
2412 5536 2426 5560 ,
2467 5510 2595 5548 vers.
2629 5492 2768 5555 857;
2798 5489 2991 5544 Isidor.
3016 5530 3030 5555 ,
3090 5483 3179 5540 lib.
3227 5498 3299 5537 ιιι
3351 5478 3539 5550 0rig.,

1949 5604 2065 5663 cap.
2095 5588 2162 5654 4;
2193 5586 2355 5643 Cicer.
2380 5629 2394 5653 ,
2428 5587 2518 5647 lib.
2550 5603 2602 5644 ιν
2655 5585 2803 5641 acad.
2853 5582 3072 5650 QwrsL,
3121 5595 3245 5651 pag.
3277 5576 3389 5637 ‘53;
3434 5573 3539 5630 Co-

1949 5678 2123 5734 lumel.
2148 5721 2162 5748 ,
2193 5681 2281 5735 lib.
2314 5695 2362 5745 ι,
2396 5697 2512 5752 cap.
2926 5765 2935 5767 μ
2964 5766 2969 5767 ν
3248 5761 3261 5767 _
3471 5766 3477 5767 ,
3517 5755 3529 5767 .

1953 5792 1964 5846 ξ
2028 5770 2455 5847 Respondebant
2481 5772 2708 5846 gentiles
2730 5810 2745 5838 ,
2775 5777 2833 5827 ut
2853 5765 3071 5829 debitus
3112 5763 3222 5821 diis
3248 5761 3423 5817 honos
3466 5761 3565 5813 tri-

2656 5878 2681 5893 ν
