4230 6266
1234 242 1317 250 σν...

608 271 714 328 6'59

1857 286 2308 347 DISSERTATIO
2332 292 2612 350 PR/EVIA

3787 299 3893 356 ato
3916 374 3917 377 γ

602 388 836 458 buatur,
873 408 936 449 ea
960 408 1083 452 esse
1108 397 1490 467 sacriﬁcanda,
1523 416 1642 473 qua:
1671 402 1745 459 illi
1777 405 1841 460 ad
1871 407 2034 462 vitam
2082 423 2203 463 sus-
2231 414 2283 472 Α
2306 409 2477 466 videri
2506 411 2744 480 possint;
2778 427 2934 468 nemo
2966 421 3142 470 tamen
3181 416 3495 473 difﬁtebitur
3524 416 3589 472 iis
3627 418 3882 475 omnibus

606 487 914 543 tentandam
940 489 1097 546 nobis
1121 492 1553 564 suppeditarunt.
1576 497 1759 569 Ergo,
1806 486 1980 572 inquit
2005 513 2192 558 auctor
2294 516 2477 557 secum
2533 505 2883 576 compositis,
2949 515 3110 579 atque
3169 508 3469 580 conjunctis
3525 510 3896 579 superstitiosa

607 588 827 645 noster,
857 581 1264 640 sacriﬁcandum
1290 596 1375 641 est
1397 588 1476 642 eis
1498 631 1513 654 ,
1545 591 1824 656 cuminum,
1857 593 2029 660 cujus,
2059 611 2192 664 prtam

610 679 692 725 ter
720 671 857 727 alios
910 676 1154 731 meminit
1178 677 1383 733 Plinius
1408 677 1574 741 (Plin.
1600 724 1616 749 ,
1650 682 1739 738 lib.
1773 700 1864 739 xu
1890 684 2028 740 Hist.
2058 697 2190 754 nat.,

607 765 820 835 cap.8,
870 784 991 839 pag.
1019 770 1191 842 6l3),
1239 772 1323 827 vel
1370 770 1723 845 nasturcium,
1761 778 1828 834 ab
1876 796 1942 836 eo
1981 797 2196 853 quoque

609 867 1004 930 memoratum,
1063 871 1120 918 et
1166 880 1301 935 quo,
1350 876 1407 921 ut
1456 877 1700 934 testatur,
1746 869 1969 939 Cicero,
2018 875 2199 930 Persa:

608 953 758 1008 vesci
798 953 1076 1022 solebant;
1110 958 1194 1012 vel
1242 958 1449 1028 bulbos,
1495 960 1564 1016 ab
1608 949 1831 1030 Ovidio,
1851 975 1903 1022 et
1957 966 2199 1023 Martiale

612 1044 807 1117 (Plin.,
837 1046 963 1103 ibid.
984 1092 998 1114 ,
1030 1068 1150 1123 pag.
1179 1052 1304 1117 6H;
1327 1051 1434 1109 Cic.
1457 1097 1473 1120 ,
1504 1054 1597 1110 lib.
1630 1057 1694 1112 de
1715 1056 1921 1125 Finib.,
1956 1077 2009 1131 p.
2030 1059 2119 1127 66,
2154 1070 2202 1115 et

611 1138 700 1195 lib.
725 1157 756 1194 v
780 1140 991 1198 Tuscul.
1015 1186 1031 1211 ,
1085 1163 1206 1217 pag.
1228 1146 1363 1213 192;
1400 1147 1578 1216 0vid.,
1607 1152 1698 1205 sub
1729 1152 1831 1219 [ine
1870 1152 1959 1208 lib.
1991 1153 2199 1207 Remed.

610 1250 815 1303 antor.;
847 1237 1109 1305 Martial.,
1139 1240 1229 1295 lib.
1258 1257 1333 1304 ut.
1356 1241 1541 1316 Epigr.
1571 1245 1665 1318 54)
1694 1244 2038 1315 decantatas,
2071 1262 2205 1320 quo-

610 1342 729 1383 rum
760 1341 968 1398 natura,
989 1344 1123 1390 teste
1153 1334 1347 1399 Plinio,
1389 1336 1546 1394 siseri
1573 1348 1627 1394 et
1651 1340 1939 1409 pastinacae
1963 1341 2205 1409 proxima

2295 597 2570 665 gentilium
2596 598 2854 655 sacriﬁcia
2881 600 3036 671 plane
3061 603 3376 673 penitusque
3396 603 3658 660 subverti.
3684 603 3768 661 Ad
3791 604 3896 661 alia

2297 689 2504 760 itaque,
2537 690 2583 746 si
2621 690 2800 758 lubet,
2851 693 3170 750 excutienda
3212 695 3514 751 veniamus.

2906 825 3193 867 Διιτιεοιυε
3230 827 3307 867 Ill.

2305 923 2616 974 Ponderatur
2639 925 2769 975 aliud
2805 924 3006 975 Arnobii
3047 925 3284 976 adversus
3327 926 3632 976 ethnicorum
3664 924 3900 976 sacriﬁcia

2367 995 2731 1052 argumentum,
2755 989 2869 1039 inde
2889 990 3120 1052 petitum,
3145 989 3274 1052 quod
3290 989 3464 1052 hostiae
3489 990 3573 1039 uni
3589 990 3707 1047 deo,
3724 997 3779 1038 et
3793 989 3901 1039 alia:

2365 1047 2509 1162 aug:
2552 1047 2939 1113 immolabantur,
2973 1053 3055 1102 ubi
3094 1047 3177 1101 de'
3192 1051 3288 1103 diis
3322 1050 3514 1116 inferis,
3548 1058 3600 1104 et
3631 1052 3788 1103 scrofa
3820 1053 3901 1103 in-

2373 1126 2417 1161 Cl
2512 1125 2558 1161 e.

2373 1125 2558 1161 ριθηῑρ.

2383 1237 2700 1307 Rejicienda
2742 1255 2863 1297 esse
2908 1241 3188 1312 gentilium
3232 1241 3492 1299 sacriﬁcia
3525 1251 3585 1299 ut
3631 1241 3903 1301 Arnobius

2308 1334 2478 1403 magis
2524 1334 2798 1405 magisque
2851 1334 3164 1404 patefaciat,
3202 1335 3270 1391 ab
3310 1336 3413 1394 illis
3462 1337 3636 1407 poscit
3677 1352 3775 1394 cur
3809 1338 3906 1394 uni

613 1432 718 1491 est;
746 1426 831 1481 vel
852 1429 1077 1497 acinum,
1099 1445 1194 1485 seu
1221 1432 1724 1503 ocymum,ocinam
1746 1443 1800 1490 et
1819 1435 1996 1500 ozina,
2020 1434 2208 1505 dequo
2308 1423 2412 1479 deo
2455 1434 2697 1491 taurum,
2738 1426 2890 1480 alteri
2917 1425 3130 1482 haedum
3154 1469 3168 1493 ,
3202 1427 3327 1482 huic
3353 1443 3513 1493 oves,
3547 1428 3620 1483 illi
3663 1429 3897 1486 inscien-

613 1528 816 1586 prazter
838 1520 949 1588 jam
980 1520 1250 1577 laudatum
1278 1522 1507 1578 Plinium
1539 1523 1745 1592 Varro,
1769 1526 1923 1590 Cato,
1947 1537 2001 1583 et
2027 1526 2206 1583 Theo-

614 1612 866 1682 phrastus
894 1614 1060 1687 (Plin.
1089 1660 1104 1684 ,
1137 1617 1224 1672 lib.
1258 1618 1345 1672 cit.
1366 1662 1380 1686 ,
1426 1637 1548 1691 pag.
1578 1620 1675 1677 59f
1700 1640 1720 1689 ;
1746 1622 1916 1687 idem,
1964 1622 2052 1679 lib.
2081 1640 2210 1690 xxx,

616 1721 734 1774 cap.
767 1706 830 1775 8,
864 1724 986 1779 pag.
1020 1708 1162 1776 6H;
1198 1709 1350 1765 Varr.
1383 1712 1446 1765 de
1473 1711 1550 1766 Re
1571 1724 1726 1780 rust.,
1769 1714 1857 1768 lib.
1892 1732 1930 1782 ι,
1961 1732 2076 1787 cap.
2109 1717 2213 1780 Si;

2311 1526 2417 1573 tem
2457 1522 2699 1590 scrofam,
2726 1519 2774 1573 id
2800 1529 2883 1575 est
2905 1535 3055 1575 suem
3086 1522 3393 1592 gravidam,
3415 1532 3471 1577 et
3502 1526 3674 1594 partui
3706 1523 3905 1595 proxi-

2313 1626 2493 1679 mam,
2544 1628 2641 1668 cur
2688 1614 2913 1683 singulis
2947 1614 3054 1670 diis
3089 1616 3416 1687 singularem
3447 1618 3733 1688 quamdam
3771 1618 3907 1674 hos-

2329 1704 2490 1769 tiam,
2544 1715 2706 1774 atque
2757 1706 2861 1760 illis
2893 1705 3194 1773 fteminiui,
3239 1707 3322 1762 his
3358 1709 3634 1764 masculini
3666 1711 3911 1781 generis,

616 1797 776 1867 Cato,
824 1801 888 1855 de
924 1801 1000 1857 Re
1036 1805 1217 1859 rustic.
1242 1847 1257 1872 ,
1289 1822 1404 1877 cap.
1434 1806 1538 1872 54;
1585 1805 1881 1879 Tlteophr.,
1911 1809 2002 1863 lib.
2038 1826 2107 1864 vn
2149 1812 2212 1866 de
2242 1804 2289 1865 B
2314 1797 2632 1868 quibusdam
2685 1798 2792 1855 albi
2848 1801 2932 1857 νει
2985 1801 3120 1867 “In:
3175 1802 3298 1856 aliis
3351 1803 3497 1873 nigri
3548 1803 3743 1860 θοιοΐῖε
3789 1805 3915 1859 an“

618 1891 820 1960 Plant.,
852 1912 969 1963 cap.
997 1895 1067 1970 5)
1101 1898 1187 1954 vel
1209 1900 1449 1954 cumilam
1480 1900 1737 1968 bubulam,
1768 1903 1923 1972 cujus
1952 1904 2208 1974 plurimas

2330 1888 2418 1943 nal
2449 1891 2813 1948 immolarent.
2875 1892 2990 1963 Qua
3045 1909 3174 1949 vero
3221 1894 3376 1967 lege,
3429 1895 3641 1965 inquit,
3693 1896 3746 1951 id
3802 1897 3915 1951 ali-

618 1984 874 2043 utilitates
929 1987 1241 2045 describunt
1302 1990 1544 2058 Plinius,
1603 1994 1939 2062 Columella,
1989 2004 2045 2050 et
2092 1995 2212 2051 Sal-

622 2080 826 2137 masius
869 2080 1063 2153 (Plin.,
1095 2084 1184 2138 lib.
1216 2100 1338 2143 XIX.
1372 2101 1490 2157 cap.
1518 2085 1575 2151 8,
1607 2096 1654 2141 et
1684 2087 1772 2141 lib.
1818 2104 1888 2142 xx
1909 2129 1924 2155 ,
1955 2104 2070 2155 cap.
2110 2089 2212 2154 15;

621 2173 870 2232 Calumel.
895 2218 909 2242 ,
942 2178 1032 2232 lib.
1059 2194 1149 2233 xvr
1192 2179 1256 2233 tle
1302 2179 1381 2235 Re
1407 2182 1585 2235 rustic.
1605 2223 1620 2248 ,
1649 2197 1767 2254 cap.
1798 2183 1863 2246 15
1880 2199 1901 2248 ;
1935 2181 2164 2238 Salmas.
2194 2224 2210 2250 ,

620 2270 675 2324 in
706 2270 876 2326 Solin.
898 2312 915 2338 ,
948 2289 1069 2344 pag.
1110 2271 1249 2329 1275
1279 2284 1328 2328 et
1352 2276 1537 2346 seqq.).

694 2365 860 2439 Urget
885 2368 1131 2424 ethnicos
1154 2369 1373 2438 (Arnob.
1399 2412 1416 2439 ,
1440 2371 1528 2425 lib.
1559 2388 1665 2436 vn,
1690 2389 1811 2444 pag.
1828 2371 1936 2426 224
1960 2380 2009 2426 et
2051 2368 2215 2444 seqq.)

623 2460 933 2517 Arnobius:
962 2461 1017 2517 Si
1047 2477 1208 2518 canes
1230 2505 1247 2528 ,
1279 2464 1453 2530 asini,
1492 2465 1680 2535 porci,
1726 2465 2041 2533 motacilltn,
2089 2481 2217 2521 aves

622 2553 862 2621 scilicet,
914 2569 1034 2627 quae
1088 2564 1378 2611 attestante
1417 2554 1644 2626 (Varr.,
1703 2557 1792 2613 lib.
1839 2574 1890 2613 tv
1947 2558 2011 2611 de
2062 2556 2217 2630 Ling.

624 2646 717 2700 lat.
740 2688 756 2713 ,
788 2662 909 2717 pag.
943 2643 1280 2718 i9)Varrone
1300 2689 1316 2715 ,
1348 2646 1575 2703 caudam
1628 2664 1845 2720 semper
1875 2660 2091 2705 movent
2116 2691 2131 2713 ,
2178 2652 2221 2705 si

635 2730 985 2811 hirundines,
1028 2754 1251 2813 accepto
1281 2743 1461 2815 aliquo
1506 2744 1855 2800 humanitatis
1883 2760 2075 2810 sensu,
2108 2759 2224 2800 crc-

630 2834 825 2891 derent
871 2835 1003 2892 deos
1052 2851 1152 2891 nos
1194 2851 1352 2902 esse,
1400 2838 1662 2910 nobisque
1702 2854 1852 2895 sacra
1881 2839 2059 2895 facere
2108 2841 2223 2895 vel-

627 2927 773 2996 lent,
803 2928 1061 3001 numquid
1118 2930 1308 2985 honori
1359 2931 1683 2986 duceremus
1732 2931 1800 2986 ab
1844 2931 1949 2986 illis
1979 2947 2224 2995 muscas,

626 3021 911 3087 formicas,
965 3031 1242 3088 stercora,
1290 3022 1520 3095 aliaque,
1569 3025 1766 3094 quibus
1798 3025 2038 3089 aluntur,
2072 3024 2231 3081 nobis

626 3112 959 3169 sacriﬁcari?
999 3114 1164 3185 Atqui
1207 3114 1284 3169 dii
1334 3117 1581 3171 mactatis
1620 3127 1925 3183 taurorum,
1971 3117 2228 3172 aliorum-

2310 1982 2526 2051 quando
2598 1993 2855 2039 statutum
2906 1985 3034 2040 est?
3087 1985 3225 2053 Quid
3284 1987 3447 2041 etiam
3524 1986 3688 2043 refert
3745 1988 3907 2058 cujus

2313 2077 2560 2133 animalis
2604 2078 2752 2134 caede
2803 2080 3018 2150 aliquod
3051 2080 3288 2136 hominis
3333 2081 3557 2136 debitum
3606 2082 3797 2150 luatur,
3847 2089 3911 2137 et.

2315 2171 2536 2228 sedetur
2565 2172 2790 2229 deorum
2838 2175 3155 2230 iracundia?
3196 2175 3464 2247 Numquid
3495 2177 3580 2232 his
3608 2177 3766 2232 unius
3811 2192 3919 2246 po-

2316 2268 2422 2322 tius
2453 2280 2615 2335 quam
2665 2266 2889 2322 alterius
2919 2269 3140 2339 sanguis
3189 2271 3393 2340 gratior
3418 2277 3504 2326 est
3525 2280 3580 2325 et
3603 2270 3919 2340 acceptior?

2392 2358 2809 2429 ReSpoudcbant
2857 2360 3058 2417 ethnici
3109 2362 3242 2419 deos
3272 2378 3450 2418 mares
3499 2378 3625 2419 esse
3654 2372 3711 2419 et
3759 2363 3921 2418 femi-

2325 2466 2453 2518 nas,
2492 2451 2629 2506 alios
2664 2451 2886 2508 dextros
2915 2453 3053 2509 alios
3081 2454 3277 2517 laevos,
3329 2454 3594 2525 quosdam
3643 2470 3913 2525 superos,

2326 2553 2380 2599 ct
2433 2545 2720 2601 nonnullos
2762 2545 2999 2612 inferos,
3051 2557 3215 2619 atque
3268 2546 3468 2604 idcirco
3510 2549 3616 2604 illis
3665 2549 3921 2604 victimas

2330 2638 2528 2696 diversi
2558 2641 2775 2712 generis
2803 2640 3111 2698 caedendus.
3142 2642 3214 2698 At
3244 2642 3296 2697 id
3330 2642 3545 2713 quidem
3578 2659 3608 2698 a
3639 2643 3747 2699 diis
3777 2659 3925 2715 pra;-

2330 2746 2544 2805 ceptum
2577 2737 2742 2791 fuisse
2786 2735 3013 2807 probare
3056 2737 3278 2793 forsitan
3320 2745 3569 2807 poterant
3616 2738 3718 2792 hoc
3744 2736 3927 2807 Apol-

2331 2827 2456 2882 linis
2484 2829 2741 2896 oraculo,
2770 2830 2962 2899 graccis
3005 2829 3252 2886 versibus
3292 2828 3471 2894 edito,
3502 2828 3645 2900 quod
3690 2844 3755 2884 ex
3785 2828 3927 2884 Por-

2329 2920 2522 2993 phyrio
2561 2922 2824 2977 Eusebius
2853 2922 3124 2992 decerpsit
3159 2920 3411 2995 (Euseb.,
3460 2922 3551 2977 lib.
3586 2918 3920 2991 tvPrcepar.

2330 3028 2508 3085 evang.
2537 3057 2550 3081 ,
2585 3032 2700 3085 cap.
2732 3016 2786 3081 9,
2818 3032 2936 3088 pag.
2972 3016 3075 3070 HS
3124 3024 3170 3069 et
3218 3011 3403 3087 seqq.).
3435 3013 3541 3070 Sed
3593 3014 3719 3085 quia
3768 3014 3907 3069 illud

2335 3108 2496 3176 paulo
2525 3107 2738 3178 longius
2780 3118 2892 3171 est.
2939 3108 3158 3164 latinam
3186 3107 3467 3163 dumtaxat
3505 3106 3716 3163 illorum
3748 3109 3924 3165 inter-

627 3220 735 3276 que
783 3206 1132 3271 animalium,
1164 3223 1287 3277 qua:
1331 3221 1458 3262 mox
1505 3218 1857 3279 putrescunt,
1902 3210 2222 3281 corporibus

2332 3201 2689 3271 pretationem
2729 3201 3084 3272 proferemus.

628 3311 740 3352 non
768 3298 936 3368 magis
966 3297 1321 3355 honorantur.

707 3389 908 3447 Verum
954 3392 1148 3463 aliquis
1179 3408 1278 3448 nos
1327 3393 1415 3449 hic
1454 3394 1782 3461 morabitur,
1828 3412 1891 3451 ac
1936 3396 2224 3468 redarguet

631 3486 836 3543 nullius
886 3488 1142 3544 momenti
1190 3502 1313 3544 esse
1351 3488 1486 3545 illud
1532 3489 1761 3545 Arnobii
1808 3502 2220 3561 argumentum;

630 3580 1067 3651 quandoquidem
1125 3580 1296 3636 Judzei
1350 3582 1462 3636 Deo
1514 3598 1643 3637 vero
1694 3598 1858 3645 oves,
1913 3584 2114 3651 boves,
2161 3600 2226 3640 ac

635 3674 793 3745 plura
816 3674 918 3730 alia
937 3675 1191 3730 animalia
1214 3676 1715 3746 mactabant.t\tqni
1735 3675 1853 3732 haec
1867 3678 2127 3733 sacriﬁcia
2152 3679 2227 3733 illi

633 3776 788 3838 grata
816 3777 970 3823 erant
989 3809 1005 3834 ,
1039 3768 1206 3824 immo
1230 3769 1299 3823 ab
1328 3769 1447 3839 ipso
1488 3770 1783 3840 imperata,
1835 3780 1997 3841 atque
2026 3772 2227 3829 idcirco

637 3862 690 3916 in
719 3862 837 3933 ejus
868 3861 1009 3918 facta
1040 3862 1324 3918 honorem.
1351 3862 1457 3919 Sed
1489 3865 1577 3933 qui
1604 3863 1721 3919 lucc
1746 3863 1966 3934 objiciet
1990 3880 2056 3920 eo
2084 3864 2225 3935 ipso,

634 3972 744 4028 quo
776 3955 975 4012 fatetur
1007 3957 1095 4012 illa
1127 3957 1196 4013 ab
1220 3959 1339 4029 ipso
1369 3958 1481 4013 Deo
1507 3960 1823 4029 praescripta
1868 3960 2036 4015 fuisse
2056 4003 2071 4026 ,
2118 3962 2229 4016 sol-

635 4054 712 4107 vit
741 4052 937 4107 nodum
958 4095 974 4121 ,
1022 4053 1067 4107 si
1106 4054 1228 4124 quis
1253 4054 1357 4117 sit,
1391 4054 1684 4124 proposita:
1714 4069 1745 4108 a
1787 4069 1848 4111 se
1872 4053 2228 4111 difﬁcultatis.

636 4147 753 4204 Jam
786 4149 931 4203 enim
961 4163 1123 4218 supra
1163 4146 1502 4205 ostendimus
1526 4147 1712 4219 (Supr.
1735 4191 1751 4216 ,
1780 4166 1895 4219 cap.
1924 4148 1990 4216 8,
2014 4160 2117 4204 art.
2143 4150 2229 4219 4).,

638 4251 693 4297 et
721 4242 882 4312 paulo
912 4251 1036 4311 post
1064 4241 1302 4308 dicetur,
1337 4241 1517 4297 omnia
1560 4242 1927 4308 ethnicorum,
1952 4242 2236 4311 quodlibet

639 4335 745 4390 diis
770 4338 882 4390 suis
907 4336 1304 4391 immolantium
1328 4377 1341 4400 ,
1372 4334 1639 4392 sacriﬁcia
1666 4335 1874 4391 idcirco
1903 4336 1971 4392 ab
1991 4336 2234 4393 Arnobio

640 4427 957 4496 reprohari,
992 4428 1117 4499 quia
1164 4428 1305 4482 nulla
1358 4443 1580 4497 prorsus
1619 4428 1934 4483 eorumdem
1966 4429 2189 4484 deorum
2216 4472 2233 4495 ,

641 4522 732 4591 qui
764 4522 952 4589 utique
984 4520 1116 4575 nulli
1157 4532 1341 4584 erant,
1371 4521 1488 4591 lege
1524 4520 1818 4575 constituta
1845 4535 2079 4588 unquam
2124 4521 2239 4577 fue-

2418 3315 2582 3380 Terna
2605 3316 2804 3380 quidem
2826 3316 3050 3377 Laribus,
3077 3318 3280 3367 totidem
3305 3330 3499 3367 sacrare
3525 3324 3778 3366 memento

2418 3377 2688 3442 leitibus,
2711 3393 2886 3442 verum
2909 3380 3003 3428 hoc
3024 3380 3306 3429 discrimine
3334 3394 3348 3429 :
3373 3380 3576 3429 candida
3592 3393 3772 3442 nempe

2421 3439 2690 3501 Coelitibus,
2718 3440 2914 3491 Larium
2941 3444 3006 3492 sit
3029 3442 3257 3492 concolor
3273 3442 3431 3492 hostia
3449 3450 3615 3492 terrae.

2421 3504 2540 3568 Qum
2566 3503 2772 3568 Laribus
2787 3504 2924 3561 ﬁent,
2950 3507 3000 3555 iu
3027 3504 3383 3568 teruasdivide
3406 3513 3572 3568 partes
3600 3519 3612 3552 :

2386 3595 2390 3598 ι
2422 3566 2587 3628 Atque
2609 3567 2707 3615 diis
2721 3566 2893 3626 Erebi,
2921 3574 3054 3616 terra
3079 3565 3292 3627 sepelito
3314 3565 3417 3616 sub
3429 3566 3544 3627 alta,

2425 3627 2818 3680 Fumantemoue
2839 3631 2974 3680 cavis
2991 3629 3248 3680 scrobibus
3263 3629 3471 3679 demitte
3490 3641 3721 3679 cruorem

2424 3688 2637 3756 Eundite
2662 3688 2760 3739 mel
2781 3691 3031 3756 Nymphis.
3059 3700 3110 3742 et
3128 3692 3293 3756 mollia
3315 3691 3441 3741 dona
3466 3690 3626 3755 Lyrci:

2423 3751 2544 3820 Quae
2565 3751 2959 3820 circumvolitaut
2984 3754 3199 3804 humiles
3223 3766 3345 3820 vaga
3368 3751 3563 3804 numina
3580 3761 3759 3820 terras,
3832 3816 3836 3820 ‘

2424 3815 2515 3879 _His
2532 3817 2975 3879 circumexundaus
2997 3830 3232 3867 succensa
3259 3815 3427 3866 altaria
3449 3818 3648 3879 sanguis

2423 3877 2649 3941 impleat,
2678 3885 2731 3927 et
2752 3892 2917 3928 sacros
2940 3881 3042 3929 avis
3066 3881 3259 3941 integra
3283 3880 3425 3929 cedat
3446 3881 3495 3928 iu
3514 3877 3671 3941 ignes.

2426 3939 2527 4005 Sed
2550 3943 2693 4005 prius,
2708 3941 2865 3991 infuso
2883 3944 3121 4005 subigens
3137 3939 3276 3990 tunsa
3302 3942 3483 3991 hordea
3508 3939 3676 4005 melle.

2423 4002 2698 4067 Baec‘thuri
2724 4005 2956 4064 admixta,
2970 4002 3033 4067 et
3057 4003 3213 4067 salsas
3226 4017 3378 4063 super
3395 4005 3539 4067 injice
3560 4003 3745 4064 fruges.

2426 4065 2551 4130 l)_um
2574 4066 2730 4129 glauci
2752 4069 2901 4116 maris
2923 4066 2980 4115 ad
3006 4065 3595 4130 tenuesfacturusa'renas

2430 4125 2658 4198 lenonis.
2686 4131 2738 4198 in
2753 4135 2899 4198 caput
2920 4125 3197 4198 excussam,
3222 4136 3473 4198 totamgue
3494 4125 3754 4198 profundos

2428 4190 2667 4241 Porricito
2686 4193 2736 4241 in
2754 4190 2932 4241 ﬂuctus
2955 4191 3223 4240 volucrem.
3252 4192 3404 4251 Queis
3427 4194 3522 4240 rite
3546 4190 3767 4254 peractis,

2428 4253 2938 4317 gd‘magnnsexinde
2963 4254 3359 4317 chorosivestigia
3384 4254 3534 4304 flecte

2430 4315 2703 4366 leituutu.
2731 4316 2881 4366 Sacer
2900 4316 3029 4365 :ethe
3039 4317 3122 4365 riis
3141 4316 3296 4366 honor
3312 4318 3537 4366 omnibus
3553 4315 3701 4375 idem,

2429 4376 2648 4427 Effusum
2671 4379 2917 4428 scatebris
2940 4378 2998 4427 ad
3022 4377 3181 4427 farrea
3202 4378 3297 4427 liba
3322 4391 3551 4428 cruorem

2354 4438 2364 4445 ’
2432 4440 2693 4504 Stagnare,
2721 4447 2775 4504 et
2792 4441 2973 4490 devota
2993 4441 3103 4490 deis
3121 4452 3375 4504 apponere
3398 4443 3636 4502 membra,

2432 4501 2632 4552 Summa
2651 4503 2852 4566 quidem
2873 4504 3080 4553 ﬂammis
3097 4501 3368 4566 imponere,
3392 4512 3574 4554 caetera
3602 4504 3807 4554 mensis.

644 4624 793 4669 runt.
826 4612 1028 4670 Contra
1051 4625 1229 4670 autem
1282 4613 1455 4670 JudaBi
1488 4629 1621 4669 vero
1650 4614 1761 4669 Deo
1783 4655 1798 4682 ,
1844 4618 2000 4670 sicuti
2033 4631 2240 4685 praacc-
2266 4594 2321 4654 Ῑ)
2348 4607 2472 4664 Habe
2502 4609 2589 4664 ille
2609 4651 2623 4670 ,
2656 4609 2813 4663 sicuti
2864 4617 2919 4663 et
2962 4608 3130 4664 Lilius
3157 4608 3408 4665 Giraldus
3429 4651 3443 4673 ,
3474 4610 3566 4681 qui
3593 4609 3785 4665 eadem
3813 4624 3945 4665 car-

644 4716 798 4778 perat
824 4707 1217 4773 sacriﬁcantes,
1249 4724 1372 4764 eum
1397 4708 1548 4764 hisce
1564 4709 1845 4764 sacriﬁciis
1864 4708 2239 4766 honorabant?

642 4802 833 4858 Nonne
860 4803 1005 4859 enim
1035 4805 1127 4875 qui
1175 4804 1387 4875 jubenti
1419 4803 1797 4875 obtemperat,
1826 4819 1893 4859 eo
1930 4804 2048 4875 ipso
2089 4804 2240 4861 debi-

648 4907 758 4952 tum
792 4897 869 4952 illi
898 4897 1084 4952 tribuit
1126 4896 1432 4952 honorem?

718 4991 985 5046 Praeterea
1016 4990 1262 5061 plurimis
1300 4990 1537 5062 antiquis
1565 4990 1824 5047 Ecclesia:
1856 4991 2108 5047 Patribus
2129 5034 2145 5056 ,
2175 5007 2240 5046 ac

649 5083 1043 5140 recentioribus
1077 5082 1349 5151 theologis
1394 5085 1593 5138 nostris
1639 5084 1813 5137 visum
1859 5092 1943 5137 est
1974 5082 2239 5139 sacriﬁcia

651 5178 856 5234 Judaeis
876 5194 904 5231 a
931 5178 1043 5233 Deo
1066 5178 1375 5247 praescripta
1403 5175 1570 5233 fuisse
1593 5219 1607 5242 ,
1637 5194 1742 5232 non
1774 5176 1988 5245 quidem
2026 5178 2242 5245 p0tissio

648 5286 793 5326 mum
817 5279 876 5326 ut
907 5271 973 5325 iis
1002 5269 1363 5325 honoraretnr
1383 5311 1399 5336 ,
1436 5269 1531 5324 sed
1556 5287 1624 5325 ne
1653 5271 1754 5340 ipsi
1783 5269 1953 5324 Judmi
1988 5271 2038 5324 in
2065 5269 2241 5324 idolo-

653 5366 858 5426 Iatrizn,
910 5363 976 5419 ad
1007 5378 1167 5434 quam
1212 5362 1616 5432 prapensissimi
1657 5372 1852 5430 erant,
1897 5364 2076 5419 scelus
2102 5362 2242 5418 dila-

651 5458 930 5514 bcrentur.
982 5457 1221 5525 Denique
1272 5454 1556 5519 Arnobius,
1601 5454 1944 5510 ethnicorum
1984 5470 2243 5525 responsa

652 5551 718 5605 iis
769 5550 823 5605 in
879 5549 1065 5619 primis
1117 5546 1313 5603 refellit
1359 5547 1632 5601 rationum
1678 5549 2002 5614 momentis,
2050 5547 2245 5620 quibus

654 5646 731 5702 illi
779 5661 839 5701 se
866 5645 933 5700 ad
963 5645 1068 5700 diis
1093 5644 1209 5699 suis
1233 5640 1643 5698 sacrificandum
1666 5640 1914 5697 inductos
1942 5634 2067 5696 esse
2088 5642 2246 5712 jacti-

655 5740 857 5795 tabant.
907 5738 1177 5792 Caeterum
1223 5737 1325 5792 etsi
1352 5734 1562 5808 singula
1593 5735 1730 5790 hanc
1767 5732 2001 5789 aliamve
2045 5733 2098 5787 in
2127 5749 2243 5790 rem

657 5830 725 5889 ab
761 5845 828 5889 eo
872 5830 1182 5902 proposita,
1212 5842 1322 5887 non
1374 5829 1622 5900 ejusdem
1665 5826 1878 5885 roboris
1920 5825 2243 5897 quibusdam

2346 4703 2488 4758 mina
2535 4704 2694 4759 aliter
2739 4703 2907 4759 latine
2937 4702 3203 4769 reddidit,
3249 4717 3312 4757 ac
3353 4703 3520 4757 fusius
3574 4703 3943 4774 prosequitur.

2343 4801 2687 4868 Quapropter
2713 4797 2936 4854 Servius
2957 4798 3241 4863 observat,
3280 4818 3298 4850 ε
3334 4798 3473 4853 sicut
3501 4798 3773 4867 prosperis
3808 4796 3941 4862 diis,

2348 4901 2405 4947 ut
2426 4892 2650 4961 juvent,
2684 4892 2755 4946 ita
2785 4890 3028 4945 adversis
3048 4933 3063 4956 ,
3096 4907 3163 4946 nc
3190 4892 3372 4945 obsint.
3407 4889 3845 4944 sacriﬁcandum.
3874 4889 3945 4946 Ut

2351 4983 2558 5053 nigram
2589 4983 2766 5056 ltyemi
2799 4982 3095 5052 pecudem,
3129 4982 3382 5054 zephyris
3411 4981 3653 5037 felicibus
3680 4980 3880 5036 albam.
3921 5002 3941 5035 ι

2351 5075 2603 5148 (Girald.,
2642 5076 2773 5131 Hist.
2806 5076 2971 5140 dear.,
3002 5085 3255 5148 syntagm.
3285 5075 3372 5141 17,
3408 5093 3528 5147 pug.
3553 5073 3657 5130 483
3681 5084 3730 5128 et
3754 5089 3945 5146 seqq.;

2352 5169 2509 5226 Sero.
2531 5212 2545 5234 ,
2590 5173 2641 5225 in
2673 5171 2760 5225 lib.
2788 5186 2838 5224 tv
2868 5168 3086 5224 jEneid.
3107 5210 3120 5233 ,
3169 5186 3289 5241 pag.
3321 5167 3475 5240 ⁸516).

2421 5263 2623 5320 Verum
2654 5272 3009 5334 pra:terquam
3064 5261 3205 5332 quod
3250 5261 3396 5314 citati
3446 5261 3647 5315 oraculi
3697 5260 3950 5326 falsitas,

2350 5355 2420 5413 ab
2450 5357 2596 5427 ipso,
2645 5356 2733 5425 qui
2782 5370 2898 5408 eam
2945 5354 3159 5417 retulit,
3210 5353 3542 5423 Porphyrio,
3592 5352 3954 5424 quemadmo-

2350 5448 2477 5505 dum
2512 5448 2776 5503 Eusebius
2817 5456 3043 5501 testatur
3086 5445 3336 5518 (Euseb..
3386 5446 3512 5500 ibid.
3544 5487 3560 5510 ,
3605 5464 3727 5518 pag.
3780 5447 3950 5519 H8),

2351 5543 2533 5613 agnita
2564 5551 2677 5603 est,
2711 5549 2860 5595 certe
2891 5549 3078 5593 auctor
3107 5547 3294 5593 noster
3319 5538 3420 5593 hoc
3452 5540 3592 5594 idem
3626 5538 3905 5593 oraculum
3933 5582 3951 5604 ,

2349 5645 2405 5691 et
2445 5635 2549 5690 alia
2593 5634 2824 5689 errantis
2876 5633 3123 5689 humanae
3162 5633 3356 5688 utentis
3397 5632 3559 5687 allata
3603 5632 3673 5687 ab
3717 5631 3956 5690 ethnicis

2351 5738 2657 5783 commenta
2690 5727 2847 5783 facile
2864 5726 3133 5796 redarguit
3164 5741 3227 5781 ac
3254 5723 3471 5781 refellit.
3497 5724 3712 5780 Falsum
3743 5724 3957 5798 quippe

2350 5824 2500 5890 erat,
2527 5823 2603 5879 uti
2633 5822 2992 5893 sapientiores
3022 5803 3402 5891 doctioresque
3442 5820 3643 5875 etlmici
3683 5817 3950 5878 fatebar]?-
