4230 6266
332 348 440 404 641

331 569 431 608 res
468 562 523 607 et
552 553 798 609 feminas.
829 554 939 611 Nec
963 556 1143 612 minus
1165 567 1382 629 aperte,
1412 560 1485 614 uti
1531 562 1764 619 vidimus
1806 567 1929 634 (Ar-

323 646 482 711 nob.,
510 645 601 700 lib.
634 661 709 701 vn
732 688 746 711 ,
783 664 903 720 pag.
949 649 1055 703 22s
1090 661 1135 704 ει
1165 652 1357 723 seqq.),
1391 655 1627 710 ostendit
1676 656 1814 712 falso
1858 660 1927 715 ab

322 737 529 792 iisdem
590 739 820 794 ethnicis
882 741 1052 795 asseri
1114 742 1244 798 deos
1293 746 1551 815 quosdam
1593 758 1784 803 natura
1830 766 1925 805 sua

320 829 511 886 malos
538 844 660 885 esse
704 840 759 886 et
783 830 1074 899 adversos;
1124 835 1550 906 quandoquidem
1585 855 1742 896 verus
1786 841 1929 898 Deus

331 921 744 993 benignissimae
789 931 847 977 et
884 923 1270 984 benefacientis
1295 938 1381 984 est
1408 941 1633 987 naturae.
1685 933 1927 1005 Denique

327 1024 507 1086 negat
544 1015 683 1071 ullos
711 1032 832 1072 esse
857 1016 991 1073 deos
1020 1020 1249 1086 inferos,
1279 1036 1343 1078 ac
1382 1023 1482 1078 sub
1513 1032 1655 1080 terra
1704 1027 1758 1081 in
1790 1027 1926 1083 Plu-

322 1108 532 1164 tonicis
584 1110 766 1180 regnis
812 1109 1069 1182 degentes
1109 1112 1312 1184 (lbid.,
1365 1134 1484 1189 pag.
1538 1116 1688 1190 226).
1752 1120 1919 1192 Negat

321 1200 507 1256 etiam
535 1199 845 1269 iuvenalis,
901 1202 1147 1260 ethnicus
1178 1206 1292 1277 ipse
1322 1218 1478 1277 poeta
1500 1250 1516 1275 ,
1544 1208 1595 1264 id
1627 1210 1794 1265 ullum
1828 1211 1924 1266 lio-

320 1294 543 1349 minem
569 1293 796 1350 credere
858 1295 962 1352 nisi
989 1295 1127 1353 forte
1167 1312 1301 1369 puer
1338 1301 1438 1369 sit,
1474 1306 1649 1357 :etatis
1679 1303 1815 1360 adeo
1842 1313 1926 1361 te-

323 1401 517 1455 uerae,
559 1396 616 1443 ut
656 1386 894 1443 nondum
927 1389 1156 1459 publicis
1187 1392 1239 1447 in
1286 1392 1511 1449 thermis
1545 1410 1621 1450 aes
1644 1396 1711 1451 ad
1744 1396 1928 1453 lavan-

325 1479 472 1536 dum
504 1481 568 1538 ab
612 1497 680 1539 eo
717 1481 1051 1554 exigeretur.
1100 1484 1218 1555 Ipsa
1250 1495 1432 1542 autem
1469 1486 1586 1543 haec
1630 1497 1757 1543 sunt
1786 1489 1928 1545 illius

325 1593 577 1634 carmina
609 1597 625 1634 ε

435 1693 555 1759 Esse
577 1692 767 1758 aliquos
788 1694 977 1756 Manes,
999 1704 1051 1747 et
1070 1696 1398 1747 subterranea
1419 1709 1595 1759 regna,

430 1756 491 1832 lzjt
507 1756 719 1817 contum,
731 1768 801 1832 Aet
816 1762 977 1832 stygio
995 1772 1137 1832 ranas
1158 1760 1218 1832 in
1230 1762 1430 1832 gurgite
1453 1756 1639 1832 nigras,

429 1818 594 1886 Atque
610 1833 701 1886 una
729 1818 938 1886 transire
962 1822 1131 1886 vadum
1155 1818 1399 1886 tot'millia
1414 1818 1603 1886 cymba,

427 1881 539 1932 Nec
558 1885 696 1945 pueri
719 1885 947 1941 credunt,
970 1884 1060 1932 nisi
1082 1884 1167 1947 qui
1193 1884 1407 1934 nondum
1428 1881 1527 1933 aere
1553 1883 1792 1935 lavantur.

740 1964 1007 2031 (Juvmal.,
1029 1966 1168 2017 satir.
1188 1967 1239 2027 2,
1263 1978 1388 2019 vers.
1415 1966 1505 2017 149
1522 1970 1568 2017 ει
1584 1966 1741 2033 seqq.)

408 2070 467 2126 Si
499 2071 612 2127 sola
659 2083 835 2142 poeta:
876 2073 1168 2128 auctoritas
1215 2072 1309 2127 tibi
1338 2088 1445 2127 non
1490 2072 1753 2140 sufﬁciat,
1806 2072 1930 2127 audi

328 2175 611 2220 antorem
637 2165 887 2221 similiter
932 2164 1206 2221 ethnicum
1230 2207 1245 2233 ,
1276 2165 1377 2234 cui
1403 2166 1590 2236 procul
1616 2167 1778 2223 dubio
1822 2182 1931 2223 non

332 2258 741 2329 refragaberis,
788 2260 1044 2314 nimirum
1088 2259 1440 2327 Ciceronem,
1493 2261 1583 2331 qui
1630 2259 1760 2315 deos
1792 2260 1927 2316 infe-

332 2368 434 2408 ros
463 2352 711 2407 exsibilat
736 2360 792 2407 et
819 2352 1061 2423 explodit
1085 2369 1096 2405 :
1124 2370 1142 2402 ι
1177 2353 1300 2419 Dic,
1331 2368 1536 2422 (inraso,
1561 2353 1770 2423 inquit,
1805 2369 1931 2408 num

334 2456 401 2500 te
453 2445 541 2499 illa
584 2453 821 2512 terrent,
866 2443 1068 2515 triceps
1120 2444 1261 2516 apud
1314 2444 1519 2500 inferos
1568 2445 1931 2501 Cerberus...

334 2537 571 2593 Adeone
608 2553 696 2593 me
740 2538 977 2593 delirare
1016 2551 1244 2603 censes,
1286 2547 1343 2591 ut
1369 2538 1440 2591 ita
1466 2551 1588 2593 esse
1616 2537 1930 2592 credam....

338 2634 408 2688 Si
436 2647 564 2704 ergo
589 2632 727 2703 apud
756 2632 965 2688 inferos
997 2633 1180 2687 miseri
1212 2647 1318 2686 non
1344 2640 1504 2696 sunt,
1552 2646 1621 2686 ne
1646 2640 1772 2685 sunt
1810 2631 1932 2701 qui-

342 2727 480 2781 dem
505 2726 638 2797 apud
670 2725 871 2780 inferos
896 2724 1011 2780 ulli.
1052 2724 1129 2779 Ita
1152 2738 1380 2795 prorsus
1409 2724 1693 2779 existimor
1721 2722 1933 2795 (Ciam,

286 2856 293 2860 -
336 2818 438 2875 lib.
470 2834 486 2872 ι
520 2817 724 2873 Tuscul.
748 2858 766 2885 ,
793 2834 914 2888 pag.
945 2816 1087 2884 “6,
1129 2817 1223 2871 (in.
1252 2818 1366 2887 5'5).

278 5792 313 6005 ι

334 2928 377 2976 ξι»
417 2910 527 2967 Sed
569 2923 725 2977 esto,
775 2912 947 2982 pergit
990 2910 1295 2976 Arnobius,
1329 2909 1585 2966 cedamus
1636 2924 1757 2966 esse
1805 2908 1937 2965 deos

339 3005 586 3072 inferos,
630 3005 793 3061 rebus
840 3006 1125 3076 praefectos
1173 3003 1417 3058 tristibus
1462 3012 1517 3058 et
1540 3000 1819 3069 infaustis,
1853 3009 1939 3056 at-

340 3117 452 3175 que
505 3100 709 3157 idcirco
740 3098 907 3155 hostia
933 3099 1071 3170 nigri
1118 3098 1314 3153 coloris
1352 3098 1455 3152 illis
1501 3095 1722 3152 mactari
1748 3095 1944 3152 debeat

340 3195 615 3266 (Aruob.,
670 3193 757 3248 lib.
813 3208 921 3259 vn,
965 3208 1086 3263 pag.
1143 3188 1299 3262 226).
1354 3191 1426 3245 At
1479 3205 1586 3261 quo
1621 3198 1810 3260 pacto,
1859 3189 1941 3241 in-

1580 345 1647 412 lN
1687 344 2064 426 ARNOBIUM,
2104 355 2257 416 CAP.
2300 349 2489 418 xxm.

324 471 452 528 tur,
476 471 533 516 et
559 462 808 533 superius
836 461 928 519 ille
951 461 1419 524 domoustraverat
1440 508 1457 536 ,
1483 469 1615 526 deos
1653 487 1772 527 esse
1804 491 1919 528 ma-
1951 486 2005 545 Α
2396 468 2401 473 ⁷

3509 365 3615 422 642

2617 487 2910 533 Αιιτισιιιιιθ
2948 488 3019 531 1V.

2029 606 2280 668 Quomodo
2302 609 2547 661 Arnobius
2560 611 2654 661 diis
2676 625 2774 662 non
2798 624 2911 662 esse
2926 610 3289 663 sacriﬁcandum
3311 612 3619 667 demonstret

2091 672 2159 738 εις
2180 674 2298 735 ipsis
2320 676 2488 730 rebus,
2514 688 2625 738 qua:
2652 676 2700 723 in
2732 673 2980 725 sacriﬁciis
3010 675 3384 732 adhibebantur.
3408 678 3491 725 ubi
3529 693 3619 729 ex-

2125 733 2298 784 licatur
2320 738 2434 802 quid
2458 733 3067 802 sit’f‘arcimen,apexabo,
3085 738 3275 794 hircite,
3294 738 3615 802 silicernium,

2125 749 2298 784 ncatur
2320 749 2433 800 qum
2458 749 2523 786 Sil.
2545 749 2799 796 tarcunen,
2825 749 3067 798 allexaoo,
3087 749 3275 794 mrciae,
3294 749 3615 802 silicernium,

2090 749 2315 866 longam,
2345 801 2501 866 tiedqe,
2531 802 2704 866 taeniae,
2733 800 2977 862 polimina.
3022 800 3206 862 plasea,
3249 800 3412 866 siligo,
3460 802 3616 866 ﬁtilla,

2090 858 2309 927 fiumen,
2321 858 2505 922 at‘ricia,
2524 858 2743 927 gratilla,
2758 858 3058 927 catumeuni,
3082 858 3405 927 conspolinfn,
3423 858 3618 924 cubula;

2092 920 2261 988 lilium,
2289 936 2401 988 caro
2423 920 2662 988 strebula,
2703 920 3035 988 pulpamenta,
3066 920 3330 974 salsamina'
3358 920 3623 988 quadrimis

2090 984 2313 1046 copulata
2334 986 2576 1048 frugibus,
2602 985 2674 1035 far
2699 984 2848 1049 pium,
2872 985 3097 1046 feudicze,
3130 1001 3301 1048 rumze,
3328 984 3417 1037 seu
3440 1001 3620 1039 aerum-

2091 1058 2185 1102 nae,
2205 1049 2453 1114 gurgulio,
2468 1050 2784 1099 ruminatoria
2804 1049 3002 1109 saecula,
3017 1057 3352 1112 augmentum,
3371 1063 3623 1114 magmen-

2089 1114 2212 1169 tum,
2243 1113 2469 1160 velamen
2494 1113 2803 1173 sauguinum,
2828 1114 3077 1174 praesiciae,
3100 1124 3157 1161 ac
3176 1113 3417 1173 quomodo
3440 1113 3623 1166 Auctor

2091 1180 2259 1222 noster
2280 1175 2505 1223 ostendat
2528 1172 2634 1223 haéc
2658 1176 2706 1223 in
2726 1172 2977 1225 sacriﬁciis
2992 1175 3170 1225 frustra
3185 1172 3388 1225 adoleri.

2101 1321 2304 1380 Praeter
2350 1326 2553 1382 hostias
2601 1336 2658 1384 et
2711 1328 2977 1395 victimas,
3027 1345 3089 1385 ea
3142 1329 3320 1387 adhuc
3366 1331 3625 1403 pleraque

2031 1415 2230 1482 omnia,
2254 1433 2376 1487 qua:
2399 1421 2451 1473 in
2475 1420 2753 1476 sacrificiis
2772 1421 3189 1491 adhibebantur,
3216 1423 3358 1478 aliud
3386 1425 3626 1481 Arnnbio

2030 1507 2446 1565 subministrant
2475 1523 2874 1583 argumentum,
2899 1530 3006 1585 quo
3029 1514 3121 1569 illa
3148 1517 3361 1586 penitus
3392 1517 3627 1574 tollenda

2031 1615 2154 1656 esse
2180 1604 2523 1672 apertissime
2569 1606 2921 1661 demonstrat.
2980 1608 3191 1664 Ethnici
3242 1610 3438 1681 quippe
3481 1611 3628 1667 varia

2033 1693 2137 1746 diis
2158 1696 2270 1748 suis
2300 1694 2603 1751 offerebant
2630 1696 2989 1766 farciminnm,
3023 1700 3278 1767 liborum,
3308 1703 3552 1771 pultium,
3574 1712 3632 1760 et
3687 1764 3691 1768 .

2036 1784 2309 1840 ﬁtillarum
2336 1802 2559 1857 genera,
2591 1805 2711 1860 qua:
2738 1791 2842 1847 diis
2869 1807 2974 1846 non
3016 1793 3188 1849 solum
3221 1794 3457 1866 indigna,
3487 1815 3506 1847 ιι
3534 1797 3630 1853 sed

1961 1882 2009 1941 Β
2034 1875 2248 1946 quibus,
2280 1896 2299 1930 ι
2331 1881 2568 1935 auctoris
2592 1883 2761 1936 nostri
2811 1898 2906 1938 eos
2932 1884 3258 1956 alloquentis
3292 1888 3451 1944 verba
3481 1899 3626 1956 sunt,

2037 1986 2056 2019 ι
2096 1969 2312 2025 nomina
2341 1971 2613 2028 indidistis
2642 1973 2895 2044 obscura,
2929 1978 3197 2049 vulgoque
3228 1988 3286 2034 ut
3314 1992 3495 2037 essent
3531 1997 3632 2037 au-

2030 2063 2269 2134 gustiora
2304 2064 2529 2133 fecistis,
2569 2086 2588 2118 ›
2624 2077 2680 2123 et
2704 2078 2763 2123 ut
2792 2070 2951 2139 paulo
2972 2080 3099 2127 ante
3124 2072 3358 2140 dixerat,
3395 2092 3415 2125 ι
3445 2090 3632 2146 mago-

2031 2171 2148 2210 rum
2176 2157 2500 2214 cohaarentia
2529 2160 2859 2230 disciplinis»
2894 2161 3139 2235 (Arnob..
3170 2167 3209 2223 ι.
3242 2182 3333 2235 vu,
3364 2184 3419 2238 p.
3450 2166 3557 2224 229
3586 2175 3634 2223 et

2032 2246 2220 2321 θείῃ),
2246 2269 2265 2302 ι
2291 2249 2429 2318 Quid
2451 2261 2629 2309 autem
2655 2254 2768 2309 haec
2793 2255 2981 2310 ultima
2998 2256 3159 2313 verba
3176 2257 3498 2327 signiﬁcent,
3525 2276 3634 2315 non

2035 2358 2138 2398 una
2180 2353 2263 2399 cst
2297 2346 2627 2403 eruditorum
2659 2349 2860 2417 opinio.
2906 2351 3132 2419 Quidam
3171 2353 3312 2409 enim
3356 2364 3544 2426 putant
3569 2371 3634 2412 ea

2036 2438 2252 2492 nomina
2301 2440 2435 2505 dici,
2488 2458 2753 2513 magorum
2799 2444 3105 2500 cohwremia
3132 2428 3457 2517 disciplinis;
3507 2449 3634 2520 quia

2037 2530 2322 2587 tenebrosa
2344 2543 2398 2587 et
2422 2531 2653 2590 obscura
2678 2545 2853 2602 erant,
2878 2547 2929 2592 et
2958 2536 3021 2592 iis
3043 2538 3260 2606 similia,
3282 2540 3476 2611 quibus
3494 2541 3634 2613 magi

2037 2624 2344 2682 utebantur.
2368 2628 2477 2683 Sed
2501 2630 2777 2685 contendit
2793 2632 3089 2688 Salmasius
3112 2632 3246 2689 nihil
3269 2648 3389 2691 esse
3409 2636 3635 2691 Arnobii

2044 2723 2210 2777 menti
2243 2724 2417 2794 magis
2446 2727 2777 2781 contrarium
2812 2726 3093 2799 (Salmas.,
3122 2734 3385 2786 exercitat.
3439 2733 3491 2787 iu
3536 2732 3639 2789 So-

2040 2813 2160 2880 lin.,
2213 2832 2267 2885 p.
2327 2815 2476 2887 128).
2525 2816 2724 2873 Censet
2778 2820 2959 2890 itaque
3012 2823 3305 2879 Arnobium
3355 2824 3425 2881 de
3474 2825 3639 2882 variis

2041 2905 2381 2964 farciminum
2438 2911 2802 2983 liborumque,
2831 2915 3226 2987 generibusque
3270 2919 3459 2991 loqui,
3516 2936 3638 2992 qua:

2041 3000 2110 3055 ab
2156 3015 2223 3056 eo
2275 3001 2529 3059 dicuntur
2590 3021 2865 3076 magorum
2927 3008 3224 3080 disciplinis
3271 3012 3635 3081 cohaerentia;

2010 3162 2013 3167 ἴ
2043 3096 2298 3166 quoniam
2328 3098 2466 3169 magi
2490 3113 2598 3155 non
2624 3100 2822 3168 solida,
2841 3111 2897 3158 et
2917 3102 3117 3159 illibata
3138 3114 3412 3162 taurorum
3431 3108 3636 3166 viscera

2045 3187 2149 3242 diis
2178 3191 2619 3257 concremabant,
2653 3193 2748 3249 sed
2780 3206 3120 3252 emeritorum
3165 3198 3426 3255 duntaxat
3456 3212 3638 3273 partes

344 3289 492 3360 quit,
546 3288 654 3343 hoc
700 3287 819 3344 ﬁeri
876 3284 1091 3356 potest?
1153 3282 1344 3338 Nonne
1385 3282 1579 3338 videtis
1633 3282 1933 3337 hosﬁarum
1962 3271 2008 3334 C
2041 3283 2390 3353 etprosicias.
2420 3284 2556 3342 Vide
2572 3295 2747 3343 autem
2771 3298 2949 3344 utrum
2979 3289 3096 3347 hmc
3122 3293 3308 3363 opinio
3332 3271 3639 3353 conﬁrmari
3708 3312 3711 3319 ί

349 3386 563 3455 dentes,
599 3368 723 3438 ossa
744 3423 761 3449 ,
792 3380 1073 3454 piuguitias
1094 3420 1110 3447 ,
1140 3393 1233 3435 seu
1268 3377 1675 3450 pinguedinem,
1702 3386 1936 3444 omenta,

343 3496 408 3535 ac
451 3477 725 3535 medullas
749 3474 859 3530 albi
900 3489 1021 3530 esse
1048 3470 1285 3527 coloris?
1323 3470 1393 3526 At
1440 3471 1674 3537 vellera,
1728 3469 1941 3541 inquie-

344 3574 478 3641 bant
532 3568 765 3635 ethnici,
823 3566 966 3622 sicut
1015 3575 1070 3621 et
1119 3563 1433 3618 animalium
1481 3571 1652 3628 setae,
1704 3560 1761 3617 id
1811 3571 1935 3629 est,

314 3668 445 3741 .pili
491 3664 791 3722 crassiores
814 3701 830 3729 ,
858 3675 921 3715 ac
950 3657 1236 3730 rigidiores
1258 3697 1275 3724 ,
1310 3667 1365 3712 et
1405 3656 1511 3710 alia
1560 3656 1808 3725 quaedam
1849 3669 1943 3710 eo-

348 3777 472 3816 rum
518 3757 761 3814 membra
811 3762 928 3808 atra
976 3761 1102 3807 sunt
1150 3760 1205 3806 et
1246 3750 1416 3821 nigra.
1461 3749 1666 3814 Recte,
1722 3749 1793 3802 ait
1843 3750 1944 3802 Ar-

353 3853 561 3910 nobius.
594 3850 723 3906 Haec
748 3862 876 3919 ergo
904 3845 1015 3901 sola
1040 3886 1057 3913 ,
1109 3859 1217 3899 non
1240 3853 1419 3898 autem
1462 3841 1681 3912 integrae
1712 3837 1946 3909 pecudes

351 3946 460 4002 diis
500 3943 688 4000 inferis
728 3941 927 3996 debent
954 3937 1246 3994 immolari.
1292 3934 1432 4001 Quid
1474 3949 1607 3990 vero
1635 3932 1702 3988 iis
1744 3931 1944 3988 facien-

348 4041 520 4105 dum,
574 4038 669 4109 qui
723 4037 906 4106 plura,
938 4048 1058 4103 qua:
1083 4031 1222 4086 sicut
1270 4029 1448 4084 oleum
1480 4036 1535 4081 et
1554 4026 1804 4095 sanguis,
1837 4040 1943 4079 non

348 4143 483 4192 sunt
505 4133 645 4204 nigri
673 4128 873 4186 coloris
897 4168 914 4195 ,
942 4127 1047 4182 diis
1074 4123 1260 4180 inferis
1300 4120 1561 4177 litabant?
1588 4117 1782 4174 Nonne
1822 4117 1946 4172 inde

312 4252 315 4253 '
358 4231 588 4304 pulchra
619 4227 713 4283 iila
741 4224 932 4296 religio
957 4220 1223 4277 solvitur?

428 4324 725 4387 Praeterea,
758 4334 856 4375 cur
881 4325 1029 4372 certa
1056 4312 1305 4386 qumdam
1337 4309 1511 4366 hostia
1540 4307 1765 4364 caiditur
1789 4306 1909 4362 Jovi
1928 4346 1943 4370 ,

358 4429 454 4476 aut
493 4414 742 4484 Baccho,
772 4423 865 4470 aut
907 4409 1174 4468 Mercurio
1194 4450 1211 4477 ,
1242 4417 1296 4466 et
1323 4424 1429 4463 non
1458 4405 1561 4461 alia
1603 4401 1829 4477 (lbid.)?
1858 4403 1948 4458 Die

356 4514 557 4572 cebant
619 4509 840 4583 quidem
897 4506 1102 4564 ethnici
1166 4506 1219 4560 id
1274 4503 1495 4574 antiqua
1562 4500 1952 4556 consuetudine

356 4608 732 4664 constitutum.
793 4601 899 4660 Sed
946 4600 1063 4657 haec
1115 4596 1486 4664 consuetudo,
1534 4596 1711 4666 arguit
1777 4599 1954 4650 Arno-

2042 3380 2217 3449 possit
2267 3378 2355 3435 his
2398 3379 2682 3437 Strabonis
2711 3382 2779 3438 de
2824 3383 3108 3440 Persarum
3139 3388 3405 3445 sacriﬁcio
3435 3391 3635 3458 verbis,

2043 3486 2163 3540 qua:
2195 3474 2275 3527 sic
2306 3472 2471 3529 latine
2498 3486 2714 3543 sonant,
2746 3475 3006 3533 Xilandro
3038 3478 3375 3549 interprete:
3406 3500 3426 3535 ι
3456 3482 3638 3541 Sacri-

2044 3563 2209 3620 ﬁcant
2239 3566 2291 3619 in
2342 3566 2463 3621 loco
2490 3569 2691 3623 mundo
2718 3584 2839 3624 cum
2867 3568 3366 3643 imprecationibus,
3397 3584 3452 3630 et
3478 3591 3639 3632 coro-

2044 3668 2225 3715 natam
2254 3661 2486 3717 hostiam
2512 3671 2775 3719 statuunt.
2810 3663 2911 3720 Ubi
2954 3681 3161 3738 magns,
3190 3669 3282 3738 qui
3313 3668 3638 3725 sacriﬁcium

2046 3763 2284 3820 enarrat,
2316 3769 2511 3809 carnes
2536 3756 2590 3810 in
2622 3757 2901 3827 portiones
2926 3757 3223 3824 distribuit,
3272 3776 3369 3815 sua
3410 3762 3639 3833 quisque

2045 3855 2289 3916 accepta,
2320 3846 2540 3915 abeunt,
2591 3849 2735 3904 nulla
2787 3859 2938 3920 parte
2992 3850 3094 3906 diis
3136 3852 3393 3908 relicta...
3445 3854 3640 3912 Dicunt

2047 3938 2189 4003 enim
2221 3938 2382 3995 deum
2411 3938 2544 3994 nihil
2571 3940 2732 4007 velle,
2763 3952 2961 4011 praeter
2991 3943 3183 4000 hostia:
3208 3946 3443 4001 animam
3474 3964 3487 4003 :
3514 3949 3637 4019 qui-

2048 4032 2194 4097 dam,
2222 4042 2281 4086 ut
2296 4030 2490 4097 fertur,
2512 4034 2714 4089 omenti
2733 4044 2939 4104 partem
2972 4035 3083 4107 igni
3113 4041 3422 4108 imponunt»
3443 4039 3638 4112 (Stra.,

2049 4127 2086 4179 ι.
2141 4141 2212 4180 xv
2261 4125 2483 4199 Geogr.,
2537 4145 2591 4199 p.
2642 4128 2793 4195 552).
2847 4128 2955 4185 Sed
3006 4130 3052 4185 si
3106 4146 3173 4186 eo
3214 4146 3375 4188 sensu
3419 4134 3641 4204 magicis

2048 4218 2353 4290 disciplinis
2396 4219 2766 4287 cohzerebant,
2814 4223 2941 4294 quid
2970 4234 3118 4279 vetat
3145 4227 3435 4297 quominus
3465 4228 3642 4284 Arno-

2048 4313 2169 4368 bius
2198 4313 2396 4369 dixerit
2425 4315 2540 4369 lucc
2565 4314 2753 4371 eadem
2786 4315 2949 4371 verba
2980 4316 3224 4373 nefandis
3255 4319 3445 4376 iisdem
3474 4319 3639 4377 disci-

2051 4406 2211 4476 plinis
2262 4406 2542 4462 cohaerere
2590 4423 2684 4462 sua
2712 4407 3060 4473 obscuritate,
3113 4427 3216 4483 qua
3243 4412 3385 4469 sicut
3414 4414 3640 4486 magica,

2049 4500 2139 4555 vel
2170 4502 2392 4572 magicis
2419 4500 2638 4570 similia,
2671 4501 2742 4557 ita
2770 4501 2932 4574 vulgo
2958 4509 3264 4576 augustiora
3294 4505 3408 4562 ﬁeri
3459 4508 3646 4565 crede-

2051 4593 2267 4650 bantur.

358 4704 512 4767 bius,
566 4698 913 4773 quantumvis
965 4695 1224 4767 antiqua,
1280 4710 1347 4750 ex
1395 4692 1703 4748 hominibus
1744 4683 2029 4744 tantumD
2124 4686 2196 4744 Ut
2225 4697 2283 4742 ut
2327 4688 2419 4755 sit,
2466 4690 2681 4762 longam
2729 4699 2919 4747 auctor
2974 4699 3160 4748 noster
3205 4692 3396 4749 horum
3440 4696 3639 4751 seriem

359 4794 621 4851 manavit.
655 4793 733 4849 Ad
764 4790 1027 4848 sacriﬁcia
1075 4796 1254 4844 autem
1285 4787 1390 4842 diis
1417 4784 1661 4841 facienda
1706 4783 1953 4840 calicum

319 4907 329 4912 ‘
357 4900 415 4948 et
441 4890 680 4946 divinum
704 4895 1031 4958 prmceptum
1064 4881 1376 4953 requiritur.

431 4984 546 5052 Qua
565 4981 726 5038 etiam
748 4980 867 5050 lege
889 4975 1203 5032 animalium
1222 4973 1325 5029 diis
1344 4968 1793 5026 immolandorum
1816 4967 1954 5024 facta

362 5087 446 5136 est
490 5077 706 5143 divisio,
758 5087 822 5128 ac
847 5087 950 5143 qua
977 5069 1187 5125 ratione
1233 5075 1416 5121 taurus
1443 5064 1561 5120 Jovi
1608 5062 1753 5119 verbi
1787 5062 1955 5135 gratia

364 5171 540 5242 potius
564 5182 725 5239 quam
753 5164 907 5220 alteri
934 5164 1037 5219 deo
1064 5162 1259 5217 dicitur
1278 5157 1607 5215 convenire?
1635 5154 1953 5224 Restionde-

362 5264 492 5319 bant
517 5260 749 5333 gentiles
790 5256 1014 5325 Telluri,
1048 5262 1235 5326 utpote
1262 5251 1442 5318 matri,
1476 5248 1710 5306 scrofam
1754 5248 1958 5303 incien-

365 5365 503 5421 tem,
538 5354 700 5425 paulo
728 5360 856 5406 ante
884 5364 915 5405 a
945 5349 1102 5404 nobis
1139 5353 1515 5405 memoratam;
1547 5341 1798 5397 Minerva:
1826 5356 1956 5396 vero

362 5450 555 5522 virgini
593 5447 819 5504 vitulam
850 5444 1132 5515 virginem,
1181 5450 1237 5497 et
1277 5456 1397 5512 qua:
1429 5434 1631 5494 nullum
1673 5450 1827 5506 passa
1873 5445 1959 5491 est

360 5548 570 5618 iugum,
595 5541 932 5601 etedendam.
964 5537 1069 5595 Sed
1099 5536 1144 5592 si
1175 5549 1263 5591 res
1306 5534 1377 5589 ita
1425 5547 1485 5587 se
1514 5530 1729 5597 habeat,
1783 5530 1956 5598 arguit

362 5639 655 5705 Arnobius,
708 5633 900 5689 musici
946 5630 1154 5687 musico
1204 5626 1456 5696 Apollini,
1507 5622 1716 5678 medico
1758 5621 1955 5676 discu-

362 5732 506 5805 lapio
534 5730 751 5796 medici,
783 5727 918 5784 fabri
952 5724 1190 5780 Vulcano
1220 5721 1372 5776 fabro
1402 5717 1625 5774 mactari
1665 5717 1953 5773 debebant.

335 5826 502 5903 Quid
531 5833 709 5882 autem
760 5821 1016 5894 ineptius,
1057 5828 1113 5875 et
1152 5815 1411 5875 insulsius
1437 5812 1565 5884 ﬁngi
1592 5826 1827 5883 unquam
1857 5824 1957 5882 po-

363 5922 510 5981 tuit?

320 5987 350 6002 Δ

2059 4780 2228 4835 texuit
2250 4782 2560 4850 verborum,
2606 4799 2725 4854 qua:
2752 4784 3008 4854 pleraque
3029 4801 3151 4841 cum
3179 4788 3363 4843 multis
3386 4804 3490 4844 non
3515 4790 3647 4845 satis

2056 4875 2280 4932 forsitan
2314 4888 2439 4933 nota
2469 4878 2595 4943 sint,
2638 4893 2667 4932 a
2705 4878 2862 4933 nobis
2892 4894 2999 4935 non
3031 4882 3147 4936 sine
3189 4883 3389 4952 aliqua,
3438 4883 3482 4938 si
3532 4883 3649 4938 fieri

2056 4977 2236 5041 queat,
2261 4969 2624 5039 explicatione
2651 4978 2813 5040 atque
2851 4971 3177 5028 enodatinne
3202 4973 3400 5029 debent
3426 4983 3652 5044 praeter-

2061 5063 2197 5117 mitti
2231 5062 2404 5135 (Anu,
2432 5063 2469 5117 Ι.
2495 5079 2586 5130 vu,
2617 5080 2668 5133 p.
2699 5060 3110 5136 229).Primum
3140 5066 3321 5137 itaque
3348 5067 3418 5123 ab
3440 5083 3507 5125 eo
3534 5084 3653 5125 me-

2062 5168 2318 5223 moratur,
2359 5176 2378 5208 ι
2414 5156 2733 5223 Farcimen,
2788 5158 2903 5214 sive
2956 5174 3083 5215 caro
3135 5161 3372 5229 concisa,
3411 5180 3431 5214 ι
3481 5163 3655 5235 inquit

2061 5249 2320 5313 Isidorus,
2360 5267 2379 5301 ι
2408 5260 2464 5305 et
2484 5237 2711 5315 minuta,
2739 5259 2795 5306 et
2821 5250 2949 5307 inde
2977 5250 3233 5309 farcimen
3262 5253 3485 5323 dictum,
3509 5254 3653 5327 quod

2062 5360 2125 5401 ea
2174 5345 2485 5400 intestinum
2536 5342 2813 5412 larciatur,
2864 5345 2967 5403 hoc
3016 5358 3119 5410 est,
3174 5347 3480 5420 impleatur,
3528 5365 3653 5407 cum

2059 5437 2283 5493 aliarum
2320 5451 2501 5492 rerum
2546 5437 2929 5493 commixtione
2972 5437 3225 5508 (Isidor.,
3273 5440 3312 5494 ι.
3368 5456 3436 5497 xx
3482 5441 3653 5514 θήρη

2059 5547 2108 5586 c.
2138 5529 2251 5601 20).
2286 5548 2304 5582 ι
2345 5530 2511 5586 Varro
2534 5539 2715 5586 autem
2744 5549 2757 5583 :
2794 5549 2815 5583 ι
2853 5530 3095 5587 Afartum
3124 5531 3398 5589 farcimine
3438 5535 3493 5590 in
3517 5536 3655 5591 extis

2062 5622 2350 5692 appellata,
2391 5637 2422 5677 a
2453 5639 2558 5692 quo
2585 5624 2724 5694 quod
2756 5623 2806 5678 in
2838 5638 2903 5678 eo
2930 5624 3307 5680 tenuissimum
3340 5626 3654 5683 intestinum

2063 5716 2259 5771 fartum
2294 5735 2312 5769 ι
2344 5714 2560 5790 (Varro,
2593 5715 2630 5769 ι.
2664 5731 2718 5771 tv
2744 5717 2808 5770 de
2840 5714 2991 5789 Ling.
3025 5717 3200 5786 latin,
3236 5737 3290 5790 p.
3318 5718 3433 5792 28).
3467 5721 3655 5792 Itaque

2065 5808 2321 5865 farcimen
2371 5808 2682 5864 intestinum
2727 5816 2812 5865 est
2846 5810 3060 5865 concisa
3092 5810 3296 5868 minute
3323 5826 3487 5868 carne
3516 5812 3653 5868 alia-

2067 5918 2172 5977 que
2217 5902 2416 5960 fartura
2446 5903 2719 5975 oppletum
2771 5910 2828 5960 et
2855 5900 3075 5978 fartum,
3130 5905 3282 5979 cujus
3332 5907 3654 5971 conﬁciendi
