4230 6266
577 376 680 434 645

1842 316 2298 422 iussi-annuo
2338 352 2615 425 primu

3758 354 3866 413 6M

578 494 757 552 varios
780 492 996 563 Apicius
1024 489 1214 547 modos
1242 484 1529 556 descripsit
1555 482 1833 555 (Apicium,
1863 481 1901 535 Ι.
1934 498 1969 537 ιι
1994 480 2058 536 de
2088 479 2165 535 Re
2192 483 2244 543 Α
2271 504 2390 543 men
2406 484 2764 557 appellatione
2788 484 2984 555 penita!
3003 502 3024 536 ι
3068 484 3301 555 (Ariani.
3326 496 3420 548 vn,
3446 481 3622 554 p.229
3642 483 3871 553 ειςεηη),

581 590 810 658 coquiu.,
838 603 887 641 ε.
921 585 1002 658 5).

657 684 919 755 Apexabo,
971 680 1086 734 sive
1115 677 1251 732 utin
1280 688 1380 730 ms.
1409 674 1534 730 c'od.
1586 674 1734 743 regio
1767 671 1960 744 legitur
2001 668 2177 741 (Arn.,

586 780 687 834 fac.
715 773 852 848 cit.),
892 774 1215 847 Ap'exaones,
1244 786 1348 826 una
1378 762 1677 823 farcitninis
1705 781 1828 837 pars
1858 774 1997 829 erat.
2028 765 2184 835 cujus

587 881 705 927 haec
760 866 899 941 apud
955 867 1227 923 laudatum
1281 865 1574 919 Varronem
1618 862 1867 916 mentio:
1905 874 1923 910 ι
1951 858 2105 927 Quod
2131 858 2184 911 in

589 966 712 1031 hoc,
755 984 772 1016 ι
810 962 1001 1034 inquit,
1043 982 1062 1015 ι
1097 948 1376 1016 farcimine
1408 971 1620 1013 summo
1660 955 1917 1026 quiddam
1963 953 2186 1021 eminet,

590 1069 649 1113 ut
696 1061 750 1112 in
800 1058 978 1128 capite
1028 1064 1164 1125 apex
1210 1054 1433 1120 eminet,
1483 1048 1726 1121 apexabo
1756 1047 1942 1103 dicta»
1976 1042 2188 1119 (Varr.,

593 1134 811 1223 Ibin),

670 1242 862 1297 Hirciw
915 1242 1030 1297 sive
1083 1239 1240 1305 Ircei,
1290 1249 1349 1293 ut
1401 1236 1590 1292 scribit
1640 1234 1868 1301 Festus,
1925 1229 2194 1303 quoddam

599 1335 776 1391 adhuc
805 1342 961 1389 erant
988 1345 1161 1403 genus
1210 1329 1506 1385 farciminis
1558 1328 1615 1383 in
1663 1325 1947 1382 sacrificiis
1972 1320 2200 1378 adhibiti

598 1429 834 1502 (Festus.
864 1426 933 1480 ad
959 1427 1096 1482 verb.
1116 1422 1305 1494 Inest).

2281 582 2386 638 Sed
2406 581 2520 636 haec
2541 590 2596 636 et
2615 577 2993 650 subsequentia
3023 579 3186 634 verba
3205 578 3407 634 librarii
3437 575 3705 646 imperitia
3732 574 3874 631 (cede

2281 685 2534 745 corrupta
2577 681 2721 727 sunt.
2753 670 3111 740 Quamobrem
3142 671 3339 742 aliquis
3362 670 3437 726 ibi
3463 670 3564 741 legi
3593 668 3765 724 voluit
3787 678 3874 722 tu-

2286 778 2413 833 ccta,
2443 768 2637 838 quibus
2665 780 2806 822 escae
2834 766 3018 837 regite,
3070 775 3128 820 nt
3171 766 3246 820 ait
3282 763 3616 836 Fulgentius,
3666 762 3876 835 signiﬁ-

2289 873 2476 918 cantur
2505 846 2682 932 (Ful.,
2713 860 2775 914 de
2809 857 2932 915 νος.
2963 859 3090 913 anti.
3120 857 3210 913 sub
3237 855 3381 930 βω).

2366 957 2564 1012 Verum
2597 956 2709 1010 lure
2732 954 2867 1009 nihil
2896 953 3102 1010 faciunt
3128 952 3194 1008 ad
3227 952 3459 1008 auctoris
3480 950 3650 1007 nostri
3682 958 3881 1023 propo-

2293 1052 2475 1107 situm.
2522 1049 2816 1104 Salmasius
2861 1056 3041 1102 autem
3091 1045 3489 1102 emendandum
3544 1046 3882 1117 suspicatur,

2295 1143 2417 1215 quid
2446 1142 2642 1198 texite?
2670 1141 2793 1212 quid
2821 1140 3042 1196 mania?
3065 1140 3243 1210 ibique
3264 1154 3363 1195 nos
3389 1138 3646 1194 admonet
3673 1141 3888 1197 nomine

2301 1248 2477 1301 taxea,
2494 1252 2588 1292 seu
2610 1236 2773 1303 taxia,
2796 1234 2941 1292 unde
2965 1234 3034 1291 ab
3061 1233 3282 1290 indocto
3310 1233 3531 1288 librario
3557 1235 3725 1301 (teda,
3752 1235 3891 1290 scri-

2299 1345 2452 1405 ptum
2473 1334 2743 1403 opinatur,
2778 1330 2917 1387 idem
2947 1330 3240 1402 signiﬁcari
3267 1336 3429 1400 atque
3447 1329 3631 1385 arvina
3660 1338 3716 1385 et
3743 1330 3894 1387 lardo

2307 1424 2584 1499 (Saluum,
2616 1424 2877 1479 exercitat.
2904 1422 2963 1476 in
2994 1422 3187 1489 Solim,
3219 1434 3271 1494 ρ.
3305 1420 3454 1495 128).
3488 1424 3570 1477 An
3618 1430 3750 1478 vero
3772 1436 3897 1479 sco-

672 1521 1028 1585 Siticerninm,
1051 1514 1269 1587 quidam
1296 1516 1499 1571 dictum
1527 1520 1758 1568 censent
1787 1524 1815 1564 a
1842 1508 2011 1573 silice,
2044 1515 2205 1577 atque
2308 1536 2433 1591 pum
2484 1520 2573 1575 me
2616 1520 2873 1590 attigerit,
2922 1517 3193 1588 conjicere
3223 1518 3425 1588 poteris
3448 1531 3517 1572 ex
3544 1516 3665 1572 data
3694 1512 3901 1573 ibidem

600 1620 667 1671 ἑο
695 1614 915 1670 nomine
946 1625 1132 1666 senem
1181 1602 1540 1678 decrepitum.
1570 1607 1871 1670 incurvum,
1918 1612 1982 1656 ac
2026 1598 2207 1653 δίιίοθε
2309 1613 2450 1669 illius
2476 1613 2708 1669 nominis
2760 1614 2829 1668 ab
2876 1613 3116 1668 Arnobio
3144 1613 3246 1667 hac
3288 1611 3646 1682 explicatione
3679 1631 3692 1665 :
3729 1626 3750 1665 ι
3783 1611 3907 1667 Pri-

602 1716 916 1765 cernentem
974 1702 1180 1758 vocari.
1213 1705 1282 1755 At
1310 1697 1579 1769 significat
1606 1698 1766 1751 etiam
1797 1706 2032 1758 ctenam,
2064 1688 2206 1759 quae,

604 1811 665 1856 ut
713 1801 789 1854 ait
840 1800 1101 1862 Donatus,
1159 1811 1179 1845 ‹
1236 1792 1463 1847 infertur
1496 1790 1599 1845 diis
1626 1788 1892 1851 Manilius,
1922 1782 2063 1856 quod
2089 1795 2209 1837 eam

2311 1726 2456 1765 mum
2483 1711 2535 1764 in
2569 1709 2809 1778 exiguas,
2842 1726 2865 1761 ι
2898 1706 3095 1779 inquit,
3132 1722 3155 1760 ι
3188 1706 3372 1761 arvina
3398 1713 3482 1761 est
3502 1702 3721 1761 miculas
3749 1705 3912 1762 catil-

2314 1804 2571 1859 laminnm
2616 1805 2819 1858 inSccta
2846 1796 2914 1857 de
2945 1818 3094 1856 more
3127 1821 3146 1853 ›
3182 1794 3361 1873 (Anu,
3387 1796 3426 1854 ι.
3458 1816 3552 1865 vn,
3584 1819 3635 1869 ρ.
3662 1796 3817 1873 250).
3849 1796 3912 1853 In

604 1897 828 1951 silentes
854 1899 1103 1956 cernant,
1134 1888 1186 1943 id
1215 1897 1320 1953 est,
1351 1884 1558 1940 umbra:
1587 1882 1898 1953 possideant
1922 1894 1935 1931 :
1958 1876 2040 1932 vel
2068 1872 2210 1947 quod
2244 1885 2291 1944 Β
2318 1913 2420 1953 ms.
2445 1895 2630 1951 codice
2659 1896 2807 1967 regio
2850 1895 3098 1965 legimus,
3141 1872 3567 1961 cd‘imﬁmm’
3599 1893 3652 1947 in
3683 1872 3913 1964 quibus”

607 1988 698 2055 qui
731 1985 850 2040 hme
882 1982 1139 2045 inferunt,
1175 1983 1401 2035 cernant
1433 1987 1662 2039 tantum,
1696 1984 1871 2042 neque
1902 1968 2210 2039 degustent.

610 2081 739 2135 Nam
765 2079 833 2133 de
858 2078 963 2141 his,
994 2090 1111 2145 qum
1133 2074 1371 2128 libantur
1394 2068 1603 2135 inferis,
1629 2067 1871 2138 quisquis
1894 2058 2209 2125 comederit,

608 2181 701 2227 ant
729 2170 945 2234 biberit,
977 2167 1301 2221 funestatur.
1337 2162 1581 2235 (Dorum,
1612 2165 1666 2213 in
1707 2156 1913 2212 Ter‘ent.
1968 2146 2213 2224 Adelph.,

610 2275 715 2320 act.
744 2268 797 2326 t.
826 2278 967 2316 scen.
1013 2260 1071 2326 Ω,
1116 2260 1171 2311 in
1224 2256 1344 2327 ﬁn.)
1383 2255 1590 2309 Nonius
1618 2264 1751 2305 vero
1779 2248 2007 2319 primam
2037 2238 2213 2314 expli-

614 2359 884 2414 cntionem
904 2353 1161 2424 expiauit,
1182 2346 1237 2405 et
1254 2348 1545 2404 secundam
1568 2345 1650 2399 his
1671 2341 1989 2411 comprobat
2006 2333 2219 2393 verbis:

623 2469 640 2502 ‹
674 2448 1019 2505 Silicernium
1046 2444 1282 2518 pesSime
1309 2440 1676 2510 intelligentes
1705 2437 1776 2489 ita
1809 2433 2055 2504 posuisse
2112 2428 2221 2483 Te-

620 2543 855 2598 rentium
876 2546 1083 2608 putant,
1113 2532 1257 2606 quod
1282 2534 1602 2588 incurvitate
1619 2528 1799 2583 silices
1820 2534 2009 2582 cernat
2032 2536 2223 2578 senex.

622 2633 967 2690 Silicernium
1020 2641 1105 2684 est
1146 2627 1360 2699 proprie
1415 2623 1721 2679 convivium
1776 2619 2023 2683 funebre,
2079 2614 2227 2686 quod

621 2728 841 2782 senibus
870 2723 1177 2781 exhibetur.
1214 2740 1233 2773 ι
1271 2725 1445 2789 Atque
1473 2716 1672 2772 eodem
1703 2714 2005 2785 signiﬁcatu
2032 2707 2231 2777 accipi-

624 2831 765 2876 tura
793 2819 1147 2884 Tertulliauo,
1180 2830 1269 2886 qm
1318 2812 1661 2868 silicernium
1707 2822 1829 2862 cum
1877 2804 2025 2861 lovis
2071 2796 2233 2889 epulo

622 2914 900 2985 componit
938 2911 1291 2984 (Tertullian.,
1337 2905 1582 2977 Apolog.,
1638 2910 1759 2971 cap.
1815 2901 1917 2965 1‘5;
1952 2896 2119 2963 Fest,
2164 2893 2234 2947 ad

626 3011 766 3067 verb.
797 3003 1200 3075 StLtcsnmuu).

698 3105 883 3162 'l‘ertio
904 3101 1120 3157 tandem
1148 3096 1368 3161 Paulus,
1391 3103 1444 3149 et
1462 3088 1701 3153 Verrius,
1726 3100 1757 3143 a
1778 3087 1943 3142 Festo
1963 3082 2235 3148 laudatus,

628 3202 921 3256 observant
947 3190 1278 3249 silicernium
1307 3183 1616 3257 signiﬁcare
1636 3178 1907 3251 quoddam
1937 3174 2239 3231 farciminis

629 3304 820 3365 genus,
873 3302 981 3358 quo
1028 3283 1231 3339 familia
1278 3280 1349 3335 ob
1377 3277 1605 3347 alicujus
1644 3283 1873 3330 mortem
1906 3271 2120 3365 purgari
2152 3266 2234 3365 so:
2267 3260 2313 3339 ζ]

635 3360 796 3441 iebat.
849 3380 929 3436 Eo
984 3387 1165 3434 autem
1219 3389 1384 3431 sensu
1438 3370 1507 3425 ab
1562 3366 1802 3423 Arnobio
1865 3360 2053 3420 nostro
2098 3362 2239 3416 sumi

639 3476 766 3532 inde
793 3473 1086 3543 colligitur,
1113 3469 1237 3540 quia
1266 3466 1335 3523 de
1381 3463 1542 3520 variis
1569 3461 1911 3517 farciminuin
1960 3454 2241 3528 speciebus

636 3572 897 3639 disputat.
1563 3618 1571 3627 ,

706 3661 959 3735 Longari,
994 3674 1099 3715 ms.
1129 3655 1254 3712 cod.
1305 3668 1419 3725 reg.
1466 3648 1705 3721 tangeri,
1736 3652 2014 3715 corrupte,
2049 3640 2244 3696 melius

636 3763 874 3829 longave,
909 3755 993 3809 vel
1022 3754 1267 3823 longano.
1317 3746 1452 3802 Nam
1479 3746 1548 3800 ab
1575 3740 1764 3814 Apicio
1794 3741 2059 3809 scriptum
2112 3735 2246 3829 legi-

640 3828 760 3909 mus
785 3870 799 3906 :
835 3869 853 3903 (
878 3849 1235 3915 Longanones
1252 3841 1507 3912 porcinos
1531 3836 1702 3892 fartus
1724 3844 1793 3889 ex
1811 3835 1933 3903 jure
1949 3828 2248 3885 Tarentino

637 3955 822 4003 coctos
847 3941 1125 3998 concisos:
1148 3936 1326 4009 (Anu,
1358 3933 1396 3987 t.
1438 3947 1534 3995 vn,
1563 3948 1618 4002 ρ.
1650 3924 1793 3992 229;
1846 3925 2102 3994 Apicium,
2132 3921 2168 3974 i.
2196 3934 2251 3974 tv

638 4042 701 4096 de
731 4040 804 4095 Re
830 4035 1063 4107 carptim,
1095 4049 1141 4085 c.
1168 4028 1253 4100 2).
1278 4026 1505 4097 Quidam
1537 4033 1716 4079 autem
1741 4028 1931 4091 putant
1981 4017 2251 4085 longanon

640 4148 761 4191 esse
792 4130 1106 4187 inteStinnm
1138 4135 1370 4180 reetnm.
1421 4117 1531 4175 Sed
1584 4115 1757 4170 Varro
1794 4120 1983 4167 censet
2031 4107 2249 4163 tertium

641 4244 762 4284 esse
795 4224 1045 4287 «fartum,
1069 4216 1216 4290 quod
1246 4216 1456 4285 longius
1503 4224 1665 4282 quam
1698 4207 1806 4263 duo
1846 4205 1955 4259 hila
1992 4222 2013 4256 ι
2038 4200 2253 4275 (Varr.,

643 4322 680 4375 ι.
725 4334 773 4376 ιν
817 4318 879 4372 de
903 4315 1057 4385 Ling.
1088 4288 1209 4377 iat.,
1264 4325 1317 4379 ρ.
1349 4305 1465 4377 28).
1520 4303 1687 4358 Recte
1715 4297 1963 4370 quidem,
2020 4304 2077 4350 et
2124 4288 2256 4349 satis

646 4409 895 4483 apposite
924 4407 991 4462 ad
1021 4396 1531 4462 mentemArnobii,
1561 4394 1651 4465 qui
1677 4392 1793 4447 haec
1817 4397 2069 4483 quatuor,
2102 4399 2133 4439 a
2159 4397 2258 4440 no-

650 4481 734 4559 bis
786 4506 1106 4562 memorata,
1161 4492 1402 4550 declarat
1428 4504 1551 4545 esse
1588 4504 1607 4538 ‹
1643 4481 1983 4540 farciminum
2030 4488 2253 4549 genera,

650 4595 925 4667 hirquino,
958 4611 977 4643 ι
1009 4590 1121 4645 sive
1172 4586 1329 4653 hirci,
1365 4602 1386 4635 ι
1424 4581 1526 4636 alia
1569 4578 1856 4648 sanguine,
1913 4569 2260 4629 comminutis

2314 1990 2435 2044 dam
2467 1988 2647 2055 editis,
2676 1999 2729 2042 at
2771 1987 2866 2043 illa
2894 1987 3147 2051 minutim,
3180 1986 3236 2041 in
3278 1987 3417 2053 aliis,
3445 1996 3491 2042 et
3530 1986 3624 2041 ilia
3649 1984 3910 2041 minutim.

2315 2081 2549 2138 Primam
2579 2092 2757 2136 autem
2788 2082 3072 2137 lectionem
3104 2095 3132 2134 a
3160 2094 3290 2135 vera
3314 2081 3536 2151 propius
3572 2079 3762 2136 abesse
3789 2077 3916 2136 inde

2318 2180 2502 2251 liquet,
2548 2177 2692 2249 quod
2724 2172 2947 2234 librario
2994 2178 3175 2233 latina:
3218 2177 3414 2247 lingua:
3462 2178 3648 2249 ignaro
3676 2174 3918 2247 proclive

2322 2275 2418 2327 fuit
2470 2288 2629 2327 unam
2680 2272 2913 2327 litteram
2963 2272 3172 2327 nomini
3214 2272 3318 2327 sibi
3377 2272 3647 2342 incognito
3692 2270 3918 2327 addere.

2323 2360 2656 2422 Catillamina
2685 2375 2885 2428 autem,
2914 2374 2970 2420 et
2997 2365 3106 2419 alio
3132 2364 3357 2420 Arnobii
3386 2364 3440 2419 in
3468 2364 3610 2420 libro
3632 2362 3659 2437 (
3682 2363 3847 2429 Νῆα..
3875 2374 3925 2418 et

2325 2459 2363 2514 ι.
2396 2475 2454 2526 ιι,
2489 2476 2540 2528 p.
2575 2458 2688 2529 75),
2723 2456 3117 2512 Castellamenta
3159 2457 3413 2523 lucanica,
3465 2456 3711 2529 quaadani
3749 2455 3928 2511 adhuc

2326 2544 2621 2604 l'arciminis
2652 2550 2860 2619 species
2892 2559 3040 2618 sunt,
3090 2566 3209 2621 qua:
3236 2551 3396 2605 etiam
3425 2549 3585 2621 longe
3610 2549 3803 2605 notiori
3830 2548 3931 2604 bo-

2329 2633 2561 2698 tulorum
2589 2643 2809 2698 nomine
2852 2642 3318 2713 nuncupabantur.
3351 2642 3551 2699 Sensus
3578 2642 3757 2713 itaque
3782 2640 3932 2698 illius

2331 2747 2413 2791 est
2460 2737 2724 2802 arvinam,
2779 2751 2876 2791 seu
2925 2735 3113 2792 sebum
3174 2738 3314 2792 inter
3366 2736 3615 2792 animalis
3652 2745 3830 2792 cutem
3874 2742 3937 2791 et.

2333 2832 2543 2886 viscera
2572 2832 2939 2899 interjectuni,
2973 2831 3362 2888 minutissimas
3390 2832 3443 2887 in
3470 2841 3650 2904 partes
3672 2831 3933 2898 divisum,

2336 2934 2496 2994 atque
2526 2924 2579 2978 in
2615 2924 2920 2979 botulorum
2952 2923 3184 2980 fortnam
3211 2925 3599 2996 compositum,
3655 2923 3939 2981 sacrificiis

2337 3012 2560 3074 deorum
2589 3017 3011 3090 adoleri(lbid.,
3063 3038 3118 3089 ρ.
3167 3019 3318 3093 229).
3372 3019 3452 3076 De
3494 3020 3745 3076 laconicis
3791 3018 3941 3076 haud

2338 3110 2510 3167 semel
2551 3111 2829 3181 Martialis,
2873 3123 3037 3185 atque
3080 3113 3133 3167 in
3172 3111 3277 3170 hoc
3303 3112 3643 3185 p0tissimum
3668 3113 3943 3185 epigram~

2342 3213 2485 3262 ntate
2510 3226 2523 3262 ἒ

2436 3320 2560 3387 Fili;
2583 3322 2783 3387 Picena:
2807 3324 2953 3377 venio
2970 3322 3216 3387 Lucanica
3236 3324 3399 3387 porca:
3423 3335 3437 3373 :

2526 3376 2753 3435 Pdltibus
2776 3386 2887 3437 hinc
2909 3384 3068 3436 niveis
3089 3396 3227 3451 grata
3239 3376 3434 3436 ‘corona
3454 3384 3618 3435 datur.

2531 3466 2789 3532 (laniat,
2808 3466 2895 3521 lib.
2916 3464 3021 3532 xm,
3046 3468 3204 3535 epigr.
3223 3472 3310 3535 55;
3335 3477 3383 3522 et
3404 3466 3487 3521 lib.
3507 3484 3575 3532 ιν,
3594 3467 3750 3537 epigr.
3768 3468 3876 3536 46.)

2344 3566 2451 3630 Sed
2478 3564 2543 3631 de
2564 3566 2646 3630 his
2670 3591 2770 3632 nos
2799 3577 2952 3647 plura
2980 3576 3082 3632 sub
3128 3577 3291 3634 linem
3333 3577 3494 3647 hujus
3522 3576 3943 3635 dissertationis.

2348 3662 2653 3727 Secundum
2703 3673 3046 3738 botulorum,
3099 3673 3215 3729 sive
3263 3672 3529 3744 ejusmodi
3579 3674 3946 3741 farciminum,

2348 3778 2516 3831 genus
2565 3765 2621 3818 in
2666 3764 3035 3835 manuscripto
3059 3766 3248 3822 codice
3280 3775 3338 3823 et
3359 3767 3594 3836 antiquis
3617 3766 3949 3823 editionibus

2350 3858 2650 3929 appellatur
2679 3860 2860 3914 mania
2889 3856 3134 3932 (Arn.,t.
3165 3876 3256 3926 vti,
3298 3878 3358 3931 ῃ.
3411 3850 3564 3931 229).
3596 3859 3706 3917 Sed
3740 3859 3950 3916 ultima:

2350 3952 2573 4009 editioni
2610 3953 2953 4023 praepositus,
3008 3953 3268 4025 Sealigeri
3297 3954 3671 4025 conjecturam
3705 3964 3951 4022 secutus,

2351 4047 2514 4103 scribi
2545 4047 2732 4102 maluit
2762 4050 2951 4103 ιωιιὶω.
2975 4048 3144 4119 Hujus
3175 4058 3354 4105 tamen
3382 4050 3730 4106 correctionis
3754 4049 3959 4105 imme-

2356 4156 2491 4207 mor,
2522 4156 2645 4196 cum
2673 4141 2885 4197 caeteris
2932 4140 3277 4208 editionibus,
3326 4149 3382 4198 et
3408 4141 3597 4199 codice
3624 4150 3808 4198 nostro
3831 4156 3958 4197 ma-

2356 4233 2633 4305 nuscripto
2686 4234 2845 4306 paulo
2888 4243 3013 4305 post
3056 4250 3252 4290 nomen
3305 4234 3502 4291 naenia:
3568 4234 3807 4290 retinuit.
3879 4235 3961 4291 At

2356 4326 2567 4383 etiamsi
2596 4325 2665 4381 de
2693 4326 2791 4381 hac
2839 4327 3068 4382 lectione
3118 4342 3223 4382 non
3272 4337 3567 4396 constaret,
3616 4327 3773 4385 nobis
3820 4342 3960 4386 sane

2357 4421 2551 4476 sufﬁcit
2577 4420 2767 4475 tradita
2795 4421 2863 4475 ab
2910 4422 3139 4492 ipsemet
3160 4431 3381 4479 auctore
3406 4422 3520 4479 haec
3547 4423 3689 4479 illius
3715 4422 3960 4495 explica-

2359 4512 2433 4568 tio
2464 4532 2476 4567 :
2512 4532 2531 4565 ι
2561 4513 2716 4582 Quod
2743 4514 2794 4567 in
2826 4513 3065 4570 secundo
3095 4514 3256 4570 situm
3289 4525 3391 4582 est,
3420 4517 3659 4573 intestini
3704 4526 3787 4572 est
3824 4531 3963 4589 por-

2362 4608 2565 4672 rectio,
2601 4621 2697 4675 per
2723 4621 2882 4676 quam
2934 4606 3204 4675 proluvies
3250 4607 3427 4664 editur
3476 4610 3650 4665 succis
3689 4610 3969 4665 exsiccata

648 4691 752 4746 alia
806 4684 1070 4742 itICUlcala
1100 4675 1466 4751 Ρυιῐηθηίδυθν
1507 4692 1527 4726 ⁸
1560 4671 1613 4768 if!
1638 4679 1742 4737 es"
1766 4668 2132 4768 Χέιξθωθωθτι
2173 4667 2258 4768 ίᾹ“’
2284 4670 2339 4732 D
2364 4667 2635 4765 vitalibus,
2661 4718 2681 4752 ι
2708 4667 2820 4754 sive
2846 4667 3062 4756 brevius
3089 4702 3259 4768 colon,
3288 4710 3383 4758 aut
3410 4703 3723 4759 intestinum
3753 4713 3970 4760 rectum

651 4785 884 4846 sinuata,
913 4786 1091 4847 atque,
1123 4775 1199 4828 uti
1229 4771 1488 4836 diximus,
1518 4766 1736 4822 infarta.
1766 4761 1934 4818 1Vides
1956 4772 2091 4815 sane
2118 4759 2263 4814 inter

651 4885 882 4947 quatuor
937 4869 1031 4925 illa
1078 4865 1358 4921 farcimina
1411 4875 1521 4916 non
1568 4870 1823 4929 magnum
1880 4852 2145 4925 profecto,
2198 4864 2264 4905 ac

654 4946 892 5027 nominis
921 4964 1121 5035 potius.
1153 4968 1314 5028 quam
1345 4957 1425 5013 rei
1454 4969 1579 5010 esse
1620 4952 1937 5008 discrimen.
1965 4946 2100 5002 Nam
2132 4946 2259 5010 alia,

656 5065 852 5133 inquit,
883 5057 1018 5113 hirci
1049 5054 1333 5123 sanguine,
1386 5056 1544 5119 quem
1599 5041 1843 5099 nonnulli
1888 5038 2258 5109 sangdiculnm

657 5164 874 5221 vocant,
906 5151 1025 5205 alia
1057 5136 1357 5202 imminutis
1396 5137 1744 5212 pulmonibus
1792 5133 2034 5189 eonfarta
2083 5136 2260 5185 erant.

659 5255 825 5311 Tacet
847 5259 1023 5305 autem
1051 5244 1205 5315 cujus
1228 5238 1501 5303 animalis,
1532 5235 1633 5289 nisi
1656 5229 1933 5287 subaudiri
1966 5226 2096 5280 velit
2127 5223 2266 5285 hirci

658 5348 729 5404 de
754 5344 907 5415 cujus
935 5336 1197 5409 sanguine
1224 5335 1298 5389 ibi
1328 5330 1586 5400 loquitur.
1616 5322 1891 5379 Fortassis
1916 5321 2080 5376 etiam
2110 5316 2265 5372 nobis

663 5431 1174 5505 subintelligendum
1207 5425 1425 5496 reliquit
1448 5422 1561 5476 duo
1592 5420 1770 5490 priora
1802 5415 1973 5483 hirci,
2006 5424 2060 5469 et
2090 5416 2271 5483 poste-

664 5537 807 5591 riora
838 5533 974 5586 facta
1002 5527 1168 5581 fuisse
1194 5519 1537 5579 comminutis
1563 5516 1683 5587 ejus
1708 5511 2079 5586 pulmonibus.
2133 5508 2269 5564 'l‘nr-

667 5626 926 5684 nebnlum
991 5628 1249 5691 prmterea
1283 5658 1298 5683 ,
1352 5616 1398 5668 si
1451 5611 1601 5666 lubet
1654 5617 1711 5664 et
1751 5614 1941 5671 vacat,
1992 5603 2215 5660 consule
2245 5622 2265 5654 ι

672 5718 888 5791 (Tum.,
918 5722 1026 5768 Situ
1061 5709 1301 5776 Adrian,
1340 5722 1390 5760 ς.
1424 5703 1503 5776 6).

742 5806 926 5876 Pergit
972 5801 1243 5858 Arnobius
1273 5818 1287 5852 :
1328 5817 1346 5851 ι
1379 5796 1520 5865 Quid
1553 5794 1725 5860 taeda,
1778 5789 1906 5862 quid
1934 5789 2112 5844 taenia:
2141 5787 2269 5860 (ms.

674 5899 796 5960 cod.
825 5895 1036 5965 naeniae)
1079 5891 1205 5964 quid
1237 5890 1375 5955 οὔτε,
1406 5900 1514 5945 non
1543 5888 1705 5960 vulgi,
1736 5882 2054 5955 sedquibus
2071 5886 2157 5937 est
2177 5896 2275 5937 no-

2367 4792 2557 4866 (lbid.,
2597 4811 2650 4863 p.
2690 4791 2845 4864 251).
2892 4792 3147 4849 Nonnulli
3188 4803 3367 4852 autem
3408 4795 3622 4866 probari
3667 4809 3829 4867 posse
3866 4811 3972 4867 pu-
4052 4812 4064 4820 ‘

2365 4896 2481 4941 tant
2510 4887 2730 4943 nomine
2772 4888 2959 4955 nwnia,
2993 4888 3122 4944 illud
3152 4890 3440 4961 significari
3486 4890 3569 4946 his
3596 4889 3769 4946 Plauti
3797 4892 3973 4971 versi-

2360 4979 2463 5038 bus
2490 4998 2503 5035 :
3788 4974 3795 4979 '

2462 5092 2517 5161 §i
2541 5092 2633 5142 tibi
2658 5101 2736 5161 est
2749 5093 3009 5161 machaera,
3028 5100 3081 5146 et
3098 5095 3241 5161 nobis
3258 5097 3457 5161 verrina
3478 5095 3611 5147 domi
3630 5107 3731 5161 est,

2463 5155 2789 5221 Qua‘quideni
2808 5163 2857 5206 te
2884 5158 3072 5216 faciam,
3096 5158 3138 5207 si
3164 5172 3242 5207 me
3268 5159 3561 5221 irritaveris,

2463 5217 2822 5270 Confessiorem
2841 5221 3052 5270 soricina
3076 5222 3250 5269 naenia.

2758 5301 3005 5365 (Planus,
3029 5300 3330 5368 Bacchifid.,
3356 5308 3468 5358 Act.
3492 5321 3559 5369 iv,
3587 5302 3813 5373 sceret)

2372 5412 2429 5467 id
2454 5421 2557 5479 est,
2603 5410 2753 5482 juxta
2792 5410 3144 5481 quorumdam
3187 5411 3721 5482 interpretationem,
3762 5423 3815 5470 te
3854 5410 3979 5470 ma-

2374 5506 2455 5577 gis
2475 5503 2786 5559 confossum
2818 5502 3033 5572 faciam,
3058 5516 3217 5575 quam
3248 5504 3455 5559 Sorieis
3472 5505 3530 5561 in
3560 5505 3851 5576 muscipula
3880 5506 3984 5563 de-

2368 5595 2651 5669 prehensi.
2684 5606 2741 5651 et
2768 5606 2913 5652 certa
2943 5595 3173 5668 quadam
3206 5594 3607 5654 machinatione
3637 5598 3863 5670 perfossi
3894 5599 3986 5656 in-

2379 5688 2656 5747 testinum.

2448 5782 2656 5839 Dehinc
2681 5782 2747 5838 ab
2774 5786 2992 5838 auctore
3035 5786 3222 5839 nostro
3278 5790 3646 5842 memorantur
3691 5805 3710 5839 ι
3739 5774 3842 5842 σαι
3883 5792 3989 5858 pe-

2382 5879 2513 5945 nita,
2550 5895 2569 5930 ι
2601 5892 2720 5947 qua:
2766 5874 2884 5946 ipso
2914 5886 3221 5946 enarrante,
3260 5896 3280 5929 α
3317 5886 3402 5935 est
3426 5893 3549 5935 cum
3576 5878 3837 5951 particula
3864 5881 3988 5936 vis-
