4172 6252
582 255 684 316 ΘΠ

1857 251 2304 313 DISSERTA'I‘IO
2341 252 2502 312 ΡΒᾹΞ
2514 254 2619 311 \"IA

3770 251 3873 307 648

582 374 781 431 deinde
817 373 976 430 docet
1005 371 1279 442 quomodo
1308 371 1556 445 placenta
1587 369 1680 427 ﬁat
1708 386 1776 428 ex
1806 370 1976 426 farina
2006 371 2179 441 siligi-
2207 374 2256 433 Α
2286 382 2532 438 mentum,
2557 388 2586 426 a
2613 371 2772 443 pulpa
2793 368 3162 462 'proculdubio
3191 368 3442 426 derivari.
3471 366 3638 439 Pulpa
3670 376 3870 435 autem,

584 486 707 532 nea,
736 471 868 524 alica
910 469 1101 540 prima,
1142 485 1294 540 aqua:
1331 467 1528 535 infusa,
1557 469 1759 524 recenti
1801 482 1959 523 caseo
1997 467 2180 530 ovillo,

585 562 747 617 melle
779 561 941 627 bono,
971 562 1165 630 quibus
1193 563 1333 617 inter
1360 576 1419 616 se
1449 560 1769 627 commistis,
1802 569 1857 615 et
1887 559 2016 614 lauri
2046 559 2186 614 foliis

583 653 900 724 suppositis,
932 653 1176 721 placenta
1207 653 1566 724 componitur,
1600 654 1737 708 bene
1764 663 1816 707 ct
1847 653 2019 706 otiose
2060 669 2184 722 per-

585 745 890 817 coquenda.
924 746 1028 803 Sed
1065 747 1180 802 bzec
1215 747 1320 802 libi
1342 757 1396 802 et
1423 747 1682 817 placenta:
1712 757 1878 813 tanta,
1909 747 1984 801 uti
2010 747 2181 814 vides,

584 855 692 894 non
737 850 820 894 est
860 839 1196 905 diﬁ'erentia,
1240 839 1368 910 quin
1412 839 1480 894 ad
1529 855 1693 893 unum
1735 839 1982 910 idemque
2021 855 2188 911 genus

590 943 866 1005 nequeant
905 933 1116 989 referri.
1157 934 1326 1006 Magis
1355 935 1554 1005 quippe
1590 949 1621 988 a
1655 935 1857 990 Catone
1889 933 2190 1002 explicatur

586 1046 692 1101 quo
726 1030 854 1083 fiant
890 1029 1072 1088 modo.
1107 1044 1265 1100 quam
1299 1039 1476 1083 utrum
1505 1043 1564 1084 re
1592 1029 1703 1096 ipsa
1731 1029 1870 1082 inter
1895 1043 1954 1083 se
1979 1027 2188 1090 discre-

586 1135 736 1197 pent.
794 1123 1157 1191 Quamobrem
1222 1123 1457 1178 Isidorus
1491 1139 1505 1176 :
1551 1141 1570 1174 ι
1611 1123 1899 1187 Placentia,
1941 1141 1959 1174 ι
1997 1123 2186 1194 inquit,

596 1235 613 1268 ι
645 1226 788 1282 sunt,
821 1233 942 1288 qua:
978 1218 1112 1271 ﬁunt
1151 1232 1216 1272 ex
1261 1219 1422 1283 farre,
1457 1232 1586 1286 quas
1623 1216 1714 1270 alii
1745 1217 1848 1271 liba
1885 1216 2093 1283 dicunt,
2125 1232 2191 1272 eo

586 1311 729 1381 quod
756 1311 979 1378 libeant,
1008 1320 1064 1367 et
1117 1311 1368 1382 placeant
1399 1329 1417 1362 ι
1457 1309 1698 1382 (Isidor.,
1744 1311 1834 1369 lib.
1889 1327 1958 1365 xx
2018 1311 2190 1382 0rig.,

590 1421 711 1475 cap.
745 1403 826 1475 2).

659 1499 924 1554 Cz‘cterum
962 1498 1205 1568 quamvis
1236 1496 1405 1552 libum
1446 1508 1501 1551 ct
1541 1495 1790 1566 placenta
1837 1512 2025 1566 parum
2057 1494 2195 1551 adeo

589 1591 730 1645 inter
768 1606 827 1646 se
868 1582 1261 1660 discreparent,
1312 1589 1359 1644 si
1408 1590 1539 1644 Cato
1591 1600 1768 1644 tamen
1813 1605 1874 1645 ea
1923 1590 2191 1655 distinxit,

591 1682 723 1738 nihil
757 1683 995 1751 profecto
1026 1682 1319 1753 prohibere
1343 1681 1578 1749 videtur,
1605 1682 1895 1751 quominus
1926 1682 1994 1737 ab
2020 1685 2193 1736 Arno-

2288 466 2366 519 uti
2397 464 2776 520 animadvertit
2803 464 3061 531 Donatus,
3093 483 3112 516 ι
3140 464 3353 534 proprie
3383 478 3446 519 ea
3475 472 3557 516 est
3585 476 3732 526 caro,
3757 477 3876 532 qua:

2289 559 2675 624 manducatur,
2719 573 2786 613 co
2829 557 2972 629 quod
3013 557 3270 628 pulsetur,
3316 565 3370 612 et
3409 553 3813 611 conscindatur.
3852 573 3870 606 ι

2290 649 2527 705 Isidorus
2576 665 2703 705 vero
2734 667 2746 703 :
2782 669 2800 701 ι
2837 650 3020 720 Pnlpa,
3052 667 3070 699 ι
3106 649 3296 719 inquit,
3333 666 3351 698 ι
3385 647 3546 712 dicta,
3591 645 3715 716 quia
3757 661 3874 701 cum
3931 683 3946 701 .λ

2292 744 2439 813 pulte
2483 744 2609 798 olim
2653 743 2942 798 commixta
2984 743 3318 798 vescebatur.
3349 760 3367 793 ι
3399 740 3502 796 Sed
3534 739 3682 805 alibi,
3714 749 3792 807 et,
3824 751 3880 795 ut

2293 835 2479 890 multis
2523 837 2756 902 videtur,
2802 836 3037 890 melius:
3072 855 3091 886 ι
3126 835 3284 905 Pulpa
3326 845 3407 888 est
3444 847 3569 888 caro
3605 834 3724 888 sine
3766 833 3879 903 pin-

2292 928 2543 998 guedine,
2592 929 2753 995 dicta,
2809 929 2950 1000 quod
3005 928 3256 998 palpitet;
3307 927 3476 981 resilit
3526 927 3670 981 enim
3718 941 3878 995 smpe.

2293 1022 2444 1077 Hauc
2465 1022 2709 1093 plerique
2731 1031 2784 1077 et
2808 1025 3011 1076 viscum
3056 1028 3269 1086 vocant,
3298 1018 3438 1090 quod
3465 1019 3732 1091 glutinosa
3763 1019 3831 1074 sit
3858 1039 3876 1071 ο

2294 1113 2536 1182 (Donat.,
2569 1115 2624 1168 in
2654 1113 2858 1168 Terent.
2897 1112 3113 1185 Hecyr.,
3145 1123 3244 1166 act.
3278 1127 3350 1178 Ill,
3389 1128 3526 1166 scen.
3558 1110 3624 1178 4;
3665 1110 3880 1179 hillen,

2296 1207 2384 1262 lib.
2416 1224 2474 1262 ιιι
2518 1207 2745 1280 0rigin.,
2779 1225 2892 1278 cap.
2930 1210 2956 1263 1
2989 1219 3036 1262 et
3067 1207 3183 1262 libr.
3215 1223 3306 1271 xx,
3335 1223 3448 1277 cap.
3473 1205 3554 1276 2).

2368 1305 2462 1358 His
2523 1304 2592 1358 ita
2661 1304 2984 1369 observatis,
3048 1301 3307 1372 particula
3375 1300 3617 1371 negativa
3673 1317 3773 1355 non
3833 1301 3885 1356 in

2296 1397 2519 1456 Arnobii
2553 1407 2701 1452 textu
2735 1397 2890 1452 nobis
2921 1411 3018 1452 suo
3050 1397 3170 1451 loco
3201 1404 3344 1450 mota
3375 1405 3617 1465 apparet,
3651 1403 3707 1451 et
3734 1411 3889 1466 repo-

2296 1492 2471 1548 nenda
2513 1501 2637 1547 ante
2675 1506 2870 1547 nomen
2913 1491 3268 1562 palpamenta,
3306 1497 3467 1558 atque
3504 1498 3627 1544 ante
3665 1489 3887 1544 verbum

2299 1595 2414 1639 exta
2440 1593 2532 1639 aut
2558 1583 2949 1651 subaudienda,
2980 1592 3072 1637 aut
3102 1583 3298 1639 iterum
3337 1580 3680 1643 collocanda;
3715 1580 3784 1635 ita
3836 1591 3894 1636 ut

2299 1680 2377 1733 sic
2417 1679 2684 1734 scribatur
2711 1697 2723 1732 :
2753 1677 2869 1732 Non
2903 1678 3078 1748 placet
3109 1677 3387 1733 nominare
3416 1691 3626 1731 carnem
3670 1675 3894 1740 Strebu-

592 1777 681 1832 bio
711 1777 959 1833 distincta
1003 1777 1200 1831 fuerint
1238 1778 1362 1842 alia,
1397 1791 1502 1830 non
1541 1777 1766 1830 multmn
1801 1793 1827 1830 τι
1861 1791 1920 1830 se
1961 1778 2188 1832 invicem
2222 1775 2269 1833 B
2302 1772 2576 1837 lant,......
2611 1787 2712 1825 non
2742 1772 3071 1843 palpamenta
3097 1787 3238 1837 assa,
3267 1786 3379 1840 qua:
3404 1771 3458 1823 in
3486 1770 3692 1824 verubus
3724 1780 3850 1824 sunt
3877 1787 3896 1824 :

595 1869 805 1924 diversa
846 1870 1073 1924 liborum
1116 1885 1338 1940 genera,
1382 1885 1500 1940 qua:
1545 1869 1612 1923 ab
1655 1869 1749 1923 illo
1777 1887 1789 1898 ·
1821 1869 2040 1940 Africia,
2074 1886 2197 1939 ενα-

597 1962 742 2029 tilla,
799 1971 1120 2026 catumeum,
1179 1963 1530 2032 conspolium,
1594 1972 1640 2016 et
1693 1960 1880 2016 cubula
1941 1972 2200 2016 vocantur

598 2054 839 2126 (.~lruob.,
871 2055 958 2110 lib.
992 2073 1084 2118 vn,
1124 2071 1244 2126 pag.
1277 2055 1426 2127 9.30).
1461 2056 1576 2110 Non
1609 2055 1750 2110 aliud
1773 2057 1914 2110 enim
1946 2056 2085 2110 inter
2111 2056 2197 2109 illa

599 2150 780 2203 omnia
810 2148 1099 2204 discrimen
1130 2147 1502 2203 intercessisse
1529 2147 1759 2213 videtur,
1789 2145 1892 2201 nisi
1922 2163 1989 2202 ex
2031 2156 2200 2203 mate-

599 2245 701 2309 ria,
725 2253 775 2298 et
801 2243 1009 2298 ratione
1030 2258 1132 2313 qua
1167 2242 1279 2296 ﬁeri
1308 2243 1574 2296 solebant.
1598 2242 1762 2296 Suum
1797 2254 1974 2296 autem
2005 2258 2197 2297 nomen

599 2337 683 2390 vel
717 2334 861 2402 inde,
889 2334 973 2390 vel
997 2350 1024 2387 a
1047 2335 1192 2399 loco,
1221 2335 1307 2390 ubi
1343 2335 1574 2405 primum
1606 2335 1743 2390 facta
1776 2343 1920 2396 sunt,
1951 2335 2036 2390 vel
2062 2351 2089 2387 a
2120 2335 2201 2390 di-

599 2444 756 2484 versa
786 2443 881 2482 sua
911 2427 1083 2482 forma
1116 2437 1170 2482 et
1201 2431 1368 2500 ﬁgura
1406 2436 1753 2496 acceperunt.
1789 2425 1981 2482 Nostra
2021 2437 2198 2483 autem

600 2522 741 2577 scire
772 2535 958 2590 parum
987 2521 1212 2576 interest
1242 2520 1384 2575 unde
1411 2520 1653 2577 derivata
1679 2521 1788 2575 sint
1819 2519 1933 2576 haec
1960 2521 2194 2587 nomina,

607 2624 700 2670 aut
741 2615 866 2687 quid
907 2630 1097 2670 revera
1144 2614 1467 2686 signiﬁcent,
1519 2615 1612 2670 sed
1654 2623 1851 2685 quanta
1900 2615 2201 2670 insulsitate

602 2708 832 2779 gentiles
882 2705 998 2762 haec
1047 2707 1252 2761 ﬁctitiis
1300 2707 1402 2762 diis
1454 2707 1585 2774 suis,
1637 2708 1790 2778 quasi
1840 2707 2200 2762 esurientibus

601 2804 706 2859 liba
716 2803 903 2858 verint.

674 2898 833 2952 Multa
863 2898 985 2964 alia,
1018 2913 1170 2969 teque
1191 2896 1437 2964 ridicula,
1472 2897 1746 2952 Arnobius
1771 2898 2020 2953 consulto
2042 2898 2196 2952 omit-

600 2993 666 3046 tit
695 2991 906 3065 (lbid.),
943 2991 1124 3061 aitque
1163 2991 1263 3046 sibi
1296 3006 1400 3044 non
1433 2989 1700 3061 placuisse
1734 3007 1952 3046 carnem
1982 2991 2195 3049 strebu-

600 3088 708 3144 lam
750 3087 1054 3150 nominare,
1093 3102 1208 3154 quae
1250 3095 1514 3139 taurorum
1553 3085 1911 3140 coxendicibus
1954 3086 2195 3140 demitur.

2301 1883 2402 1920 non
2433 1875 2548 1920 exta
2575 1868 2823 1931 animata,
2861 1877 2968 1921 etc.
3003 1865 3093 1922 Sic
3122 1866 3265 1921 enim
3305 1874 3520 1934 apertus
3549 1865 3650 1921 erit
3675 1865 3762 1920 hic
3791 1869 3896 1920 Ar-

2301 1959 2446 2014 nobii
2491 1974 2682 2014 sensus
2712 1977 2726 2014 :
2756 1960 2814 2014 In
2859 1959 3136 2015 sacriﬁciis
3181 1958 3376 2013 frustra
3419 1957 3625 2014 adoleri
3668 1972 3790 2013 assa
3843 1957 3895 2012 in

2299 2053 2534 2107 verubus
2579 2054 2946 2123 palpamenta,
3001 2054 3102 2107 hoc
3148 2060 3248 2117 est,
3303 2052 3494 2106 molles
3539 2063 3593 2107 et
3639 2051 3898 2107 delicatas

2301 2147 2479 2202 carnis
2525 2148 2641 2202 sine
2685 2147 3007 2218 pinguedine
3051 2157 3252 2218 partes,
3301 2161 3422 2217 qua:
3473 2162 3624 2201 suam
3677 2155 3898 2216 propter

2303 2241 2581 2297 mollitiem
2625 2242 2904 2312 palpitant.
2944 2241 3164 2297 Frustra
3195 2241 3356 2296 etiam
3397 2241 3541 2296 litari
3581 2241 3896 2296 animalium

2302 2345 2444 2402 exta,
2492 2335 2638 2404 prius
2680 2337 2930 2400 animata,
2976 2347 3029 2390 et
3071 2335 3394 2391 Carbonihm
3433 2335 3742 2402 torrefacta,
3774 2348 3898 2403 qua!

2302 2428 2516 2498 quidem
2547 2443 2652 2483 non
2687 2428 2740 2484 in
2769 2428 3023 2492 verubus,
3057 2429 3150 2484 sed
3175 2429 3451 2485 succensis
3475 2438 3677 2484 tantum
3707 2429 3899 2483 carbo-

2303 2520 2462 2576 nibus
2488 2519 2682 2575 torreri
2717 2529 2985 2591 poterant.
3019 2521 3089 2575 Ea
3116 2530 3294 2576 autem
3323 2520 3428 2575 diis
3453 2522 3630 2577 oblata
3656 2521 3822 2577 fuisse
3855 2522 3898 2577 si

2303 2616 2536 2685 dubites,
2568 2616 2853 2672 certiorem
2895 2616 3087 2672 Festus
3129 2625 3179 2672 te
3210 2615 3387 2679 faciet,
3427 2618 3514 2686 qui
3546 2616 3670 2673 inde
3702 2632 3899 2672 nomen

2303 2725 2458 2764 suum
2515 2711 2702 2763 sortita
2751 2723 2872 2764 esse
2915 2708 3184 2764 existimat
3218 2727 3232 2763 :
3271 2727 3290 2759 ι
3327 2709 3483 2775 Exta,
3520 2729 3538 2761 ι
3569 2711 3662 2776 ait,
3703 2728 3722 2761 ι
3755 2710 3899 2764 dicta

2301 2801 2443 2873 quod
2473 2817 2534 2857 ea
2564 2801 2667 2856 diis
2698 2811 3064 2871 prosecentur,
3103 2818 3223 2874 quae
3255 2805 3487 2859 maxime
3521 2813 3728 2871 extant,
3757 2804 3899 2860 emi-

2303 2904 2557 2965 nentque.
2591 2914 2609 2947 ι
2643 2892 2870 2964 (Festus,
2901 2895 2970 2949 ad
2998 2896 3132 2950 verb.
3169 2895 3378 2967 Exn.)

2375 2988 2539 3043 Addit
2585 2989 2852 3044 Arnobius
2881 3006 2894 3042 :
2930 3008 2949 3041 ‹
2984 2989 3100 3044 Νοιι
3129 2991 3440 3058 salsamina,
3479 3007 3597 3062 quae
3635 3003 3760 3047 sunt
3799 3009 3902 3048 una

2303 3083 2616 3139 commixtio
2681 3083 2958 3156 quadrinis
3004 3085 3251 3155 copulata
3303 3086 3542 3157 frugibus
3586 3106 3604 3138 ι
3652 3087 3899 3156 (Arnob,

604 3183 693 3247 At,
728 3181 886 3237 Festo
907 3181 949 3234 si
981 3179 1269 3241 credimus,
1311 3177 1412 3232 hoc
1442 3193 1636 3233 nomen
1669 3177 1738 3232 ab
1754 3177 1992 3234 Umbria:
2024 3194 2194 3248 p0pu-
2222 3165 2266 3228 C
2301 3177 2390 3233 lib.
2423 3195 2516 3245 vn,
2553 3195 2674 3251 pag.
2707 3177 2863 3249 250).
2895 3178 3086 3234 Nonne
3119 3194 3249 3234 vero
3277 3177 3360 3234 his
3392 3180 3568 3235 verbis
3592 3181 3763 3236 salsas
3793 3181 3904 3236 fru~

602 3274 669 3330 lis
716 3284 894 3328 ortum
940 3272 1155 3338 habuit;
1198 3271 1322 3342 quia
1365 3271 1471 3325 illis
1516 3272 1686 3341 magis
1740 3287 1898 3341 quam
1943 3270 2200 3325 Romanis

604 3368 859 3422 usitatum
902 3374 1020 3421 erat
1071 3363 1304 3438 (Festus,
1353 3364 1422 3416 ad
1470 3363 1798 3432 Srnanuu).
1847 3363 2198 3419 Observatum

605 3459 870 3530 siquidem
916 3459 984 3513 ab
1023 3474 1089 3514 eo
1130 3458 1398 3528 legimus:
1434 3475 1452 3508 ι
1489 3457 1760 3512 Strebula.
1807 3455 2060 3514 Umbrico
2097 3473 2198 3512 no-

522 3595 534 3608 .
599 3554 748 3609 mine
787 3551 1008 3606 Plautus
1051 3549 1284 3621 appellat
1330 3548 1652 3604 coxendices
1707 3549 2022 3612 hostiarum,
2066 3565 2202 3620 quas

603 3645 765 3716 graeci
794 3645 955 3720 μηρία
985 3641 1190 3708 dicunt,
1223 3656 1344 3711 quae
1373 3641 1424 3694 in
1464 3640 1652 3694 altaria
1696 3641 1896 3709 imponi
1934 3639 2198 3706 solebant,

603 3747 661 3793 ut
702 3736 922 3791 Plautus
963 3735 1037 3789 ait
1079 3734 1132 3788 in
1179 3731 1495 3787 Frivolaria.
1529 3751 1548 3785 ι
1579 3731 1719 3787 Nulli
1763 3734 1942 3803 itaque
1979 3733 2199 3788 dubium

605 3846 726 3888 esse
758 3839 960 3902 p0test,
990 3829 1119 3900 quin
1151 3843 1213 3883 ea
1245 3843 1372 3883 caro
1401 3827 1452 3881 in
1483 3827 1820 3882 ethnicorum
1853 3828 2020 3883 sacris
2048 3827 2202 3882 adhi-

605 3925 845 3982 beretur.
877 3924 1010 3980 Nam
1039 3934 1093 3979 et
1120 3922 1308 3978 Pollux
1337 3921 1428 3978 ubi
1454 3922 1629 3976 varias
1659 3921 1909 3992 loquendi
1944 3923 2204 3978 formulas

605 4017 674 4074 ad
703 4033 856 4073 sacra
885 4016 1217 4088 pertinentes
1261 4025 1528 4082 recenset,
1581 4015 1718 4070 hanc
1751 4025 2015 4072 memorat
2044 4021 2205 4096 μηρία

607 4114 848 4167 ἐπιθεῖναι
903 4108 1126 4182 (Pollux
1182 4109 1474 4175 0nomast.,
1529 4107 1619 4164 lib.
1679 4125 1728 4174 ι,
1777 4109 1934 4181 δη,
1980 4129 2095 4183 cap.
2149 4113 2202 4180 1,

610 4222 730 4276 pag.
775 4203 856 4276 8),
897 4204 1196 4259 coxendices
1239 4205 1520 4276 imponere.
1574 4203 1655 4260 Ad
1701 4205 1750 4260 id
1802 4215 1980 4261 autem
2031 4207 2206 4265 facere

609 4295 884 4353 nonnullis
911 4296 1126 4351 videtur
1166 4295 1274 4363 hic,
1318 4297 1527 4352 tametsi
1573 4307 1860 4368 corruptus
1889 4315 1918 4353 a
1950 4298 2204 4365 librariis,

612 4390 870 4447 Varronis
901 4389 1072 4458 locus,
1105 4389 1196 4445 ubi
1225 4390 1466 4447 diversas
1500 4391 1674 4447 Plauti
1702 4394 1999 4451 comoedias
2028 4394 2161 4450 citat
2190 4414 2203 4450 :

621 4502 640 4535 ι
675 4483 731 4537 tn
768 4481 1041 4547 Cestione,
1072 4482 1416 4549 cerastibola,
1449 4492 1510 4538 ut
1547 4483 1615 4539 de
1651 4485 1832 4541 lumbo
1871 4487 2205 4543 obcmnabis.

611 4576 946 4634 Cerastibola
985 4575 1191 4648 Opilius
1233 4577 1420 4632 scribit
1460 4577 1664 4634 circum
1710 4581 2040 4637 coxendices
2083 4589 2208 4637 sunt
2234 4561 2289 4621 Β

614 4667 776 4726 nobis
800 4685 815 4723 :
845 4666 896 4722 id
920 4681 1153 4739 graecum
1175 4674 1258 4722 est
1275 4667 1346 4723 ab
1366 4666 1522 4736 hujus
1545 4669 1646 4724 loci
1691 4685 1912 4725 versura
1943 4690 1962 4724 ι
1993 4669 2204 4741 (γυνη,

618 4761 708 4818 lib.
742 4777 797 4816 γι
847 4758 915 4816 de
953 4759 1110 4834 Ling.
1153 4761 1272 4841 ιω..
1305 4780 1426 4835 pag.
1466 4761 1582 4836 85).
1627 4763 1702 4819 lbi
1741 4766 1882 4820 enim
1927 4765 2208 4837 legendum

616 4864 807 4928 putant
841 4871 961 4910 caro
999 4855 1241 4925 strebula,
1282 4857 1351 4912 de
1388 4872 1490 4927 qua
1530 4866 1717 4914 auctor
1753 4867 1935 4915 noster
1967 4859 2208 4916 disserit.

617 4950 831 5007 Videsis
858 4949 1118 5021 Scaligeri
1162 4951 1215 5005 in
1257 4950 1372 5006 hmc
1402 4950 1660 5006 Varronis
1699 4953 1861 5007 verba
1902 4953 2209 5010 annotatio-

616 5055 738 5110 nes,
752 5056 816 5098 ac
832 5041 878 5096 si
893 5041 1046 5106 velis,
1066 5039 1300 5097 Turnebi
1314 5040 1634 5098 Adversaria
1653 5040 1922 5111 (Turneb.,
1946 5041 2034 5098 lib.
2053 5059 2208 5111 χχιιι,

614 5150 734 5205 cap.
765 5133 879 5209 18).

690 5228 896 5285 Dehinc
942 5243 1074 5285 vero
1122 5227 1396 5284 Arnobius
1433 5245 1446 5280 :
1487 5245 1507 5278 ι
1543 5227 1654 5284 Nec
1701 5228 1901 5300 placet,
1949 5249 1968 5282 ι
2016 5229 2210 5300 inquit,

621 5322 958 5380 «nominare
990 5321 1333 5394 palpamenta
1381 5335 1485 5377 non
1529 5335 1671 5388 assa,
1713 5337 1832 5394 quae
1881 5325 1934 5378 in
1978 5325 2213 5381 verubus

616 5429 740 5475 exta
780 5428 926 5484 sunt,
963 5417 1197 5473 animata
1227 5417 1378 5487 prius
1405 5423 1460 5471 et
1501 5416 1784 5472 torrefacta
1830 5417 2156 5474 carbonibus
2188 5437 2206 5471 ι

615 5511 857 5581 (Arnob.,
887 5510 975 5565 lib.
1002 5527 1096 5579 vn,
1127 5527 1250 5582 pag.
1282 5508 1438 5584 250).
1475 5507 1578 5564 Sed
1619 5507 1775 5578 hujus
1809 5517 1987 5566 textus
2014 5513 2214 5568 obscu-

609 5605 748 5662 ritas
793 5601 944 5658 illum
981 5602 1050 5658 ab
1091 5601 1369 5672 imperito;
1400 5610 1493 5655 aut
1522 5600 1786 5656 oscitante
1821 5601 2040 5658 librario
2068 5604 2218 5659 adul-

604 5697 844 5758 teratum
867 5708 986 5749 esse
1006 5699 1136 5755 satis
1160 5695 1419 5754 ostendit.
1444 5696 1782 5766 Quapropter
1809 5703 1867 5748 ut
1897 5696 1988 5757 lux
2013 5695 2212 5767 aliqua,

588 5779 641 5839 l8
685 5785 822 5852 ﬁeri
862 5797 1038 5858 queat,
1080 5791 1136 5849 ei
1185 5787 1458 5858 offeratur,
1499 5788 1793 5850 observare
1826 5788 2008 5865 juvat,
2039 5793 2216 5865 palpa-

2301 3287 2395 3342 ges
2437 3271 2704 3342 intelligit,
2743 3286 2876 3340 quas
2906 3272 2958 3326 in
2995 3271 3273 3327 sacriﬁciis
3303 3272 3502 3327 ethnici
3535 3273 3904 3330 adhibebant?

2303 3365 2468 3420 Sinon
2499 3366 2697 3436 quippe
2727 3365 2864 3436 apud
2894 3365 3175 3438 Virgilium
3206 3365 3320 3420 hmo
3350 3367 3550 3422 dixisse
3577 3366 3750 3422 fertur
3778 3386 3793 3423 :

2394 3479 2603 3545 Jamque
2619 3479 2727 3545 dies
2746 3478 2937 3530 infanda
2962 3480 3151 3540 aderat,
3173 3480 3289 3530 mihi
3312 3493 3446 3532 sacra
3469 3482 3646 3545 parari,

2395 3543 2459 3592 Et
2479 3544 2620 3593 salsae
2639 3543 2830 3606 fruges.

2706 3624 2939 3692 (Virgil.,
2961 3626 3047 3678 lib.
3073 3643 3107 3676 ιι
3135 3627 3342 3687 (Enequ
3369 3641 3496 3679 vers.
3519 3627 3651 3689 129.)

2304 3733 2505 3790 Plinius
2533 3741 2708 3788 autem
2749 3732 2905 3789 docet
2935 3750 2965 3788 a
2993 3732 3165 3788 Numa
3197 3749 3322 3804 rege
3353 3734 3657 3790 institutum
3698 3755 3717 3788 ι
3758 3737 3900 3793 Deos

2312 3830 2462 3899 fruge
2487 3831 2690 3895 colere,
2716 3837 2772 3883 et
2799 3828 2938 3884 mola
2962 3829 3100 3884 salsa
3127 3830 3453 3900 supplicare.
3487 3849 3505 3882 ι
3534 3829 3752 3886 Servius
3776 3847 3907 3888 vero
3956 3875 3960 3878 .

2305 3926 2361 3980 in
2390 3924 2582 3980 citatos
2609 3924 2819 3996 Virgilii
2848 3939 3035 3980 versus
3065 3924 3317 3980 observat
3345 3927 3422 3980 sal
3450 3936 3506 3982 et
3533 3925 3615 3982 far
3649 3927 3749 3981 dici
3777 3943 3905 3982 mo-

2307 4018 2410 4074 lam
2452 4020 2670 4086 salsam,
2699 4033 2858 4090 quam
2896 4018 3103 4073 Plinius
3144 4019 3196 4073 in
3231 4019 3481 4075 omnibus
3523 4019 3816 4084 sacriﬁciis,
3849 4030 3909 4075 et

2306 4124 2425 4170 eam
2453 4115 2622 4170 solam
2654 4130 2681 4168 a
2711 4115 3036 4186 pauperibus
3068 4114 3376 4170 hominibus
3419 4115 3627 4171 litatam
3667 4117 3912 4172 afﬁrmat

2309 4207 2505 4282 (Plin.,
2556 4209 2645 4263 lib.
2677 4225 2805 4264 xvnt
2835 4208 2973 4264 Hist.
3005 4220 3201 4278 natur.,
3223 4227 3338 4282 cap.
3368 4209 3425 4274 2,
3451 4229 3571 4283 pag.
3597 4211 3732 4276 475;
3768 4209 3911 4266 Pro~

2310 4303 2438 4374 log.,
2482 4303 2569 4358 lib.
2616 4319 2655 4370 ι,
2696 4303 2911 4375 pag.,5,
2950 4313 2995 4357 et
3025 4303 3114 4357 lib.
3150 4320 3298 4372 xxxt,
3331 4321 3448 4376 cap.
3485 4306 3537 4373 7,
3585 4323 3704 4378 pag.
3750 4307 3905 4376 809).

2312 4397 2417 4454 Sed
2449 4397 2670 4453 Tibulus
2699 4400 2769 4454 ab
2793 4397 3045 4454 omnibus
3081 4408 3368 4470 utrumque
3406 4398 3485 4454 far
3513 4398 3569 4456 et
3596 4400 3675 4455 sal
3709 4401 3910 4471 saepius

2309 4491 2608 4548 adhibitum
2639 4493 2783 4548 canit
2816 4510 2831 4547 :

2406 4673 2470 4741 Et
2487 4687 2661 4741 vanum
2685 4681 2917 4726 metuens
2936 4675 3187 4741 hominum
3209 4689 3386 4741 genus,
3409 4678 3571 4729 omnia
3589 4679 3740 4730 noctis

2409 4737 2560 4789 Farre
2585 4739 2668 4802 pio
2686 4743 2900 4804 placant,
2918 4746 2972 4790 et
2989 4737 3346 4792 saliente‘sale.

2953 4823 3184 4890 (ΗΜΛ,
3205 4823 3290 4876 lib.
3317 4841 3418 4887 xm,
3442 4826 3565 4892 eleg.
3585 4828 3656 4890 4.)

2317 4947 2596 5018 Quomodo
2638 4959 2840 5019 autem,
2888 4966 2918 5008 a
2969 4953 3182 5023 quibus,
3232 4963 3287 5008 et
3329 4969 3437 5025 quo
3481 4965 3721 5026 tempore
3768 4957 3909 5012 mola

2317 5043 2458 5099 salsa
2488 5045 2641 5101 ﬁeret
2667 5045 2922 5104 describit
2952 5047 3189 5114 Servius,
3237 5063 3397 5121 quem
3437 5050 3678 5105 consule.
3726 5052 3908 5106 Arno-

2318 5136 2440 5194 bius
2479 5153 2642 5209 porro
2686 5137 2924 5196 declarat
2963 5155 3085 5198 esse
3123 5140 3504 5211 quadrinarum
3543 5157 3639 5200 seu
3680 5155 3912 5214 quatuor

2314 5227 2531 5301 frugum
2559 5231 3020 5289 commixtionem.
3055 5235 3126 5290 At
3155 5233 3410 5305 Virgilius
3451 5235 3613 5290 citato
3649 5237 3759 5302 jam
3792 5251 3910 5291 car—

2315 5324 2462 5380 mine
2513 5325 2694 5395 plures
2743 5325 3020 5383 indeﬁnite
3072 5329 3248 5399 fruges
3298 5338 3559 5384 memorat
3607 5328 3808 5399 (Serr.,
3855 5332 3908 5384 in

2328 5413 2510 5486 Virgil.
2540 5418 2701 5489 eclog.
2732 5419 2786 5484 8,
2818 5437 2938 5491 pag.
2970 5417 3082 5490 l:6).

2392 5504 2519 5562 Vult
2548 5525 2762 5581 quoque
2794 5513 3066 5567 Arnobius
3091 5513 3239 5584 rejici
3268 5516 3516 5584 fendicas,
3543 5530 3637 5572 seu
3667 5527 3722 5570 ut
3745 5518 3905 5585 aliqui

2317 5600 2603 5673 legendum
2627 5612 2815 5674 putant
2841 5604 3068 5675 feudicas
3097 5605 3336 5679 (Arnob,
3361 5608 3448 5663 lib.
3477 5625 3566 5676 vn,
3601 5627 3717 5682 pag.
3749 5609 3901 5683 230).

2317 5693 2399 5750 Ex
2446 5695 2609 5751 variis
2654 5708 2831 5753 autem
2873 5700 3180 5756 nominibus
3214 5703 3283 5759 ab
3327 5704 3420 5759 illo
3457 5705 3758 5770 recensitis,
3802 5703 3909 5760 hoc

2318 5792 2564 5851 nonnulli
2615 5808 2778 5850 unutn
2817 5809 2938 5853 esse
2980 5805 3187 5870 putant,
3233 5797 3373 5870 quod
3417 5814 3554 5856 nunc
3601 5799 3901 5871 ignoratur.
