4230 6266
284 334 393 399 655

1465 333 1533 392 ΙΝ
1563 332 1936 406 ABNOBIUM,
1977 336 2132 394 CAP.
2171 336 2363 397 XXIV.

3468 335 3577 397 σει

279 453 531 524 primitus
560 450 712 511 illum
738 458 1048 525 agnoverat.
1081 450 1296 509 Etruria
1323 459 1502 508 autem
1536 461 1683 509 recte
1710 454 1779 509 ab
1806 468 1871 509 eo
1902 454 1954 517 A
1979 454 2186 525 potuit?
2216 454 2483 510 Praeterea
2517 452 2641 523 quis
2669 452 2912 523 qualisve
2941 467 3009 509 ex
3038 455 3261 509 cremati
3291 456 3488 526 thuris,
3521 462 3575 516 id

278 544 683 615 superstitionis
731 545 982 616 magistra
1011 554 1067 600 et
1094 554 1268 600 mater
1308 556 1567 608 vocatur,
1613 546 1690 601 uti
1720 547 1880 602 exiis

276 647 446 710 patet,
471 653 593 708 qua:
615 636 682 692 de
710 636 798 691 illa
828 636 955 691 alibi
984 637 1376 701 adnotavimus,
1410 648 1572 708 atque
1593 636 1658 693 iis
1689 637 1875 706 etiam,

276 748 399 805 qua:
416 733 497 793 ab
516 730 731 796 Ovidio,
756 731 966 799 Servio,
998 730 1255 803 Dionysio
1282 730 1709 795 Halicarnasseo,
1741 729 1878 786 Ter-

275 827 505 889 tulliano
540 825 733 887 litteris
768 827 1086 896 consignata
1118 835 1243 881 sunt
1279 825 1484 899 (0m’d.,
1516 825 1603 880 lib.
1650 842 1723 882 xv
1762 826 1876 881 lle-

277 930 431 987 tam,
474 937 595 992 pag.
637 920 779 984 577;
826 919 1004 986 Serm,
1048 920 1103 974 in
1156 918 1363 991 Virgil.,
1417 918 1505 974 lib.
1552 933 1593 974 ll
1637 916 1879 988 Emit,

276 1030 402 1087 pag.
436 1012 581 1079 359;
612 1011 831 1085 Diangs.
863 1011 1066 1075 Halic.,
1098 1011 1186 1068 lib.
1215 1028 1273 1068 ιι
1307 1030 1429 1084 pag.
1458 1013 1603 1077 563;
1629 1012 1876 1079 Tertull.,

275 1108 371 1169 lib.
405 1109 469 1169 de
496 1107 757 1177 Sputum,
789 1123 906 1173 cini.
930 1105 1010 1179 4).
1036 1107 1106 1163 At
1133 1105 1281 1163 hisce
1306 1106 1662 1176 scriptoribus
1691 1106 1742 1161 in
1766 1107 1878 1177 pri-

274 1202 385 1259 mis
411 1200 771 1261 accersendas
796 1200 1017 1267 Cicero,
1065 1201 1156 1270 qui
1199 1202 1253 1257 in
1300 1216 1395 1257 sua
1432 1200 1500 1257 de
1527 1200 1876 1271 haruspicum

272 1296 556 1365 responsis
581 1295 828 1353 oratione
857 1294 999 1350 hunc
1044 1293 1282 1364 loquitur
1325 1293 1379 1351 in
1420 1293 1679 1350 modum:
1716 1314 1735 1346 ι
1767 1294 1880 1366 Ego

274 1405 411 1447 vero
433 1390 668 1459 primum
683 1388 857 1455 habeo
885 1395 1134 1445 auctores
1163 1402 1226 1442 ac
1246 1388 1536 1459 magistros
1556 1388 1877 1459 religionum

275 1483 801 1543 colendarum.......
866 1484 959 1554 qui
1030 1491 1404 1553 portentorum
1471 1483 1879 1554 explanationes

276 1576 626 1633 Etruscorum
651 1576 935 1645 disciplina
958 1577 1222 1633 contineri
1244 1586 1590 1647 putaverunt.
1613 1596 1633 1631 ι
1661 1575 1876 1648 (Ciam,

277 1679 415 1728 orat.
441 1685 550 1727 xxx
578 1672 642 1723 de
670 1667 903 1738 Harusp.
930 1685 1097 1741 νειμ,
1122 1686 1240 1739 pag.
1273 1667 1428 1740 451.)

346 1763 533 1834 Atqui,
557 1763 747 1833 primis
766 1762 1083 1821 eorumdem
1126 1762 1480 1821 Etruscorum
1520 1761 1883 1832 temporibus,

1981 556 2083 612 ρει,
2119 545 2251 600 visci
2284 561 2348 599 ex
2377 543 2588 601 arboris
2615 543 2908 600 corticibus
2935 543 3250 613 profluentis
3277 546 3442 603 odore
3473 549 3575 607 diis

1981 636 2158 693 honor
2186 635 2473 692 redditur?
2503 634 2611 692 Cur
2638 651 2743 693 non
2772 652 2838 693 ex
2859 638 2982 692 aliis
3004 653 3218 708 quoque
3244 639 3500 698 odoribus
3521 653 3578 700 et

1980 732 2306 803 vaporibus?
2344 730 2613 803 Numquid
2660 732 2786 802 quia
2832 733 3043 788 incensi
3076 732 3214 790 odor
3251 734 3425 791 thuris
3468 737 3577 793 illis

1983 828 2174 898 magis,
2207 842 2368 897 quam
2397 827 2537 884 alius
2559 836 2745 897 gratus
2777 826 2897 883 est?
2919 825 3024 882 Sed
3053 826 3127 882 dii
3154 842 3315 885 nares
3341 843 3448 885 non
3478 828 3580 885 ha—

1983 922 2141 988 bent,
2167 922 2363 991 quibus
2388 936 2579 988 auras,
2606 920 2892 992 aeriosque
2916 921 3140 991 spiritus
3164 921 3384 979 ducant.
3411 924 3579 993 Quid-

1985 1015 2112 1085 quid
2142 1016 2283 1069 enim
2312 1029 2379 1069 eo
2410 1014 2573 1069 modo
2598 1013 2797 1085 spirat,
2831 1013 3061 1068 mortale
3090 1021 3191 1069 est.
3224 1014 3294 1068 At
3318 1014 3449 1071 deos
3478 1017 3580 1071 im-

1984 1108 2244 1165 mortales
2272 1122 2394 1164 esse
2422 1107 2655 1177 debere,
2700 1108 2819 1179 quis
2858 1122 2964 1163 non
2996 1108 3232 1165 fatetur?
3276 1107 3433 1165 Nullo
3473 1109 3579 1163 ita-

1960 1192 2092 1273 ‘que
2119 1204 2292 1258 thuris
2330 1213 2423 1258 aut
2463 1202 2568 1257 alio
2594 1202 2761 1258 odore
2791 1202 3075 1273 capiuntur
3105 1224 3119 1256 :
3151 1201 3387 1257 Tametsi
3419 1204 3579 1269 mille,

1986 1296 2156 1367 inquit
2188 1298 2490 1359 Arnobius,
2530 1306 2583 1351 tu
2624 1297 2851 1367 pondera
2883 1296 3101 1351 masculi
3146 1297 3309 1350 thuris
3342 1297 3582 1351 incendas

1987 1387 2182 1459 (Ibid.,
2214 1405 2334 1460 pag.
2361 1386 2514 1460 254).
2540 1388 2690 1443 Thus
2717 1398 2892 1444 autem
2936 1388 3268 1455 masculum,
3319 1389 3582 1460 quemad-

1986 1480 2207 1537 modum
2232 1480 2459 1549 Plinius,
2490 1481 2815 1551 Serviusque
2835 1482 3126 1538 observant
3152 1481 3346 1552 (Plia.,
3395 1482 3482 1537 lib.
3508 1498 3583 1538 xu

1990 1575 2133 1630 Hist.
2168 1584 2369 1640 unum,
2413 1592 2529 1646 cap.
2565 1577 2654 1642 14,
2696 1592 2816 1647 pag.
2844 1575 2936 1641 25;
2972 1575 3144 1642 Serm,
3176 1576 3229 1630 in
3267 1577 3359 1631 cit.
3396 1573 3582 1647 Virgil.

1988 1670 2210 1739 versus),
2237 1684 2267 1723 a
2289 1669 2475 1739 specie
2499 1669 2871 1725 testiculorum
2893 1668 3100 1725 dictum
3129 1679 3364 1739 putatur,
3391 1669 3585 1739 gallice

1989 1778 2119 1818 vero
2148 1760 2450 1832 appellatur
2477 1780 2492 1817 :
2525 1778 2704 1818 encens
2726 1761 2881 1829 male,
2910 1761 2999 1817 vel
3026 1761 3221 1819 oliban.
3248 1761 3327 1818 De
3348 1761 3440 1817 illo
3466 1761 3585 1817 Vir-

275 1855 485 1917 nnllurn
518 1857 573 1910 in
601 1854 881 1926 gentilium
921 1855 1093 1911 sacris
1137 1855 1261 1913 thus
1291 1853 1590 1911 adhibitum
1621 1869 1748 1913 esse
1772 1855 1880 1913 du-
1910 1845 1963 1911 B
1984 1858 2146 1929 gilius
2175 1856 2430 1913 cantabat
2462 1875 2476 1911 :

273 1950 399 2022 plici
418 1957 614 2005 auctor
632 1958 819 2009 noeter
836 1949 1049 2005 ratione
1064 1947 1400 2005 demonstrat
1415 1947 1654 2021 (Arnob.,
1674 1948 1762 2003 lib.
1779 1964 1876 2014 vit,

274 2061 398 2116 pag.
425 2042 577 2114 232).
610 2042 792 2103 Primo
819 2042 963 2101 enim
996 2040 1100 2097 hoc
1142 2039 1479 2106 sacellorum,
1511 2040 1715 2109 inquit,
1741 2039 1884 2094 indi-

272 2147 393 2195 cant
433 2138 596 2200 ritus,
631 2135 722 2193 ubi
764 2134 887 2193 thus
920 2149 1026 2191 non
1058 2131 1466 2189 incendebatur.
1508 2130 1716 2189 Deinde
1743 2146 1879 2186 vero

274 2231 459 2291 nullus
489 2230 632 2289 illius
667 2244 798 2289 usus
838 2229 968 2296 fuit,
996 2227 1415 2299 quadringentis,
1457 2227 1658 2297 inquit,
1689 2227 1874 2294 annis,

276 2324 461 2396 quibus
493 2323 696 2381 Albana
723 2339 805 2381 res
830 2321 989 2393 uiguit
1008 2362 1026 2387 ,
1068 2336 1131 2376 ac
1174 2318 1430 2390 quamdiu
1471 2318 1733 2377 Romulus
1758 2360 1774 2386 ,
1822 2327 1879 2377 et

275 2416 484 2482 Numa,
529 2416 887 2487 religionum,
932 2413 1010 2475 uti
1052 2413 1183 2468 satis
1220 2427 1287 2471 ex
1335 2411 1574 2469 historiae
1618 2410 1877 2469 Romana:

276 2509 638 2580 scriptoribus
666 2509 849 2579 liquet.
879 2507 1094 2571 artilex,
1123 2505 1382 2567 Romanis
1403 2504 1758 2573 imperarunt.
1783 2503 1877 2559 Al-

273 2607 546 2665 banorum
571 2612 751 2659 autem
781 2616 1007 2672 regnum
1035 2598 1246 2657 initium
1281 2597 1436 2653 duxit
1467 2596 1536 2653 ab
1562 2595 1758 2661 Enen,
1790 2594 1876 2653 vel

280 2699 469 2771 potius
493 2697 561 2755 ab
579 2697 813 2757 Ascanio
833 2696 952 2766 ejus
976 2693 1108 2759 tilio,
1135 2708 1164 2747 a
1191 2706 1298 2762 quo
1322 2689 1454 2747 Alba
1479 2689 1636 2760 longa
1662 2687 1878 2745 condita

277 2803 385 2853 est.
434 2791 617 2851 Livius
656 2799 835 2851 autem
881 2789 1018 2845 alios
1054 2783 1364 2858 singillatim
1412 2788 1658 2837 recenset
1697 2779 1873 2852 (Βία,

281 2889 373 2947 lib.
398 2905 438 2958 ι,
468 2899 601 2958 post.
632 2885 801 2958 init),
824 2885 916 2956 qui
940 2893 1062 2954 post
1090 2882 1242 2939 illum
1264 2885 1648 2951 regnaverunt,
1672 2890 1876 2947 eosque

281 2998 349 3039 ex
373 2981 566 3038 eodem
600 2979 785 3043 Livio,
819 2977 1009 3033 Ovidio
1031 3019 1044 3042 ,
1078 2973 1338 3045 Dionysio
1377 2979 1432 3026 et
1458 2968 1692 3025 Eusebio
1721 2968 1876 3040 Sigo-

272 3077 402 3137 nius
432 3076 486 3132 in
515 3075 630 3131 suis
654 3073 722 3130 ad
753 3072 887 3133 Livii
915 3069 1192 3129 historiam
1218 3062 1677 3133 adnotationibus,
1708 3072 1764 3121 et
1783 3064 1877 3121 alii

280 3167 683 3240 chronographi
713 3167 1016 3237 designant.

2078 1971 2214 2034 Effer
2237 1983 2431 2034 aquam,
2458 1975 2512 2021 et
2532 1969 2662 2034 molli
2681 1973 2827 2032 cinge
2852 1970 2961 2021 hac
2983 1969 3151 2021 altaria
3170 1974 3313 2033 vitta,

2077 2033 2439 2098 Verbenasque
2460 2033 2605 2101 adole
2630 2034 2854 2098 pingues,
2883 2041 2935 2084 et
2957 2034 3170 2085 mascula
3197 2035 3359 2087 thura.

2418 2118 2647 2187 (Virg'l.,
2678 2120 2832 2187 eclog.
2858 2121 2907 2182 8,
2934 2134 3060 2174 vers.
3086 2120 3216 2173 64st
3235 2120 3394 2186 seqq.)

1982 2231 2153 2286 Porro
2181 2236 2360 2285 autem
2406 2228 2651 2299 quamvis
2689 2226 3049 2291 concedatur,
3084 2229 3228 2298 quod
3258 2236 3440 2285 tamen
3482 2226 3583 2283 fal-

1983 2337 2104 2378 sum
2134 2330 2239 2387 est,
2267 2321 2499 2391 aliquem
2541 2319 2644 2375 diis
2684 2335 2811 2377 esse
2840 2320 3160 2386 odoratum,
3205 2335 3331 2391 qua,
3377 2335 3586 2390 quasso,

1983 2417 2193 2472 ratione
2220 2415 2437 2485 probari
2467 2423 2644 2484 potest
2668 2413 2832 2483 hujus
2872 2413 3046 2468 thuris
3075 2413 3299 2469 odorem
3328 2412 3439 2469 illis
3464 2427 3587 2469 esse

1983 2522 2197 2583 gratum
2236 2525 2299 2565 ac
2328 2509 2590 2565 suavem?
2616 2507 2885 2578 Numquid
2915 2508 3040 2578 quia
3070 2506 3380 2563 hominibus
3404 2506 3587 2562 suavis

1984 2605 2108 2662 est?
2133 2605 2328 2663 Nonne
2360 2605 2476 2662 ﬁeri
2507 2604 2664 2660 facile
2692 2612 2906 2675 potest,
2936 2612 2995 2658 ut
3018 2618 3138 2673 quae
3168 2602 3252 2658 his
3280 2618 3488 2658 ammna
3534 2610 3591 2658 et

1979 2699 2220 2770 jucunda
2250 2699 2522 2767 videntur,
2570 2698 2692 2762 diis,
2736 2713 2965 2769 quorum
3009 2698 3171 2769 plane
3215 2697 3429 2753 diversa
3466 2711 3588 2753 esse

1985 2792 2217 2851 debebat
2257 2792 2590 2855 substantia,
2622 2791 2973 2863 displiceant,
3010 2792 3183 2861 iisque
3224 2793 3449 2849 molesta
3479 2790 3591 2846 sint

1984 2894 2147 2957 atque
2167 2885 2500 2955 injucunda?
2532 2884 2739 2941 Videsis
2761 2883 3079 2942 Gothofredi
3111 2885 3501 2941 commentaria
3530 2885 3588 2941 in

1985 2979 2275 3037 Theodosii
2302 2979 2480 3050 Magni
2504 2978 2765 3046 edictum,
2789 2995 2895 3049 quo
2916 2978 3211 3051 gentilibus
3234 2977 3409 3033 thuris
3434 2992 3586 3046 usus,

1986 3073 2275 3136 sacriﬁcia,
2299 3083 2357 3131 et
2382 3074 2562 3131 omnis
2582 3074 2809 3130 deorum
2832 3074 3010 3130 cultus
3032 3072 3352 3146 prohibetur
3371 3071 3514 3147 (tam.
3536 3089 3590 3128 vt

1984 3167 2116 3224 Cod.
2150 3167 2370 3233 Theod.,
2400 3169 2500 3240 leg.
2534 3168 2623 3232 12,
2654 3184 2773 3241 pag.
2802 3167 2910 3223 275
2930 3175 2984 3221 et
3012 3166 3200 3238 καφ).

352 3261 436 3319 Ad
468 3230 534 3316 e2
567 3230 730 3331 porro
761 3230 931 3329 ιιεᾷιιθ
959 3267 1202 3328 tempora
1232 3256 1435 3313 nullum
1464 3259 1519 3315 in
1549 3258 1720 3316 sacris
1752 3254 1876 3312 thus
1902 3230 1949 3299 (ἶ
2057 3260 2237 3318 Unum
2268 3230 2484 3317 tandem
2519 3230 2835 3317 hisaddere
2874 3260 3055 3325 liceat,
3075 3230 3241 3333 'quod
3272 3259 3342 3316 ab
3369 3267 3589 3316 auctore

281 3354 464 3415 datum
490 3352 685 3410 fuisse.
725 3371 743 3407 ι
771 3351 949 3416 Pium,
981 3370 1000 3404 ι
1036 3350 1207 3421 inquit
1236 3350 1531 3416 Arnobius,
1568 3370 1588 3404 ι
1616 3349 1698 3405 far
1726 3362 1879 3402 mon-

279 3459 446 3519 strat,
490 3463 602 3517 quo
649 3447 831 3518 peragi
861 3460 979 3502 mos
1024 3443 1127 3500 fuit
1171 3443 1562 3501 sacriﬁciorum
1614 3443 1879 3500 solemnia

276 3543 460 3603 munia
489 3560 510 3597 ι
550 3540 789 3612 (Arnob.,
816 3541 916 3596 loc.
942 3536 1076 3609 cit.).
1109 3536 1399 3595 Enimvero
1437 3537 1631 3607 prisca,
1671 3545 1726 3592 ut
1755 3550 1879 3606 per-

280 3634 433 3693 hibet
467 3633 694 3693 Ovidius
713 3675 729 3701 ,
761 3640 941 3696 aetate,
969 3640 1212 3701 agrestes
1239 3630 1416 3687 adhuc
1444 3628 1693 3687 homines
1734 3630 1877 3685 farre

277 3740 339 3789 et
363 3728 500 3797 sale,
529 3728 642 3787 sive
671 3726 811 3783 mola
845 3725 998 3795 falsa,
1026 3722 1097 3781 de
1115 3740 1216 3794 qua
1246 3738 1345 3781 nos
1372 3723 1642 3794 superius,
1667 3721 1772 3777 diis
1801 3720 1873 3776 li-

284 3822 477 3883 tabant
499 3831 555 3881 et
575 3817 976 3879 sacrificabant.
1005 3815 1096 3877 Sic
1119 3824 1298 3874 autem
1325 3815 1415 3872 ille
1442 3813 1670 3873 canebat
1692 3830 1706 3868 :

276 3956 319 4000 ε..
376 3933 527 4000 Ante,
550 3934 674 3989 deos
689 3932 873 3983 homini
894 3929 1023 4000 quod
1041 3925 1531 4000 conciliare_valeret,

467 3988 562 4048 Far
586 4001 713 4055 erat,
732 4001 786 4058 et
802 3988 1085 4058 puriilucida
1104 3993 1223 4041 mica
1248 3988 1381 4058 salis.

371 4058 599 4110 Nondum
624 4049 895 4122 pertulerat
918 4055 1200 4122 iacrymatas
1221 4054 1404 4122 cortice
1428 4049 1647 4113 myrrhas

466 4122 592 4172 Acta
612 4116 713 4186 ne;
723 4130 979 4186 aquoreas
1000 4116 1194 4186 hospita
1215 4116 1354 4186 navis
1375 4125 1545 4186 aquas.

277 4190 293 4253 ξ
370 4184 538 4253 Tinga
564 4176 657 4253 nec
674 4176 969 4253 Euphrates,
995 4176 1311 4253 necimisgrat
1331 4176 1469 4253 ludia
1486 4181 1693 4235 costum,

465 4244 577 4297 Nec
600 4238 796 4296 fuerant
811 4238 1171 4304 rubri‘coguita
1192 4238 1272 4289 ﬁla
1293 4239 1441 4289 croci.

966 4323 1152 4391 (one,
1175 4321 1259 4375 lib.
1285 4338 1304 4374 ι
1326 4324 1537 4385 Fastor.,
1563 4322 1592 4386 ς
1612 4321 1687 4384 8.)

278 4462 444 4523 Moris
481 4468 664 4519 autem
696 4457 854 4530 hujus
883 4471 1100 4514 causam
1136 4464 1258 4527 post
1300 4450 1627 4510 Varronem.
1670 4446 1873 4504 Plinius

280 4556 552 4623 reddidit,
583 4553 834 4610 nimirum
866 4552 988 4621 quia
1019 4560 1231 4605 veteres
1260 4547 1338 4602 sal
1379 4561 1500 4602 cum
1541 4559 1677 4615 pane
1704 4542 1872 4598 esita-

1983 3366 2175 3414 nostro
2220 3365 2368 3415 recte
2414 3356 2684 3413 traditur:
2725 3374 2744 3408 ι
2778 3355 2963 3411 Thura
2993 3369 3115 3413 cum
3167 3354 3422 3410 carnibus
3467 3368 3590 3410 esse

1983 3450 2351 3521 parentalibus
2395 3450 2836 3522 conjunctissima
2870 3457 3236 3505 mortuorum.
3276 3466 3296 3501 ι
3334 3449 3585 3521 (Arnob.,

1982 3543 2072 3599 lib.
2105 3559 2195 3608 vu,
2235 3560 2355 3616 pag.
2385 3540 2539 3616 242).
2573 3541 2820 3597 Ethnicis
2867 3537 3136 3611 siquidem
3176 3553 3298 3595 mos
3336 3549 3486 3605 erat,
3529 3547 3590 3595 ut

1981 3639 2098 3695 suis
2130 3648 2496 3709 parentantes,
2527 3644 2865 3693 mortuorum
2902 3648 3129 3704 corpora
3177 3632 3335 3689 thure
3363 3632 3583 3702 perfun-

1980 3731 2178 3789 derent
2197 3773 2214 3799 ,
2247 3733 2361 3788 sive
2386 3747 2449 3789 ea
2477 3738 2888 3794 cremarentur,
2936 3730 3057 3784 sive
3085 3726 3475 3783 mandarentur
3498 3742 3585 3784 se-

1981 3825 2236 3896 pulturae.
2268 3824 2406 3882 Nam
2444 3822 2701 3897 Virgilius
2729 3822 2817 3877 ubi
2863 3819 3125 3877 describit
3156 3820 3314 3876 funus
3354 3819 3582 3888 Miseni,

1867 3964 1875 3983 λ
1982 3927 2038 3973 et
2062 3917 2335 3990 quomodo
2364 3926 2665 3973 crematum
2693 3915 2765 3970 sit
2790 3915 2907 3984 ejus
2933 3928 3150 3983 corpus.
3184 3912 3259 3969 ibi
3280 3912 3451 3968 dixit:

2691 4029 2935 4091 Congesta
2958 4031 3244 4091 cremantur

2169 4095 2367 4148 Thurea
2391 4095 2543 4155 dona,
2562 4094 2732 4155 dapes,
2755 4088 2862 4155 ΐιιὲφ
2883 4088 3276 4155 crateresolivo.

2235 4156 2461 4225 (Virgil,
2491 4153 2574 4206 lib.
2600 4150 2649 4207 vi
2674 4151 2891 4214 £neid.,
2920 4163 3046 4203 vers.
3065 4150 3217 4204 224st
3234 4153 3392 4216 seqq.)

2055 4267 2249 4326 Festus
2270 4281 2400 4323 vero
2421 4264 2639 4334 scripsit
2662 4275 2906 4317 acerram
2938 4273 3059 4314 esse
3085 4272 3256 4323 aram,
3286 4266 3410 4313 ante
3434 4273 3579 4314 mor-

1984 4375 2134 4419 tuum
2166 4360 2294 4434 poni
2343 4357 2588 4424 solitam,
2622 4354 2711 4410 ubi
2754 4352 2955 4409 odores
2997 4350 3424 4407 incendebantur
3445 4394 3462 4420 ,
3494 4352 3579 4409 vel

1983 4472 2163 4513 arcam
2192 4455 2278 4510 ubi
2302 4454 2424 4508 thus
2444 4450 2776 4521 reponebam
2803 4445 3034 4520 (Festus,
3058 4446 3126 4500 ad
3146 4447 3281 4500 verb.
3303 4446 3572 4518 ACERRA).

1983 4552 2324 4620 Quapropter
2346 4545 2559 4610 Cicero,
2588 4544 2677 4599 ubi
2706 4542 2853 4613 leges
2877 4538 2945 4595 de
2971 4538 3274 4608 sepulchris
3295 4549 3349 4593 et
3372 4539 3580 4597 furibus

279 4650 428 4711 bant.
466 4649 718 4708 Valerius
746 4660 875 4701 vero
902 4641 1188 4708 Maximus,
1225 4655 1347 4696 cum
1380 4637 1713 4707 frequentior
1733 4678 1747 4701 ,
1790 4637 1873 4691 iu-
1903 4625 1960 4688 Β
1990 4651 2255 4699 memorat
2274 4684 2289 4705 ,
2325 4639 2435 4693 Nec
2477 4653 2697 4703 acerne,
2728 4636 2932 4704 inquit,
2961 4641 3330 4705 praetereantur
3357 4631 3576 4706 (Cicera,

280 4747 418 4821 quit,
449 4743 596 4816 apud
626 4758 720 4800 eos
747 4740 930 4812 pultis,
972 4752 1133 4808 quam
1173 4734 1325 4806 panis
1356 4748 1483 4789 usus
1508 4741 1675 4800 esset,
1706 4729 1761 4784 in
1789 4746 1875 4784 sa-

280 4837 500 4899 crificiis
548 4834 797 4893 omnibus
844 4831 986 4887 mola
1036 4829 1177 4889 salsa
1204 4867 1221 4894 ,
1267 4826 1320 4881 id
1360 4834 1462 4890 est,
1496 4824 1638 4881 farre
1677 4834 1730 4879 et
1760 4824 1872 4879 sale

279 4930 622 5009 composita,
673 4942 783 4985 non
829 4935 1005 4981 autem
1058 4921 1250 4985 thure,
1303 4919 1592 4974 utebantur
1643 4914 1871 4991 (Plin.,

280 5024 373 5080 lib.
406 5007 533 5079 aut
566 5019 706 5079 Hist.
761 5027 960 5083 natur.,
985 5031 1099 5087 cap.
1133 5013 1187 5078 7,
1220 5030 1339 5084 pag.
1375 5009 1481 5068 809
1507 5019 1553 5064 et
1580 5025 1709 5081 seq.;
1757 5007 1876 5065 Val.

283 5116 460 5183 Nam,
490 5115 582 5170 lib.
610 5130 668 5187 tt,
697 5128 813 5182 cap.
845 5112 896 5181 5,
934 5106 1038 5181 §5,
1066 5124 1186 5179 pag.
1216 5104 1366 5175 109.).

356 5210 541 5281 Itaque
570 5205 843 5264 Arnobius
872 5201 996 5258 inde
1024 5202 1103 5255 sic
1131 5206 1573 5268 argumentatur:
1604 5194 1660 5251 Si
1691 5193 1766 5249 dii
1794 5193 1879 5250 in-

283 5318 449 5361 censo
481 5300 639 5357 thure
669 5300 963 5371 placantur,
997 5306 1287 5365 peccavere
1316 5289 1563 5344 homines
1589 5286 1821 5356 antiqui,
1845 5302 1877 5342 a

285 5400 481 5473 quibus
509 5397 555 5453 is
580 5394 717 5451 ritus
738 5392 972 5448 omissus
996 5396 1098 5445 est.
1121 5385 1174 5443 Si
1201 5400 1329 5439 vero
1355 5383 1456 5438 diis
1477 5381 1628 5444 olim,
1652 5390 1744 5434 aut
1768 5393 1875 5434 non

282 5492 512 5565 placuit,
560 5498 653 5542 aut
702 5482 1012 5543 indiderens
1059 5479 1187 5546 fuit,
1234 5476 1431 5532 frustra
1480 5488 1544 5531 ac
1589 5486 1874 5542 perperam

286 5585 579 5645 adhibetur
602 5581 844 5655 (Arnob,
875 5578 961 5633 lib.
995 5592 1092 5641 vu,
1122 5590 1239 5647 pag.
1267 5569 1419 5642 955).

359 5678 544 5753 Neque
586 5668 876 5733 dicendum
923 5681 1006 5728 est
1052 5670 1182 5725 deos
1230 5667 1384 5723 thure
1423 5663 1548 5720 dato
1597 5662 1878 5719 honorari.

291 5776 409 5834 Non
436 5774 580 5832 enim
607 5771 870 5844 quaeritur
906 5776 1085 5825 utrum
1126 5763 1406 5824 homines,
1454 5757 1550 5815 sed
1591 5767 1771 5813 utrum
1809 5754 1887 5811 dii

286 5882 607 5931 persuasum
639 5864 769 5927 illud
797 5856 1105 5923 habuerint.
1135 5859 1204 5914 At
1230 5854 1352 5929 quis
1381 5868 1616 5927 unquam
1654 5851 1708 5909 id
1747 5849 1890 5909 scire

1990 4739 2076 4793 lib.
2127 4753 2164 4792 tt
2206 4737 2269 4790 de
2295 4734 2470 4805 legib.,
2500 4750 2621 4803 pag.
2650 4727 2799 4802 541).
2831 4728 3050 4799 Legesis
3070 4726 3211 4798 apud
3243 4726 3577 4783 Brissonium

1989 4831 2167 4887 varias
2212 4840 2454 4884 veterum
2484 4824 2555 4880 de
2601 4823 2755 4877 thure
2781 4820 2885 4875 diis
2912 4819 3092 4874 dando
3135 4818 3391 4873 formulas
3416 4817 3583 4889 (Briso

1990 4940 2129 4986 son.,
2162 4920 2254 4975 lib.
2285 4935 2303 4974 1
2341 4917 2402 4971 de
2428 4915 2631 4980 Form.,
2661 4929 2780 4985 pag.
2805 4910 2876 4966 29
2905 4920 2953 4964 et
2977 4908 3092 4982 50).
3123 4912 3192 4963 At
3221 4919 3369 4965 certe
3398 4926 3464 4965 ex
3495 4910 3579 4967 his

1989 5032 2111 5088 quae
2142 5014 2282 5069 dicta
2311 5022 2470 5078 sunt,
2503 5009 2659 5079 plane
2687 5004 2970 5061 coniicitur
2999 5003 3241 5058 inutilem
3274 5018 3496 5073 prorsus
3521 5013 3576 5059 et

1988 5108 2422 5182 superstitiosum
2463 5102 2627 5157 fuisse
2668 5098 2876 5164 thuris,
2908 5095 3110 5152 ﬁctitiis
3154 5096 3432 5167 gentilium
3477 5096 3580 5152 diis

1988 5202 2219 5265 incensi,
2249 5215 2403 5256 usum
2447 5205 2501 5253 et
2527 5208 2755 5250 morem.
2795 5190 2865 5246 At
2896 5190 2964 5245 de
2993 5189 3085 5244 illo
3114 5189 3168 5245 in
3211 5189 3577 5261 superioribus

1991 5295 2193 5353 nostris
2222 5286 2689 5362 disquisitionibus
2716 5282 3126 5352 disputavimus.

2590 5413 2882 5457 ARTICULUS
2922 5414 2977 5452 Il.

1993 5528 2103 5580 Non
2124 5527 2286 5575 minus
2329 5530 2615 5580 perversum
2655 5514 2812 5580 fuisse
2830 5513 2930 5580 vini
2958 5513 3009 5561 in
3032 5510 3331 5580 ethnicorum
3354 5511 3503 5580 sacris
3527 5517 3582 5561 et

2056 5574 2310 5640 sacrificiis
2331 5574 2513 5646 libandi
2535 5591 2739 5646 morem,
2780 5575 2937 5646 thuris
2980 5574 3278 5646 sociumuet
3318 5576 3582 5646 exponitur

2056 5635 2276 5715 quidsit,
2290 5648 2429 5715 bria,
2448 5641 2761 5715 simpuvium,
2784 5638 2940 5687 musci
2964 5635 3294 5697 venerabiles,
3323 5649 3377 5687 et.
3394 5638 3584 5690 Macta;

2058 5711 2238 5780 inferio
2254 5712 2365 5762 uiuo
2386 5714 2503 5761 esto.

1999 5850 2004 5858 ‘
2079 5842 2134 5897 ln
2182 5838 2408 5912 privatis
2457 5831 2900 5900 solemnibusque
2942 5826 3226 5901 gentilium
3275 5828 3446 5886 sacris
3482 5843 3599 5887 me-
