4230 6266
647 279 753 341 655

643 599 755 643 tum
786 587 1130 658 profundere,
1158 588 1265 657 vel,
1299 591 1438 646 sicut
1468 593 1702 666 loquitur
1733 599 2068 671 Lactantius,
2099 605 2230 661 odo-

639 680 742 735 rati
769 694 832 735 ac
858 680 1057 736 veteris
1078 682 1186 736 vini
1209 682 1520 754 profusione
1542 690 1876 750 madefacere
1900 697 2049 753 focos
2077 697 2230 769 (Lac-

640 783 795 843 tant.,
824 775 913 830 lib.
947 792 1020 846 v1,
1051 795 1167 849 cap.
1211 779 1264 844 1,
1298 797 1420 851 pag.
1463 781 1610 855 542).
1639 784 1757 852 Quo
1785 789 1999 859 quidem
2029 792 2097 848 de
2124 794 2229 849 ritu

637 877 837 936 praeter
887 871 1066 926 varios
1111 881 1396 941 auctores,
1444 873 1562 933 haec
1602 878 1670 933 ab
1699 879 1922 938 Horatio
1962 883 2106 941 dicta
2149 887 2230 943 le-

639 975 814 1032 gimus
849 981 864 1018 :

824 1077 1083 1151 yerbenas
1106 1084 1250 1146 pueri
1272 1087 1456 1151 ponite,
1478 1085 1716 1151 thuraque

822 1142 948 1208 ἔξίωὶ
968 1157 1076 1192 cum
1100 1142 1434 1208 patera'meri.

825 1204 1034 1257 Mactata
1057 1204 1230 1260 veniet
1253 1209 1412 1260 lenior
1437 1213 1613 1265 hostia.

1349 1295 1570 1363 (Horut.,
1597 1298 1682 1352 lib.
1708 1319 1742 1364 ι,
1768 1304 1861 1354 ode
1877 1305 1979 1370 19.)

638 1422 711 1480 Et
737 1424 806 1481 ab
835 1423 1027 1482 Ovidio
1055 1443 1068 1479 :

822 1541 1041 1606 Cumque
1063 1543 1188 1592 meri
1212 1550 1383 1606 patera
1407 1545 1566 1597 thuris
1586 1560 1757 1599 acerra
1778 1549 1887 1602 fuit.

728 1603 892 1656 Thura
917 1603 1032 1656 focis
1055 1603 1320 1669 vinumque
1344 1607 1503 1659 dedit.

1136 1686 1324 1752 (0vid.,
1344 1687 1424 1741 lib.
1450 1707 1496 1742 IV
1515 1695 1733 1758 Fastor.,
1761 1696 1849 1748 sub
1868 1694 1982 1760 ﬁn.)

1881 287 2331 358 DlSSERTATlO
2357 293 2635 361 PRIEVIA

641 419 782 467 rum,
809 399 1185 468 aitArnobius,
1204 398 1378 457 thuris
1399 403 1602 460 socium
1624 417 1739 465 erat
1761 410 2002 483 (Arnob.,
2023 416 2110 472 lib.
2130 435 2226 486 vn,
2259 428 2310 487 Α

645 513 763 567 pag.
793 495 943 562 225i).
971 493 1229 552 Solebant
1257 496 1400 551 enim
1430 499 1610 556 vinum
1639 503 1693 558 in
1720 503 1842 561 thus
1869 506 2101 565 ﬂammis
2131 511 2228 566 da-
2288 509 2298 521 '

3830 319 3936 384 636

2427 419 2620 504 Eli—quis
2641 427 2758 504 tunc
2771 422 3031 504 hominum
3049 432 3356 503 contemptor
3377 435 3625 487 numinis?
3644 437 3740 489 Aut
3761 441 3872 504 quis

2428 487 2744 564 ‘S‘ymlpuyium
2769 487 2934 564 ridere
2954 489 3144 564 Numae,
3175 487 3471 564 nigrumque
3490 487 3722 564 Catinam,

2428 511 2744 558 agurpuytuul
2769 511 2934 538 t'lucl't:
2954 511 3144 552 nursiae,
3175 511 3386 556 ιΙΙΒΓυῐῙΙ(
3406 511 3471 546 ue

2426 546 2749 662 Litt-:30
2772 549 2976 613 fragiles
2998 553 3062 604 de
3087 562 3250 607 monte
3275 511 3482 621 pateilas

2998 679 3248 745 (Juvenal,
3271 681 3411 736 scitir.
3434 687 3484 748 6,
3510 699 3635 740 vers.
3663 690 3800 757 540.)

2331 777 2494 835 Visne
2535 781 2698 838 alium
2740 783 2914 841 adhuc
2959 788 3118 858 hujus
3159 794 3322 848 moris
3353 797 3582 852 testem?
3625 801 3763 855 Audi
3805 800 3923 857 Pli-

2334 867 2523 961 nium:
2561 889 2581 923 ι
2618 873 2677 928 ln
2709 875 2907 943 sacris,
2946 896 2966 930 ι
3003 879 3211 950 inquit,
3251 902 3270 935 ι
3304 885 3464 940 etiam
3499 887 3637 944 inter
3663 888 3764 944 has
3795 907 3928 961 opes

2333 960 2515 1030 hodie,
2558 980 2664 1022 non
2714 970 3024 1038 murrhiuis,
3071 979 3489 1048 crystallinisve,
3531 981 3629 1036 sed
3672 960 3928 1043 ﬁctilibus

2245 1145 2247 1147 ι
2335 1057 2670 1127 prolibantur
2722 1064 3030 1136 Sympuviis
3087 1068 3295 1139 (Plin.,
3357 1071 3440 1128 lib.
3505 1089 3667 1142 xxxv,
3727 1094 3776 1132 c.
3832 1077 3932 1146 i2,

2335 1170 2457 1225 pag.
2489 1153 2640 1226 245).
2684 1177 2703 1210 ι
2737 1158 2935 1216 Putant
2964 1171 3142 1218 autem
3175 1165 3314 1221 idem
3351 1169 3690 1238 sympuvium
3723 1185 3845 1227 esse
3873 1187 3938 1228 ac

2333 1246 2647 1318 simpnlum,
2668 1249 2737 1307 de
2758 1269 2866 1323 quo
2891 1253 3082 1323 Varro,
3101 1259 3298 1314 Paulus
3315 1268 3370 1313 et
3389 1260 3482 1314 alii
3507 1259 3717 1331 (Vana,
3749 1264 3834 1317 lib.
3883 1279 3937 1320 iv

2336 1339 2398 1394 de
2422 1340 2576 1414 Ling.
2611 1345 2727 1412 lat.,
2765 1365 2886 1419 pag.
2915 1350 3015 1416 '51;
3047 1350 3231 1421 Paul.,
3261 1354 3316 1407 in
3346 1353 3591 1412 Vocabul.
3625 1357 3696 1410 ad
3718 1356 3935 1428 Simpu-

2335 1435 2484 1500 lum).
2512 1437 2623 1494 Nos
2648 1455 2778 1496 vero
2806 1442 2875 1498 de
2902 1443 2994 1499 illo
3021 1446 3222 1518 aliquid
3249 1463 3316 1503 ex
3341 1448 3462 1520 ipso
3483 1459 3702 1508 auctore
3726 1463 3934 1525 nostro,

2333 1546 2398 1586 ac
2417 1529 2677 1590 Cicerone
2707 1537 3108 1608 prtelibnvitnus
3135 1541 3346 1615 (Supr.,
3379 1561 3427 1597 c.
3460 1545 3549 1608 15,
3577 1545 3765 1618 art.2).

2409 1625 2674 1683 Praeterea
2719 1630 2952 1698 ethnici,
2981 1634 3121 1689 sicut
3147 1635 3218 1689 ait
3258 1636 3559 1702 Arnobius,
3609 1639 3660 1694 in
3703 1642 3936 1696 deorum

2333 1734 2554 1775 suorum
2594 1721 2852 1779 honorem
2897 1726 3204 1782 excitabant
3233 1730 3544 1786 venerabiles
3589 1749 3785 1789 muscas
3813 1751 3942 1789 car-

635 1793 776 1852 Alibi
798 1811 927 1851 vero
944 1796 1043 1898 _ubi
1066 1794 1134 1898 de
1161 1797 1347 1854 uxoris
1376 1814 1507 1867 suae,
1537 1816 1634 1871 pro
1661 1818 1765 1872 qua
1795 1802 1932 1858 bene
1957 1811 2224 1872 precatur,
2259 1827 2306 1891 Β
2333 1813 2547 1869 bonibus
2571 1819 2835 1873 exstinctis
2875 1818 3116 1892 (Arnob.,
3159 1823 3247 1876 lib.
3279 1839 3375 1889 vn,
3422 1843 3542 1898 pag.
3573 1825 3726 1896 255).
3758 1827 3813 1883 In
3842 1843 3944 1884 co-

635 1892 803 1947 natali
827 1891 1151 1948 celebrando
1184 1909 1196 1944 :

725 2007 800 2058 Da
825 2008 1124 2073 mihithura,
1154 2021 1298 2072 puer,
1329 2012 1537 2073 pingues
1560 2010 1787 2061 facientia
1811 2012 2044 2073 ﬂammas,

820 2071 1061 2134 Quodque
1085 2071 1165 2136 pio
1177 2071 1341 2121 fusum
1361 2071 1534 2125 stridat
1557 2076 1608 2124 in
1627 2077 1745 2137 igne
1769 2089 1978 2125 merum.

632 2199 764 2258 Aliis
805 2201 963 2256 etiam
1009 2201 1063 2257 in
1111 2202 1261 2258 libris
1305 2202 1447 2258 hunc
1495 2218 1703 2260 morem
1746 2204 1965 2274 attigit,
2014 2203 2083 2259 de
2122 2216 2227 2274 quo

629 2295 788 2350 etiam
811 2293 1194 2359 Tertullianus,
1223 2304 1276 2351 et
1302 2296 1454 2367 plura
1485 2295 1792 2352 Brissonius
1815 2296 2022 2367 (0vid.,
2072 2295 2164 2351 lib.
2194 2312 2226 2350 v

630 2384 813 2454 Trist.,
839 2388 966 2459 eleg.
994 2390 1048 2456 ὅ,
1077 2406 1193 2461 pag.
1228 2389 1324 2443 171
1357 2407 1370 2456 ;
1413 2399 1458 2444 et
1486 2390 1574 2444 lib.
1602 2407 1694 2445 xui
1723 2391 2019 2457 Mctamor.,
2045 2391 2148 2461 fab.
2171 2389 2226 2456 4,

627 2501 748 2555 pag.
781 2483 910 2543 485:
941 2493 989 2538 et
1027 2485 1114 2538 lib.
1145 2499 1183 2539 ιι
1222 2481 1398 2547 Fast.,
1431 2484 1458 2557 §
1491 2485 1579 2549 15;
1623 2484 1949 2552 Tertullian.,
1979 2487 2225 2556 Apolog.,

627 2590 743 2647 cap.
765 2576 858 2643 20;
881 2575 1110 2631 Brisson.
1135 2622 1149 2644 ,
1183 2577 1270 2630 lib.
1297 2594 1314 2632 1
1346 2577 1408 2630 de
1432 2576 1693 2646 Formul.,
1719 2596 1838 2652 pag.
1869 2578 1938 2635 '50
1957 2587 2006 2633 et
2036 2580 2224 2649 seqq.).

698 2670 862 2741 Atqui
893 2672 1162 2726 Arnobius
1186 2671 1350 2727 variis
1382 2673 1650 2728 rationum
1684 2674 1974 2730 momentis
2004 2672 2228 2727 demon-

629 2774 766 2820 strat
794 2764 931 2819 hanc
958 2765 1107 2832 vini,
1151 2765 1602 2836 quemadmodum
1629 2765 1832 2834 thuris,
1878 2765 2073 2821 libandi
2103 2781 2232 2836 pra-2

625 2873 748 2912 vam
781 2873 1196 2929 perversamque
1242 2860 1691 2916 consuetudinem
1719 2861 1788 2915 ab
1826 2861 2077 2916 omnibus
2104 2875 2225 2916 esse

626 2950 1040 3021 repudiendam.
1081 2954 1160 3007 Ac
1190 2952 1364 3022 primo
1409 2953 1626 3022 quidem
1653 2995 1668 3022 ,
1717 2953 1841 3022 quia
1888 2952 2036 3006 nulla
2067 2952 2227 3023 hujus

625 3045 766 3098 ritus
809 3059 968 3100 causa
1003 3045 1176 3114 potuit
1200 3046 1268 3100 ab
1298 3045 1406 3099 ullo
1435 3061 1669 3116 unquam
1708 3044 1911 3100 afferri.
1937 3043 2053 3099 Non
2081 3046 2224 3100 enim

625 3134 724 3203 dii,
759 3147 816 3190 ut
850 3149 976 3208 pote
1004 3137 1363 3202 immortales,
1394 3139 1482 3194 siti
1514 3139 1804 3209 aliquando
1833 3139 2099 3202 laborant,
2134 3149 2227 3195 aut

2339 1906 2461 1964 dice
2492 1909 2641 1979 regio
2669 1919 2722 1965 et
2749 1911 2984 1983 antiquis
3003 1914 3330 1973 editionibus
3359 1933 3455 1986 pro
3480 1935 3678 1975 muscas
3711 1920 3943 1978 habetur

2332 2017 2556 2067 muscas,
2609 2004 2780 2072 nullo,
2833 2015 2892 2059 ut
2943 2006 3177 2072 videtur.
3225 2026 3388 2068 sensu
3438 2032 3451 2067 :
3505 2014 3556 2068 in
3610 2014 3732 2070 aliis
3777 2017 3942 2073 editis

2330 2095 2547 2159 cnissas,
2573 2095 2697 2166 jure
2725 2097 2865 2152 haud
2897 2100 3064 2155 multo
3092 2103 3286 2171 potiori
3317 2122 3331 2158 :
3365 2106 3582 2174 quidam
3612 2107 3664 2161 in
3695 2109 3942 2180 margine

2331 2188 2654 2245 addiderunt
2681 2192 2922 2262 sufﬁlus,
2965 2195 3059 2250 sed
3112 2197 3282 2252 solius
3315 2198 3453 2253 haud
3490 2197 3653 2256 dubie
3700 2202 3942 2270 explica-

2332 2282 2494 2336 tionis
2519 2285 2706 2352 gratia.
2739 2283 2904 2355 Magis
2936 2285 3116 2357 itaque
3152 2289 3306 2344 nobis
3342 2290 3546 2346 arridet
3573 2307 3672 2348 vos
3714 2309 3934 2360 muscas,

2331 2385 2422 2431 aut
2465 2379 2695 2433 moschos
2715 2419 2728 2442 ,
2759 2395 2867 2447 quo
2895 2384 3114 2438 nomine
3154 2386 3446 2453 pretiosum
3489 2386 3704 2457 aliquod
3734 2388 3938 2444 odora-

2331 2483 2569 2526 mentum
2616 2472 2965 2544 significatur.
2997 2475 3131 2532 Nam
3185 2477 3313 2532 illud
3360 2494 3426 2534 ex
3479 2481 3659 2549 thure,
3703 2497 3767 2536 ac
3808 2482 3942 2539 vino

2331 2564 2557 2622 odorato
2585 2569 2885 2623 coniectum
2935 2570 2986 2624 in
3024 2570 3268 2626 ﬂammas
3291 2580 3343 2627 et
3375 2572 3626 2629 incensos
3667 2575 3938 2632 carbones

2331 2659 2662 2740 injiciebant,
2697 2673 2750 2718 ut
2779 2679 2844 2718 ex
2873 2680 2938 2720 eo
2964 2667 3144 2722 suavis
3163 2668 3350 2738 procul
3380 2668 3545 2726 dubio
3570 2669 3707 2727 odor
3724 2672 3937 2727 excita-

2329 2766 2500 2812 retur.
2525 2757 2665 2812 Nihil
2699 2769 2878 2815 tamen
2905 2760 2971 2816 de
2998 2777 3123 2818 vera
3167 2763 3460 2819 Arnobiani
3499 2775 3674 2820 textus
3701 2765 3938 2824 lectione

2329 2849 2448 2904 sine
2468 2849 2787 2906 auctoritate
2805 2853 3151 2909 correctioris
3171 2853 3398 2926 alicujus
3417 2855 3623 2912 codicis
3641 2858 3937 2917 adﬁrmare

2329 2943 2614 2999 audemus.

2399 3035 2666 3108 Quidquid
2693 3055 2856 3109 porro
2887 3042 2955 3098 de
2991 3041 3082 3097 illa
3113 3051 3340 3110 statuas,
3371 3045 3488 3112 ipse
3525 3057 3716 3106 auctor
3746 3058 3937 3107 noster

2327 3126 2576 3184 ethnicos
2605 3131 2753 3187 nullo
2797 3149 3017 3204 prorsus
3045 3136 3206 3191 modo
3250 3149 3435 3194 censet
3476 3140 3795 3208 audiendos,
3839 3145 3933 3213 qui

625 3230 811 3284 vinum
836 3231 916 3286 eis
939 3231 1354 3300 prOpinandum,
1386 3232 1612 3288 utcibos
1637 3231 1884 3303 digerant
1908 3233 2223 3288 conliciant-
2250 3228 2296 3293 C
2328 3223 2652 3291 Persuadere
2698 3227 2945 3282 omnibus
2976 3229 3327 3300 οοηθδπηῑυτ,
3357 3231 3537 3288 Vitium
3567 3234 3698 3289 illud
3730 3237 3933 3292 01101³³·

625 3339 750 3394 que.
805 3323 1004 3379 Eadem
1061 3340 1282 3395 prorsus
1333 3327 1544 3382 ratione
1590 3326 1944 3394 Lactantius,
2000 3327 2225 3383 Arnobii

623 3418 799 3474 nostri
838 3418 1168 3489 discipulus,
1217 3420 1360 3476 hunc
1386 3421 1725 3476 ethnicorum
1766 3435 2009 3477 errorem
2042 3421 2224 3491 proﬂi-

625 3520 756 3581 gat:
784 3530 803 3562 ‹
834 3511 1086 3577 Mactant,
1119 3533 1138 3566 ι
1167 3513 1361 3579 inquit,
1392 3533 1411 3566 ‹
1444 3515 1653 3584 opimas
1679 3529 1740 3570 ac
1772 3515 1996 3585 pingues
2019 3515 2223 3571 hostias

627 3603 765 3670 deo,
794 3605 945 3675 quasi
977 3605 1270 3671 esurienti;
1302 3605 1632 3678 profundunt
1680 3608 1803 3661 vina
1851 3615 2102 3676 tanquam
2143 3607 2220 3662 si-

625 3699 801 3754 tienti.
837 3719 856 3752 ι
888 3699 1171 3769 (Lactant.,
1203 3700 1289 3754 lib.
1317 3717 1391 3765 vl,
1433 3717 1550 3772 cap.
1573 3701 1628 3765 2,
1670 3718 1792 3773 pag.
1836 3700 1942 3756 542
1980 3709 2027 3755 et
2071 3699 2222 3771 547.)

626 3795 803 3862 Atque
827 3793 950 3848 inde
976 3794 1054 3849 sic
1090 3803 1498 3864 argumentatur
1531 3813 1545 3851 :
1583 3814 1602 3847 ι
1636 3793 1819 3864 Itaque
1845 3793 1951 3849 diis
1979 3811 2085 3849 non
2116 3809 2224 3850 ca:-

624 3887 816 3944 lestem
862 3902 1114 3955 sensum,
1164 3887 1258 3944 sed
1306 3889 1599 3943 humanum
1646 3889 1824 3958 potius
1867 3888 2169 3945 attribuunt
2206 3906 2220 3942 :

622 3979 856 4052 ideoque
885 3981 990 4036 illis
1020 3981 1346 4046 necessaria,
1379 3989 1434 4036 et
1472 3989 1624 4051 grata
1670 3981 1898 4036 credunt
1937 3996 2058 4036 esse
2103 3997 2224 4052 quae

623 4075 804 4140 nobis,
836 4074 1032 4146 quibus
1059 4083 1150 4128 aut
1178 4075 1538 4130 esurientibus
1568 4089 1705 4144 opus
1736 4083 1821 4129 est
1859 4073 2002 4142 cibo,
2032 4085 2122 4129 aut
2151 4074 2226 4129 si-

624 4165 882 4223 tientibus
905 4175 1056 4237 potu,
1080 4178 1173 4222 aut
1195 4178 1346 4222 veste
1372 4166 1694 4237 algentibus,
1722 4175 1835 4230 aut,
1860 4182 1981 4220 cum
2011 4166 2103 4223 Sol
2130 4165 2226 4222 de-

624 4260 873 4323 cesserit,
898 4261 1120 4327 lumine,
1150 4267 1208 4315 ut
1233 4259 1418 4314 videre
1444 4257 1736 4330 possimus.
1771 4257 1944 4313 Nullis
1971 4258 2131 4328 igitur
2155 4273 2224 4313 ex

623 4355 788 4410 rebus
814 4365 920 4409 tam
953 4355 1164 4425 probari
1197 4363 1252 4411 et
1280 4354 1502 4426 intelligi
1548 4362 1723 4424 potest
1753 4353 1885 4408 deos
1912 4354 2065 4419 istos,
2098 4367 2220 4407 cum

625 4448 913 4518 aliquando
936 4448 1186 4511 vixerint,
1214 4456 1454 4503 mortuos
1483 4463 1624 4515 esse,
1654 4462 1817 4517 quam
1851 4462 1915 4500 ex
1949 4445 2065 4516 ipso
2092 4446 2219 4514 ritu,

624 4543 716 4611 qui
749 4550 833 4595 est
866 4549 1008 4594 totus
1037 4554 1068 4593 e
1099 4549 1261 4594 terra.
1295 4559 1313 4592 ι

2327 3324 2437 3371 tum
2471 3327 2614 3373 recte
2642 3319 2746 3374 diis
2789 3321 2940 3376 libari
2973 3321 3194 3379 bolioris
3219 3339 3384 3396 ergo,
3417 3337 3471 3380 et
3497 3337 3556 3382 ut
3588 3329 3799 3398 pr0pitii
3831 3329 3931 3384 fie-

2326 3421 2466 3466 rent.
2516 3413 2647 3479 Quis
2693 3415 2870 3483 enim,
2914 3417 2990 3470 ait
3029 3416 3157 3484 ille,
3197 3417 3303 3475 diis
3350 3418 3559 3488 honos,
3587 3436 3708 3477 com
3761 3441 3778 3474 ι
3818 3423 3930 3479 vini

2326 3503 2504 3574 exigui
2549 3522 2701 3562 rores
2748 3523 2912 3579 super
2960 3509 3194 3566 vividam
3241 3512 3439 3582 jeceris
3487 3525 3650 3586 atque
3692 3515 3932 3572 instilla-

2327 3598 2470 3653 veris
2513 3603 2773 3669 prunam?
2812 3621 2831 3655 ι
2882 3601 3045 3674 (Ibid.
3085 3615 3133 3661 et
3161 3607 3327 3676 seqq.)
3357 3607 3496 3675 Quid
3539 3618 3703 3665 recta:
3733 3612 3932 3666 rationi

2327 3691 2495 3762 magis
2543 3696 2870 3766 oppositum,
2901 3713 2964 3753 ac
3001 3697 3148 3754 dictu
3201 3701 3371 3772 magis
3418 3702 3737 3770 absurdum,
3765 3719 3928 3775 quam

2327 3782 2458 3839 deos
2503 3787 2790 3857 honorari,
2842 3799 2935 3844 aut
2985 3791 3290 3847 hominibus
3340 3791 3521 3850 favere
3552 3794 3723 3850 effuso
3762 3798 3927 3865 vino,

2326 3879 2468 3946 quod
2493 3879 2748 3935 virtutum
2774 3898 2968 3937 nervos
2992 3883 3417 3956 debilitat,quod
3438 3887 3645 3957 pudori,
3664 3889 3930 3959 casuitati,

2326 3977 2381 4022 et
2410 3973 2748 4028 verecundiae
2786 3975 3058 4032 inimicum
3090 3988 3205 4046 est,
3237 3978 3376 4049 quod
3396 4021 3411 4046 ,
3457 3979 3504 4036 si
3548 3979 3754 4037 avidius
3781 3980 3928 4037 hau-

2325 4063 2481 4124 seris.
2515 4065 2566 4119 in
2598 4067 2863 4124 insaniam
2893 4081 2948 4126 et
2971 4069 3207 4126 furorem
3237 4082 3288 4128 te
3320 4075 3709 4143 prwcipitzibit?

2405 4158 2511 4214 Sed
2548 4177 2614 4215 eo
2645 4176 2816 4233 usque
2846 4161 3092 4220 homines
3121 4163 3254 4219 falsa
3285 4166 3567 4236 religionis
3599 4167 3776 4238 Specie
3816 4167 3926 4226 de-

2325 4271 2512 4326 ceplos
2534 4272 2687 4311 error
2717 4267 3043 4326 pervaserat.
3069 4267 3127 4312 ut
3151 4260 3480 4316 solemnibus
3503 4262 3701 4328 verbis,
3726 4263 3927 4332 quibus

2325 4352 2506 4403 vinum
2529 4349 2632 4404 diis
2654 4349 2912 4418 libabant,
2938 4367 3186 4422 magnum
3215 4353 3474 4410 honorem
3497 4356 3604 4411 illis
3627 4373 3685 4413 se
3707 4356 3924 4415 deferre

2327 4445 2731 4513 proﬁterentur.
2766 4444 2898 4499 Nam
2930 4445 3056 4499 illud
3088 4445 3171 4500 his
3199 4447 3330 4518 ipsis
3360 4449 3769 4521 signiﬁcabant,
3798 4467 3924 4522 quae

2325 4536 2595 4592 Arnobius
2629 4537 2824 4592 ibidem
2858 4538 3036 4593 retulit
3060 4582 3075 4606 ,
3108 4541 3286 4596 verbis
3319 4560 3331 4594 :
3368 4561 3387 4594 ‹
3427 4543 3630 4600 Mactus
3664 4547 3764 4600 hoc
3797 4546 3923 4604 vino

695 4633 967 4690 Arnobius
997 4633 1176 4704 itaque
1207 4633 1455 4690 ethnicos
1483 4643 1589 4690 tam
1617 4634 1772 4701 scite,
1805 4650 1964 4705 quam
1994 4643 2222 4690 venuste
2245 4621 2299 4684 D
2327 4629 2518 4685 inferio
2539 4640 2656 4686 esto
2686 4650 2703 4682 ι
2729 4629 2914 4700 (lbid.,
2942 4632 3162 4705 p.236).
3191 4633 3410 4691 Servius
3431 4646 3631 4701 autem,
3655 4649 3706 4694 et
3732 4649 3920 4710 postea

622 4727 916 4784 insectatus
946 4747 961 4781 :
991 4746 1009 4779 ι
1047 4728 1196 4794 Date,
1221 4743 1427 4799 quaeso,
1465 4749 1483 4781 ι
1511 4729 1609 4796 ait,
1641 4749 1659 4781 ι
1690 4729 2088 4784 immortalibus
2115 4729 2221 4785 diis

621 4822 829 4888 bibant,
860 4820 1114 4894 scyphos.
1143 4822 1310 4889 brias,
1342 4831 1572 4892 pateras,
1606 4822 1994 4894 sympuviaque
2021 4822 2222 4894 depro-

619 4919 752 4973 mite
797 4916 1037 4990 (Arnob.,
1070 4917 1158 4970 lib.
1191 4933 1282 4984 vn,
1320 4934 1438 4989 pag.
1468 4917 1622 4990 235).
1662 4937 1680 4970 ι
1716 4917 1838 4971 Bria
1883 4928 2061 4971 autem
2103 4926 2221 4973 erat

619 5009 887 5080 quoddam
921 5025 1206 5075 mensurae,
1241 5025 1335 5065 seu
1365 5011 1527 5075 vasis,
1568 5019 1623 5066 et
1666 5009 1843 5080 poculi
1890 5025 2082 5080 genus,
2125 5026 2220 5078 po-

618 5101 751 5155 tioni
779 5102 884 5155 vini
913 5101 1250 5156 continendae
1271 5112 1474 5166 aptum.
1514 5102 1641 5156 lude
1668 5103 1719 5154 in
1749 5102 1918 5156 veteri
1950 5103 2218 5170 glossario

614 5190 986 5262 latino-graeco
1014 5193 1240 5259 legimus
1265 5191 1408 5258 Bria,
1428 5189 1560 5256 εἶδος
1589 5196 1808 5269 ἀγγείου,
1838 5210 2071 5249 mensura
2096 5211 2216 5264 que-

615 5285 766 5346 dam.
791 5286 1011 5357 Legesis
1037 5287 1244 5342 lexicon
1275 5285 1508 5341 Martiuii
1531 5329 1544 5353 ,
1573 5299 1628 5342 et
1655 5285 1838 5358 Cangii
1865 5287 2209 5358 glossarinm.

615 5377 960 5450 Sympuvium
991 5395 1083 5434 vas
1109 5395 1322 5450 quoque
1358 5391 1474 5434 erat
1506 5380 1764 5449 ligneum,
1796 5390 1854 5434 ut
1881 5381 1956 5436 ait
1985 5379 2210 5447 Nonius,

611 5475 696 5530 vel
744 5474 928 5543 ﬁctile,
973 5484 1032 5530 ut
1071 5476 1189 5530 aliis
1238 5476 1434 5545 placet,
1467 5475 1607 5544 quod
1655 5477 1733 5530 sic
1775 5478 2209 5547 cognominatum

609 5567 820 5634 volunt,
851 5570 1103 5638 quoniam
1155 5567 1209 5622 in
1253 5583 1318 5622 eo
1355 5568 1665 5622 sacerdotes
1715 5583 1906 5623 omnes
1952 5569 2208 5624 bibebant

610 5657 804 5729 (Nam,
830 5661 892 5715 de
917 5661 1179 5732 Propriet.
1223 5677 1402 5728 serm.,
1425 5677 1471 5714 c.
1501 5661 1590 5729 l9,
1618 5658 1645 5732 §
1669 5658 1782 5732 29).
1808 5660 1867 5714 ln
1891 5663 2057 5716 sacris
2079 5677 2207 5718 vero

604 5749 743 5804 illud
771 5767 801 5805 a
827 5750 1001 5807 Numa
1046 5751 1348 5813 adhibitum
1395 5769 1462 5812 ex
1501 5752 1586 5810 his
1623 5752 1888 5824 colligunt
1934 5752 2208 5811 Juvenalis

609 5843 934 5900 carminibus
964 5859 980 5896 :
1145 5889 1148 5893 .
1211 5875 1219 5880 -

2324 4720 2564 4780 Isidorus
2591 4725 2949 4782 teStilicantur
2978 4728 3091 4783 haec
3120 4727 3172 4783 in
3199 4729 3615 4797 PontiliCaIibus,
3646 4747 3740 4787 seu
3770 4733 3918 4788 Pon-

2325 4819 2526 4874 tificum
2560 4817 2708 4875 libris
2747 4819 2824 4875 sic
2868 4820 3063 4891 scripta
3097 4827 3513 4894 prmscriptaque
3552 4823 3761 4881 fuisse:
3800 4844 3820 4877 ι
3856 4825 3915 4882 In

2324 4911 2739 4982 pontiﬁcalibus,
2773 4933 2791 4966 ›
2827 4913 3016 4984 inquit,
3047 4933 3066 4966 ‹
3102 4916 3467 4972 sacrificantes
3489 4917 3743 4974 dicebant
3767 4920 3870 4977 deo
3898 4937 3914 4975 :

2320 5005 2491 5063 Macte
2523 5007 2624 5064 hoc
2651 5007 2843 5064 inferio
2871 5009 2994 5064 vino
3023 5019 3140 5066 esto
3171 5030 3188 5063 ι
3219 5011 3413 5083 (Serv.,
3434 5013 3486 5066 in
3529 5011 3732 5085 Virgil.,
3787 5013 3823 5068 ι.
3861 5030 3917 5070 rx

2321 5099 2562 5168 1Eneid.,
2617 5119 2670 5171 p.
2720 5101 2856 5168 564;
2908 5100 3066 5170 lsid.,
3112 5112 3148 5159 t.
3203 5119 3258 5170 ι,
3296 5103 3608 5177 Elymolog.,
3658 5108 3728 5160 ad
3773 5107 3911 5163 verb.

2320 5195 2575 5261 Macros;
2609 5195 2759 5259 Cato,
2788 5197 2851 5250 de
2890 5197 2963 5251 Re
2999 5201 3199 5267 rustic.,
3237 5213 3264 5254 c
3319 5199 3421 5255 l3!
3463 5211 3510 5256 et
3560 5201 3702 5276 156).
3753 5202 3908 5271 Quod

2316 5292 2535 5363 quidem
2569 5290 2707 5346 haud
2736 5293 2900 5345 semel
2930 5308 2959 5346 a
2985 5291 3209 5359 Catone,
3241 5307 3293 5349 et
3320 5296 3443 5353 aliis
3474 5299 3752 5354 memoria:
3783 5314 3910 5368 pro-

2314 5385 2485 5441 ditum
2516 5397 2617 5441 est.
2652 5385 2904 5440 lnferium
2931 5397 3111 5444 autem
3142 5389 3345 5456 viuum,
3373 5391 3449 5446 uti
3472 5408 3539 5448 ex
3571 5389 3752 5460 Festo,
3775 5393 3906 5448 Sca-

2313 5479 2503 5549 ligoro,
2559 5490 2612 5534 et
2657 5478 2932 5536 Bri~sonio
2977 5481 3175 5545 disces,
3238 5483 3365 5538 illud
3415 5498 3528 5539 erat
3585 5487 3726 5558 quod
3773 5486 3910 5542 infra

2314 5581 2516 5643 patera:
2567 5573 2772 5627 labrum
2816 5573 3194 5631 eﬂundebatur
3224 5574 3452 5648 (Festus,
3481 5579 3550 5632 ad
3589 5580 3701 5634 verb
3759 5594 3911 5636 mrs—

2316 5680 2476 5731 mun;
2525 5663 2802 5736 Scaliger.,
2834 5665 3118 5738 conjeclan.
3152 5669 3205 5724 in
3264 5669 3505 5739 Varron.,
3534 5690 3587 5742 p.
3621 5673 3725 5740 80;
3763 5672 3912 5729 Briso

2317 5775 2454 5824 son.,
2485 5757 2523 5812 l.
2551 5773 2569 5813 ι
2596 5756 2833 5814 Formul.
2867 5803 2882 5826 ,
2913 5779 2967 5832 p.
2999 5761 3069 5818 50
3106 5771 3153 5818 et
3193 5763 3308 5835 57).
3339 5764 3542 5822 Mactus
3571 5783 3731 5836 vero,
3768 5768 3912 5825 sicut

2318 5849 2431 5921 jam
2470 5849 2721 5921 diximus,
2755 5853 3092 5924 significabat
3126 5857 3300 5930 magis
3322 5868 3529 5920 auctus.
3569 5860 3774 5920 Horum
3807 5864 3911 5920 ita-
