4230 6266
339 301 445 359 657

1531 315 1598 372 IN
1638 318 2031 394 amomum,
2073 325 2226 381 me.
2261 327 2449 385 xxiv.

3528 347 3632 404 658

332 437 440 528 que
466 422 776 534 .verborum
825 441 1016 534 sensus
1061 439 1180 488 erat
1208 449 1220 487 :
1251 433 1333 489 Tu
1376 434 1604 508 Jupiter,
1653 448 1748 495 aut
1798 440 1934 498 alius
1961 445 2016 504 Α
2040 443 2094 497 in
2121 443 2346 514 Μίνωα,
2377 464 2426 501 c.
2460 448 2548 516 19,
2578 460 2678 507 art.
2707 453 2744 507 2
2773 463 2822 508 et
2851 457 2925 528 5).
2962 458 3229 515 Arnobius
3256 460 3437 534 itaque
3466 462 3633 524 hosce

331 515 512 588 quivis
536 516 692 582 deus,
717 528 834 578 esto
858 521 1024 594 magis
1045 535 1234 584 auctus
1260 527 1364 586 hoc
1390 529 1587 586 inferio
1614 533 1764 599 vino,
1795 537 1940 606 quod

337 607 481 664 infra
543 609 750 667 labrum
811 623 1009 684 paterae
1061 620 1424 687 transfusum,
1471 623 1564 678 tibi
1613 624 1827 682 libatur.
1860 627 1942 684 Ex

333 702 597 759 Trebatio
653 719 831 762 autem
894 712 1164 768 Arnobius
1227 716 1610 772 animadvertit
1669 720 1938 791 adjectum

333 796 504 852 fuisse
558 799 659 853 hoc
710 802 933 858 verbum
989 806 1194 877 inferio,
1248 824 1314 864 ne
1355 811 1534 865 vinum
1581 813 1856 869 conditum
1886 817 1936 870 in

330 891 490 948 Cellis
516 903 571 948 et
599 900 908 966 apothecis,
939 914 1002 954 ex
1035 902 1228 971 quibus
1272 903 1401 959 illud
1445 905 1692 962 haustum
1730 908 1937 976 fuerat,

333 1001 550 1044 sacrum
596 990 776 1055 fieret,
807 1003 859 1046 et
889 993 1071 1048 nsibus
1103 995 1352 1051 humanis
1390 999 1711 1069 eriperetur.
1745 1002 1931 1074 Papae,

336 1090 596 1152 quantmn
625 1081 728 1138 hoc
752 1085 1045 1142 verendum
1072 1089 1219 1143 erat!

411 1175 519 1231 Sed
558 1176 837 1232 audiamus
880 1179 1171 1238 Auctorem
1203 1194 1445 1240 nostrum
1503 1187 1625 1244 inde
1673 1189 1937 1248 adversus

343 1269 593 1325 ethnicus
643 1271 1022 1342 di~putantem.
1080 1275 1236 1344 Quo,
1296 1278 1496 1348 inquit,
1553 1280 1757 1339 honore
1805 1285 1938 1341 deus

336 1366 523 1436 augeri
551 1377 746 1435 potest,
775 1383 895 1422 cum
919 1369 968 1423 ei
998 1368 1080 1424 lex
1107 1385 1136 1425 a
1165 1373 1504 1429 sacriﬁcante
1533 1376 1843 1446 imponitur,
1869 1395 1938 1437 ne

332 1458 461 1529 plus
509 1467 674 1529 petat,
720 1475 878 1531 quam
927 1463 1107 1516 vinum
1156 1463 1287 1519 illud
1335 1463 1628 1522 inferium?
1668 1468 1936 1538 Numquid

333 1552 562 1607 nimium
592 1569 758 1608 vorax
781 1595 795 1617 ,
833 1552 1015 1609 helluo
1035 1597 1050 1620 ,
1080 1564 1134 1610 et
1160 1556 1382 1626 gulosus
1425 1569 1542 1614 erat
1584 1562 1812 1616 eximius
1845 1562 1936 1618 ille

334 1647 490 1713 deus,
526 1656 582 1700 ut
610 1649 710 1702 hac
740 1649 1147 1718 priescriptione
1175 1650 1444 1719 cupiditas
1471 1653 1587 1722 ejus
1616 1655 1936 1711 arceretur?

336 1739 478 1795 Nihil
507 1745 704 1810 quippe
733 1742 848 1796 haee
876 1742 1060 1807 verba,
1094 1741 1296 1798 Mactata
1325 1744 1421 1798 hoc
1447 1746 1563 1800 uino
1591 1747 1774 1817 inferio
1805 1758 1931 1812 esto,

2047 538 2310 596 absurdos
2338 543 2675 601 ethnicorum
2720 547 2856 605 ritus
2885 550 3026 606 haud
3055 553 3335 612 invenuste
3360 558 3631 617 exsibilat.

2045 633 2130 690 Ab
2158 633 2346 691 iisdem
2395 638 2593 710 quippe
2619 640 2849 697 ethnicis
2888 646 3058 713 poscit
3089 657 3266 702 utrum
3301 649 3410 714 dii,
3439 653 3634 709 auditis

2045 729 2156 785 illis
2193 731 2486 800 crepitibus
2511 742 2566 788 et
2591 737 2875 803 sonitibus,
2911 738 3204 798 honorifice
3242 758 3422 798 secum
3457 755 3631 802 actum

2043 823 2382 892 existiment,
2416 826 2503 880 vel
2534 826 2887 894 mulceantur,
2922 843 3080 901 atque
3107 833 3239 887 iram
3287 846 3393 889 tum
3441 853 3633 895 revera

2043 915 2335 986 deponant,
2388 919 2475 974 vel
2522 921 2661 974 sicut
2690 923 2941 990 pusiones
2995 925 3077 978 bis
3124 936 3516 985 exterreantur.
3569 931 3632 988 Si

2043 1009 2115 1063 ita
2148 1012 2405 1078 sentiunt,
2434 1012 2562 1067 nihil
2595 1024 2741 1070 certe
2767 1013 2967 1086 ﬁngere
2997 1029 3246 1088 poterant
3279 1023 3360 1078 bis
3393 1023 3630 1080 ridiculis

2043 1101 2390 1171 opinionibus
2433 1106 2604 1176 magis
2645 1109 3012 1177 temerarium,
3046 1121 3100 1168 et
3127 1111 3326 1170 divinae
3367 1116 3632 1187 majestati

2042 1194 2340 1265 injurinm?

2116 1288 2252 1344 Tum
2301 1290 2496 1347 deinde
2540 1303 2728 1350 auctor
2772 1306 2958 1354 noster
2998 1299 3158 1355 simili
3199 1302 3360 1358 modo
3403 1306 3636 1377 exagitat

2042 1383 2334 1438 matutinas
2360 1386 2673 1442 eorumdem
2715 1391 2994 1458 gentilium
3035 1395 3390 1452 excitationes
3411 1440 3424 1463 ,
3459 1414 3523 1454 ac
3553 1401 3635 1454 vi-

2040 1478 2220 1548 gilias,
2262 1489 2320 1534 ut
2367 1496 2545 1548 mane,
2579 1485 3028 1554 quemadmodum
3058 1504 3300 1560 vespere,
3331 1491 3460 1547 deos
3508 1509 3636 1551 suos

2041 1571 2184 1626 irent
2212 1572 2500 1628 salutatum
2543 1577 2788 1645 (Arnob.,
2823 1579 2860 1632 ι.
2892 1595 2985 1648 vn,
3031 1599 3083 1652 p.
3113 1582 3262 1654 937).
3311 1583 3389 1639 De
3439 1586 3636 1643 usitato

2041 1675 2219 1721 autem
2249 1667 2343 1722 illo
2365 1667 2497 1724 deos
2521 1684 2679 1726 mane
2720 1672 2987 1727 salutandi
3019 1691 3168 1732 more
3209 1677 3352 1733 hunc
3376 1678 3636 1748 Apuleius

2041 1759 2278 1829 loquitur
2303 1763 2356 1816 in
2388 1763 2608 1818 modum
2641 1783 2654 1819 :
2695 1783 2715 1817 ι
2753 1765 2962 1836 Templi
3009 1770 3300 1825 matutinas
3329 1773 3636 1841 apertiones

331 1831 477 1886 aliud
508 1824 902 1902 signiﬁcabant,
933 1849 1115 1904 quam,
1151 1844 1270 1890 esto
1307 1851 1538 1904 maCtus,
1577 1842 1678 1894 hoc
1704 1851 1808 1904 est,
1842 1841 1934 1896 ho-

2042 1855 2379 1926 0pperiebar.
2430 1861 2507 1912 Ac
2546 1857 2672 1913 dum
2717 1860 2849 1914 velis
2893 1861 3243 1918 candentibus
3289 1864 3545 1933 reductis,
3580 1867 3636 1922 in

331 1940 467 1980 nore
492 1935 680 1980 auctus
705 1936 760 1982 et
785 1927 1168 1998 ampliﬁcatus,
1198 1943 1455 2000 quantum
1482 1931 1762 1988 dumtamt
1790 1942 1931 2000 vo'o,

334 2035 436 2076 nec
473 2022 644 2092 magis
682 2037 840 2094 quam
877 2023 1064 2093 jubeo.
1099 2023 1216 2079 Non
1254 2026 1398 2080 enim
1439 2028 1672 2098 amplius
1700 2028 1934 2085 honora-

336 2115 502 2178 heris,
533 2131 692 2186 quam
734 2117 854 2170 volo
885 2118 1003 2186 plus
1048 2127 1141 2172 aut
1183 2119 1360 2173 minus
1386 2121 1494 2175 vini
1528 2121 1581 2175 in
1615 2132 1812 2190 paterae
1857 2124 1934 2177 la-

333 2208 488 2265 brum
524 2206 748 2262 inferius
773 2207 995 2263 effundi.
1030 2209 1197 2264 Deum
1236 2225 1385 2281 ergo,
1417 2213 1507 2282 qui
1540 2222 1750 2281 poterat
1778 2215 1932 2284 plura

334 2300 628 2369 postulare,
657 2315 717 2355 ea
747 2300 835 2356 lex
856 2311 910 2357 et
931 2302 1251 2372 prescriptio
1273 2319 1382 2362 non
1411 2306 1639 2371 honore,
1663 2306 1759 2362 sed
1785 2307 1932 2378 igno-

335 2395 500 2452 minia
530 2394 817 2454 afﬁciebat.

929 2531 1225 2573 ARTICULUS
1263 2534 1341 2573 Ill.

331 2630 492 2690 Quam
514 2634 650 2696 recte
673 2629 919 2696 Arnobius
942 2635 1166 2696 exagitet
1184 2643 1331 2696 atque
1374 2635 1537 2695 ejiciat
1577 2633 1700 2685 alios
1724 2636 1935 2688 insulsos

402 2695 703 2757 ethnicorum
721 2695 863 2752 ritus,
883 2695 1062 2757 quibus
1075 2696 1197 2743 deos
1215 2695 1330 2744 suos
1347 2699 1497 2745 sertis
1516 2704 1568 2746 et
1584 2699 1776 2749 coronis
1795 2713 1937 2750 exor-

401 2756 597 2824 nabant,
639 2756 910 2824 utebantur
943 2757 1215 2824 cymbalis,
1237 2762 1506 2822 tympanis,
1551 2761 1848 2824 symphoniis
1882 2770 1937 2814 et

395 2817 859 2885 scabillis,_illosque
884 2817 1034 2885 mane
1049 2817 1439 2885 salutabant,_ac
1474 2817 1617 2885 quam
1654 2817 1854 2873 ridicula
1882 2833 1936 2875 et

393 2883 604 2949 absurda
627 2879 970 2949 fueritilayatio
991 2881 1342 2949 Matris‘detun.
1364 2879 1502 2949 Jovis'
1525 2885 1740 2949 epulum,
1765 2888 1937 2937 vinde-

393 2945 491 2994 mia
515 2942 804 3005 Esculalii,
828 2945 1026 2994 Cereris
1045 2953 1098 2996 et
1127 2945 1332 2996 aliorum
1365 2942 1684 3007 lectisternia,
1721 2949 1937 3002 Telluris

401 3014 551 3070 atque
572 3007 776 3057 aliorum
801 3009 975 3056 natalis
995 3007 1119 3057 dies.

404 3133 542 3188 Alim
571 3143 726 3189 erant
769 3136 1114 3193 ethnicorum
1144 3137 1196 3191 in
1225 3138 1399 3193 sacris
1438 3140 1554 3194 suis
1599 3141 1931 3212 cerimonite,

333 3229 579 3298 variique
601 3229 755 3294 ritus,
778 3231 991 3284 caeteris

335 3325 578 3390 inutiles,
637 3325 1018 3388 superstitiosi,
1073 3334 1128 3381 et
1173 3327 1391 3383 absurdi
1450 3327 1687 3400 (Arnob.,
1736 3331 1775 3385 l.
1834 3348 1928 3400 vn,

335 3438 392 3489 ρ.
425 3421 576 3490 257).
626 3421 766 3476 Deos
790 3422 934 3475 enim
963 3435 1110 3484 suos.
1142 3421 1256 3476 sive
1303 3423 1513 3478 illormn
1547 3425 1718 3496 signa,
1749 3441 1811 3481 ac
1855 3428 1930 3483 si-

336 3514 576 3568 mulacra
607 3515 766 3567 sertis
793 3523 848 3568 et
876 3514 1093 3568 coronis
1119 3529 1386 3569 exornare
1412 3527 1828 3573 consueverant.
1863 3522 1934 3575 At

336 3605 484 3661 hunc
533 3606 808 3672 gentilium
855 3622 1060 3662 morem
1088 3622 1246 3676 quam
1279 3611 1474 3663 merito
1498 3610 1619 3679 jure
1662 3613 1932 3670 Arnobius

337 3700 757 3770 improbaverit,
801 3702 927 3757 alibi
971 3716 1072 3757 nec
1114 3703 1282 3757 semel
1329 3704 1667 3759 ostendimus
1713 3707 1870 3779 (tom.
1914 3726 1932 3765 ι

338 3798 616 3866 Αρραγαι..
649 3816 702 3868 p.
729 3795 854 3860 802,
880 3808 926 3850 et
960 3795 1172 3853 Dissert.
1200 3798 1254 3852 in
1280 3798 1500 3867 Elimia,
1523 3818 1570 3854 c.
1605 3803 1694 3869 19,
1726 3813 1826 3858 art.
1848 3803 1930 3878 9).

417 3889 570 3945 Ridet
589 3890 766 3946 adhuc
791 3891 1058 3946 Arnobius
1085 3891 1305 3947 eosdem
1333 3894 1602 3959 ethnicos,
1629 3899 1718 3965 qui
1744 3898 1796 3951 in
1821 3899 1933 3953 suis

338 3984 636 4054 mySteriis,
691 3982 863 4048 festis,
913 3992 1072 4053 atque
1126 3983 1557 4040 solemnitatibus
1611 3987 1938 4045 adhibebant

337 4075 608 4146 cymbala,
666 4085 938 4145 tympana,
989 4074 1359 4144 symphonias,
1417 4087 1473 4130 et
1526 4078 1766 4144 scabilla,
1816 4096 1936 4152 quae

340 4179 496 4224 erant
537 4169 851 4238 crepitaculi
880 4167 1148 4239 quoddam
1192 4183 1382 4239 genus.
1415 4169 1552 4226 Tum
1583 4182 1762 4227 autem
1795 4190 1935 4243 pra:-

341 4265 499 4334 cipue
527 4263 615 4318 his
657 4263 877 4318 musicis
904 4263 1130 4332 aliisque
1156 4263 1527 4320 instrumentis
1555 4267 1936 4337 abutebantur,

339 4373 463 4412 cum
497 4371 647 4410 sacra
673 4355 859 4410 Matris
885 4356 1065 4420 deum,
1095 4371 1190 4410 seu
1213 4356 1458 4426 Cybeles,
1484 4360 1739 4429 mysteria
1769 4359 1937 4415 festa-

340 4465 447 4520 que
480 4457 822 4522 peragentes,
862 4449 1005 4502 illius
1035 4449 1377 4504 simulacrum
1410 4465 1503 4520 per
1528 4451 1688 4508 urbes
1710 4453 1938 4510 circum-

343 4541 612 4596 ferebant.
649 4540 818 4607 Quam
866 4555 995 4595 vero
1035 4541 1150 4596 haec
1180 4542 1404 4598 ridicula
1431 4555 1644 4613 essent,
1682 4545 1765 4602 his
1809 4549 1940 4604 satis

345 4649 612 4703 agnosces
638 4632 810 4690 Ovidii
838 4634 1164 4690 carminibus
1194 4654 1208 4690 :

443 4747 590 4816 lbtrnt
613 4748 920 4816 semimares,
947 4755 999 4798 et
1022 4751 1178 4800 inania
1200 4756 1424 4816 tympana
1448 4753 1672 4812 tundent,

503 4809 716 4873 Altaque
741 4811 940 4861 tinnitus
963 4824 1062 4864 tere
1087 4809 1281 4876 repulsa
1303 4809 1508 4866 dabunt.

1092 4874 1279 4939 (0vid.,
1304 4877 1384 4928 lib.
1413 4895 1461 4929 tv
1483 4881 1693 4943 Faucia,
1719 4880 1746 4946 §
1774 4882 1846 4943 '5.)

345 4985 525 5052 Atque
551 4996 617 5036 ex
648 4980 715 5036 iis
741 4981 939 5051 adhuc,
968 4998 1088 5054 quae
1118 4986 1274 5055 paulo
1299 4995 1421 5058 post
1447 4987 1644 5057 adjecit
1672 5005 1688 5044 :

1001 5100 1255 5166 Priscique
1281 5103 1543 5154 imitamina
1567 5104 1678 5155 facti

509 5163 622 5214 Era
643 5163 754 5213 deae
775 5165 998 5228 comites,
1023 5163 1266 5227 raucaque
1290 5175 1429 5228 terga
1454 5173 1671 5216 movent.

447 5225 670 5293 Cymbala
690 5227 972 5293 yrogaleis,
1003 5241 1088 5289 pro
1110 5225 1260 5293 scutis
1283 5225 1502 5291 tvm—pana
1529 5229 1739 5293 pulsant,

509 5289 650 5340 Tibia
673 5289 757 5338 dat
779 5288 1032 5353 Phrygios,
1059 5296 1112 5341 ut
1133 5289 1270 5341 dedit
1289 5288 1422 5356 ante,
1447 5288 1610 5345 sonos.
1666 5288 1801 5418 (md
1827 5355 1847 5420 )

353 5463 614 5521 Similiter
641 5477 857 5533 quoque
883 5461 1165 5518 Lucretius
1192 5462 1420 5519 canebat
1451 5482 1463 5517 :

449 5579 692 5645 rl‘ympana
718 5586 851 5629 tenta
877 5585 1041 5629 tonant
1067 5579 1256 5645 palmis,
1284 5587 1336 5628 et
1357 5579 1572 5642 cymbala
1607 5582 1788 5631 circum

451 5643 682 5697 Ceneava.
711 5645 1064 5705 raucisonoque
1090 5644 1331 5691 minantur
1353 5655 1530 5705 cornua
1552 5652 1712 5692 cantu.

452 5706 513 5757 Et
535 5706 750 5770 Phrygio
772 5703 993 5770 stimulat
1009 5718 1215 5770 numero
1242 5717 1357 5754 cava
1382 5703 1507 5770 tibia
1522 5712 1735 5770 mentes.

887 5769 1118 5832 (Lucret.,
1145 5764 1231 5818 lib.
1263 5783 1314 5829 ιι,
1339 5779 1464 5818 vers.
1487 5768 1580 5818 618
1599 5774 1643 5818 et
1665 5767 1820 5836 seqq.)

358 5875 470 5931 Sed
496 5875 563 5932 de
591 5875 678 5931 his
711 5875 820 5947 iam
859 5875 1104 5946 quaedam
1135 5873 1260 5929 alibi
1288 5873 1662 5931 annotavimus
1702 5873 1942 5944 (Dium.

2041 1946 2314 2002 diversum
2336 1948 2453 2004 deae
2479 1952 2845 2008 venerabilem
2877 1964 3227 2023 conspectum
3254 1971 3629 2027 apprecamur,

2039 2050 2096 2096 et
2121 2040 2412 2111 dispositas
2439 2059 2562 2100 aras
2586 2045 2912 2102 circumiens
2952 2049 3229 2116 sacerdos,
3253 2066 3366 2107 rem
3396 2051 3633 2107 divinam

2037 2146 2314 2204 procurat,
2370 2137 2809 2208 supplicamentis
2864 2141 3198 2198 solemnibus
3253 2146 3321 2200 de
3369 2146 3635 2216 penetrali

2037 2228 2190 2284 fonte
2218 2230 2442 2300 petitum
2466 2233 2729 2302 spondeo,
2749 2233 2899 2289 libat.
2921 2236 3100 2292 Rebus
3120 2237 3231 2307 jam
3253 2239 3356 2293 rite
3383 2254 3635 2295 consum-

2037 2323 2220 2390 matis,
2249 2323 2514 2379 inchoatae
2534 2326 2668 2381 lucis
2693 2328 3127 2395 salutationibus,
3149 2329 3381 2402 religiosi
3408 2332 3634 2401 primam

2038 2417 2352 2474 nuntiantes
2370 2418 2553 2474 horam
2584 2430 2928 2491 perstrepunt
2952 2441 2970 2474 ι
2995 2422 3185 2496 (Apul.
3209 2466 3224 2491 ,
3253 2423 3289 2477 l.
3321 2439 3358 2478 ιι
3390 2423 3630 2491 Metam,

2039 2530 2093 2581 ρ.
2122 2512 2273 2583 207).
2324 2513 2521 2568 Verum
2551 2513 2752 2570 Seneca
2799 2516 3089 2570 matutinas
3127 2516 3247 2572 illas
3287 2517 3634 2573 salutationes

2038 2605 2186 2662 hisce
2219 2607 2551 2676 totidemque
2576 2607 2755 2662 verbis
2799 2607 3210 2678 proscribendas
3239 2609 3632 2679 prohibendas-

2039 2715 2144 2769 que
2186 2713 2307 2755 esse
2345 2699 2586 2754 declarat
2618 2718 2631 2754 :
2667 2719 2687 2752 ι
2724 2701 3037 2758 Accendere
3076 2703 3309 2772 aliquam
3359 2703 3635 2759 lucernam

2039 2793 2277 2850 sabbatis
2300 2795 2712 2864 prohibeamus;
2738 2797 2990 2867 quoniam
3014 2813 3114 2853 nec
3138 2799 3340 2854 lumine
3357 2798 3431 2853 dli
3452 2808 3631 2870 egent,

2039 2897 2094 2942 et
2114 2903 2181 2942 ne
2208 2887 2455 2944 homines
2484 2888 2698 2958 quidem
2727 2889 3066 2944 delectantur
3095 2889 3336 2961 fuligine.
3369 2890 3626 2946 Vetemus

2038 2982 2450 3044 salutationibus
2496 2984 2773 3038 matutinis
2819 2983 2997 3054 fungi,
3038 2993 3093 3038 et
3141 2983 3345 3040 foribus
3393 2985 3634 3040 assidere

2041 3076 2385 3146 templorum.
2436 3076 2679 3131 Humana
2733 3078 2954 3134 ambitio
3002 3078 3117 3133 istis
3164 3079 3356 3135 officiis
3403 3082 3632 3151 capitur.

2040 3170 2208 3225 Deum
2252 3171 2400 3235 colit,
2431 3171 2524 3237 qui
2574 3172 2723 3225 novit
2767 3190 2785 3223 ι
2827 3171 3058 3242 (Senec.,
3091 3174 3240 3242 epist.
3272 3172 3362 3240 95,
3393 3192 3446 3245 p.
3479 3172 3630 3246 191).

1015 3229 1272 3336 ¹¹³⁰ξίθ¹¹ξ¹⁸
1294 3242 1606 3336 ωῗξηίξνξωδ
1621 3236 1936 3336 ,“⁰¹¹-“¹ί“¹¹⁵
1965 3247 2011 3310 C
2042 3263 2256 3320 Ethnici
2278 3273 2456 3320 tamen
2481 3280 2618 3320 vana
2638 3265 3017 3336 superstitione
3037 3267 3315 3334 obcaecati,
3332 3283 3439 3322 non
3461 3268 3634 3322 solum

2033 3373 2212 3423 mane,
2242 3373 2307 3412 ac
2333 3373 2581 3428 vespere,
2613 3359 2707 3414 sed
2737 3359 2962 3428 singulis
2997 3358 3102 3414 diei
3147 3359 3294 3416 horis
3324 3360 3454 3416 deos
3484 3375 3632 3426 suos,

2035 3451 2111 3506 uti
2166 3449 2530 3507 Tertullianus
2589 3451 2948 3519 testificatur,
3016 3451 3255 3507 salutare
3309 3452 3560 3508 solebant
3617 3470 3632 3506 :

2043 3563 2061 3596 ‹
2099 3543 2202 3614 Qui
2226 3547 2274 3599 in
2304 3545 2484 3611 idolis,
2517 3565 2536 3597 ι
2570 3545 2763 3615 inquit,
2792 3564 2811 3597 ‹
2841 3546 3124 3602 comendis
3145 3556 3201 3603 et
3226 3549 3277 3601 in
3304 3547 3413 3603 aris
3439 3562 3636 3603 ornan-

2035 3637 2140 3706 dis,
2170 3651 2226 3694 et
2251 3638 2317 3693 ad
2345 3638 2581 3709 singulas
2616 3639 2776 3693 horas
2804 3639 3099 3693 salutandis
3134 3638 3444 3708 adulantur,
3471 3653 3634 3693 cura-

2035 3732 2235 3788 tionem
2258 3732 2436 3790 facere
2458 3733 2708 3790 dicuntur
2739 3753 2757 3786 »
2791 3732 3058 3805 (Tertull.,
3079 3734 3115 3790 ι.
3136 3734 3199 3788 de
3225 3731 3428 3804 Jejun.,
3459 3751 3504 3790 c.
3541 3733 3630 3802 16,

2037 3845 2090 3896 p.
2124 3826 2273 3897 715).

2109 3919 2244 3986 Quid
2269 3919 2458 3974 mirum
2480 3935 2629 3994 ergo,
2656 3921 2703 3976 si
2728 3920 2998 3976 Arnobius
3021 3922 3137 3988 has,
3163 3920 3231 3977 de
3257 3921 3452 3991 quibus
3477 3921 3634 3992 plura

2039 4013 2368 4080 Brissonius,
2399 4014 2746 4072 salutationes
2770 4015 3002 4084 iocando
3031 4015 3110 4070 sic
3139 4013 3430 4084 explodat?
3465 4033 3485 4066 ι
3517 4013 3632 4070 Ob-

2039 4105 2374 4162 dormiscunt
2398 4109 2600 4178 superi,
2627 4123 2873 4164 remeare
2919 4117 2977 4162 ut
3015 4108 3082 4163 ad
3129 4107 3338 4179 vigilias
3361 4108 3634 4163 debeant?

2041 4199 2180 4267 Quid
2230 4200 2583 4257 dormitiones
2622 4202 2752 4268 illae,
2783 4202 2977 4272 quibus
3008 4210 3065 4256 ut
3091 4201 3229 4257 bene
3277 4200 3508 4267 valeant,
3539 4217 3634 4257 au-

2042 4294 2286 4363 spicabili
2313 4293 2635 4350 salutatione
2665 4295 2967 4349 mandatis?
2994 4294 3180 4351 Somni
3211 4295 3390 4366 quiete
3415 4295 3488 4349 dii
3518 4295 3629 4350 sol-

2041 4394 2258 4450 vuntur,
2294 4387 2650 4456 occupat-ique
2679 4385 2780 4441 hoc
2810 4395 2866 4441 ut
2896 4388 3132 4456 possint,
3160 4387 3310 4441 lenes
3349 4385 3633 4441 audienda:

2043 4487 2168 4534 sunt
2189 4479 2378 4534 naenia:
2406 4498 2425 4531 ›
2453 4477 2695 4552 (Arnob.,
2720 4480 2817 4534 loc.
2847 4479 2933 4533 cit.
2955 4498 2968 4547 ;
2991 4479 3244 4544 Brisson.,
3262 4483 3296 4535 l.
3331 4478 3628 4546 1Formul.,

2044 4590 2098 4642 ρ.
2129 4573 2198 4627 38
2226 4583 2275 4628 et
2305 4573 2492 4646 seqq).
2523 4573 2660 4641 Quid
2703 4586 2880 4630 autem
2929 4573 3030 4629 hoc
3059 4574 3248 4630 ultimo
3273 4574 3492 4629 nomine
3529 4573 3632 4628 sibi

1967 4654 2021 4716 D
2045 4667 2134 4722 ille
2159 4667 2305 4736 velit,
2337 4668 2383 4723 si
2411 4683 2587 4739 roges,
2616 4670 3059 4739 respondebimus
3106 4669 3288 4741 plures
3335 4669 3475 4724 illius
3511 4682 3633 4724 esse
3732 4725 3734 4732 ,

2046 4763 2396 4833 signiﬁcatus.
2439 4763 2640 4819 Nzenitn
2685 4766 2828 4819 enim
2880 4765 3054 4834 primo
3083 4773 3364 4819 sumuntur
3404 4779 3500 4834 pro
3547 4762 3632 4815 in-

2046 4858 2243 4914 testino
2272 4867 2363 4912 aut
2404 4859 2581 4912 edulio
2629 4859 2683 4912 in
2731 4858 3117 4913 minutissimas
3169 4867 3347 4927 partes
3390 4854 3627 4919 conciso,

2045 4951 2112 5007 de
2157 4967 2264 5022 quo
2293 4966 2393 5006 nos
2440 4965 2620 5020 supra.
2652 4951 2924 5016 Secundo,
2957 4965 3054 5020 pro
3082 4965 3143 5005 re
3173 4949 3378 5003 frivola.
3421 4945 3626 5014 Tertio,

2043 5061 2141 5116 pro
2169 5047 2409 5116 quolibet
2435 5055 2594 5100 cantu
2621 5044 2815 5099 inutili.
2845 5043 2997 5099 Unde
3031 5041 3315 5097 Horatius:

2135 5162 2328 5221 Roscia,
2350 5164 2428 5213 dic
2451 5164 2615 5224 sodes,
2641 5161 2817 5211 melior
2839 5161 2945 5220 lex,
2969 5174 3030 5210 an
3054 5173 3315 5222 puerorum

2134 5227 2319 5289 Naeuia,
2348 5241 2458 5290 qua:
2482 5234 2855 5290 recteregnum
2876 5225 3165 5290 facientibus
3187 5224 3347 5290 oﬂ'ert.

2383 5289 2598 5353 (Horae,
2621 5287 2654 5340 ι.
2677 5286 2720 5349 ι,⁷
2736 5300 2810 5350 ep.
2840 5289 2887 5351 1,
2911 5288 2976 5338 ad
2996 5291 3219 5350 Maeciam,
3243 5300 3289 5337 υ.
3312 5286 3569 5350 62etseq.)

2044 5396 2248 5464 Quarto
2276 5407 2374 5464 pro
2415 5389 2682 5448 cantilena
2728 5394 2780 5447 in
2820 5405 3157 5448 mortuorum
3189 5390 3426 5454 laudem,
3457 5398 3549 5445 aut
3574 5399 3632 5446 ut

2045 5504 2332 5562 puerorum
2380 5502 2601 5543 somnus
2649 5487 2932 5544 alliciatur.
2979 5488 3049 5542 At
3076 5501 3179 5540 vox
3221 5485 3393 5540 naenia
3420 5484 3632 5539 videtur

2047 5587 2146 5640 hac
2165 5591 2375 5655 quarta,
2407 5583 2493 5637 vel
2522 5583 2678 5638 tertia
2707 5581 3093 5652 significatione
3115 5581 3182 5636 ab
3209 5581 3448 5636 Arnobio
3478 5596 3632 5636 usur-

2044 5680 2179 5752 pari.
2215 5679 2351 5748 Quid
2383 5693 2543 5747 porro
2571 5677 2877 5740 absurdius,
2907 5676 2982 5730 ait
3021 5676 3131 5739 ille,
3164 5690 3322 5746 quam
3363 5675 3633 5730 dormien-

2047 5785 2128 5830 tes
2153 5775 2284 5830 deos
2309 5775 2535 5843 fingere,
2565 5786 2628 5826 ac
2658 5780 2777 5841 post
2801 5784 3048 5824 somnum
3075 5768 3390 5838 vigilantes?

2120 5865 2202 5922 Ad
2244 5865 2380 5921 alios
2406 5881 2511 5921 non
2551 5864 2728 5919 minus
2767 5862 3168 5933 superstitiosos
3195 5863 3469 5933 gentilium
3499 5862 3632 5920 ritus
