4230 6266
603 340 707 394 659

1848 323 2311 384 ΒΙΞΞαΕΗΤΑΤΙΟ
2357 323 2639 382 ΡιιλιινιΑ

3783 315 3893 375 660

601 455 682 508 sic
711 451 802 508 ille
834 450 1173 522 progreditur
1205 465 1216 501 :
1247 465 1266 498 ι
1297 446 1520 500 Lavatio
1545 445 1705 500 deum
1733 441 1917 496 Matris
1963 448 2050 494 est
2091 439 2194 495 ho-
2225 433 2278 501 Α
2304 439 2420 494 haec
2460 437 2691 494 absurda
2736 437 3016 509 gentilium
3045 451 3196 494 sacra
3239 437 3316 494 sic
3359 441 3543 506 postea
3581 431 3839 488 irridebat
3875 449 3890 485 :

602 547 691 602 die
726 566 744 598 ι
784 544 1037 618 (Arnob.,
1064 545 1101 598 ι.
1126 558 1218 607 vn,
1263 559 1316 606 p.
1347 537 1500 610 257),
1534 546 1687 594 sexto
1708 537 1914 592 scilicet
1933 535 2196 591 kalendas

600 639 818 709 aprilis,
853 634 1304 707 quemadmodum
1334 633 1418 688 his
1445 631 1710 687 Ammiani
1741 630 2040 684 Marcellini
2071 645 2194 684 ver-

601 732 684 786 bis
736 731 994 784 discimus
1038 747 1051 782 :
1092 746 1111 781 ι
1172 729 1312 783 Ante
1358 728 1499 782 diem
1555 736 1763 781 sextum
1816 725 2058 788 kalend,
2089 741 2197 795 quo

601 823 790 877 Romae
816 821 965 876 Matri
1006 821 1229 876 deorum
1259 834 1469 890 pompa:
1501 819 1843 873 celebrantur
1868 818 2111 883 annales,
2143 827 2198 873 et

598 924 934 986 carpentum,
967 930 1073 985 quo
1103 914 1314 968 vehitur
1342 911 1725 977 simulacrum,
1765 910 2006 963 Almonis
2039 911 2196 964 undis

603 1009 748 1063 ablui
798 1008 1108 1078 perhibetur
1145 1025 1163 1058 ι
1207 1005 1398 1079 (Amm.
1445 1003 1716 1068 Marcell.,
1760 1003 1798 1056 Ι.
1845 1017 2008 1069 χχιιι,
2049 1019 2095 1055 c.
2137 1005 2192 1069 ’5,

600 1124 652 1177 p.
679 1104 828 1176 555).
859 1104 929 1160 At
959 1120 1068 1158 non
1116 1103 1290 1158 solum
1338 1102 1480 1156 illius
1532 1107 1867 1170 carpentum,
1898 1098 1991 1152 sed
2023 1100 2195 1167 ipsum

601 1200 762 1254 etiam
784 1197 924 1252 illius
958 1197 1304 1251 simulacrum
1335 1193 1403 1247 ibi
1437 1192 1600 1246 lavari
1635 1192 1715 1246 his
1747 1189 1994 1246 versibus
2023 1190 2195 1244 Luca-

600 1305 701 1345 nus
727 1289 960 1346 cecinit:

692 1403 816 1452 Tum
839 1405 918 1465 qui
939 1399 1036 1450 fata
1057 1403 1223 1458 deum,
1250 1403 1544 1465 secretaque
1568 1398 1783 1465 carmina
1807 1402 2025 1454 servant,

691 1466 755 1516 Et
778 1459 926 1517 lotam
951 1479 1097 1530 parvo
1118 1471 1351 1514 revocant
1376 1459 1582 1511 Almone
1609 1459 1861 1523 Cybelen).

1112 1549 1335 1609 (Lucam,
1362 1543 1446 1595 lib.
1476 1559 1490 1593 ι
1516 1541 1768 1603 Pharsal.,
1796 1554 1907 1607 pag.
1939 1541 2066 1605 124.)

601 1657 827 1714 Brevius
849 1672 978 1712 vero
1005 1655 1262 1711 Martialis
1294 1674 1306 1708 :

757 1767 948 1830 Capena
972 1768 1138 1829 grandi
1165 1771 1321 1830 porta,
1342 1778 1445 1830 qua
1473 1764 1593 1830 pluit
1615 1771 1774 1830 gutta,

756 1827 1081 1894 Phrygiamque
1105 1827 1272 1879 matris
1295 1827 1436 1877 Almo
1459 1842 1553 1889 qua
1579 1827 1705 1876 lavat
1729 1829 1930 1876 ferrum.

1284 1909 1545 1978 (Martial.,
1572 1908 1658 1961 lib.
1685 1927 1759 1970 ιιι,
1787 1908 1946 1976 epigr.
1973 1909 2076 1976 47.)

603 2023 826 2079 Ferrum
854 2022 966 2076 sive
987 2037 1210 2075 sacrum.
1236 2019 1412 2074 Locus
1456 2019 1657 2088 itaque,
1682 2031 1789 2086 quo
1831 2016 2001 2071 Mater
2042 2016 2204 2071 deum

603 2116 890 2188 quotannis
935 2115 1233 2178 lavabatur,
1261 2115 1306 2168 is
1345 2121 1462 2167 erat
1492 2113 1581 2167 ubi
1629 2112 1784 2166 Almo
1831 2109 2049 2176 ﬂuvius,
2078 2120 2204 2167 ante

609 2222 818 2279 portam
840 2211 1111 2280 Capenam
1135 2211 1187 2262 in
1220 2207 1457 2263 Tiberim
1481 2205 1906 2262 inﬁuit.Videsis
1950 2205 2202 2261 Ovidium

609 2303 678 2374 (ι.
705 2317 756 2356 tv
785 2300 1018 2365 Fastor.,
1049 2319 1103 2370 p.
1133 2300 1282 2368 580),
1313 2312 1376 2352 ac
1407 2307 1562 2352 notas
1605 2295 1775 2350 Fulvii
1807 2295 1984 2351 Ursini
2009 2298 2059 2350 in
2106 2295 2204 2350 ka-

606 2394 904 2450 lendarium
954 2393 1241 2456 rusticum,
1285 2400 1340 2445 et
1379 2389 1573 2444 Valesii
1620 2389 1672 2442 in
1716 2387 1878 2442 citata
1933 2388 2205 2442 Ammiani

603 2486 766 2542 verba
806 2483 1236 2540 observationes.
1265 2483 1335 2536 At
1376 2479 1586 2552 legendi
1637 2481 1690 2533 in
1733 2479 1920 2548 primis
1959 2478 2203 2534 Pruden-

608 2584 733 2648 tius,
767 2591 926 2650 atqne
966 2577 1315 2648 Augustinus,
1348 2575 1437 2644 qui
1471 2573 1808 2645 turpissimos
1853 2572 2075 2642 hujusce
2124 2573 2203 2626 la-

607 2673 839 2728 vationis
882 2671 1020 2726 ritus
1045 2672 1308 2725 acerrime
1333 2669 1585 2736 exagitat,
1619 2683 1683 2722 ac
1727 2667 1941 2722 tandem
1972 2667 2050 2722 sic
2075 2681 2204 2720 con—

606 2766 776 2821 cludit
809 2783 822 2819 :
861 2783 878 2815 ι
913 2765 1044 2830 Quae
1095 2774 1219 2817 sunt
1271 2761 1573 2832 sacrilegia,
1602 2763 1648 2816 si
1689 2761 1790 2815 ista
1839 2771 1965 2814 sunt
2012 2759 2205 2814 sacra?

605 2871 697 2914 aut
738 2873 858 2929 quae
906 2857 1232 2928 inquinatio,
1274 2855 1316 2909 si
1349 2855 1437 2908 illa
1486 2854 1720 2910 lavatio?
1755 2873 1774 2905 ι
1806 2851 2119 2922 (Pmdent.,
2152 2854 2204 2906 in

606 2951 831 3021 Martgr.
884 2950 944 3004 S.
994 2949 1248 3013 Romani;
1277 2951 1518 3017 August.,
1571 2947 1609 2998 l.
1657 2961 1690 2999 ιι
1729 2945 1790 2997 de
1835 2942 2009 3007 Civit.,
2054 2960 2099 2996 c.
2145 2943 2199 3010 4,

611 3063 664 3114 p.
701 3043 824 3112 54.)
868 3042 1033 3095 Recte
1082 3042 1241 3110 igitur
1295 3038 1563 3093 Arnobius
1608 3037 1757 3092 dictu
1797 3035 2019 3092 omnino
2073 3035 2204 3088 ridi-

606 3137 786 3192 culum
817 3151 937 3190 esse
963 3134 1243 3189 contendit
1269 3133 1400 3187 deos
1431 3132 1765 3194 sordescere,
1796 3141 1957 3200 atque
1985 3129 2052 3184 ad
2082 3146 2203 3184 sor-

2308 549 2327 582 ι
2352 532 2490 598 Quin
2509 531 2670 586 etiam
2691 546 2872 586 sacras
2898 530 3063 600 dapes
3084 536 3362 601 apparant,
3382 535 3437 584 et
3451 526 3746 598 exquisitas
3770 540 3896 595 epu-

2303 626 2403 691 las,
2443 625 2595 696 quasi
2645 625 2846 695 aliquid
2891 624 3015 680 inde
3056 623 3372 680 delibaturis
3415 620 3649 677 oﬁ‘erunt
3689 639 3707 673 ι
3740 615 3898 691 (Lac-

2304 726 2459 785 tant.,
2487 720 2524 772 l.
2557 734 2605 771 vt
2636 716 2816 771 lnstit.
2849 717 3034 782 divin.,
3067 731 3114 771 ε.
3146 717 3197 782 Ι,
3227 734 3278 786 p.
3309 713 3456 786 5422).

2375 811 2553 881 Longe
2583 826 2743 880 porro
2786 811 2914 865 illud
2951 809 3221 864 difﬁcilius
3262 818 3366 874 est,
3417 807 3560 877 quod
3607 804 3896 875 subjungi't

2306 903 2575 958 Arnobius
2608 920 2621 956 :
2653 901 2976 966 uEsculupii
3007 902 3212 972 geritur
3255 901 3664 968 celebraturque
3711 897 3900 951 vinde-

2307 999 2410 1050 mia
2450 1015 2468 1046 ι
2508 995 2743 1066 (Arnob,
2771 994 2858 1047 lib.
2899 1009 2991 1060 vn,
3028 1011 3144 1064 pag.
3176 991 3329 1062 258).
3363 991 3477 1046 Non
3510 993 3652 1044 enim
3681 989 3750 1043 de
3791 989 3900 1043 fes-

2308 1093 2373 1144 tis
2403 1091 2667 1144 viualilius
2710 1090 2784 1143 ibi
2827 1089 3093 1157 loquitur;
3137 1088 3333 1156 quippe
3377 1099 3495 1155 qua:
3523 1084 3694 1153 prima
3723 1080 3848 1136 Jovi
3881 1124 3896 1147 ,

2307 1184 2605 1253 posteriora
2629 1181 2828 1237 Veneri
2863 1195 3013 1234 sacra
3059 1179 3223 1232 luisse
3269 1178 3438 1230 Varro
3465 1217 3479 1242 ,
3521 1175 3735 1238 Festus,
3767 1173 3897 1229 Ovi-

2305 1275 2448 1341 dius,
2483 1275 2682 1344 aliique
2711 1273 3066 1326 testiﬁcantur
3089 1270 3300 1342 (Varr.,
3333 1270 3420 1324 lib.
3453 1285 3484 1323 v
3504 1269 3567 1322 de
3588 1267 3743 1339 Ling.
3774 1269 3894 1334 lat.,

2306 1381 2427 1436 pag.
2486 1365 2558 1420 40
2608 1374 2655 1419 et
2696 1364 2808 1429 50;
2851 1361 3036 1416 Festus
3079 1362 3146 1415 ad
3185 1359 3332 1415 verba
3380 1361 3655 1424 Vanum;
3701 1357 3851 1412 Ouid.
3878 1401 3894 1422 ,

2306 1457 2396 1511 lib.
2421 1471 2474 1511 tv
2503 1455 2735 1520 Fastor.,
2763 1473 2880 1526 pag.
2913 1455 3016 1509 616
3034 1463 3079 1508 et
3108 1470 3242 1521 seqq.
3257 1456 3296 1520 ).
3315 1450 3798 1507 Atobservandum
3818 1459 3903 1506 est

2307 1551 2410 1605 alia
2452 1550 2618 1605 fuisse
2662 1550 2818 1614 festa,
2850 1565 2969 1619 quin
3020 1548 3372 1603 Meditrinalia
3418 1546 3748 1601 vocabantur
3775 1586 3790 1611 ,
3835 1546 3904 1600 de

2307 1643 2502 1713 quibus
2530 1642 2699 1696 Varro
2731 1659 2744 1696 :
2784 1641 2992 1705 «Dies»
3025 1641 3216 1710 inquit,
3277 1657 3296 1689 ι
3325 1637 3502 1694 dictus
3533 1649 3563 1690 a
3593 1636 3860 1691 medendo
3883 1674 3900 1700 ,

2307 1738 2450 1808 quod
2482 1748 2538 1791 ut
2567 1736 2790 1791 Flaccus
2819 1735 3014 1789 ﬂamen
3042 1734 3298 1788 Martialis
3317 1732 3552 1797 dicebat,
3579 1732 3674 1786 hoc
3701 1731 3789 1785 die
3806 1745 3902 1784 so-

2238 1835 2286 1897 B
2313 1833 2464 1886 litum
2496 1833 2679 1886 vinum
2709 1845 2930 1896 novum,
2956 1839 3009 1884 et
3035 1839 3190 1883 vetus
3222 1827 3379 1882 libari
3405 1835 3460 1881 et
3487 1827 3755 1896 degustari
3785 1840 3906 1880 me-

2310 1926 2596 1980 dicamenti
2656 1939 2839 1978 causa.
2881 1924 3034 1992 Quod
3085 1923 3262 1977 facere
3315 1923 3495 1976 solent
3544 1923 3706 1975 etiam
3754 1935 3904 1976 nunc

2310 2022 2486 2084 multi,
2509 2035 2631 2075 cum
2659 2019 2839 2074 dicant
2872 2037 2885 2073 :
2915 2018 3119 2072 Novum
3149 2027 3302 2071 vetus
3334 2018 3515 2070 vinmn
3550 2016 3676 2072 bibo
3715 2033 3726 2070 :
3760 2029 3904 2070 novo

2311 2113 2481 2167 veteri
2521 2113 2712 2166 morbo
2741 2111 2964 2165 medeor
2996 2128 3014 2161 ι
3060 2109 3270 2181 (Varr.,
3300 2108 3388 2162 lib.
3418 2124 3449 2162 v
3489 2109 3552 2161 de
3595 2107 3746 2178 Ling.
3780 2109 3901 2173 λιιι,

2312 2221 2431 2274 pug.
2462 2204 2576 2274 51).
2603 2203 2709 2258 Sed
2736 2202 2928 2258 Festus
2955 2245 2972 2269 ,
3011 2205 3098 2272 qui
3142 2201 3258 2254 ha‘c
3287 2201 3468 2254 ultima
3496 2201 3658 2255 verba
3685 2201 3904 2264 retulit,

2310 2297 2662 2352 Meditrinalia
2697 2311 2725 2349 a
2754 2295 3034 2349 Meditrina
3067 2293 3168 2348 dea
3195 2307 3391 2347 nomen
3422 2293 3700 2364 accepisse
3749 2307 3904 2347 asse-

2312 2402 2459 2444 verat
2489 2389 2682 2459 (Fest.,
2712 2389 2778 2442 ad
2807 2388 2940 2441 verb.
2970 2387 3406 2457 MEDITRINALIA).
3457 2386 3774 2440 Plutarchus
3801 2400 3906 2440 auo

2314 2492 2420 2537 tem
2455 2493 2634 2536 narrat
2664 2481 2791 2535 olim
2841 2496 2955 2548 eos,
3003 2481 3092 2549 qui
3120 2480 3301 2534 vinum
3333 2494 3530 2532 novum
3561 2478 3848 2548 gustabunt
3881 2519 3897 2541 ,

2311 2588 2435 2629 vota
2479 2573 2711 2637 fecisse;
2769 2581 2825 2625 ut
2857 2573 3000 2626 illius
3028 2587 3155 2626 usus
3184 2572 3442 2625 innoxius
3467 2613 3482 2635 ,
3541 2571 3906 2625 medicamen-

2313 2678 2531 2737 tumque
2578 2666 2813 2722 salutare
2867 2668 3002 2720 t‘oret
3031 2664 3332 2733 (Plutarch.
3363 2706 3380 2730 ,
3410 2666 3499 2720 lib.
3549 2680 3606 2720 ιιι
3631 2664 3902 2736 ngpos.,

2308 2772 2488 2833 quaest.
2523 2761 2575 2822 7,
2609 2777 2728 2830 pag.
2765 2759 2918 2828 65l).
2953 2757 3149 2812 Verum
3199 2757 3247 2811 id
3284 2757 3414 2812 dicit
3441 2774 3502 2812 ea
3544 2758 3632 2814 die
3663 2759 3855 2812 factum
3885 2799 3901 2822 ,

2311 2854 2834 2924 quam-Pithoegiam
2866 2854 3232 2923 appellabant.
3261 2859 3320 2906 At
3355 2853 3455 2908 hoc
3484 2851 3705 2913 festum.
3724 2852 3905 2906 utido-

2311 2957 2396 3002 eet
2477 2947 2739 3000 Meursius
2775 2989 2788 3010 ,
2842 2947 2892 2998 in
2957 2944 3148 2999 Bacchi
3218 2945 3475 2998 honorem
3531 2944 3905 2998 celebrabatur

2311 3039 2558 3109 (Meurs.,
2591 3039 2677 3092 lib.
2711 3055 2725 3092 ι
2773 3037 2938 3092 Graec.
2969 3039 3184 3108 feriatis,
3215 3054 3333 3108 pag.
3365 3035 3490 3100 719;
3523 3033 3694 3105 Antig.
3720 3052 3900 3107 gnem,

2311 3143 2432 3187 tom.
2462 3131 2784 3206 vn).Utrum
2810 3147 2935 3187 vero
2962 3131 3343 3187 medicamenti
3374 3131 3582 3184 ratione
3611 3128 3661 3184 id
3689 3145 3903 3198 quoque

607 3229 704 3283 des
747 3227 1004 3282 eluendus
1046 3227 1350 3280 lavantibus
1390 3225 1562 3294 aquis,
1619 3235 1673 3279 et
1714 3224 1932 3294 antiqua
1976 3223 2204 3278 frixione
2236 3232 2281 3295 ί]
2314 3225 2626 3294 IEs-culapio
2654 3239 2865 3278 sacrum
2897 3223 3080 3288 fuerit,
3113 3223 3339 3276 aliorum
3360 3221 3902 3289 estojudicium.Nos

607 3321 803 3376 cineris
829 3319 1086 3388 indigere.

684 3411 817 3466 Tum
848 3411 1046 3466 deinde
1077 3411 1167 3465 ille
1199 3429 1210 3464 :
1247 3431 1264 3462 ι
1303 3410 1472 3476 Jovis,
1515 3429 1532 3461 ι
1564 3410 1736 3479 inquit
1761 3408 2004 3478 (Arnob.,
2035 3411 2070 3464 Ι.
2110 3427 2198 3475 vn,

611 3521 664 3573 p.
693 3503 845 3573 9.58),
885 3523 904 3554 ι
949 3504 1161 3572 epulum
1211 3519 1329 3556 cras
1375 3514 1486 3569 est,
1525 3521 1543 3554 ι
1578 3503 1828 3556 nimirum
1878 3502 2053 3558 idibus
2102 3521 2201 3556 no-

613 3595 868 3660 vembris,
911 3597 983 3648 nti
1018 3596 1066 3648 in
1099 3594 1421 3650 Kalendario
1467 3595 1664 3649 rustico
1713 3604 2018 3650 annotatur.
2051 3595 2200 3650 llaud

613 3704 741 3744 vero
788 3689 1099 3757 infrequens
1146 3689 1304 3756 hujus
1349 3687 1490 3757 epuli
1533 3687 1673 3756 apud
1704 3688 1881 3741 varios
1911 3687 2202 3755 scriptores

610 3780 835 3836 mentio.
863 3780 1014 3850 Apud
1044 3781 1249 3834 Livium
1279 3779 1542 3848 siquidem
1568 3780 1680 3832 hinc
1709 3777 1902 3831 alicubi
1933 3779 2157 3848 legimus
2183 3797 2198 3832 :

613 3893 632 3926 ι
665 3873 800 3929 Ludi
829 3874 1018 3943 plebeii
1045 3889 1138 3944 per
1163 3873 1380 3928 biduum
1409 3871 1707 3937 instaurati,
1737 3882 1790 3926 ct
1809 3871 1958 3926 Jovis
1983 3872 2200 3941 epulum

606 3969 710 4024 fuit
735 3969 978 4024 ludorum
1007 3983 1169 4022 causa
1194 3986 1213 4019 ι
1241 3967 1398 4037 (Liv.,
1437 3968 1472 4021 ι.
1512 3982 1641 4033 xxv,
1683 3983 1731 4020 ε.
1772 3965 1828 4032 2,
1867 3976 1914 4018 et
1955 3966 1992 4018 ι.
2027 3981 2198 4032 xxvii,

612 4083 659 4119 c.
681 4065 772 4131 56,
795 4076 841 4119 et
859 4067 894 4119 ι.
919 4080 1105 4129 χχχιιι,
1129 4081 1174 4117 c.
1198 4062 1313 4134 49.).
1341 4062 1407 4116 Et
1430 4077 1643 4116 rursum
1669 4061 1793 4114 alibi
1819 4059 1958 4114 idem
1983 4062 2196 4129 repetit.

606 4157 798 4214 Cicero
829 4168 1009 4212 autem
1054 4157 1210 4211 docet
1241 4157 1342 4209 hoc
1371 4153 1590 4223 epulare
1617 4152 1971 4216 sacriﬁcium,
2003 4161 2060 4207 et
2091 4160 2200 4206 tres

608 4253 889 4322 epulones,
947 4251 1038 4321 qui
1091 4249 1139 4303 ei
1191 4256 1506 4320 przeessent,
1554 4262 1584 4299 a
1635 4245 1805 4300 Numa
1859 4246 2131 4299 institutos
2182 4263 2197 4299 :

615 4366 634 4399 ι
669 4345 957 4402 Pontiﬁces
987 4354 1218 4410 veteres,
1251 4362 1269 4394 ι
1297 4342 1487 4412 inquit,
1519 4361 1537 4391 ι
1573 4349 1790 4410 propter
1809 4337 2198 4394 sacriﬁciorum

609 4439 1004 4494 multitudinem
1050 4445 1161 4491 tres
1205 4436 1347 4488 viros
1399 4433 1668 4503 Epulones
1715 4421 1836 4486 esse
1890 4431 2194 4499 voluerunt,

607 4550 731 4589 cum
756 4543 937 4588 essent
965 4532 1065 4602 ipsi
1092 4548 1120 4584 a
1146 4529 1338 4594 Numa,
1368 4538 1423 4582 ut
1453 4528 1613 4582 etiam
1642 4525 1769 4580 illud
1796 4525 2042 4580 ludorum
2067 4541 2196 4593 epu-

2313 3333 2474 3386 porro
2504 3334 2609 3372 non
2633 3318 2784 3387 l'ugit,
2821 3332 2984 3370 unttm
3007 3316 3074 3368 ab
3096 3315 3438 3370 Theodoreto
3459 3313 3757 3385 Esculapii
3784 3315 3898 3368 fes-

2312 3419 2422 3463 tum
2471 3411 2668 3469 notari,
2710 3409 2850 3478 quod
2894 3407 2986 3462 ille
3027 3407 3303 3464 Ἀσκλήπια
3347 3407 3690 3476 cognominat
3717 3405 3902 3477 (Thea-

2309 3507 2449 3569 dor.,
2479 3520 2629 3557 serm.
2652 3504 2706 3567 5,
2740 3505 2801 3554 de
2833 3503 3078 3568 sacriﬁc.,
3108 3513 3230 3553 tam.
3255 3516 3326 3563 tv,
3362 3517 3482 3571 pag.
3516 3499 3666 3572 583).
3700 3500 3806 3556 Sed
3831 3502 3898 3554 il-

2310 3596 2400 3650 lud
2435 3597 2572 3649 idem
2621 3595 2786 3648 fuisse
2816 3606 2976 3662 atque
3007 3592 3304 3661 IEsculapii
3334 3593 3657 3647 vindemiam
3687 3595 3729 3653 si
3753 3602 3900 3650 recte

2309 3689 2641 3756 probaveris,
2675 3687 2766 3740 tibi
2801 3687 2943 3740 illico
2971 3686 3396 3740 subscribemus.

2378 3780 2648 3835 Caeterum
2710 3780 2986 3833 Arnobius
3015 3778 3295 3834 evidenter
3321 3777 3558 3833 ostendit
3602 3780 3715 3834 haec
3763 3780 3897 3834 deo-

2309 3889 2447 3938 rum,
2473 3874 2560 3942 qui
2589 3874 2771 3927 vincas
2797 3873 2978 3926 colere
3005 3871 3140 3926 falso
3167 3871 3528 3926 credebantur
3553 3915 3567 3937 ,
3601 3873 3757 3937 festa,
3787 3880 3897 3927 tam

2304 3969 2680 4039 superstitiose
2731 3969 3035 4030 celebrari,
3090 3983 3248 4037 quam
3300 3969 3660 4022 lectisternium
3701 3968 3900 4024 Cereris

2307 4062 2546 4133 (Arnob.,
2578 4063 2665 4115 lib.
2697 4078 2787 4126 vu,
2822 4080 2940 4130 pag.
2973 4061 3124 4133 258).
3151 4062 3216 4116 Et
3247 4079 3305 4116 re
3322 4062 3536 4132 quidem
3565 4079 3685 4119 vera
3714 4075 3891 4128 erant,

2309 4164 2364 4208 ut
2389 4156 2462 4208 ait
2485 4155 2760 4224 Apuleius,
2799 4173 2816 4205 ι
2854 4167 2907 4208 et
2924 4154 3256 4223 publicarum
3281 4154 3559 4223 epularum
3584 4165 3891 4224 apparatus,

2305 4257 2359 4302 et
2384 4248 2708 4302 lectisternia
2737 4248 2983 4314 deorum,
3013 4258 3067 4301 et
3091 4248 3210 4302 dies
3233 4247 3352 4302 festi
3393 4269 3410 4300 ι
3440 4250 3644 4318 (Apul.,
3675 4249 3763 4304 lib.
3789 4266 3804 4302 ι
3828 4251 3896 4304 de

2307 4339 2492 4393 Mund.
2521 4383 2535 4404 ,
2570 4357 2689 4411 pag.
2720 4340 2876 4408 409).
2905 4339 2962 4392 Ιιι
2999 4341 3212 4408 templis
3242 4341 3504 4410 siquidem
3540 4361 3558 4392 ι
3590 4341 3732 4404 lecti,
3761 4361 3780 4394 ι
3812 4343 3900 4396 itt-

2304 4437 2418 4504 quit
2461 4436 2792 4505 Augustinus
2825 4478 2839 4502 ,
2891 4455 2909 4487 ι
2939 4437 3320 4491 sternebantur
3367 4438 3421 4491 in
3477 4439 3735 4491 honorem
3765 4437 3895 4491 deo-

2304 4543 2442 4595 rum,
2475 4530 2614 4582 unde
2655 4528 2760 4582 hoc
2807 4544 3042 4592 sacrum,
3084 4531 3169 4583 vel
3204 4529 3379 4598 potius
3427 4531 3762 4600 sacrilegium
3799 4547 3896 4584 no-

602 4628 720 4682 lare
746 4625 1067 4681 sacriﬁcium
1101 4625 1357 4685 lacerent,
1406 4618 1635 4674 instituti
1669 4638 1686 4670 ι
1722 4616 1931 4684 (Cicer.,
1963 4618 2002 4672 l.
2044 4634 2102 4672 ιιι
2133 4619 2195 4672 de
2225 4633 2278 4693 ι)
2302 4635 2426 4674 men
2476 4626 2682 4688 accepit
2715 4640 2732 4671 ι
2781 4621 3052 4692 (August,
3081 4621 3169 4675 lib.
3204 4636 3259 4675 ιιι
3299 4623 3362 4674 de
3403 4620 3575 4688 Civit.,
3627 4639 3741 4692 cap.
3801 4623 3890 4692 l7,

611 4717 784 4784 0rut.,
809 4734 863 4785 p.
896 4717 1019 4783 187,
1039 4717 1132 4769 lin.
1152 4714 1264 4784 50).
1289 4714 1474 4768 Livius
1494 4721 1670 4766 autem
1691 4711 2020 4765 Triumviros
2049 4712 2192 4780 Epu-

614 4813 764 4866 Iones
783 4812 1013 4881 primum
1041 4809 1228 4864 Romae
1250 4823 1279 4861 a
1299 4806 1604 4867 ltoniuleio,
1631 4821 1724 4860 seu
1743 4803 2014 4869 Romulia,
2039 4818 2194 4858 crea-

612 4916 693 4961 tos
739 4903 905 4958 fuisse
953 4903 1116 4958 tradit
1165 4899 1328 4973 (Liv.,
1369 4902 1405 4954 l.
1461 4914 1646 4963 χχχιιι,
1678 4915 1723 4951 c.
1772 4898 1884 4967 42).
1918 4897 1993 4952 De
2037 4897 2100 4951 iis
2143 4906 2196 4952 et

609 4997 758 5052 Jovis
800 4997 958 5066 epulo
986 4975 1234 5050 Valerius
1280 4991 1576 5059 Maximus,
1606 4989 1968 5045 Tertullianus
2006 4999 2059 5042 et
2104 4989 2196 5042 alii

603 5103 913 5144 sermonem
961 5087 1247 5142 fecerunt:
1282 5085 1375 5140 sed
1422 5085 1489 5138 de
1530 5083 1622 5136 illo
1673 5083 1824 5152 plura
1870 5081 2194 5147 Gutlterius,

602 5198 760 5252 quem
806 5184 955 5237 adire
999 5181 1200 5251 poteris
1241 5178 1393 5248 ιγαι.
1436 5175 1607 5241 Mam,
1653 5177 1690 5229 l.
1736 5191 1792 5240 ιι,
1826 5192 1872 5228 c.
1917 5173 1968 5242 l,
2003 5163 2030 5246 ξ
2062 5176 2116 5240 5,
2149 5186 2196 5229 et

595 5283 635 5336 ι.
665 5293 742 5344 Iv,
786 5295 836 5346 p.
864 5276 920 5341 2,
952 5275 979 5346 §
1011 5277 1070 5339 ὃς
1103 5274 1430 5336 Tertullian.,
1464 5271 1708 5341 Apolog.,
1737 5286 1784 5323 c.
1815 5270 1914 5334 l5;
1949 5268 2192 5336 Gut/ten,

598 5373 720 5438 l._iv
748 5370 810 5422 de
847 5366 958 5422 γει.
982 5364 1358 5438 jure,Pontif.,
1392 5379 1438 5416 c.
1471 5363 1590 5432 25).
1618 5364 1806 5418 Nonne
1832 5378 1960 5432 ergo
2003 5361 2191 5430 deploo

597 5462 765 5517 randa
793 5475 1016 5531 prorsus
1045 5466 1162 5515 erat
1189 5460 1404 5512 caecitas
1432 5455 1735 5525 gentilium,
1761 5456 1848 5525 qui
1876 5455 2018 5510 serio
2047 5455 2194 5510 dice-

598 5557 726 5611 bant
754 5555 939 5610 .lovetn
969 5553 1174 5623 magnis
1205 5550 1413 5621 impleri
1443 5548 1690 5616 dapibus,
1731 5560 1824 5602 aut
1853 5559 1902 5602 ut
1933 5550 2006 5602 ait
2039 5548 2192 5604 Vale-

587 5637 709 5701 ’rius
748 5645 1009 5700 Maximus
1039 5645 1145 5714 (ubi
1181 5644 1382 5713 supra),
1419 5641 1470 5694 in
1515 5640 1789 5704 lectulum,
1817 5655 1880 5693 ac
1927 5640 2192 5697 lunonem

593 5749 648 5793 et
673 5737 962 5791 Minervam
995 5737 1048 5792 in
1078 5734 1246 5790 cellas
1280 5735 1345 5789 ad
1385 5748 1592 5788 coenam
1635 5732 1884 5787 Invitari?
1911 5733 2192 5807 Quaprop-

612 5843 671 5882 er
693 5825 1335 5896 Lactantius,Arnobium
1362 5835 1747 5896 praeceptorem
1769 5840 1924 5881 suum
1945 5838 2189 5896 secutus,

2302 4731 2423 4784 pag.
2454 4714 2569 4783 74).
2606 4714 2842 4768 Primum
2873 4726 3050 4769 autem
3084 4715 3494 4781 lectisternium,
3530 4725 3667 4770 teste
3697 4715 3847 4771 Livio
3871 4758 3891 4785 ,

2300 4807 2485 4861 Roma:
2517 4807 2712 4861 factum
2743 4817 2824 4862 est
2855 4850 2868 4873 ,
2903 4809 2968 4861 ad
3000 4819 3206 4879 pestem
3229 4817 3416 4863 testate
3440 4821 3772 4880 grassantem
3807 4827 3894 4866 se-

2303 4897 2534 4952 dandam
2564 4939 2579 4963 ,
2636 4909 2920 4968 postquam
2966 4900 3434 4954 senatusconsulto
3476 4901 3594 4955 libri
3645 4902 3891 4974 Sibyllini

2301 4993 2430 5046 aditi
2464 5003 2590 5046 sunt
2627 5012 2638 5047 :
2678 5009 2696 5042 ι
2732 4991 3006 5046 Dnumviri
3038 4993 3206 5046 sacris
3232 5033 3244 5052 .
3280 4993 3470 5064 inquit,
3503 4993 3762 5048 faciundis
3797 5011 3892 5063 per

2302 5087 2416 5140 dies
2440 5096 2564 5140 octo
2597 5085 2899 5154 Apollinem
2927 5126 2942 5150 ,
2992 5085 3377 5156 Latonamque,
3409 5095 3460 5140 et
3489 5087 3726 5153 Dianam,
3751 5086 3860 5142 Her

2301 5183 2497 5244 cutem,
2550 5180 2891 5246 Mercurium,
2928 5192 3088 5250 atque
3114 5181 3437 5250 Neptunum,
3470 5182 3639 5236 tribus
3664 5223 3679 5247 ,
3726 5200 3887 5252 quam

2299 5273 2633 5343 amplissime
2662 5283 2772 5326 tum
2802 5274 2976 5340 parari
3011 5281 3248 5343 poterat,”
3270 5275 3454 5329 stratis
3483 5275 3639 5329 lectis
3664 5317 3677 5341 ,
3711 5276 3862 5346 placa

2296 5381 2421 5420 vere
2454 5386 2466 5418 ι
2507 5364 2664 5433 (Liv.,
2698 5365 2788 5418 lib.
2821 5381 2871 5429 v,
2903 5381 3016 5431 cup.
3056 5366 3168 5435 l5).

2373 5459 2506 5510 'l‘um
2581 5458 2778 5512 deinde
2861 5457 3190 5513 lectisternia
3263 5460 3691 5530 frequentissime
3748 5461 3887 5518 facta

2299 5554 2495 5617 fuisse,
2519 5554 2640 5624 quis
2664 5551 2874 5608 nescire
2904 5563 3075 5622 potest
3108 5554 3130 5606 ?
3161 5553 3239 5608 Ex
3272 5554 3376 5608 illis
3404 5566 3580 5609 autem
3610 5555 3884 5622 omnibus,

2298 5649 2428 5706 illud
2458 5659 2659 5703 tantum
2693 5651 3238 5706 commemorahimus
3259 5693 3274 5717 ,
3304 5651 3371 5706 de
3401 5666 3504 5722 quo
3533 5650 3674 5706 idem
3705 5651 3885 5706 Livius

2298 5743 2368 5797 ita
2415 5742 2669 5810 loquitur.
2699 5741 2832 5796 Cum
2882 5743 3112 5798 Annibal
3153 5759 3308 5814 agros
3337 5744 3502 5799 Italia:
3529 5745 3884 5816 dchpularc-

2299 5845 2404 5904 tur,
2445 5837 2700 5907 inspectis
2739 5837 3015 5906 Sybillinis
3042 5839 3192 5896 libris
3215 5881 3230 5907 ,
3285 5856 3346 5896 ac
3396 5850 3519 5897 voto
3549 5841 3650 5896 rite
3675 5855 3883 5896 nuncu-
