4172 6252
254 308 360 371 661

1424 312 1492 368 lN
1546 310 1930 381 ΑΒΜΒΙΗΠ,
1972 310 2127 371 CAP.
2174 310 2345 371 XXV.

3444 306 3550 365 662

252 439 381 503 pato
408 445 423 484 :
453 448 473 482 ι
497 429 909 489 Lectisternium
935 474 949 499 ,
988 450 1009 485 ι
1041 431 1116 487 ait
1145 428 1236 488 ille
1259 429 1321 498 ,ἰ
1334 444 1429 503 per
1448 430 1687 488 triduum
1703 431 1852 488 babi-
1876 433 1932 496 Α
1954 398 2196 500 elluare‘,
2251 446 2347 489 seu
2375 432 2743 505 grammetica:
2788 432 2935 504 leges
2955 473 2970 500 ,
3001 438 3092 486 aut
3122 427 3448 486 rhetoricam
3490 437 3547 485 et

252 533 389 588 tum,
418 522 742 581 decemviris
790 538 1067 581 sacrorum
1095 524 1412 581 curantibus
1437 538 1567 579 :sex
1592 524 1844 594 pulviuao

250 618 332 676 ria
357 618 409 673 in
436 627 728 689 conspectu
756 615 907 675 fuere
933 656 949 684 ,
986 617 1106 675 Jovi
1146 627 1202 673 et
1237 617 1430 674 Iunoni
1463 633 1627 673 unum
1652 658 1667 682 ,
1712 616 1847 672 alte-

252 725 378 767 rum
429 708 677 780 Neptuno
707 724 770 765 ac
798 709 1074 777 Minervae,
1104 710 1319 767 tertium
1349 709 1503 765 Marti
1535 719 1589 764 et
1613 708 1845 774 Veneri,

250 812 507 873 quartum
556 802 786 872 Apollini
839 818 902 858 ac
949 803 1132 861 Diana:
1162 845 1177 870 ,
1209 803 1452 873 quintum
1497 802 1741 858 Vulcano
1782 816 1848 858 ac

252 896 476 964 Vestae,
527 906 737 955 sextum
782 897 1049 955 Mercurio
1104 913 1169 953 ac
1212 896 1397 954 Cereri
1433 917 1454 952 ι
1491 895 1707 967 (Idem,
1754 897 1843 953 lib.
1890 949 1895 955 .

248 1004 392 1052 xxii.
419 987 448 1061 §
480 988 588 1059 l0).
620 988 784 1046 Vides
824 998 977 1046 certe
1022 990 1076 1044 in
1120 989 1205 1045 his
1241 990 1587 1046 lectisterniis
1616 988 1747 1044 deos
1790 988 1845 1043 in

249 1079 413 1137 lectis
443 1090 498 1137 et
528 1081 893 1151 pulvinaribus
937 1082 1249 1148 collocatos,
1289 1093 1344 1137 et
1371 1082 1510 1150 illis,
1546 1093 1604 1137 ut
1642 1082 1844 1137 malum

249 1171 470 1244 aliquod
499 1182 830 1239 averterent,
863 1175 1242 1244 supplicatum.
1280 1175 1550 1230 Arnobius
1579 1188 1709 1229 vero
1734 1170 1845 1229 Ce-

249 1266 391 1323 reris
440 1275 644 1321 tantum
696 1267 966 1334 meminit,
1013 1266 1110 1323 sed
1152 1268 1387 1338 exempli
1427 1282 1608 1323 causa.
1659 1266 1847 1337 Neque

250 1361 396 1415 enim
452 1363 502 1416 ei
539 1360 640 1419 soli
683 1361 1075 1417 lectisternium
1115 1359 1311 1417 factum
1344 1360 1510 1417 fuisse
1554 1360 1844 1432 signiﬁcat.

251 1453 611 1511 Ethnicorum
667 1469 798 1510 vero
841 1456 1106 1511 insaniam
1145 1455 1266 1525 jure
1309 1455 1505 1511 merito
1533 1454 1845 1525 redarguit,

250 1557 315 1602 ut
338 1556 460 1617 pote
480 1548 570 1617 qui
597 1546 733 1603 deos
759 1563 885 1603 suos
907 1563 994 1614 eo,
1028 1562 1137 1618 quo
1159 1548 1420 1615 diximus,
1441 1548 1602 1604 modo
1632 1549 1686 1604 in
1709 1548 1848 1603 mol-

253 1639 398 1696 libus
420 1640 575 1696 lectis
630 1650 686 1697 et
735 1640 1105 1712 pulvinaribus
1143 1641 1317 1711 palam
1342 1654 1408 1696 ac
1434 1641 1645 1711 publice
1665 1640 1849 1697 stratis

252 1733 455 1789 cubare
484 1733 865 1802 opinabantur.

1947 526 2281 582 dialecticam
2311 528 2554 598 apprime
2585 528 2869 583 noverant?
2893 524 3082 600 (lbid.,
3108 541 3229 596 pag.
3250 522 3320 580 55
3338 532 3386 577 et
3410 520 3541 597 seq.)

1951 619 2059 676 Sed
2110 628 2232 689 quae
2278 618 2407 675 inde
2454 620 2555 675 nisi
2606 619 2787 691 pueris
2817 633 2953 673 vana
3012 617 3250 673 scientia:
3273 614 3544 685 jactatio?

1948 711 2088 767 Num
2117 712 2240 784 quia
2268 713 2460 767 animae
2482 728 2669 768 eorum
2701 712 2788 767 vel
2814 712 2881 766 ab
2920 713 3032 782 ipsa
3069 725 3163 765 sua
3190 709 3400 779 origine
3426 707 3545 762 aliis

1948 804 2280 874 quibuslibet
2296 805 2537 859 scientiis
2558 814 2614 860 et
2636 803 2897 859 doctrinis
2923 802 3140 857 imbutae
3169 799 3419 856 luerunt?
3438 799 3544 857 Sed

1949 895 2095 951 hunc
2110 910 2350 951 errorem
2368 897 2497 951 satis
2528 897 2594 950 ab
2615 895 2733 966 ipso
2764 895 3002 950 Arnubio
3023 892 3354 948 confutatum
3381 891 3550 947 fuisse

1949 991 2277 1046 ostendimus
2307 991 2516 1062 (Supr.,
2546 1007 2661 1061 cap.
2688 991 2743 1056 9,
2770 997 2870 1042 art.
2898 988 2974 1060 1).
3002 989 3138 1043 Num
3153 988 3275 1058 quia
3294 988 3546 1043 scientias

1949 1090 2006 1139 et
2028 1094 2172 1138 artes
2211 1083 2395 1138 labore
2422 1093 2477 1137 et
2500 1083 2887 1138 exercitatione
2923 1079 3409 1150 comparaverunt?
3442 1078 3547 1135 Ve’

1950 1191 2067 1230 rum
2099 1190 2257 1246 quam
2286 1176 2473 1246 exigua
2502 1176 2572 1230 sit
2594 1176 2682 1229 illa
2714 1174 2990 1229 hominum
3018 1173 3264 1237 scientia,
3286 1172 3412 1227 inde
3426 1172 3537 1227 col-

1950 1267 2102 1339 ligas,
2134 1267 2276 1336 quod
2301 1277 2419 1336 post
2444 1276 2522 1321 tot
2541 1267 2750 1336 elapsus
2777 1266 2846 1320 ab
2867 1263 3051 1320 mundi
3070 1263 3293 1321 exordio
3310 1275 3498 1320 aetates
3528 1306 3543 1330 ,

1951 1373 2056 1413 non
2088 1358 2254 1413 multa
2295 1374 2448 1420 sane.
2487 1358 2581 1414 sed
2627 1372 2894 1428 perpauca
2918 1358 3207 1412 admodum
3254 1365 3405 1411 certo
3449 1371 3542 1411 co-

1951 1464 2232 1525 gnoscaut.
2270 1453 2460 1509 Nonne
2500 1455 2645 1509 enim
2689 1453 2973 1509 «Socrates
2998 1471 3047 1521 ,ι
3088 1452 3542 1524 quemadmodum

1953 1549 2190 1619 loquitur
2237 1559 2428 1605 auctor
2476 1560 2659 1603 noster
2688 1590 2705 1615 ,
2744 1567 2763 1601 ι
2798 1547 3259 1617 comprehendere
3281 1547 3466 1618 nequit
3494 1548 3547 1602 in

1951 1641 2214 1698 Phaedone
2239 1643 2364 1714 (ms.
2406 1657 2519 1712 reg.
2550 1636 2748 1712 Fedro)
2769 1640 2930 1695 homo
2969 1641 3094 1710 quid
3135 1641 3235 1708 sit,
3267 1651 3357 1695 aut
3408 1636 3550 1696 unde

1953 1736 2044 1803 sit,
2070 1751 2292 1806 anceps,
2314 1736 2520 1800 varius,
2554 1734 2787 1800 mobilis,
2816 1734 3014 1804 pellax,
3046 1733 3344 1803 multiplex,
3370 1732 3551 1787 multi-

323 1825 573 1896 Dcnique
600 1826 691 1881 ille
728 1826 891 1882 simili
923 1824 1085 1896 plane
1112 1824 1275 1881 modo
1300 1825 1438 1882 alios
1459 1824 1710 1881 exsibilat
1753 1840 1851 1881 ex-
1876 1832 1926 1894 Β
1954 1828 2165 1897 formis,
2190 1832 2243 1884 in
2283 1844 2418 1900 quos
2455 1844 2583 1883 usus
2624 1818 2863 1898 prolatus
2902 1828 3005 1891 sit,
3034 1827 3187 1897 cujus
3217 1826 3552 1899 excogitatas

252 1920 533 1993 ploditquc
576 1919 746 1979 festos
786 1918 934 1987 dies,
965 1934 1102 1990 quos
1128 1929 1347 1990 propter
1371 1918 1596 1976 deorum
1626 1933 1849 1977 suorum

250 2016 459 2072 natales
478 2016 755 2073 celebrare
783 2016 1121 2072 ethnicorum
1153 2029 1270 2071 mos
1289 2023 1425 2071 erat.
1457 2013 1631 2070 Unico
1653 2023 1836 2070 autem

251 2109 486 2165 Telluris
511 2108 782 2180 exemplo,
810 2119 1039 2167 caeteros
1062 2121 1253 2162 omnes
1273 2106 1609 2163 damnandos
1629 2120 1751 2162 esse
1778 2106 1850 2161 ita

255 2200 491 2257 ostendit
522 2218 535 2255 :
597 2218 617 2251 ι
644 2199 878 2255 Telluris
924 2198 1115 2255 natalis
1157 2206 1258 2254 est.
1297 2198 1376 2252 Dii
1415 2199 1559 2253 enim
1584 2212 1652 2253 ex
1681 2195 1851 2253 uteris

255 2293 542 2365 prodeunt,
571 2302 628 2350 et
663 2293 865 2349 habent
890 2292 1006 2348 dies
1024 2292 1196 2356 laetos,
1225 2290 1422 2361 quibus
1455 2290 1535 2347 eis
1555 2293 1849 2359 ascriptum

257 2396 341 2442 est
368 2401 551 2442 auram
580 2400 842 2456 usurpare
884 2384 1099 2440 vitalem
1141 2403 1161 2437 ι
1200 2383 1441 2455 (Arnob.,
1471 2383 1559 2438 lib.
1594 2399 1697 2448 vn,
1726 2399 1848 2454 pag.

253 2479 408 2551 258).
430 2478 502 2536 At
527 2494 633 2535 non
663 2478 819 2537 unius
850 2486 1052 2535 tantum
1084 2476 1318 2533 Telluris
1347 2475 1539 2531 natalis
1564 2474 1714 2539 dies,
1754 2473 1849 2529 sed

254 2572 529 2625 variorum
555 2586 767 2642 quoque
788 2570 1035 2638 deorum,
1060 2571 1132 2625 uti
1164 2568 1438 2632 Mercurii,
1466 2566 1720 2622 Minerva:
1746 2607 1759 2630 ,
1790 2574 1847 2620 et

255 2661 409 2719 Jovis
453 2663 769 2731 Ammonis,
812 2665 866 2719 in
916 2663 1087 2720 veteri
1118 2672 1374 2718 notantur
1400 2660 1758 2725 Kalendario,
1795 2660 1848 2715 in

256 2756 406 2829 quod
462 2756 731 2813 Lambecii
770 2766 927 2814 notas
977 2758 1157 2827 legere
1187 2756 1411 2830 poteris.
1443 2753 1595 2812 Unde
1622 2752 1850 2811 Lactan-

255 2850 364 2907 tius
393 2868 409 2905 :
450 2868 467 2903 ι
497 2850 767 2907 Ludorum
794 2892 809 2917 ,
846 2868 866 2903 ι
900 2850 1070 2920 inquit
1095 2891 1111 2917 ,
1160 2868 1179 2901 ι
1207 2846 1601 2905 celebrationes
1628 2846 1852 2902 deorum

255 2944 395 3002 festa
439 2955 600 3011 sunt;
641 2945 906 3016 siquidem
947 2945 1017 2999 ob
1042 2944 1249 2999 natales
1273 2958 1462 3001 eorum
1510 2941 1593 2996 vel
1628 2940 1855 3009 templo-

255 3053 375 3093 rum
406 3053 670 3093 novorum
725 3037 1092 3094 dedicationes
1128 3045 1256 3092 sunt
1305 3034 1582 3091 constituti
1628 3052 1647 3087 ι
1697 3032 1854 3100 (Lac-

256 3141 413 3200 tant.,
435 3132 524 3186 lib.
548 3147 624 3199 v1,
652 3148 766 3204 cap.
798 3132 886 3195 l9,
914 3147 1033 3201 pag.
1064 3128 1217 3201 621).

1956 1922 2193 1992 ingenio,
2219 1922 2343 1993 quid
2364 1922 2417 1976 in
2442 1921 2640 1977 mundo
2662 1920 2840 1987 iaciat,
2871 1935 2969 1976 cur
2996 1919 3263 1975 malorum
3293 1928 3438 1973 tanta
3455 1932 3548 1972 ex-

1955 2020 2196 2089 periatur
2237 2015 2523 2071 examina?
2554 2034 2572 2068 ι
2604 2014 2803 2088 (Ibid.,
2836 2031 2888 2085 ρ.
2919 2013 3052 2085 46.)
3104 2011 3303 2068 Verum
3347 2026 3446 2068 cur
3478 2012 3554 2067 ibi

1954 2126 2053 2181 pro
2092 2109 2346 2178 l’hwdro,
2378 2110 2429 2165 in
2483 2109 2640 2166 editis
2682 2109 2916 2181 positum
2957 2108 3026 2166 sit
3070 2107 3372 2174 Pliwdone,
3402 2106 3549 2161 nulla

1953 2218 2130 2274 neque
2170 2204 2219 2257 in
2251 2203 2605 2269 editionibns,
2640 2218 2814 2273 neque
2846 2202 2899 2256 in
2944 2200 3383 2255 adnotationibus
3409 2199 3551 2255 ratio

1954 2296 2198 2353 affertur.
2228 2295 2285 2350 In
2312 2296 2549 2351 Platonis
2588 2306 2765 2352 tamen
2798 2294 3027 2351 Phaedro
3059 2294 3309 2351 Socrates
3339 2292 3555 2347 induci-

1957 2402 2042 2447 tur
2062 2390 2241 2463 (Plato
2267 2391 2320 2445 in
2352 2389 2590 2457 Phwdr.,
2614 2400 2737 2445 tom.
2764 2406 2842 2454 ut,
2871 2408 2923 2460 p.
2953 2388 3110 2459 250),
3142 2403 3202 2443 se
3230 2388 3402 2456 ipsum
3424 2401 3553 2441 con-

1955 2484 2262 2548 sidcrando,
2294 2484 2562 2553 inquirere
2580 2494 2755 2537 utrum
2782 2483 2851 2537 sit
2880 2482 3078 2548 bellua,
3104 2480 3365 2551 Typhone
3379 2478 3550 2549 magis

1956 2578 2235 2647 multiplex
2257 2619 2273 2644 ,
2298 2577 2550 2643 demens,
2582 2586 2637 2631 et
2674 2575 2870 2631 furiosa
2896 2591 2911 2641 ;
2941 2575 3024 2631 vel
3051 2574 3320 2645 quoddam
3349 2572 3548 2627 animal

1956 2670 2288 2726 mansuetius
2318 2678 2478 2741 atque
2504 2668 2822 2738 simplicius,
2846 2667 3042 2722 divina:
3067 2665 3368 2737 cujusdam,
3399 2677 3455 2721 et
3480 2663 3549 2721 ab

1957 2762 2103 2817 omni
2121 2761 2258 2817 fastu
2279 2771 2334 2817 et
2361 2762 2647 2818 insolentia
2675 2761 2866 2817 alienae
2888 2761 3051 2816 sortis
3074 2775 3139 2816 ac
3165 2768 3371 2815 naturae
3390 2758 3553 2828 parti-

1956 2870 2104 2924 ceps.
2132 2853 2321 2911 Utrum
2353 2869 2482 2909 vero
2507 2863 2695 2910 auctor
2723 2864 2905 2908 uoster
2934 2853 3074 2907 hunc
3104 2851 3344 2907 Platonis
3371 2850 3547 2904 locum

1956 2955 2390 3025 παραφραστικῶς
2411 2948 2739 3018 exposuerit,
2789 2947 2875 3002 vel
2922 2947 3085 3002 alium
3102 2944 3347 3002 citaverit
3373 2985 3390 3011 ,
3445 2957 3549 2997 ex-

1956 3042 2151 3111 pende,
2184 3056 2389 3112 quazso,
2418 3051 2469 3097 et
2501 3041 2806 3111 pronuntia.

2029 3134 2167 3202 Quid
2196 3150 2341 3199 vero,
2374 3137 2515 3200 quod
2546 3135 2706 3191 homo
2726 3149 2832 3190 non
2859 3136 3033 3190 solum
3056 3133 3171 3189 hare
3199 3134 3431 3206 ignorat,
3454 3131 3550 3188 sed

331 3225 496 3282 Recte
549 3242 679 3297 ergo
722 3226 993 3281 Arnobius
1023 3223 1442 3279 insulsissimum
1496 3221 1648 3277 illum
1674 3221 1850 3292 genti-
1881 3227 1927 3291 ι]
1958 3228 2151 3299 quibus
2174 3229 2335 3285 etiam
2369 3227 2572 3295 modis,
2615 3227 2780 3284 verba
2829 3238 2955 3282 sunt
2979 3227 3222 3294 Arnobii,
3261 3244 3281 3279 ‹
3313 3227 3549 3281 ίίιιιιιίιιο

258 3320 391 3376 lium
435 3336 643 3377 morem
699 3337 803 3375 non
852 3320 969 3376 sine
1019 3320 1210 3376 merita
1259 3319 1509 3374 irrisione
1544 3319 1851 3376 insectatur.

253 3412 392 3469 Nam
422 3415 510 3485 qui
540 3412 669 3470 deos
691 3413 997 3485 aliquando,
1022 3412 1199 3468 aiebat
1221 3412 1330 3478 ille,
1348 3427 1452 3468 non
1474 3411 1743 3468 exstitisse
1766 3450 1780 3475 .
1802 3421 1858 3468 et

258 3522 329 3564 ex
373 3507 491 3563 aliis
525 3517 674 3563 ortos
705 3507 975 3573 dicebant,
1009 3507 1062 3561 hi
1090 3505 1340 3573 eosdem,
1376 3505 1577 3560 utalibi
1606 3521 1729 3562 cum
1758 3520 1857 3561 eo-

258 3601 388 3658 dem
435 3611 657 3658 auctore
694 3611 882 3657 nostro
929 3602 1285 3658 invictissime
1320 3601 1810 3657 demonstravimus
1839 3642 1854 3666 ,

260 3716 372 3755 non
399 3715 574 3765 veros,
596 3699 693 3756 sed
718 3699 904 3763 falsos,
935 3698 1438 3767 commcntitiosque
1461 3697 1594 3752 deos
1610 3712 1732 3752 esse
1753 3712 1854 3753 ne-

259 3791 502 3847 cessario
521 3788 940 3846 conﬁtebantur.
973 3790 1106 3857 Quis
1135 3790 1297 3861 igitur
1321 3789 1384 3846 iis
1421 3789 1671 3845 omnibus
1696 3831 1710 3853 ,
1737 3803 1857 3859 qua:

260 3884 527 3941 hactenus
559 3885 827 3955 disputata
854 3894 999 3951 sunt,
1027 3885 1126 3939 rite
1148 3884 1401 3954 expensis
1421 3925 1434 3945 ,
1456 3884 1597 3939 ultro
1627 3899 1734 3939 non
1778 3883 1857 3940 ia-

261 3978 465 4034 tebitur
486 3978 818 4033 solemnibus
844 3977 1121 4048 gentilium
1150 3976 1323 4042 festis,
1373 3978 1545 4032 sacris
1571 3984 1626 4032 et
1653 3984 1856 4047 myste-

259 4073 362 4129 riis
388 4071 627 4127 fuuditus
656 4071 829 4128 everti
861 4072 1071 4127 illorum
1097 4072 1337 4126 omnium
1370 4106 1385 4131 .
1435 4070 1487 4123 in
1507 4084 1734 4138 quorum
1758 4070 1858 4123 ho-

257 4182 454 4225 norem
486 4166 782 4237 agebantur
802 4206 817 4233 ,
846 4165 1144 4236 jactitatam
1170 4166 1239 4221 ab
1260 4163 1448 4220 iisdem
1466 4162 1754 4234 gentilibus
1780 4161 1860 4218 di-

260 4260 585 4317 vinitatem?

847 4352 1071 4409 CAPUT
1100 4350 1266 4408 XXV.

430 4469 601 4536 Quam
630 4470 812 4542 exigua
842 4479 887 4523 et
916 4467 1063 4523 exilis
1088 4469 1153 4522 sit
1183 4466 1441 4521 hominum
1469 4466 1690 4520 scientia.

804 4597 1093 4638 ARTICULUS
1123 4595 1327 4636 ιιιιιιιυε.

258 4702 422 4765 Quam
445 4713 596 4764 pauca
620 4700 763 4749 homo
783 4699 925 4765 sciat,
943 4701 1097 4765 eique
1112 4711 1222 4746 esse
1244 4699 1597 4765 incompertum
1620 4696 1735 4765 quid
1756 4698 1863 4765 ipse

328 4769 413 4821 sit.
435 4758 675 4828 quomodo
694 4770 757 4828 et,
768 4762 959 4825 quando
973 4758 1321 4828 siutiusomuia
1342 4774 1355 4817 ;
1375 4758 1615 4828 quomodo
1627 4758 1864 4828 tlatﬁéio,

330 4837 383 4880 et
408 4821 553 4888 sapor
578 4821 905 4888 percipiatur;
930 4838 1016 4872 cur
1044 4822 1124 4888 pili
1149 4830 1424 4888 canescant,
1449 4828 1499 4888 et
1522 4821 1685 4888 oleum
1711 4822 1865 4888 liquo-

330 4884 476 4941 ribus
493 4884 589 4937 non
613 4884 901 4938 misceatur:
927 4899 1013 4935 cur
1035 4885 1227 4933 animus
1266 4886 1312 4931 in
1350 4884 1498 4945 aegris
1535 4886 1599 4931 sit
1632 4895 1788 4944 aeger,
1815 4884 1866 4931 iu

329 4954 444 5004 aliis
466 4952 686 5009 stolidus,
716 4958 795 4998 aut
821 4950 1037 5009 delirus;
1064 4954 1115 4996 et
1135 4948 1247 5009 quis
1270 4947 1480 5009 partium
1513 4947 1665 4995 nostri
1690 4958 1865 5008 corpo-

333 5018 401 5066 ris
424 5015 563 5073 situs,
590 5025 645 5063 ac
661 5008 888 5078 Quorsum
921 5008 1030 5060 haec
1048 5008 1296 5059 Arnobius
1315 5008 1513 5059 dixerit.

344 5121 421 5176 Ea
448 5127 562 5174 erat
587 5117 926 5173 ethnicorum
951 5115 1149 5170 insulsa
1173 5114 1328 5187 plane
1350 5111 1550 5183 opinio,
1575 5128 1674 5182 qua
1697 5111 1867 5167 cbris-

269 5214 453 5271 tianos
492 5226 679 5267 omnes
723 5210 969 5264 inductos
994 5208 1213 5262 olnniuo
1241 5247 1256 5271 ,
1291 5206 1485 5261 idiotas
1510 5248 1525 5272 ,
1557 5214 1611 5257 et
1639 5204 1867 5259 illitera-

270 5315 382 5376 tos,
435 5312 493 5359 ut
545 5302 775 5358 vidimus
796 5294 1038 5374 (Dissert.
1067 5300 1119 5353 in
1145 5297 1363 5365 Minue,
1396 5314 1510 5367 cap.
1539 5297 1591 5363 5,
1625 5306 1724 5349 art.
1756 5296 1822 5367 1)
1853 5338 1868 5363 ,

267 5416 338 5457 se
386 5414 515 5455 vero
566 5396 729 5457 omni
776 5397 1121 5452 scientiarum
1174 5408 1372 5463 genere
1426 5391 1870 5447 instructissimos

274 5508 404 5551 esse
451 5504 556 5547 tam
604 5490 740 5546 falso
770 5532 784 5557 ,
828 5504 987 5560 quam
1016 5486 1273 5543 audacter
1298 5485 1661 5541 venditabant.
1694 5483 1871 5541 Variis

279 5588 466 5658 itaque
518 5587 786 5641 rationum
828 5581 1182 5639 ﬁrmamentis
1208 5595 1398 5635 vanam
1446 5579 1589 5634 illam
1633 5588 1870 5633 ostenta-

280 5684 487 5737 tionem
518 5679 785 5734 Arnobius
817 5685 1002 5732 noster
1032 5672 1635 5746 retundit(Arnob.,lib.
1667 5687 1725 5739 ιι,
1752 5689 1870 5744 pag.

277 5776 381 5848 45)
408 5816 424 5839 ,
452 5789 514 5829 ac
542 5774 786 5845 proterit.
816 5771 969 5828 Unde
1016 5771 1159 5826 enim
1187 5812 1201 5837 ,
1236 5768 1405 5839 inquit
1430 5811 1446 5834 ,
1479 5768 1568 5822 illa
1595 5767 1822 5838 gloratio
1846 5766 1871 5820 ἲ

282 5868 431 5924 Num
456 5867 576 5936 quia
596 5866 759 5922 verba
785 5872 841 5920 et
886 5862 1101 5919 nomina
1126 5877 1220 5932 per
1236 5875 1393 5919 casus
1422 5875 1485 5916 ac
1505 5869 1745 5930 tempora
1772 5858 1870 5915 de-

1960 3320 2201 3386 somnia;
2242 3340 2261 3373 ι
2327 3321 2490 3375 immo
2542 3320 2805 3391 «ambigit
2854 3321 2908 3375 in
2950 3319 3202 3375 Theaeteto
3246 3319 3372 3392 (ms.
3423 3317 3547 3375 cod.

1960 3413 2235 3470 Tlteaztone
2256 3456 2271 3482 ,
2299 3414 2454 3471 vides
2478 3430 2638 3485 quam
2660 3411 2936 3483 corrupte)
2964 3413 3117 3468 Plato
3146 3414 3424 3484 vigilemus
3452 3411 3550 3466 ali-

1960 3508 2197 3580 quando,
2228 3523 2295 3562 an
2315 3508 2489 3578 ipsum
2513 3507 2758 3577 vigilare,
2789 3505 2934 3577 quod
2967 3506 3164 3561 dicitur
3194 3546 3209 3570 ,
3259 3506 3453 3560 summi
3480 3504 3552 3560 sit

1962 3602 2207 3673 perpetui
2240 3602 2435 3672 portio,
2460 3609 2513 3657 ct
2533 3600 2660 3671 quid
2694 3616 2853 3670 agere
2875 3598 3155 3655 videamur
3177 3641 3191 3663 ,
3224 3598 3549 3653 insomnium

1904 3698 1907 3703 ’
1961 3710 2083 3752 cum
2113 3695 2296 3751 videre
2327 3708 2427 3748 nos
2455 3694 2705 3748 dicimus.
2737 3712 2755 3745 ι
2789 3690 3029 3763 (Arnob.,
3060 3690 3149 3746 lib.
3181 3706 3240 3757 ιι,
3270 3707 3323 3761 p.
3345 3688 3461 3761 46).
3486 3689 3553 3744 Et

1962 3807 2023 3847 re
2046 3791 2259 3862 quidem
2288 3810 2410 3850 vera
2438 3795 2527 3850 ille
2574 3792 3013 3864 philosophorum
3057 3791 3377 3862 corypltmus
3406 3791 3456 3844 iu
3486 3789 3554 3846 li-

1963 3886 2062 3941 bro
2109 3889 2274 3945 citato
2317 3890 2537 3961 scripsit
2584 3890 2962 3959 perobscuram
2994 3903 3116 3944 esse
3151 3887 3504 3957 quzestionem
3533 3926 3547 3949 ,

1964 3992 2141 4038 utrum
2175 3984 2441 4054 vigilando
2472 3987 2824 4051 dormiamus,
2868 3995 2958 4038 aut
3004 3981 3289 4053 cogitando
3317 3982 3552 4035 somnic-

1965 4090 2103 4129 mus.
2129 4074 2283 4153 Ὀρᾷς
2304 4071 2391 4131 οὖν
2412 4075 2489 4133 ὅτι
2510 4078 2566 4135 τό
2595 4099 2650 4149 γε
2679 4078 3066 4151 ἀμφισϐητῆσαι
3103 4078 3159 4131 οὐ
3193 4075 3440 4147 χαλεπὸν,
3473 4073 3557 4128 ὅτε

1964 4173 2047 4223 καὶ
2091 4170 2306 4241 πότερόν
2334 4171 2473 4225 ἐστιν
2512 4170 2654 4245 ὕπαρ
2688 4168 2719 4228 ἦ
2757 4166 2875 4248 ὄναρ
2916 4169 3328 4243 ἀμφισϐητεῖται·
3361 4168 3449 4221 καὶ
3492 4164 3554 4226 δὴ

1964 4261 2083 4318 ἴσον
2109 4259 2252 4323 ὄντος
2285 4269 2375 4319 τοῦ
2407 4263 2599 4341 χρόνον
2632 4259 2685 4317 ὂν
2715 4260 3035 4334 καθεύδομεν,
3156 4260 3502 4339 ἐγρηγόραμεν
3533 4300 3550 4325 ,

1966 4358 2014 4409 ἐν
2059 4356 2282 4431 ἑκατέρῳ
2321 4355 2639 4429 διαμάχεται
2683 4359 2822 4429 ἡμῶν
2848 4358 2879 4414 ἡ
2908 4355 3094 4429 ψυχή,
3124 4357 3191 4411 τὰ
3225 4355 3555 4428 ἀείπαρὸντα

1966 4448 2195 4523 δόγματα
2218 4452 2410 4514 παντὸς
2436 4451 2620 4524 μᾶλλον
2645 4445 2769 4506 εἶναι
2798 4451 2967 4511 ἁληθῆ’
3012 4450 3138 4512 ὧςτε
3161 4445 3274 4506 ἴσον
3301 4452 3389 4523 μὲν
3422 4450 3557 4525 χρό-

1965 4564 2047 4597 νον
2086 4542 2207 4599 τάδε
2264 4547 2419 4618 φαμὲν
2466 4541 2588 4600 ὄντα
2626 4540 2767 4610 εἶναι,
2798 4542 2912 4599 ἴσον
2955 4541 3009 4598 δὲ
3048 4545 3221 4597 ἐκεῖνα*
3254 4547 3338 4597 καὶ
3375 4541 3560 4616 ὁμοίως

1890 4626 1945 4688 Ῑ)
1970 4636 2041 4708 ἐφ’
2064 4634 2317 4712 ἑκατέροις
2364 4635 2794 4713 διίσχυριζόμεθα
2829 4632 3004 4707 (Plato
3031 4635 3083 4687 in
3111 4632 3328 4700 ΤΙιειει.,
3364 4643 3487 4689 tam.
3517 4649 3556 4701 l,

1970 4744 2022 4797 p.
2043 4728 2185 4798 158).
2219 4727 2367 4782 Vides
2383 4746 2503 4799 ergo
2524 4745 2675 4799 quam
2698 4745 2796 4783 non
2820 4726 3036 4798 difﬁcile
3048 4727 3113 4781 sit
3137 4726 3231 4780 hac
3248 4727 3309 4780 dc
3324 4742 3379 4780 re
3398 4724 3559 4779 ambi-

1970 4838 2103 4892 gere,
2133 4823 2336 4888 quando
2358 4823 2559 4892 quidem
2585 4818 2718 4876 illud
2741 4821 3014 4891 ambigitur
3036 4830 3207 4872 utrum
3227 4836 3307 4872 res
3335 4834 3452 4873 vera
3471 4818 3558 4886 sit,

1970 4932 2037 4968 an
2072 4916 2381 4969 insomnium
2404 4931 2423 4980 ;
2449 4926 2628 4969 etcum
2654 4915 2848 4985 (equote
2871 4916 2935 4968 sit
2972 4924 3172 4983 tempus
3192 4955 3205 4973 .
3238 4928 3337 4979 quo
3368 4910 3562 4966 dormi-

1972 5023 2104 5068 mus,
2126 5008 2171 5061 ei
2191 5023 2289 5077 quo
2303 5007 2591 5078 vigilamus,
2606 5008 2659 5060 in
2676 5016 2889 5074 utroque
2914 5007 3112 5059 animus
3130 5015 3299 5059 noster
3312 5004 3558 5073 decertat,

1974 5108 2246 5169 prasente:
2272 5101 2547 5155 sententias
2586 5100 2796 5153 omnino
2822 5114 2968 5153 veras
3007 5112 3115 5152 esse
3143 5112 3160 5150 :
3190 5113 3354 5166 quare
3384 5096 3571 5166 wquali

1975 5207 2195 5268 tempore
2214 5198 2322 5251 [nec
2341 5210 2448 5249 esse
2461 5193 2857 5265 nfﬁrmabimus,
2888 5190 3072 5262 wquali
3095 5205 3212 5244 vero
3238 5189 3351 5256 illa,
3372 5199 3419 5243 et
3447 5204 3563 5261 per-

1970 5302 2112 5357 aque
2140 5287 2204 5341 de
2222 5288 2446 5352 utrisque
2472 5302 2580 5339 rem
2609 5286 2992 5340 constituemus.

2045 5380 2226 5450 Neque
2246 5380 2416 5450 magis
2439 5387 2623 5434 notum
2646 5387 2749 5445 est,
2776 5379 2849 5434 ait
2872 5377 3163 5444 Arnobius,
3194 5386 3373 5434 utrum
3406 5397 3426 5433 ι
3454 5380 3563 5437 Ra-

1974 5472 2185 5527 diorum
2234 5482 2290 5529 et
2331 5472 2552 5530 luminis
2583 5474 2883 5530 intentione
2912 5471 3188 5527 videamus
3211 5513 3228 5539 ,
3267 5486 3336 5527 an
3383 5488 3565 5529 rerum

1975 5563 2237 5635 imagines
2290 5567 2582 5635 advolent,
2638 5576 2693 5623 et
2730 5566 2931 5621 nostris
2970 5564 3025 5618 in
3069 5562 3286 5634 pupillis
3327 5564 3503 5622 sidant
3540 5586 3562 5622 ι

1977 5657 2216 5730 (Arnob.,
2240 5659 2413 5731 ibid.).
2446 5660 2741 5717 Variabant
2760 5658 3038 5713 enimvero
3059 5670 3121 5711 ea
3144 5656 3213 5713 de
3240 5671 3303 5711 re
3332 5650 3573 5727 philoso-

1976 5755 2203 5825 phorum
2226 5757 2530 5823 sententiae,
2554 5770 2687 5829 quas
2708 5753 2775 5809 A.
2803 5750 3011 5807 Gellius
3031 5753 3316 5822 perspicue
3345 5751 3429 5808 his
3453 5762 3576 5807 ver-

1978 5853 2062 5909 bis
2090 5854 2323 5925 explicat
2353 5867 2371 5906 :
2404 5870 2423 5904 ι
2457 5852 2626 5912 Stoici
2642 5863 2830 5907 causas
2854 5846 3069 5905 videndi
3100 5846 3197 5905 has
3217 5860 3343 5903 esse
3363 5844 3546 5903 dicunt
3576 5887 3602 5918 ,
