4172 6252
589 262 695 319 αδδ
1844 263 2303 338 nissttttn'tto
2337 281 2614 343 eum.
3796 303 3903 362 est

585 373 862 432 radiorum
889 390 957 432 ex
992 376 1163 433 oculis
1202 378 1256 433 in
1287 393 1372 447 ea,
1404 395 1526 465 qua:
1551 382 1723 442 videri
1745 399 1995 459 queunt,
2025 394 2192 449 emis—
2216 399 2274 460 Α
2294 396 2441 469 (tom.
2470 412 2491 454 ι
2525 400 2799 473 Apparat.,
2842 403 2933 461 lib.
2964 420 3043 499 ψ,
3070 408 3273 465 dissert.
3302 410 3361 477 2,
3403 427 3521 483 cap.
3564 413 3661 479 12.
3694 426 3797 473 art.
3837 421 3899 492 1,

593 469 801 499 οἶηηηη.
850 470 1095 499 nni-:nnnun
1118 471 1276 499 οἴακι-1
1306 472 1659 499 :..-.....:-_-‘-
1722 480 1843 499 nA-A
2086 494 2096 499 -
2386 491 2505 499 ..--.
2572 492 2603 499 -

593 469 825 538 sionem,
848 470 1096 541 aerisque
1118 471 1278 527 simul
1306 472 1685 534 intentionem.
1721 480 1983 551 Epicurus
2009 494 2191 543 autem
2299 508 2354 564 p.
2386 491 2539 562 788).
2563 469 2673 552 Cur
2691 469 2869 554 autem
2895 469 3074 557 oleum
3111 503 3231 561 aliis
3274 469 3575 578 liquoribus
3622 469 3900 581 nunquam

592 564 821 620 afﬂuere
872 579 1089 636 semper
1128 582 1193 623 ex
1242 571 1494 626 omnibus
1542 576 1859 645 corporibus
1900 580 2193 638 simulacra

600 659 845 731 qutcdatn
899 676 1186 729 corporum
1238 665 1506 735 ipsorum,
1547 685 1717 742 eaque
1738 689 1796 728 se
1827 675 1879 729 in
1898 677 2083 733 oculos
2115 678 2195 733 in-

596 750 760 818 ferre,
793 762 952 823 atque
1000 756 1068 809 ita
1131 754 1247 811 fieri
1273 773 1489 814 sensum
1537 773 1703 830 putat.
1742 765 1894 821 Plato
1926 768 2198 826 existimat

592 862 764 919 genus
811 848 1077 919 quoddam
1112 851 1246 921 ignis
1269 852 1506 924 lucisque
1527 855 1593 911 de
1626 859 1796 913 oculis
1819 860 2003 927 exire;
2037 862 2199 933 idque

595 943 945 1012 conjunctum
968 944 1445 1016 continuatumque
1475 966 1594 1006 cum
1627 952 1745 1007 luce
1771 951 1933 1020 Solis,
1965 957 2050 1012 vel
2073 973 2197 1015 cum

594 1034 817 1090 alterius
859 1036 992 1104 ignis
1031 1036 1233 1092 lumine
1264 1056 1358 1095 sua
1402 1043 1454 1096 vi
1495 1053 1549 1098 et
1602 1054 1822 1099 externa
1861 1045 2042 1103 nixum
2082 1050 2200 1107 effi-

572 1142 740 1195 cere,
771 1138 829 1185 ut
867 1146 1219 1202 qumcumquc
1239 1134 1522 1192 oll'enderit
1546 1139 2003 1213 illustraveritque
2025 1185 2041 1211 ,
2076 1160 2199 1202 cer-

598 1238 788 1279 namus
828 1245 847 1278 i
881 1225 1063 1298 (Gell.,
1093 1229 1182 1283 lib.
1214 1246 1247 1283 v
1284 1229 1437 1286 Nort.
1463 1233 1594 1298 Att.,
1627 1250 1745 1302 cap.
1782 1236 1891 1309 l6).
1922 1237 2029 1293 Has
2067 1256 2203 1311 quo-

597 1332 702 1388 que
744 1327 798 1374 et
840 1320 971 1375 alias
1002 1320 1446 1390 philosotthornm
1476 1325 1542 1379 de
1572 1327 1785 1382 videndi
1812 1344 1970 1384 causa
1993 1333 2202 1401 opinio.

598 1425 695 1464 nes
730 1410 1042 1468 Plotirchus
1077 1427 1323 1471 recenset
1366 1417 1687 1488 (Plutarch,
1716 1421 1805 1476 lib.
1835 1437 1888 1478 tv
1918 1423 1982 1478 de
2006 1423 2200 1483 Placit.

601 1502 921 1575 philosOplt.,
968 1523 1082 1575 cap.
1137 1508 1235 1577 15,
1289 1528 1342 1579 p.
1393 1509 1546 1582 901).
1596 1511 1844 1568 Laertius
1890 1531 2018 1571 vero
2057 1517 2202 1575 Stoi-

602 1609 787 1650 corum
810 1613 873 1652 ac
906 1598 1223 1669 Pythagora:
1243 1600 1463 1673 (Laert,
1490 1604 1554 1658 dc
1582 1603 1685 1662 Vit.
1717 1616 1763 1661 et
1790 1607 1964 1679 dogm.
1990 1612 2202 1683 philoa,

602 1686 688 1741 lib.
719 1704 815 1763 yn,
864 1688 892 1762 §
940 1691 1065 1757 157,
1092 1702 1136 1746 et
1168 1692 1255 1747 lib.
1288 1711 1398 1760 vm,
1431 1695 1459 1768 ς
1489 1696 1583 1769 29)
1610 1740 1625 1767 ,
1678 1708 1735 1755 et
1778 1700 2204 1777 LucretiusEpi-

606 1794 890 1837 cureorum
920 1783 1001 1840 his
1026 1787 1272 1843 versibus
1299 1790 1487 1845 retulit
1516 1810 1531 1846 :

696 1917 823 1999 gica
845 1921 993 1999 igitur
1013 1935 1180 1999 rerum
1206 1925 1705 1999 efﬁgiestenuesque
1729 1933 1910 1999 ﬁguras

699 1980 885 2047 Mittier
912 1985 973 2031 ab
999 1986 1152 2035 rebus
1173 1980 1363 2039 summo
1381 1990 1447 2041 de
1470 1980 1670 2044 cortice
1682 1980 1888 2047 eat-(uin:

701 2044 997 2123 Ququuasi
1009 2055 1289 2123 membrana
1317 2052 1394 2101 vel
1419 2061 1591 2123 cortex
1621 2044 1951 2112 nominitanda
1977 2069 2072 2123 est,

699 2105 1383 2193 23329.3??3‘1"-329:th
1407 2117 1621 2193 similem
1644 2105 2114 2193 ausaausa.

703 2137 839 2164 ιιιιυυ
864 2137 1000 2170 alvcu
1023 2137 1081 2157 'm
1105 2137 1161 2160 at;
1184 2137 1383 2163 turmam
1407 2137 1621 2167 8"!“le
1644 2137 1776 2183 gerit
1800 2137 1827 2170 Ρ
1852 2138 1880 2172 ιι

703 2167 1064 2244 Cuiuscumque
1086 2173 1255 2244 deluet
1283 2190 1487 2244 corpore
1512 2180 1617 2231 fusa
1644 2137 1849 2244 vagarii
1879 2190 1883 2194 ’

700 2229 757 2283 Id
776 2229 900 2283 licet
923 2229 1037 2285 hinc
1056 2240 1283 2301 quemvis
1307 2229 1474 2292 be'beti
1502 2229 1810 2306 c'ugnds’c‘éi'é
1829 2229 1998 2303 corde.

1175 2324 1409 2403 (Lucrcl.,
1431 2324 1514 2379 lib.
1542 2341 1606 2392 tv,
1628 2341 1750 2382 vers.
1776 2334 1840 2384 46
1861 2342 1909 2385 et
1929 2336 2088 2403 seqq.)

618 2445 789 2514 Quam
842 2448 1056 2517 quidem
1114 2453 1327 2523 Epicuri
1377 2459 1701 2514 sententiam
1762 2462 1931 2518 fusius
1984 2464 2217 2536 probare

623 2543 937 2600 connititur.
971 2545 1076 2601 Sed
1104 2562 1221 2602 eam
1252 2550 1550 2607 Macrobius
1581 2554 1799 2623 refellit,
1840 2567 1895 2612 et
1935 2558 2215 2619 Platonem

623 2639 867 2706 sequitur
906 2639 1199 2712 (Macrob,
1232 2644 1321 2698 lib.
1354 2660 1425 2701 vtt
1459 2646 1752 2716 Saturnal.,
1792 2667 1907 2721 cap.
1942 2653 2008 2708 M
2025 2655 2068 2724 ).
2113 2653 2219 2711 Ve-

622 2746 741 2785 rttm
787 2732 857 2786 de
905 2732 1051 2790 hisce
1095 2733 1325 2792 diversis
1376 2738 1820 2809 philosophorum
1874 2744 2219 2815 opinionibus

616 2837 738 2878 cum
772 2824 1079 2881 Lactantius
1118 2828 1289 2883 fusius
1317 2828 1576 2900 disputet,
1607 2833 1726 2889 illas
1770 2835 1825 2890 in
1866 2838 2218 2911 subsequenti

617 2915 1002 2974 dissertatione
1037 2921 1344 2977 accuratius
1383 2924 1730 2981 examinandi
1773 2928 1924 2984 locus
1963 2945 2221 3003 opportu-

621 3013 742 3067 nior
781 3013 996 3068 dabitur
1040 3013 1282 3088 (Dissert.
1325 3019 1379 3071 in
1426 3018 1688 3088 Lactant.,
1721 3038 1836 3093 cap.
1882 3024 1974 3087 40,
2002 3037 2105 3083 art.
2137 3028 2217 3101 2).

695 3107 960 3163 Incertum
1000 3109 1178 3164 adhuc
1219 3120 1408 3167 auctor
1448 3124 1632 3171 noster
1676 3130 1798 3173 esse
1839 3129 2214 3180 contestatur:

2300 584 2620 655 misceatur,
2654 590 2915 647 rationem
2945 592 3259 652 Plutarchus
3286 598 3485 666 reddit,
3512 600 3635 671 quia
3668 603 3902 662 maxime

2300 677 2579 737 humidum
2631 692 2733 745 est.
2787 701 2887 743 nec
2936 687 3071 744 ullas
3118 691 3289 747 siccas
3344 703 3545 762 partes,
3604 709 3707 752 nec
3763 696 3900 754 ullos

2301 772 2530 841 proinde
2572 774 2731 832 habet
2773 786 3004 846 meatus,
3047 792 3141 836 aut
3179 782 3284 837 ulla
3327 788 3520 854 spatia,
3563 787 3761 857 quibus
3799 788 3899 846 alia

2302 863 2504 934 liquida
2545 883 2774 939 corpora
2813 873 3080 930 admittat.
3122 874 3264 933 Alibi
3301 886 3481 934 tamen
3526 884 3767 937 monitos
3804 899 3899 940 nos

2302 970 2426 1013 esse
2454 960 2625 1016 voluit
2669 963 2721 1018 id
2760 966 2830 1020 ab
2855 966 2975 1021 aliis
2997 968 3142 1023 illius
3170 968 3423 1027 densitati
3446 975 3668 1042 ascribi,
3691 980 3903 1036 tametsi

2303 1048 2391 1106 his
2414 1052 2733 1114 Aristoteles
2764 1058 3066 1132 refragetur
3089 1063 3413 1135 (Plutarch.,
3438 1068 3525 1123 lib.
3552 1087 3607 1125 vt
3633 1070 3897 1146 Sympom,

2303 1157 2485 1217 quiest.
2521 1149 2606 1214 10,
2638 1168 2691 1219 p.
2721 1151 2862 1217 b96;
2890 1156 2981 1210 lib.
3012 1172 3105 1224 vn,
3142 1168 3323 1230 quiest.
3357 1161 3410 1224 5,
3434 1180 3487 1235 p.
3530 1162 3681 1238 702).

2377 1240 2507 1296 Post
2552 1243 2667 1299 haec
2707 1262 2837 1302 vero
2875 1249 3147 1309 Arnobius
3173 1254 3380 1310 addidit
3402 1271 3517 1319 eos.
3546 1259 3638 1330 qui
3667 1260 3899 1319 animum

2307 1335 2602 1393 httmanum
2662 1340 3021 1400 immortalem
3074 1355 3130 1402 et
3183 1347 3353 1404 Deum
3406 1364 3528 1407 esse
3578 1352 3896 1427 docuerunt,

2307 1446 2566 1488 enarrare
2595 1434 2749 1490 nobis
2780 1453 2885 1493 non
2915 1454 3094 1510 posse,
3122 1457 3220 1497 cur
3255 1442 3347 1499 ille
3373 1444 3426 1500 in
3453 1447 3614 1516 aegris
3641 1463 3789 1520 aeger
3814 1452 3903 1521 sit,

2308 1525 2363 1579 in
2394 1526 2687 1584 infantibus
2710 1531 2959 1598 stolidus,
2990 1549 3054 1588 ac
3079 1534 3133 1589 in
3157 1534 3326 1590 delira
3355 1540 3602 1607 corporis
3630 1551 3905 1599 senectute

2309 1628 2364 1675 et
2384 1619 2500 1690 ipse
2528 1620 2720 1678 deliret
2742 1623 2985 1695 (Arnob,
3010 1625 3100 1682 lib.
3127 1642 3223 1693 vn,
3249 1646 3367 1702 pag.
3397 1631 3515 1703 47).
3541 1631 3708 1689 Nemo
3726 1645 3907 1692 autem

2311 1710 2561 1770 dubitare
2589 1723 2765 1783 potest
2788 1716 2928 1773 hanc
2949 1719 3341 1790 ignorationem
3369 1734 3543 1779 ortam
3570 1740 3690 1783 esse
3718 1743 3786 1783 ex
3812 1742 3913 1783 va-

2243 1793 2293 1854 B
2319 1804 2415 1859 riis
2452 1806 2796 1876 opinionibus
2824 1809 2892 1865 de
2918 1811 3117 1868 animae
3147 1822 3360 1879 natura,
3391 1823 3447 1871 et
3486 1816 3909 1887 immortalitate,

2316 1912 2449 1969 quas
2485 1910 2769 1956 recensent
2806 1901 3016 1970 Cicero,
3047 1904 3385 1977 Plutarchus,
3430 1907 3827 1980 Theodoretus,
3856 1924 3913 1970 et

2315 1990 2407 2044 alii
2455 1988 2674 2064 (Cicer.,
2721 1994 2808 2049 lib.
2857 2012 2874 2050 ι
2921 1997 3132 2053 Tuscul.
3178 2013 3383 2073 qumt.,
3427 2021 3480 2074 p.
3527 2003 3631 2060 I23
3663 2017 3710 2060 et
3741 2023 3911 2081 seqq.;

2316 2081 2616 2152 Plutarch.,
2641 2087 2732 2142 lib.
2759 2104 2811 2143 tv
2831 2089 2896 2143 de
2918 2088 3107 2148 Placit.
3137 2094 3459 2167 philosoph.,
3481 2114 3599 2169 cap.
3618 2097 3657 2153 2
3681 2110 3728 2154 et
3750 2118 3913 2172 καφ,

2316 2192 2371 2248 p.
2410 2176 2518 2234 898
2557 2190 2605 2234 et
2647 2197 2821 2252 κίῃς
2865 2180 3149 2253 Theodor.,
3191 2203 3344 2241 cerni.
3368 2189 3434 2255 5,
3468 2191 3533 2244 de
3574 2190 3703 2247 Nat.
3748 2193 3916 2262 litin,

2319 2286 2371 2341 p.
2398 2271 2502 2327 5l6
2529 2282 2573 2327 et
2595 2272 2782 2346 seqq).
2813 2275 2983 2331 Tanta
3014 2287 3213 2345 autem,
3244 2290 3303 2336 ut
3328 2282 3403 2336 ait
3423 2281 3669 2339 Justinus
3689 2297 3916 2361 martyr,

2317 2372 2402 2419 est
2437 2379 2628 2420 eorum
2676 2366 2966 2437 dissensio,
3015 2380 3073 2425 ut
3111 2373 3164 2428 in
3210 2371 3315 2429 hoc
3358 2389 3467 2430 uno
3505 2379 3817 2435 consentire
3843 2381 3923 2434 vi-

2317 2456 2567 2519 deantur.
2599 2460 2741 2531 quod
2770 2477 2827 2516 se
2849 2462 2997 2532 ipsos
3021 2464 3316 2538 decipiant,
3346 2470 3655 2542 errorisque
3680 2473 3918 2529 vicissim

2319 2561 2547 2621 arguant
2570 2566 2633 2607 ac
2660 2555 3009 2611 convincant.
3047 2555 3153 2614 Sed
3192 2559 3262 2615 de
3304 2560 3386 2616 bis
3423 2576 3525 2617 nos
3559 2577 3744 2635 supra.
3772 2575 3829 2621 et
3864 2567 3923 2621 in

2320 2644 2670 2717 subsequenti
2695 2647 3075 2706 dissertatione
3102 2650 3344 2721 (Justin.,
3370 2654 3571 2711 cohort.
3615 2659 3682 2711 ad
3724 2656 3919 2727 Grata,

2323 2754 2377 2807 ρ.
2404 2737 2436 2791 7
2458 2748 2505 2793 et
2531 2738 2596 2804 8;
2627 2757 2773 2811 supr.
2801 2784 2815 2804 .
2840 2759 2958 2813 cap.
2988 2743 3041 2809 7,
3072 2754 3173 2799 art.
3208 2746 3283 2816 l).
3318 2746 3487 2803 Porro
3506 2759 3686 2806 autem
3708 2749 3922 2817 Cicero,

2323 2832 2480 2888 sicuti
2520 2849 2710 2891 auctor
2753 2847 2939 2892 noster
2976 2839 3072 2906 ait,
3118 2847 3226 2894 tam
3265 2842 3512 2913 exiguam
3542 2859 3664 2901 esse
3691 2845 3928 2902 hominis

2323 2926 2624 2995 scientiam,
2669 2931 2960 3002 omniaque
2998 2933 3135 2990 adeo
3176 2937 3374 2992 crassis
3413 2940 3680 2995 occultata
3723 2953 3777 2996 et
3815 2943 3928 2997 cir-

2323 3018 2569 3075 cumfnsa
2591 3022 2825 3078 tenebris
2847 3023 3076 3091 fatetur;
3106 3038 3165 3081 ut
3188 3043 3307 3096 quae
3328 3030 3438 3085 sint
3456 3046 3685 3101 corpora
3714 3042 3925 3101 nostra,

2325 3114 2417 3185 qui
2446 3115 2583 3171 situs
2610 3118 2859 3186 partium,
2888 3134 2953 3174 ac
2982 3135 3144 3191 quam
3176 3124 3282 3177 vim
3315 3139 3651 3197 unaquaeque
3677 3143 3805 3199 pars
3834 3129 3930 3184 ha-

625 3219 646 3254 c
677 3199 868 3256 Utrum
890 3217 1050 3271 sapor
1069 3202 1124 3258 in
1147 3205 1309 3259 rebus
1336 3207 1424 3274 sit,
1448 3222 1515 3261 an
1541 3208 1699 3275 palati
1724 3213 2154 3279 contagionibus,
2188 3235 2208 3269 ι
2241 3195 2287 3261 C
2317 3205 2459 3270 beat.
2491 3208 2796 3280 ignoremus
2825 3210 3009 3281 (Cicer.
3033 3254 3048 3275 .
3078 3213 3165 3269 lib.
3196 3231 3250 3271 tv
3278 3195 3451 3272 Acad.
3470 3195 3650 3290 quam.
3728 3240 3782 3293 p.
3809 3222 3925 3294 32).

620 3310 715 3351 seu
753 3296 912 3366 palati
957 3307 1209 3354 centactu
1241 3318 1260 3352 ι
1293 3300 1383 3355 fiat
1414 3320 1433 3353 ι
1468 3302 1660 3366 (Arnob
1692 3347 1708 3366 ,
1739 3307 1830 3363 lib.
1863 3324 1922 3374 tt,
1956 3326 2076 3381 pag.
2104 3308 2222 3383 46).

624 3391 693 3446 Αι
728 3390 840 3444 lucc
878 3393 1114 3447 secunda
1152 3396 1334 3465 opinio
1372 3396 1755 3467 Epicureorum
1789 3402 1905 3469 fuit,
1935 3418 2000 3458 ex
2032 3407 2225 3461 atomis

625 3484 831 3539 scilicet
856 3485 1118 3553 lmvigatis
1139 3497 1193 3542 et
1214 3491 1459 3545 rotundis
1486 3493 1741 3562 palatum,
1765 3494 1891 3549 dum
1922 3505 2221 3568 transeunt,

622 3577 859 3648 jucunde
901 3580 1300 3652 aflicientibns,
1329 3599 1578 3654 saporem
1619 3598 1828 3658 gratum
1870 3606 1932 3646 ac
1966 3606 2221 3660 suavem,

626 3681 787 3741 atque
808 3688 872 3728 ex
897 3673 1126 3729 hamatis
1152 3688 1206 3731 et
1234 3679 1463 3743 asperis,
1492 3696 1613 3749 quae
1641 3682 1873 3751 linguam
1902 3699 1966 3739 ac
1989 3687 2221 3755 palatum

630 3763 853 3828 laedunt,
880 3766 1155 3824 insuavem
1181 3779 1236 3825 et
1258 3772 1605 3842 tnjuctmdum
1637 3790 1884 3845 saporem
1914 3780 2067 3835 oriri.
2094 3780 2224 3848 Qum

629 3857 843 3929 quidem
896 3860 1191 3933 discipulus
1239 3864 1457 3936 Epicuri
1510 3866 1793 3925 Lucretius
1844 3870 1927 3926 bis
1983 3873 2224 3929 versibus

629 3955 903 4023 expressit
925 3974 938 4010 :

720 4069 841 4141 llaec
858 4074 944 4141 ubi
971 4072 1107 4141 laevia
1131 4081 1246 4127 sunt
1266 4080 1505 4129 manantis
1527 4092 1726 4141 corpora
1750 4083 1881 4131 succi
1900 4116 1916 4141 ,

723 4132 950 4200 _S_uaviter
961 4139 1236 4200 attingunt,
1263 4148 1314 4189 et
1336 4143 1558 4192 suaviter
1580 4132 1741 4192 omnia
1767 4132 1990 4194 tractant.

724 4195 934 4268 {tumida
960 4195 1140 4262 luugoai
1166 4195 1575 4268 circumsndantia
1600 4204 1800 4268 templa.

725 4257 791 4331 At
812 4261 978 4331 contra
1004 4257 1224 4325 pungunt
1246 4278 1464 4331 sensum,
1488 4257 1805 4331 lacerantque
1828 4274 2015 4331 coorta,

726 4322 917 4406 Quanto
938 4322 1151 4406 quicque.
1172 4328 1328 4390 magis
1350 4334 1463 4378 sunt
1485 4322 1990 4406 asperitate‘replela.

725 4381 919 4454 Qeinde
944 4381 1168 4454 voluptas
1191 4381 1278 4439 est
1294 4405 1323 4438 e
1341 4404 1488 4440 succo
1513 4381 1560 4440 in
1585 4392 1680 4441 line.
1708 4381 1871 4454 palati.

728 4443 845 4519 Cum
868 4461 988 4519 vero
1009 4443 1240 4501 deorsum
1269 4467 1357 4516 per
1381 4453 1546 4504 fauces
1568 4443 1903 4519 praecipitavit,

725 4506 869 4559 Nulla
894 4510 1112 4575 voluptas
1136 4521 1230 4575 est.

1151 4574 1388 4640 (Lucret.,
1414 4577 1497 4629 lib.
1521 4595 1585 4642 tv,
1611 4593 1735 4633 vers.
1761 4580 1853 4633 626
1874 4587 1921 4634 et
1941 4585 2099 4649 seqq.)

631 4678 839 4735 Similia
882 4680 1008 4735 alibi
1053 4680 1263 4738 dixerat
1308 4683 1446 4755 (libr.
1489 4702 1548 4751 ll,
1596 4701 1727 4742 vers.
1772 4689 1896 4755 598,
1946 4698 1993 4743 et
2032 4690 2221 4762 seqq.).

631 4772 871 4828 Alcmmo
896 4782 1100 4843 autem,
1130 4778 1203 4832 uti
1233 4787 1415 4832 narrat
1436 4778 1777 4849 Plutarchus,
1803 4787 2019 4852 putabat
2050 4783 2224 4841 humi—

632 4866 800 4923 ditate
843 4868 1035 4940 linguae
1075 4879 1131 4925 et
1176 4881 1361 4941 tepore
1409 4872 1641 4931 discerni
1682 4891 1922 4947 sapores.
1956 4878 2220 4949 Diogenes

634 4978 765 5018 vero
797 4965 1037 5029 raritate,
1076 4974 1132 5021 et
1162 4967 1386 5023 mollitie
1423 4968 1638 5040 lingute,
1671 4984 1734 5024 ac
1762 4985 2047 5026 nervorum
2089 4987 2221 5028 con-

632 5067 777 5112 tactu
804 5058 1026 5114 dill‘nndi
1056 5076 1279 5130 sapores
1298 5106 1314 5130 ,
1345 5073 1595 5132 tanquam
1637 5079 1666 5117 a
1692 5065 1913 5136 spongia
1941 5075 2220 5123 attractos.

633 5149 740 5206 Sed
767 5150 834 5205 de
863 5154 962 5206 hac
989 5144 1288 5223 quaestione
1313 5170 1340 5207 a
1368 5155 1523 5210 nobis
1556 5157 1606 5210 in
1636 5156 1981 5226 subsequenti
2019 5157 2221 5215 disser-

634 5245 835 5299 tatione
859 5260 980 5298 cum
1009 5245 1286 5302 Lactantio
1313 5250 1576 5317 agendum
1601 5247 1923 5321 (l’lutarclt.,
1947 5249 2033 5304 lib.
2066 5267 2118 5306 tv
2161 5253 2223 5308 de

631 5334 826 5391 Placit.
886 5339 1203 5411 philosoph.,
1262 5357 1377 5412 cap.
1435 5341 1531 5409 18;
1587 5341 1803 5400 Diuerl.
1853 5346 1909 5403 in
1961 5344 2217 5416 Lactant,

631 5446 750 5500 cap.
785 5430 877 5495 b0,
906 5442 1004 5486 art.
1038 5431 1116 5505 5).

702 5522 820 5579 Νοιι
859 5527 1027 5598 magis
1065 5536 1244 5585 autem
1290 5527 1385 5583 ulli
1424 5528 1761 5601 exploratum
1791 5546 1915 5588 esse
1939 5533 2014 5588 ait
2040 5535 2219 5591 Arno-

627 5621 772 5686 bius,
804 5636 907 5690 qua
937 5622 1005 5679 de
1033 5638 1194 5679 causa
1224 5625 1314 5694 pili
1344 5624 1596 5696 paulatim
1622 5636 1931 5693 canescant,
1961 5636 2016 5685 et
2040 5630 2220 5685 oleum

622 5711 785 5769 nullis
827 5710 947 5765 aliis
988 5715 1281 5785 liquoribus
1327 5720 1631 5776 misceatur.
1684 5717 1759 5774 De
1802 5718 2017 5778 canitiei
2058 5736 2220 5780 causa

612 5801 739 5870 quid
781 5801 1097 5879 philosophi
1135 5810 1353 5884 quidam
1395 5812 1693 5886 senserint,
1722 5810 1852 5869 alibi
1880 5813 2222 5884 ostendimus

2399 3304 2763 3369 Atquorsum,
2789 3304 3016 3374 inquies,
3046 3316 3255 3379 spectat
3284 3318 3390 3365 tota
3421 3310 3536 3368 h-ec
3568 3313 3719 3368 Arno
3732 3313 3806 3369 bii
3828 3329 3929 3369 no-

2328 3394 2425 3450 stri
2449 3395 2515 3450 de
2542 3397 2820 3453 hominum
2847 3398 3171 3469 ignorantia,
3194 3402 3489 3473 disputatio
3509 3405 3535 3459 ἲ
3560 3403 3632 3463 Ut
3664 3408 3925 3464 nimirum

2327 3489 2578 3545 omnibus
2595 3489 2932 3547 demonstret
2951 3491 3368 3552 christianorum
3397 3497 3577 3562 ﬁdem,
3596 3511 3651 3555 et
3676 3501 3781 3567 his,
3799 3519 3926 3574 qua:

2326 3578 2574 3636 Christus
2601 3580 2877 3651 docuerat,
2916 3584 3173 3641 credendi
3225 3584 3536 3644 facilitatem
3584 3592 3653 3647 ab
3680 3595 3918 3651 ethnicis

2329 3673 2599 3730 immerito
2627 3690 2848 3745 prorsus
2893 3677 3128 3734 irrideri.
3163 3681 3239 3735 Fx
3267 3683 3528 3738 hactenus
3551 3685 3699 3740 enim
3739 3687 3929 3759 dispu-

2327 3768 2453 3822 tatis
2481 3778 2628 3825 recte
2662 3770 2939 3826 concludit
2966 3786 3066 3827 nos
3111 3772 3241 3827 nihil
3266 3776 3400 3830 certi
3442 3778 3667 3833 omnino
3696 3788 3753 3834 et
3776 3795 3930 3836 com-

2329 3860 2470 3932 perti
2498 3862 2718 3930 habere,
2752 3865 2854 3919 nisi
2886 3867 3028 3936 quod
3068 3867 3137 3923 ab
3185 3868 3377 3926 eodem
3407 3870 3626 3928 Christo
3655 3873 3751 3930 Dei
3788 3873 3926 3943 ﬁlio,

2328 3962 2384 4010 et
2416 3955 2525 4010 Deo
2554 3956 2672 4025 ipso
2699 3957 2857 4012 nobis
2881 3958 3133 4015 traditum
3161 3972 3264 4017 est.

2400 4045 2588 4119 Neque
2620 4060 2796 4105 tamen
2829 4053 2883 4105 in
2914 4053 3151 4107 aninmm
3199 4055 3422 4112 inducas
3478 4059 3766 4115 Arnobium
3810 4077 3926 4118 ne-

2330 4155 2487 4211 gasse
2510 4142 2790 4198 scientiam
2814 4143 2882 4198 ah
2905 4144 3433 4217 hominibuslabore,
3453 4159 3510 4206 et
3533 4152 3929 4212 exercitatione

2329 4237 2632 4307 comparari
2660 4255 2675 4304 ;
2703 4237 2796 4293 sed
2826 4254 2947 4294 eam
3001 4242 3138 4296 adeo
3168 4243 3363 4299 exilem
3393 4260 3537 4307 esse,
3566 4262 3629 4302 ac
3656 4258 3868 4303 tenuem
3906 4268 3924 4315 ;

2328 4338 2390 4385 ut
2420 4330 2562 4385 nulla
2602 4330 2835 4387 ethnicis
2873 4332 2997 4388 inde
3041 4333 3304 4404 gloriandi
3363 4338 3532 4408 possit
3569 4354 3691 4396 esse
3732 4355 3923 4396 causa.

2327 4421 2468 4478 Nihil
2498 4438 2729 4495 namque
2763 4432 2868 4479 tam
2905 4432 3111 4481 certum
3147 4428 3598 4502 perSpicunmque
3635 4441 3739 4499 est,
3771 4434 3923 4503 quod

2328 4514 2406 4570 illi
2424 4517 2785 4572 contentionis
2812 4518 3011 4583 studio,
3030 4518 3344 4576 acdissidiis
3367 4523 3479 4577 suis
3494 4522 3715 4578 dubium
3742 4529 3929 4580 incer-

2252 4600 2552 4680 Dtnmque
2605 4624 2711 4666 non
2760 4610 3008 4669 fecerint.
3039 4612 3193 4683 Quod
3241 4614 3459 4686 quidem
3511 4615 3690 4675 adhuc
3723 4618 3928 4678 exami-

2329 4702 2565 4759 nandum
2587 4712 2691 4762 est.

2972 4836 3265 4878 ARTICULUS
3304 4838 3363 4879 II.

2327 4934 2483 5002 Quam
2507 4941 2646 5002 recte
2670 4936 2915 5002 Arnobius
2938 4937 3221 5002 probaverit
3250 4941 3484 5002 exiguam
3524 4953 3637 4991 esse
3671 4941 3924 4995 hominum

2389 5000 2643 5064 scientiam
2685 5000 3194 5064 esugpbilowpborum,
3231 5000 3643 5063 disséntionilius,
3683 5012 3735 5055 et
3774 5010 3926 5057 variis

2388 5061 2992 5133 opinion_ib_us_'l‘l_tale_tis,'
3024 5062 3289 5133 geracliti,
3330 5061 3653 5133 Pythagorae,
3691 5069 3924 5133 Archyta:

2436 5125 2647 5193 ιιι-θυιῃεὶ
2666 5160 2680 5178 .
2703 5124 2923 5193 Epicuri,
2951 5132 3003 5193 et
3026 5124 3292 5193 DPiIlOCl‘llj
3313 5124 3387 5193 de:
3403 5124 3758 5193 primisrrerunt
3783 5124 3923 5193 pr'in-

2390 5188 2549 5255 cipiis,
2578 5186 2794 5255 Platonis
2813 5188 2877 5255 de
2897 5188 3070 5255 anima.
3092 5188 3315 5255 Pana-th.
3339 5186 3611 5255 Chrysippi,
3632 5200 3686 5241 et
3705 5186 3924 5245 Zenonis

2389 5249 2453 5299 de
2479 5251 2642 5299 mundi
2668 5250 2923 5307 incendio;
2950 5250 3230 5309 Carneadis,
3251 5249 3483 5301 Arcesilae
3506 5249 3559 5304 et
3593 5255 3924 5307 Academico-

2390 5325 2516 5374 rum,
2542 5314 2626 5376 qui
2653 5313 2774 5361 ttthil
2797 5313 2912 5362 sciri
2940 5325 3081 5375 posse
3104 5312 3404 5387 allirmaliant
3423 5327 3519 5373 ;,ac
3541 5320 3655 5392 quia
3690 5318 3809 5367 nihil
3829 5320 3921 5369 ad-

2388 5373 2485 5424 huc
2520 5382 2823 5432 compertum
2861 5377 3086 5432 habetur,
3123 5374 3254 5425 unde
3281 5385 3461 5426 vernas
3495 5387 3702 5432 oriatur.
3725 5390 3808 5429 aut
3828 5397 3921 5432 cur

2388 5388 2485 5424 nuc
2520 5388 2823 5438 compertum
2861 5388 3086 5433 cauetur,
3123 5388 3254 5425 unde
3281 5388 3461 5426 vernas
3495 5388 3702 5440 oriatur,
3725 5390 3808 5429 aut
3828 5397 3921 5432 cur

2384 5437 2649 5507 salsum__sit
2672 5451 2837 5507 mare,
2862 5451 2919 5507 ac
2940 5444 3103 5507 utrum
3126 5438 3202 5488 bte
3237 5437 3449 5502 aliaeque
3468 5440 3659 5494 similes
3687 5446 3921 5507 quaestio»

2388 5511 2480 5549 nes
2501 5498 2837 5564 relinquendae
2859 5502 2973 5553 sint.

2393 5631 2566 5699 Quam
2614 5648 2802 5702 parum
2848 5644 3019 5700 certa,
3043 5642 3326 5704 constans,
3359 5635 3675 5708 stabilisque
3716 5637 3918 5696 sitho-

2323 5726 2528 5782 minum
2578 5725 2820 5793 scientia,
2854 5726 2961 5783 alio
2989 5724 3263 5784 Arnobius
3283 5739 3624 5801 argumento,
3653 5745 3716 5786 ex
3750 5732 3916 5787 variis

2320 5816 2766 5893 philosophorum
2813 5834 2934 5895 una
2985 5817 3283 5891 eademque
3339 5820 3409 5879 de
3456 5835 3519 5880 re
3565 5821 3914 5891 opinionibus
