4230 6266
346 340 459 399 665

1589 350 1656 406 IN
1696 349 2072 424 ARNOBIUM,
2111 355 2265 413 CAP.
2307 356 2473 414 XXV.

3518 324 3636 415 eos

344 468 405 514 et
431 458 715 517 discordiis
741 461 909 531 petito
928 462 1259 520 demonstrat
1288 463 1527 539 (Arnob.,
1560 469 1598 524 Ι.
1627 485 1683 536 ιι,
1710 489 1763 541 ρ.
1796 471 1910 541 48).
1945 474 1999 537 Α
2022 475 2263 546 ptihilem
2309 484 2677 533 asseruerunt.
2712 476 2887 542 Hunc,
2936 476 2983 532 si
3030 476 3216 544 lubet,
3267 476 3420 549 plura
3445 477 3625 536 disse-

347 550 489 607 Dum
519 553 664 608 enim
694 553 877 610 hostili
932 556 1226 625 pervicacia
1280 560 1422 615 inter
1467 576 1529 616 se
1558 562 1939 633 digladiautur,

355 643 489 700 dum
534 645 675 701 alter
696 646 918 703 alterius
954 648 1172 706 decreta
1212 665 1275 708 ac
1319 653 1510 723 placita
1563 654 1868 719 labefactat.
1889 665 1945 712 et

356 736 628 803 destruit,
658 736 742 793 his
777 737 1201 797 dissensionibus
1226 755 1416 799 cuncta
1445 743 1689 802 fecerunt
1716 748 1939 815 incerta,

354 840 414 887 et
445 830 575 885 nihil
608 845 668 888 se
692 844 842 888 certo
874 837 1015 889 scire
1043 836 1279 904 patuisse
1305 840 1460 909 plane
1485 850 1936 897 commonstrant.

365 926 665 983 Enimvero
698 928 984 1000 unicuique
1016 944 1326 1002 argumenta
1351 949 1461 989 non
1500 934 1717 1001 desunt,
1746 936 1947 1006 quibus

353 1021 682 1075 sententiam
715 1036 864 1077 suam
893 1033 1099 1095 asserat
1147 1040 1209 1080 ac
1257 1035 1471 1082 tueatur
1498 1026 1685 1100 (Ibid.,
1713 1045 1768 1098 ρ.
1797 1027 1867 1084 82
1895 1038 1943 1083 et

354 1115 553 1184 seqq).
584 1114 656 1169 lea
687 1123 865 1170 autem
897 1116 1019 1185 quia
1053 1118 1426 1188 probabilitate
1457 1136 1551 1175 sua
1601 1136 1705 1175 non
1733 1129 1940 1185 carent,

356 1203 491 1259 inde
516 1204 764 1269 efﬁcitur,
796 1217 856 1261 ut
884 1223 1070 1263 verum
1097 1226 1124 1262 a
1157 1209 1293 1267 falso
1317 1212 1552 1269 discerni
1583 1222 1833 1284 nequeat,
1861 1221 1945 1269 at-

349 1313 464 1370 que
488 1299 693 1355 idcirco
722 1301 830 1356 illis
856 1301 1105 1375 ambigua
1126 1314 1180 1360 et
1205 1307 1435 1363 obscura
1465 1310 1574 1363 sint
1599 1309 1797 1364 omnia.

433 1393 673 1448 Primum
705 1395 885 1467 itaque
933 1408 1122 1454 auctor
1165 1410 1348 1457 noster
1375 1402 1446 1459 ob
1489 1402 1727 1458 omnium
1759 1404 1945 1460 oculos

347 1487 506 1558 ponit
529 1486 774 1543 diversas
797 1490 1241 1564 philosophorum
1265 1494 1333 1551 de
1362 1496 1548 1565 primis
1591 1512 1770 1552 rerum
1801 1496 1943 1567 prin-

350 1580 511 1651 cipiis
550 1582 832 1652 opiniones
877 1584 1064 1658 (lbid.,
1119 1606 1172 1659 p.
1201 1588 1388 1661 48).Λ
1415 1588 1640 1645 Thalete
1689 1601 1745 1646 et
1772 1591 1944 1647 Hera-

252 1698 255 1701 ν
351 1673 488 1729 clito
515 1670 743 1741 crditur,
787 1678 876 1755 qui
910 1680 1136 1748 primam
1166 1696 1345 1736 rerum
1392 1684 1657 1753 originem
1682 1684 1858 1755 ignem
1890 1693 1946 1741 et

346 1780 572 1837 aquam,
601 1753 1057 1838 quemadmodum
1087 1772 1422 1846 Pythagoras
1449 1753 1725 1845 numeros,
1751 1778 1943 1833 consti-

2047 582 2254 627 rentem
2310 572 2554 640 consule,
2605 582 2660 629 et
2718 572 2998 644 ipsinsmet
3040 571 3278 631 Platonis
3330 572 3517 634 libros.
3544 573 3637 633 ubi

2047 664 2185 721 hanc
2212 668 2536 723 sententiam
2564 683 2902 739 propugnare
2923 679 3152 724 conatus
3168 679 3246 724 est
3269 667 3632 742 (Plat..Tim.,

2050 770 2088 813 ι.
2124 776 2160 828 ι,
2193 778 2245 829 p.
2274 761 2343 817 59
2369 778 2383 824 ;
2408 774 2452 815 et
2476 760 2714 830 Phaedra,
2746 780 2797 833 ρ.
2837 762 2967 830 244,
2996 779 3056 818 ac
3087 772 3210 819 tom.
3243 778 3324 829 ιιι,
3350 761 3631 833 Phaniam,

2046 873 2098 925 p.
2131 856 2201 911 99
2229 867 2274 909 et
2308 856 2456 928 106).
2616 865 2620 868 ’

2118 949 2256 1017 Quid
2286 951 2483 1021 plura?
2513 950 2840 1019 Carneades,
2869 963 2923 1007 et
2966 953 3259 1018 Arcesilas,
3292 966 3386 1009 seu
3412 952 3601 1009 Arcesi
3629 983 3633 986 ~

2047 1043 2187 1110 laus,
2229 1054 2283 1099 et
2313 1045 2614 1101 Academia:
2655 1045 2905 1101 secunda:
2937 1062 2998 1101 ac
3031 1048 3203 1102 tertia:
3253 1047 3509 1113 cultores,
3538 1063 3635 1103 au-

2048 1136 2235 1192 dacter
2258 1136 2599 1195 afﬁrmabant
2629 1142 2809 1195 omnia
2843 1141 3040 1195 involvi
3067 1141 3417 1197 obscuritatis
3450 1142 3628 1197 maxi-

2049 1246 2149 1284 mze
2176 1232 2394 1287 latebris
2420 1275 2435 1298 ,
2466 1243 2519 1288 et
2549 1233 2680 1287 nihil
2707 1250 2865 1306 posse
2892 1234 3301 1305 comprehendi.
3334 1234 3634 1307 Utrumque

2047 1340 2209 1396 porro
2250 1325 2584 1383 Carneadem
2636 1339 2687 1384 et
2728 1328 3026 1385 Arcesilam
3059 1329 3259 1384 schola:
3311 1329 3635 1385 academicae

2047 1430 2365 1489 sectatores,
2418 1431 2472 1478 et
2517 1422 2675 1494 hujus
2725 1425 2995 1495 opinionis
3049 1424 3366 1481 defensores
3412 1424 3633 1480 fuissea

2046 1513 2201 1568 nobis
2243 1514 2296 1569 in
2342 1517 2609 1586 superiori
2656 1516 2957 1585 Apparatus
3004 1518 3171 1572 n0stri
3220 1528 3365 1573 tomo
3407 1517 3635 1574 demon-

2046 1615 2272 1663 stratum
2303 1618 2386 1664 est
2408 1609 2599 1682 (lbid.,
2620 1629 2672 1682 p.
2693 1611 2827 1666 1151
2857 1622 2901 1665 et
2923 1610 3109 1685 δείνῳ).
3139 1611 3298 1666 Plura
3319 1611 3386 1667 de
3404 1620 3630 1682 utroque

2047 1700 2100 1756 in
2131 1704 2246 1757 suis
2274 1704 2705 1761 acadetnicarum
2729 1708 3088 1775 quaestionum
3121 1706 3273 1762 libris
3301 1704 3511 1771 Cicero,
3541 1705 3632 1761 ubi

2045 1795 2241 1850 scribit
2268 1796 2599 1851 Carneadem
2626 1808 2856 1867 quatuor
2873 1798 3247 1867 composuisse
3267 1797 3336 1852 de
3361 1797 3634 1852 sustinen-

348 1866 599 1960 luebant.
626 1866 733 1923 Sed
765 1868 833 1943 de
862 1870 944 1924 his
969 1869 1080 1941 jam
1109 1871 1506 1942 disputavimus
1527 1878 1588 1948 (ι.
1617 1891 1634 1931 t
1666 1876 1941 1947 Appone,
1972 1877 2023 1939 B
2048 1886 2132 1942 dis
2172 1890 2578 1945 assensionihus
2625 1866 2862 1957 liberos,
2917 1866 3157 1960 nihilque
3212 1888 3382 1945 fuisse
3409 1887 3551 1960 quod
3582 1888 3633 1944 ei

342 1975 404 2027 ρ.
423 1958 531 2014 654
552 1969 770 2032 etseqq.,
789 1979 851 2015 ac
863 1961 1081 2019 Dium.
1098 1981 1294 2033 super..
1316 1967 1370 2021 in
1384 1984 1428 2020 c.
1450 1967 1504 2033 4,
1520 1979 1619 2024 art.
1640 1968 1717 2041 1).
1743 1968 1941 2027 Ultimo

340 2061 527 2107 autem
555 2053 679 2110 huic
707 2053 1025 2127 philosopho
1042 2057 1314 2114 Arnobius
1334 2060 1649 2131 Archytam,
1672 2061 1812 2117 haud
1835 2062 1937 2118 du-

341 2143 436 2201 bie
461 2143 834 2210 Tarentinum.
868 2160 1015 2206 recte
1041 2151 1345 2223 conjunxit.
1373 2151 1505 2208 Nam
1533 2166 1590 2209 ut
1621 2171 1687 2210 ex
1719 2156 1939 2212 Laertio

341 2235 648 2293 discimus:
674 2238 1061 2312 Pythagoricus
1091 2253 1145 2298 et
1169 2241 1284 2314 ipse
1317 2242 1450 2299 fuit:
1481 2248 1820 2323 Πυθαγόρικος
1851 2254 1939 2306 καὶ

343 2331 528 2391 ἁντός.
560 2330 740 2387 Alium
771 2342 961 2389 testem
1004 2335 1049 2390 si
1100 2337 1363 2406 postules,
1409 2338 1563 2394 adeSt
1602 2341 1815 2406 Cicero,
1848 2343 1940 2412 qui

342 2420 468 2478 haec
496 2421 565 2479 de
597 2423 690 2479 illo
719 2436 980 2482 memorat
1006 2444 1020 2481 :
1054 2446 1073 2480 ι
1112 2428 1393 2487 Platonem
1428 2430 1630 2500 ferunt,
1657 2446 1714 2489 ut
1744 2434 1940 2508 Pytha-

339 2533 543 2589 goreos
568 2532 943 2593 cognosceret,
974 2523 1027 2578 in
1074 2522 1278 2581 Italiam
1305 2528 1539 2591 venisse,
1563 2536 1619 2583 et
1645 2530 1697 2583 in
1726 2543 1789 2583 ea
1816 2544 1940 2585 cum

340 2614 489 2670 alios
525 2618 747 2680 multos,
788 2628 898 2674 tum
955 2621 1287 2693 Archytam,
1338 2620 1708 2694 Timzeumque
1739 2639 1940 2695 (εοεηο-

341 2710 519 2776 visse,
545 2719 594 2765 et
619 2711 874 2769 didicisse
902 2714 1237 2786 Pythagorea
1268 2718 1446 2769 omnia
1480 2734 1498 2767 ι
1532 2715 1774 2788 (Arnob.,
1808 2717 1845 2772 ι.
1879 2735 1933 2787 ιι,

344 2820 406 2875 p.
454 2804 563 2871 48;
603 2804 808 2872 Laert.,
839 2808 876 2863 ι.
910 2824 963 2864 ιιι
990 2808 1053 2863 de
1092 2807 1195 2863 Vit.
1226 2818 1273 2863 et
1304 2807 1479 2880 dogm.
1522 2810 1735 2879 philos.,
1771 2810 1893 2883 §79
1922 2829 1938 2879 ;

343 2899 541 2969 (ἤδη,
574 2900 791 2959 Tusc-ul.
827 2921 864 2969 t,
894 2923 946 2976 p.
978 2903 1127 2979 121).

420 2993 557 3049 Τιιιιι
578 2996 775 3053 deinde
807 2999 1076 3053 Arnobius
1102 2999 1178 3055 ait
1202 3000 1516 3068 Epicurum,
1544 3001 1938 3069 Democritum,

347 3096 407 3144 et
448 3087 838 3159 Metrodorum,
870 3107 1099 3163 quorum
1145 3096 1469 3150 sententiam
1495 3137 1510 3160 ,
1563 3095 1727 3150 tacito
1752 3111 1941 3151 eorum

347 3182 596 3250 nouiine,
620 3185 770 3255 prius
797 3185 1079 3251 retulerat,
1112 3187 1349 3243 sensisse
1379 3187 1603 3257 primam
1635 3202 1815 3242 rerum
1836 3187 1943 3242 ori-

2049 1983 2368 2053 probaretur
2416 1982 2630 2056 (Cicer.,
2681 1986 2720 2039 Ι.
2768 2000 2819 2038 tv
2847 1983 3087 2038 Academ.
3122 1994 3326 2053 ωιτη,
3385 2000 3438 2051 p.
3478 1980 3549 2036 29
3586 1989 3634 2034 et

2046 2076 2159 2149 37).
2194 2076 2465 2133 Arcesilas
2495 2092 2644 2144 vero,
2677 2076 2753 2132 uti
2799 2077 2891 2132 ille
2937 2077 3112 2131 adhuc
3152 2085 3372 2131 narrat:
3411 2093 3430 2128 ι
3464 2074 3635 2145 Nega-

2044 2169 2136 2224 bat
2157 2184 2277 2226 esse
2306 2171 2595 2241 quidquam
2626 2171 2770 2242 quod
2819 2171 2946 2226 sciri
2980 2179 3180 2238 posset.
3222 2186 3290 2226 ne
3337 2167 3470 2224 illud
3509 2168 3631 2240 qui—

2045 2261 2167 2317 dem
2223 2263 2419 2331 ipsum,
2448 2264 2589 2335 quod
2622 2264 2874 2321 Socrates
2902 2265 3002 2320 sibi
3033 2264 3357 2335 reliquisset.
3391 2264 3479 2320 Sic
3517 2277 3635 2319 om-

2045 2364 2133 2417 nia
2179 2363 2348 2418 latere
2391 2363 2656 2418 censebant
2687 2364 2762 2435 (id
2792 2374 2876 2419 est
2905 2364 3233 2431 academici,
3280 2364 3413 2419 alias
3454 2376 3632 2421 tamen

2045 2458 2296 2522 censebat,
2331 2467 2455 2527 puta
2480 2456 2772 2525 Arcesilas)
2790 2457 2842 2512 in
2870 2458 3105 2520 occulto,
3125 2473 3300 2527 neque
3325 2473 3448 2514 esse
3474 2458 3634 2529 quid-

2045 2566 2230 2622 quam,
2248 2552 2389 2621 quod
2416 2553 2565 2607 cerni
2587 2562 2680 2606 aut
2707 2552 2931 2622 intelligi
2962 2552 3169 2622 pussit:
3203 2551 3396 2622 quibus
3421 2552 3490 2608 de
3509 2567 3635 2608 cau—

2045 2644 2121 2699 sis
2149 2645 2284 2699 nihil
2315 2656 2566 2714 oportere
2619 2661 2793 2717 neque
2827 2644 3068 2716 proﬁteri
3089 2685 3103 2707 ,
3158 2660 3334 2716 neque
3361 2644 3634 2701 afﬁrmare

2047 2754 2373 2809 quemquam
2396 2781 2410 2805 ,
2444 2755 2618 2810 neque
2645 2740 2947 2795 assertione
2992 2740 3243 2810 probare,
3273 2739 3636 2812 cohibereque

2048 2845 2283 2902 semper,
2319 2840 2374 2887 et
2427 2833 2495 2887 ah
2547 2833 2693 2888 omni
2750 2834 2901 2904 lapsu
2939 2832 3220 2888 continere
3252 2834 3633 2901 temeritatem,

2047 2942 2169 2996 qua:
2199 2937 2309 2981 tum
2340 2936 2487 2982 esset
2514 2927 2759 2998 insignis,
2795 2944 2915 2983 cum
2946 2941 3039 2983 aut
3071 2929 3200 2984 falsa
3231 2939 3321 2984 aut
3367 2932 3636 3002 incognita

2048 3035 2137 3075 res
2165 3020 2587 3091 approbaretur;
2620 3038 2795 3094 neque
2817 3021 2919 3078 hoc
2944 3024 3233 3094 quidquam
3256 3038 3378 3080 esse
3406 3026 3634 3095 turpius,

2049 3131 2207 3183 quam
2239 3118 2534 3187 cognitioni
2580 3128 2635 3174 et
2662 3121 2994 3191 perceptioni
3050 3120 3403 3176 assertionem
3446 3136 3639 3192 appro-

2050 3210 2322 3266 bationem
2354 3226 2706 3282 praecurrere.
2741 3233 2759 3265 ι
2816 3214 2983 3269 Porro
3038 3226 3219 3270 autem
3259 3212 3556 3269 Carneadis
3585 3222 3640 3268 et

348 3276 528 3347 ginem
560 3293 683 3334 esse
732 3288 964 3345 atomos,
997 3295 1092 3335 seu
1142 3281 1418 3337 individua
1469 3297 1719 3353 corpora,
1750 3282 1944 3353 quibus

2051 3305 2308 3359 Arcesila:
2345 3306 2507 3359 vitam
2559 3306 2845 3377 descripsit
2882 3307 3131 3363 Laertius
3157 3307 3379 3381 (Laert.,
3421 3309 3460 3362 ι.
3492 3323 3544 3362 ιν
3577 3307 3640 3362 dc

347 3370 670 3427 fabricatum
727 3374 892 3429 fuisse
940 3374 1197 3430 mundum
1239 3378 1641 3432 Somniaverant
1681 3376 1938 3450 (Arnab.,

349 3466 387 3522 1.
423 3483 497 3533 ιι,
528 3486 583 3539 p.
614 3467 686 3524 48
708 3511 721 3532 ,
754 3480 800 3524 et
832 3471 869 3524 Ι.
917 3485 952 3537 ι,
987 3488 1040 3539 ρ.
1071 3470 1183 3542 18).
1216 3472 1283 3526 At
1308 3470 1375 3527 de
1408 3471 1490 3526 his
1519 3487 1733 3543 quoque
1773 3472 1944 3527 disse-

348 3567 594 3630 ruimus;
625 3563 766 3618 sicut
790 3571 845 3619 et
872 3563 941 3619 de
979 3564 1303 3630 Aristotele,
1332 3581 1488 3637 quem
1534 3576 1722 3620 auctor
1761 3573 1946 3621 noster

347 3658 488 3713 dixit
516 3657 904 3729 principatibus
928 3658 1107 3714 causis
1131 3659 1375 3730 quintum
1404 3660 1676 3716 addidisse
1705 3660 1944 3717 elemen-

354 3759 468 3806 tum
499 3750 559 3823 (t.
589 3767 606 3807 ι
634 3752 911 3822 Apparat.,
943 3769 997 3822 ρ.
1026 3750 1153 3817 455,
1186 3751 1295 3807 456
1318 3762 1363 3805 et
1389 3752 1540 3822 770).

436 3845 535 3901 Alii
564 3861 693 3902 vero
713 3845 1045 3918 philosophi,
1077 3847 1270 3918 inquit,
1304 3847 1505 3918 opinati
1526 3855 1653 3902 sunt
1679 3847 1942 3902 mundum

356 3955 533 4009 neque
591 3950 798 4005 natum,
830 3956 1006 4013 neque
1059 3940 1395 4012 periturum;
1421 3952 1581 4012 atque
1635 3942 1769 3997 adeo
1820 3957 1942 3997 esse

355 4042 618 4090 aeternum
652 4052 665 4088 :
703 4033 795 4088 alii
841 4049 872 4089 e
916 4033 1186 4089 contrario
1233 4034 1494 4105 genitum,
1526 4041 1581 4087 et
1607 4034 1943 4103 periturum;

354 4119 446 4174 alii
470 4135 538 4175 ex
560 4128 813 4191 quatuor,
841 4119 930 4173 alii
963 4135 1025 4174 ex
1064 4119 1406 4189 paucioribus
1432 4119 1627 4174 factum
1659 4119 1946 4175 elementis

352 4211 594 4287 (Arnob.,
640 4214 675 4268 ι.
705 4228 764 4277 ιι,
796 4231 850 4283 p.
872 4212 989 4285 8‘2).
1014 4211 1122 4267 Nos
1150 4221 1328 4267 autem
1358 4211 1425 4267 de
1453 4210 1535 4265 his
1563 4212 1795 4266 diversis
1820 4213 1943 4282 phi-

355 4305 706 4378 losophorum
732 4305 966 4376 placitis,
996 4313 1156 4375 atque
1179 4318 1366 4359 eorum
1412 4305 1655 4374 patronis
1678 4313 1734 4360 et
1760 4314 1946 4360 aucto-

354 4399 523 4467 ribus,
567 4415 689 4455 cum
720 4398 857 4454 locis
884 4398 1094 4460 citatis,
1125 4407 1236 4452 tum
1290 4397 1412 4453 alibi
1458 4398 1665 4469 egimus
1710 4397 1947 4471 (t.1Ap—
2030 4402 2041 4413 ’

352 4503 545 4564 paron,
573 4493 674 4548 loc.
706 4492 816 4558 cit.,
846 4508 900 4561 p.
933 4492 1123 4562 1117).

428 4585 509 4640 Ad
567 4584 685 4641 haec
729 4595 908 4640 autem
960 4583 1265 4648 Panaetius,
1313 4582 1668 4658 Chrysippus,
1701 4595 1755 4642 et
1799 4586 1945 4642 Zeno

354 4679 617 4735 mundum
650 4677 937 4748 aliquando
980 4692 1252 4744 arsurum,
1300 4678 1376 4732 ait
1403 4680 1707 4747 Arnobius,
1732 4696 1946 4737 asseve-

353 4783 566 4831 raruot.
601 4772 905 4830 Stoicorum
958 4781 1136 4827 autem
1186 4781 1408 4836 sectam,
1440 4773 1593 4842 cujus
1640 4785 1827 4828 auctor
1850 4773 1950 4830 fuit

358 4868 533 4935 Zeno,
574 4868 651 4923 illi
678 4867 1061 4938 sequebantur.
1092 4865 1243 4934 Quod
1267 4866 1485 4937 quidem
1509 4876 1564 4921 et
1588 4868 1946 4936 ostendimus,

353 4970 415 5019 et
456 4972 713 5019 asserlam
761 4962 830 5016 ab
858 4961 938 5017 eis
981 4959 1146 5015 fuisse
1188 4959 1256 5014 dc
1301 4960 1486 5015 mundi
1530 4959 1949 5031 conﬂagratione

355 5058 671 5129 opinionem
716 5056 825 5128 jam
873 5053 1350 5111 animadvertimus
1400 5054 1564 5125 (tom.
1610 5071 1627 5109 ι
1668 5055 1948 5127 Apparat.,

355 5170 414 5225 ρ.
447 5154 606 5220 uas,
639 5152 781 5210 ms
810 5161 862 5208 et
893 5150 1075 5223 tm).

432 5249 700 5306 Prazterea
775 5249 968 5314 Plato,
1015 5248 1154 5303 sicut
1208 5255 1397 5303 auctor
1450 5256 1638 5303 noster
1688 5247 1945 5319 loquitur,

360 5364 382 5398 ι
417 5345 649 5399 animam
682 5341 890 5408 dividit,
926 5350 981 5396 et
1011 5341 1374 5411 incorporales
1403 5341 1681 5395 constituit
1712 5340 1942 5396 formas)

354 5437 600 5509 (ριν-ποὺ..
650 5437 690 5491 Ι.
742 5453 801 5502 ιι,
856 5454 910 5506 p.
955 5434 1070 5505 48).
1103 5434 1254 5497 Nam,
1282 5444 1337 5487 ut
1390 5435 1524 5489 scite
1569 5434 1952 5491 animadvertit

357 5533 737 5590 Theodorettts
769 5550 782 5585 ε
810 5532 1012 5587 Πλάτων
1057 5534 1137 5584 καὶ
1184 5532 1491 5605 Πυθαγόρας,
1523 5532 1581 5585 τὸ
1623 5534 1711 5604 μὲν
1761 5534 1950 5606 λογικὸν

355 5631 517 5689 αὐτῆς·
544 5624 796 5703 ἄφθαρτον
840 5620 982 5689 εἶναι,
1023 5625 1230 5703 φθαρτόν
1261 5623 1314 5680 δὲ
1339 5626 1397 5679 τὸ
1427 5621 1605 5699 ἄλογον
1644 5626 1948 5695 (Theodor.,

354 5737 515 5775 mm.
556 5720 610 5783 5,
635 5719 700 5774 de
746 5716 872 5772 Nat.
923 5720 1087 5783 Imm.,
1117 5729 1239 5772 tam.
1271 5734 1347 5784 ιν,
1375 5735 1495 5788 pag.
1531 5720 1685 5789 546).
1714 5719 1868 5776 Plato
1897 5730 1956 5775 et

355 5815 696 5887 Pythagoras
740 5813 1062 5871 rationalem
1114 5812 1331 5885 quidem
1380 5812 1575 5869 animm
1630 5824 1835 5885 partem
1869 5817 1954 5870 in-

358 5908 772 5979 corruptibilem
803 5921 946 5978 esse,
976 5922 1098 5978 qua:
1127 5916 1306 5964 autem
1334 5906 1544 5967 ratione
1569 5917 1738 5974 caret,
1763 5923 1952 5965 corru-

2056 3394 2161 3452 Vit.
2182 3409 2230 3452 et
2252 3398 2426 3470 dogm.
2449 3400 2736 3470 philosop.,
2767 3400 2795 3473 §
2823 3401 2894 3456 28
2921 3410 2965 3456 et
2986 3419 3147 3472 δίειμι..
3166 3411 3211 3456 et
3237 3401 3263 3472 θ
3287 3402 3356 3457 62
3382 3411 3427 3457 ει
3452 3401 3636 3473 seqq.).

2123 3492 2366 3565 Denique
2419 3510 2525 3549 non
2574 3495 2750 3565 major
2778 3506 2893 3550 erat
2923 3497 3263 3551 ethnicorum
3298 3496 3365 3551 de
3393 3497 3642 3566 ipsismet

2047 3583 2152 3639 diis
2181 3586 2295 3640 suis
2327 3601 2645 3648 consensus.
2681 3588 2856 3658 Aliqui
2898 3589 3065 3653 enim,
3120 3588 3290 3659 inquit
3347 3588 3637 3655 Arnobius,

2046 3693 2142 3733 eos
2168 3680 2431 3735 exsistere
2464 3681 2752 3747 negabant,
2786 3682 2875 3736 alii
2921 3680 3279 3747 dubitabant,
3310 3681 3401 3734 alii
3431 3695 3641 3735 assere-

2050 3768 2201 3836 bant,
2232 3770 2319 3824 alii
2354 3770 2588 3826 humana
2619 3773 2687 3826 ab
2737 3772 2803 3827 iis
2857 3772 3216 3828 administrari
3250 3773 3520 3838 dicebant,
3552 3772 3641 3827 alii

2048 3865 2443 3921 inticiabantur.
2486 3869 2552 3921 At
2583 3868 2651 3922 de
2693 3868 2857 3922 variis
2890 3868 3037 3924 hisce
3065 3868 3430 3938 opinionibus,
3460 3877 3514 3920 et
3543 3880 3636 3921 su-

2049 3974 2143 4028 pra
2169 4002 2183 4025 ,
2238 3968 2397 4029 atque
2442 3960 2602 4015 etiam
2655 3962 2706 4015 in
2739 3962 2914 4032 primo
2942 3963 3112 4017 n0slri
3161 3962 3466 4032 Apparatus
3493 3969 3641 4016 tomo

2048 4055 2401 4112 disseruimus
2454 4058 2694 4128 (Arnob.,
2727 4060 2764 4113 ι.
2799 4075 2857 4124 ιι,
2885 4076 2937 4129 ρ.
2974 4058 3076 4123 82;
3102 4075 3274 4130 supr.,
3301 4075 3346 4111 c.
3367 4057 3423 4123 9,
3452 4068 3551 4111 art.
3586 4058 3638 4123 l;

2049 4161 2171 4206 tam.
2200 4169 2214 4207 ι
2238 4154 2506 4223 Apparat.,
2532 4153 2568 4206 ι.
2595 4167 2677 4219 ιιι,
2702 4152 2902 4207 dissert.
2927 4152 2980 4220 1,
3000 4168 3045 4206 c.
3064 4150 3101 4205 2
3128 4160 3173 4205 et
3195 4167 3355 4222 seqq.,
3383 4168 3435 4221 ρ.
3462 4149 3559 4205 781
3588 4159 3645 4206 et

2049 4246 2237 4320 “qq-)-

2123 4345 2317 4400 Multas
2346 4343 2480 4398 alias
2506 4341 2835 4413 quaestiones
2861 4349 3145 4396 enumerat
3180 4337 3465 4402 Arnobius,
3489 4336 3642 4393 verbi

2048 4442 2239 4511 gratia,
2272 4440 2413 4494 unde
2441 4448 2637 4493 ventus
2682 4437 2906 4500 oriatur,
2931 4445 2986 4490 et
3015 4449 3111 4489 cur
3142 4433 3344 4489 salsum
3372 4432 3443 4487 sit
3470 4447 3640 4497 mare,

2050 4552 2171 4607 quae
2200 4535 2268 4589 ab
2295 4533 2606 4588 hominibus
2650 4530 2785 4586 solvi
2819 4528 3191 4598 exoticarique
3221 4534 3513 4597 nequeunt.
3549 4527 3645 4579 At-

1973 4673 2027 4734 Β
2050 4647 2154 4702 que
2196 4645 2260 4685 ex
2291 4629 2375 4683 his
2404 4639 2459 4684 et
2497 4628 2708 4683 caeteris
2738 4626 3023 4691 omnibust»
3045 4640 3166 4696 quae
3194 4623 3394 4679 ethnici
3428 4623 3642 4693 ignora-

2052 4726 2204 4792 bant,
2227 4723 2501 4780 concludit
2523 4723 2591 4778 ab
2613 4723 2678 4777 iis
2701 4721 3037 4792 iniquissime
3058 4717 3437 4774 verecundiam
3460 4717 3643 4772 vexari

2053 4823 2498 4888 christianorum,
2529 4822 2618 4891 qui
2665 4835 2728 4875 ea
2774 4835 2988 4889 quoque
3017 4834 3075 4874 se
3106 4820 3338 4883 nescire,
3368 4831 3468 4871 nec
3497 4817 3645 4870 inve-

2054 4921 2256 4990 stigare
2286 4918 2428 4973 velle
2458 4916 2601 4970 ultro
2654 4914 2960 4968 fatebantur
2988 4912 3229 4981 (Arnob.,
3256 4911 3295 4964 ι.
3326 4925 3385 4974 ιι,
3418 4926 3471 4977 p.
3503 4907 3572 4963 85
3597 4914 3644 4961 et

2053 5011 2243 5086 seqq).
2266 5010 2516 5066 Christus
2543 5008 2687 5063 enim
2713 5021 2875 5061 verus
2905 5005 2999 5058 Dei
3031 5002 3173 5058 ﬁlius
3197 5002 3356 5073 jussit
3385 5002 3546 5055 hasce
3572 4999 3642 5053 li-

2054 5108 2297 5177 tigiosas,
2348 5113 2509 5173 atque
2562 5102 2921 5154 infructuosas
2951 5096 3278 5165 qumstiones
3321 5102 3374 5147 et
3405 5093 3646 5162 disputa-

2056 5200 2233 5255 tiones
2267 5212 2293 5251 a
2321 5194 2599 5265 discipulis
2648 5192 2760 5246 suis
2809 5189 3042 5259 relinqui
3080 5196 3176 5255 ;ut
3201 5187 3265 5241 ad
3297 5201 3479 5242 rerum
3523 5201 3642 5240 om-

2056 5294 2203 5349 nium
2226 5292 2528 5352 Dominum,
2555 5297 2665 5342 tota
2688 5295 2888 5353 mente,
2914 5283 3088 5356 quoad
3119 5282 3235 5337 ﬁeri
3266 5291 3457 5352 potest,
3487 5279 3647 5334 attol-

2059 5387 2260 5442 lantur.
2295 5385 2453 5454 eique
2507 5382 2839 5436 adlimreant.
2870 5378 2967 5434 Ille
2998 5378 3274 5434 enimvero
3304 5376 3419 5444 ipse
3444 5383 3547 5441 est,
3576 5373 3645 5429 de

2058 5497 2166 5553 quo
2193 5480 2372 5535 nullus
2414 5479 2516 5534 nisi
2544 5492 2755 5541 amens,
2789 5485 2878 5530 ant
2909 5473 3066 5546 plane
3089 5471 3333 5543 stupidus
3362 5471 3522 5526 homo
3546 5469 3645 5525 du-

2056 5577 2229 5632 bitare
2257 5581 2437 5645 queat.
2482 5573 2551 5626 At
2592 5571 2742 5626 illum
2775 5568 2950 5623 solum
2996 5569 3135 5623 scire
3182 5564 3401 5634 sufﬁcit,
3432 5572 3489 5621 et
3526 5563 3644 5636 ejus

2057 5669 2296 5742 cognitio
2324 5666 2550 5724 scientia
2580 5675 2662 5720 cst
2690 5663 2944 5718 maxima.
