4172 6252
595 334 702 392 067

1162 448 1389 511 CAPUT
1427 451 1621 510 XXVI.

596 566 677 626 De
703 567 885 643 quibus
913 567 1034 623 viris
1086 568 1394 633 illustribus,
1428 569 1643 636 vatibus,
1675 569 2029 642 scriptoribus,
2063 585 2188 638 quos

669 662 925 719 Arnobius
949 663 1141 730 citavit,
1163 681 1223 718 ac
1254 666 1317 718 de
1345 664 1506 719 verbis
1533 662 1782 733 barbaris,
1811 663 2068 731 obsoletis,
2100 664 2189 718 ob-

671 756 857 819 scuris,
886 756 1064 826 quibus
1093 772 1217 811 usus
1237 764 1329 811 est.

1112 888 1406 930 ARTICULUS
1443 888 1653 929 PRIMUS.

593 989 986 1057 De_PythagoraJ
1014 993 1172 1057 quiin
1200 990 1309 1057 fano
1346 997 1694 1057 rcoucrematus
1717 989 1837 1049 fuit,
1862 990 1930 1057 de
1958 987 2189 1057 Socratis,

657 1050 894 1105 Tréhouii
910 1092 923 1110 ,
952 1050 1129 1117 Reguli
1157 1062 1208 1103 et
1232 1053 1410 1117 Aquilii
1436 1055 1623 1104 crudeli
1648 1068 1798 1113 nece;
1824 1065 1879 1101 ac
1901 1051 1964 1117 de
1988 1051 2191 1117 quibus-

657 1117 769 1167 dam
793 1117 965 1176 magis,
991 1116 1251 1167 Zomastre
1275 1112 1366 1178 per
1389 1119 1586 1177 igneam
1612 1112 1987 1178 zonam’excito,
2007 1112 2074 1162 de
2091 1112 2191 1178 Ar-

660 1180 826 1246 menio
849 1175 1088 1246 lostriani
1112 1175 1292 1246 nepote
1314 1219 1327 1236 ,
1346 1175 1603 1246 Pamphilo
1627 1179 1767 1246 Cyri,
1792 1176 2066 1240 Apollonio,
2089 1175 2191 1226 Da-

660 1243 867 1305 migero,
894 1241 1037 1303 Velo,
1060 1240 1252 1292 Julia’no
1275 1250 1327 1293 et
1346 1240 1553 1293 Bebulo.

678 1394 869 1450 Plures
916 1395 1186 1450 Arnobius
1218 1395 1330 1451 suis
1372 1395 1425 1449 in
1458 1395 1609 1449 libris
1639 1394 1823 1450 citavit
1865 1404 1920 1450 et
1948 1393 2104 1448 factis
2133 1401 2189 1447 et

621 1487 837 1555 scriptis
868 1487 1102 1543 illustres
1129 1489 1299 1551 viros.
1331 1503 1558 1559 quorum
1591 1488 1858 1559 exemplo,
1895 1488 1975 1542 vel
2006 1496 2194 1542 aucto-

615 1580 777 1641 ritate
804 1581 1125 1637 documenta
1174 1598 1267 1637 sua
1307 1590 1489 1638 tuetur
1514 1596 1576 1636 ac
1603 1581 1905 1636 conﬁrmat.
1937 1581 2040 1635 Sed
2072 1581 2196 1651 quia

612 1675 797 1730 multis
823 1675 986 1731 hosce
1018 1677 1185 1732 libros
1211 1676 1511 1747 legentibus
1533 1676 1746 1745 quidam
1764 1674 1978 1745 penitus
2005 1673 2193 1745 ignoti,

607 1775 664 1823 et
709 1766 803 1822 alii
852 1782 958 1822 non
995 1769 1124 1823 satis
1174 1768 1373 1840 cogniti
1418 1783 1538 1823 esse
1567 1776 1812 1838 possunt,
1844 1767 2019 1821 dehis
2044 1782 2195 1821 seor-

1841 333 2291 393 DISSERTATIO
2340 333 2501 392 PBIE
2511 335 2624 392 VIA

2209 458 2263 517 Α
2355 450 2602 510 Socrates
2630 464 2862 522 quoque.
2894 450 2969 506 ait
2998 449 3286 515 Arnobius,
3323 466 3343 502 ‹
3380 446 3615 504 civitatis
3646 460 3758 501 sua:
3780 445 3866 517 ju-

3773 327 3879 385 668

2289 545 2432 601 dicio
2452 543 2759 611 damnatus,
2792 543 3006 615 capitali
3034 542 3257 599 allectus
3287 551 3371 597 est
3392 555 3550 613 pmna
3582 556 3600 593 ι
3630 540 3876 609 (Arnob.,

2289 640 2328 695 l.
2378 655 2416 706 t,
2467 656 2520 711 ρ.
2552 638 2665 711 25).
2699 639 2767 693 At
2813 653 2933 693 eum
2964 654 2994 692 a
3025 636 3227 692 civibus
3278 636 3391 690 suis
3446 633 3869 690 Atheniensibus

2289 743 2463 788 morte
2488 731 2927 798 condemnatum,
2961 731 3190 785 cicutam
3234 727 3456 789 bibisse,
3489 727 3557 779 ab
3599 725 3882 793 scriptori-

2291 825 2390 881 bus
2425 824 2661 892 Laertio,
2687 823 2934 888 Platone,
2968 822 3194 890 aliisque
3236 815 3647 890 quamplurimis
3678 831 3884 870 memo-

2290 917 2385 973 riae
2439 915 2704 987 proditum
2755 925 3115 983 est;nosque
3142 911 3209 967 de
3263 911 3407 965 illius
3449 924 3583 965 nece
3631 908 3880 980 quredam

2292 1010 2420 1065 alibi
2475 1008 2950 1063 animadvertimus
2996 1006 3216 1079 (Laert.,
3268 1007 3306 1057 l.
3357 1019 3395 1058 ιι
3450 1003 3501 1057 in
3550 1000 3659 1055 Vit.
3706 1000 3881 1068 Socr.,

2295 1100 2450 1176 §42;
2482 1101 2649 1165 Plat..
2679 1100 2733 1154 in
2765 1099 2978 1166 Plued.,
3010 1110 3046 1151 t.
3084 1115 3125 1162 ι,
3152 1116 3203 1169 p.
3238 1096 3382 1161 H7;
3415 1094 3637 1166 Apolog.
3677 1093 3880 1149 Socrat.

2296 1207 2342 1251 et
2372 1196 2496 1250 alibi
2524 1213 2538 1261 ;
2569 1194 2784 1249 Disserl.
2816 1195 2868 1249 in
2895 1194 3113 1256 Minuc.,
3137 1208 3183 1245 c.
3210 1188 3265 1256 6,
3296 1199 3394 1243 art.
3423 1186 3505 1260 ‘2).
3540 1188 3704 1243 Plura
3728 1186 3884 1258 igitur

2293 1304 2588 1360 congerere
2619 1288 2809 1342 inutile
2836 1295 3372 1355 superacaneumque
3402 1280 3563 1335 foret.

2366 1382 2715 1451 Prosequitur
2764 1377 3053 1443 Arnobius,
3086 1391 3148 1430 ac
3197 1372 3528 1429 Trebonium
3562 1371 3728 1426 simili
3759 1387 3883 1443 sup-

2295 1475 2578 1547 pliciorum
2629 1489 2826 1545 genere
2873 1474 3256 1539 interemptum
3315 1467 3533 1521 asserit.
3574 1463 3888 1520 Consularis

2294 1570 2387 1625 ille
2418 1569 2499 1623 vir
2527 1567 2649 1629 fuit,
2684 1577 2740 1622 et
2760 1566 3019 1636 optimus,
3054 1563 3226 1633 inquit
3253 1559 3469 1625 Cicero,
3497 1560 3652 1623 civis,
3679 1573 3746 1613 ac
3777 1575 3890 1613 mo-

2297 1661 2671 1716 deratissimus
2718 1659 2882 1713 homo
2910 1700 2926 1725 ,
2986 1671 3145 1728 quem
3179 1653 3412 1725 perﬁdus
3443 1651 3714 1707 Dolabella
3750 1651 3891 1707 ﬁcta:

2296 1754 2673 1823 simulataque
2721 1749 2970 1806 amicitia:
3020 1747 3265 1803 insidiis:
3298 1763 3317 1796 ι
3340 1743 3681 1801 Consularem
3712 1743 3890 1798 homi-

606 1862 734 1932 sim,
767 1863 977 1934 hocque
998 1864 1049 1918 in
1074 1864 1194 1920 loco
1220 1864 1484 1934 agendum
1517 1863 1804 1928 duximus;
1838 1876 1906 1916 ne
1930 1860 2192 1915 orationis

2301 1862 2443 1911 nem,
2488 1865 2507 1898 ι
2543 1846 2655 1914 ipsa
2683 1853 2807 1898 sunt
2833 1842 3078 1912 ejusdem
3108 1838 3386 1895 Ciceronis
3415 1837 3600 1902 verba,
3641 1855 3660 1889 ι
3689 1851 3895 1892 consu-

608 1965 809 2011 nostra:
842 1957 991 2012 tilum
1017 1958 1069 2012 in
1097 1956 1468 2027 superioribus
1509 1954 1969 2024 diSputationibus
1996 1955 2195 2024 saepius

601 2046 1104 2116 interrumperetnr.
1132 2049 1214 2104 Ab
1256 2049 1320 2103 iis
1376 2052 1553 2102 autem
1590 2047 1930 2116 incipiemus,
1962 2060 2193 2115 quorum

615 2130 774 2196 factis
801 2148 858 2196 et
877 2142 1137 2212 exemplis
1166 2151 1354 2196 auctor
1372 2149 1557 2195 noster
1580 2140 1829 2195 ethnicos
1848 2137 2106 2202 conlutat,
2132 2150 2195 2193 ac

608 2235 859 2290 revincit.

673 2328 887 2385 Primus
916 2345 984 2386 ex
1008 2327 1091 2385 his
1104 2344 1227 2385 sese
1248 2328 1403 2383 nobis
1427 2327 1584 2383 oﬂ‘ert
1602 2325 1936 2399 Pythagoras
1956 2324 2192 2392 Samius,

608 2423 697 2494 qui
726 2441 745 2475 ι
777 2424 1111 2494 suspicione,
1145 2423 1338 2493 inquit,
1363 2421 1754 2475 dominationis
1796 2420 2015 2490 injusta,
2042 2419 2195 2475 vivus

603 2527 986 2573 concrematas
1014 2519 1068 2571 in
1101 2516 1228 2572 lano
1256 2524 1339 2571 est
1376 2534 1395 2567 ι
1429 2512 1672 2586 (Arnob.,
1700 2514 1739 2568 l.
1772 2529 1832 2579 ιι,
1865 2531 1918 2584 ρ.
1942 2511 2058 2583 25).
2092 2510 2196 2567 Va-

607 2611 703 2666 ria:
733 2618 913 2666 autem
943 2609 1166 2666 fuerunt
1210 2608 1277 2663 de
1308 2607 1624 2679 Pythagorae
1664 2615 1838 2661 morte
1888 2605 2190 2674 opiniones,

602 2716 738 2773 quas
784 2701 1050 2767 Laertius,
1086 2701 1333 2765 Tzctzcs,
1366 2697 1584 2764 Suidas,
1639 2698 1838 2767 aliique
1894 2696 2197 2752 retulerunt

604 2795 827 2869 (ιω-8.,
854 2796 892 2851 l.
938 2811 1033 2850 vut
1060 2837 1076 2861 ,
1108 2796 1163 2849 in
1216 2791 1317 2847 Vit.
1348 2791 1603 2864 Pythag.,
1635 2790 1663 2864 δ
1695 2790 1764 2847 39
1794 2807 1809 2856 ;
1861 2788 2054 2855 Tacta,
2083 2788 2195 2843 clri-

603 2889 730 2946 liad.
773 2906 847 2956 ιι,
900 2907 953 2961 p.
986 2890 1094 2946 443
1120 2906 1133 2952 ;
1158 2888 1338 2953 Suid.,
1368 2888 1437 2941 ad
1466 2886 1601 2942 verb.
1650 2883 1979 2961 Πυθαγόρας).
2014 2884 2193 2938 Prima

605 2991 711 3046 est,
762 2980 910 3035 illum
962 2981 1016 3035 in
1066 2980 1228 3035 domo
1257 2977 1470 3036 Milonis
1517 2978 1848 3032 Crotoniatae
1872 2991 1994 3030 cum
2024 2981 2191 3040 esset,

612 3076 894 3147 cujusdam
923 3092 993 3131 ex
1024 3075 1153 3142 illis,
1185 3089 1322 3146 quos
1368 3074 1494 3130 illuc
1520 3072 1805 3129 admittere
1837 3070 2026 3136 noluit,
2058 3068 2196 3124 invi-

604 3168 715 3235 dia,
744 3167 828 3225 vel
875 3167 1312 3223 Crotoniatarum
1366 3165 1675 3235 suSpiciune
1724 3175 1981 3234 metuque
2009 3173 2194 3236 tyran-

2295 1940 2392 1995 lari
2426 1939 2654 2009 imperio
2683 1936 3017 2008 provinciam
3048 1932 3227 1989 Asiam
3257 1931 3613 1995 obtinentem,
3645 1928 3893 1984 Samaria

2296 2031 2467 2088 exsuli
2500 2029 2754 2093 tradidit;
2791 2026 3099 2082 interﬁcere
3127 2024 3308 2079 statim
3356 2030 3573 2092 captant
3601 2019 3792 2087 noluit,
3824 2035 3891 2075 ne

2301 2125 2480 2189 nimis,
2512 2122 2696 2187 credo,
2742 2122 2795 2175 in
2827 2118 3067 2174 victoriis
3125 2114 3366 2171 liberalis
3415 2113 3709 2169 videretur.
3755 2109 3890 2167 Cum

2294 2218 2581 2273 verborum
2633 2212 2978 2270 contumeliis
3025 2211 3287 2280 optimum
3335 2208 3507 2261 virum
3560 2206 3769 2260 incesto
3797 2218 3891 2261 ore

2296 2312 2614 2376 lacerasset,
2646 2319 2758 2368 tum
2790 2306 3108 2361 verberibus
3136 2317 3200 2358 ac
3224 2301 3506 2357 tormentis
3534 2300 3886 2371 quzesuonem

2298 2404 2485 2459 habuit
2514 2402 2757 2474 pecuniae
2781 2399 3035 2471 publicze,
3058 2396 3219 2467 idque
3240 2410 3336 2465 per
3356 2394 3598 2459 biduum,
3624 2402 3741 2463 post
3769 2406 3890 2446 cer-

2295 2497 2503 2553 vicibus
2530 2505 2692 2566 caput
2737 2493 2987 2559 abscidit,
3022 2491 3183 2561 idque
3223 2488 3389 2543 ﬁxum
3418 2487 3621 2558 gestari
3646 2486 3807 2557 jussit
3831 2486 3887 2541 in

2299 2592 2431 2663 pilo,
2461 2589 2726 2660 reliquum
2769 2601 2968 2656 corpus
3001 2593 3248 2647 tractum,
3280 2593 3441 2652 atque
3468 2582 3761 2636 laceratum
3789 2579 3887 2634 ab-

2293 2684 2424 2756 jecit
2450 2684 2504 2738 in
2535 2697 2685 2738 mare
2710 2701 2728 2734 ι
2753 2679 2910 2753 (Cic.,
2935 2678 3138 2749 Philip.
3163 2693 3217 2745 ιι,
3248 2695 3297 2748 p.
3329 2676 3452 2740 6M,
3485 2676 3579 2730 lin.
3603 2674 3718 2745 30).
3751 2674 3885 2728 Tum

2297 2775 2496 2832 deinde
2548 2775 2691 2829 hunc
2737 2774 3063 2829 Treboniqu
3111 2786 3233 2826 cum
3286 2769 3509 2841 Regulo,
3540 2767 3889 2839 quemadmo-

2299 2870 2424 2923 dum
2467 2877 2656 2922 auctor
2699 2874 2921 2932 noster,
2977 2866 3055 2920 sic
3101 2863 3381 2934 conjungit
3409 2905 3425 2929 ,
3456 2872 3511 2917 et
3559 2862 3886 2932 componit:

2304 2982 2324 3016 ι
2359 2962 2642 3017 Cruciatus
2669 2969 2750 3014 est
2780 2977 2808 3013 a
2840 2958 3116 3014 Dolabella
3168 2956 3490 3018 Trebonius,
3521 2963 3577 3009 et
3619 2954 3829 3024 quidem
3856 2968 3891 3008 a

2298 3054 2821 3125 Carthaginensibus
2872 3051 3130 3122 Regulus.
3163 3049 3221 3118 In
3251 3065 3355 3119 qua
3385 3064 3447 3103 re
3471 3063 3597 3103 cum
3625 3046 3891 3103 crudelis-

2300 3152 2421 3207 simi
2452 3150 2604 3207 Pmui
2629 3147 2853 3219 judicati
2881 3147 2989 3202 sint
3034 3148 3086 3199 in
3117 3145 3290 3208 hoste,
3325 3144 3451 3206 quid
3506 3143 3559 3197 in
3587 3143 3707 3198 cive
3736 3141 3894 3196 Dola-

605 3259 769 3327 nidis,
802 3260 988 3315 eadem
1016 3259 1177 3315 domo
1218 3261 1460 3322 incensa.
1486 3257 1717 3314 ﬂammis
1764 3257 1931 3313 fuisse
1959 3234 2192 3313 sulloca-

2302 3242 2440 3298 bella
2464 3239 2786 3311 iudicandus
2804 3239 2921 3293 est?
2947 3256 2966 3290 ι
2993 3235 3182 3310 (lbid.,
3202 3253 3254 3307 ρ.
3278 3236 3404 3301 645,
3423 3235 3518 3290 lin.
3544 3236 3642 3300 15;
3668 3234 3885 3302 Amat,

603 3361 738 3408 ttmi.
773 3353 876 3407 Alii
909 3368 1040 3409 vero
1071 3353 1291 3409 tradunt
1321 3353 1493 3419 illum,
1538 3352 1665 3408 inde
1692 3361 1963 3421 ereptum,
1995 3352 2047 3406 in
2067 3366 2197 3421 agro

606 3444 749 3501 fabis
777 3446 937 3517 pleno
983 3447 1231 3518 jugulum
1282 3447 1728 3518 persequentibus
1754 3446 1989 3502 dedisse.
2025 3446 2197 3500 Dicm-

617 3537 819 3596 archus
848 3555 979 3596 vero
1003 3543 1253 3610 opinatus
1300 3550 1384 3597 est
1434 3542 1607 3611 ipsum
1663 3541 1718 3596 in
1746 3539 2016 3595 Musarum
2043 3540 2198 3595 delu-

609 3630 728 3695 bro,
765 3632 907 3701 quod
939 3632 1234 3704 Metaponti
1263 3643 1367 3699 est,
1418 3650 1516 3705 per
1560 3633 1915 3705 quadraginta
1967 3633 2080 3689 dies
2107 3634 2200 3687 ab-

609 3722 936 3806 sconditum,
968 3724 1191 3789 fameet
1232 3726 1412 3781 inedia
1441 3727 1615 3796 egisse
1645 3726 1898 3781 animam.
1931 3725 2077 3780 Alias
2107 3723 2201 3779 ad-

612 3813 716 3869 huc
740 3813 987 3871 Laertius
1016 3816 1084 3872 de
1113 3817 1358 3886 ejusdem
1391 3817 1711 3890 Pythagorae
1733 3818 1953 3873 interitu
1979 3826 2199 3872 senten-

612 3900 709 3955 tias
743 3901 1041 3957 Heraclidis
1070 3913 1125 3959 et
1147 3903 1423 3976 Hcrmippi
1448 3918 1660 3963 enarrat
1693 3904 1913 3975 (Laert.,
1942 3905 2039 3958 loc.
2062 3905 2197 3974 cit.).

610 3996 679 4050 At
710 3995 927 4051 brevius
956 3997 1274 4054 Plutarchus
1295 4016 1308 4052 :
1327 4002 1393 4055 Τὸ
1413 4002 1503 4075 μὲν
1524 4002 1591 4056 τὰ
1610 4006 1824 4056 τοιαῦτα
1844 4003 2207 4072 συμπτώματα

608 4098 710 4148 τῶν
725 4092 886 4146 καλῶν
900 4096 984 4147 καὶ
1003 4095 1198 4168 ἀγαθῶν
1220 4093 1427 4171 ἀνδρῶν,
1449 4091 1548 4150 οἷον
1578 4097 1608 4154 ἠ
1634 4096 1931 4170 Σωκράτους
1946 4092 2202 4160 καταδίκη,

609 4190 696 4241 καὶ
723 4187 748 4242 ὁ
778 4189 1068 4267 Πυθαγόρου
1098 4194 1284 4255 ζῶντος·
1328 4190 1630 4266 ἐμπρησμὸς
1670 4192 1772 4244 ὑπὸ
1798 4196 1896 4245 τῶν
1924 4190 2206 4245 Κυλωνείων

609 4276 931 4349 (Plutarch.,
960 4280 1021 4334 de
1068 4281 1292 4337 Stoicor.
1320 4291 1655 4353 repugnant.,
1686 4291 1804 4335 tom.
1841 4297 1898 4348 ll,
1930 4300 1981 4351 ρ.
2018 4281 2204 4351 1051).

610 4368 731 4425 lam
792 4371 1149 4441 hujuscemodi
1213 4374 1576 4444 pru’clarorum
1640 4374 1865 4428 virorum
1930 4374 2206 4428 calamita-

612 4472 715 4529 tes,
757 4463 924 4532 qualis
966 4465 1063 4535 fuit
1114 4466 1467 4519 condemnatio
1515 4465 1780 4530 Socratis,
1819 4464 1955 4535 quod
2006 4463 2208 4535 Pytha-

615 4573 755 4628 gora:
810 4558 921 4612 vivo
969 4574 1001 4611 a
1048 4556 1285 4631 Cyloneis
1344 4568 1417 4613 est
1473 4558 1675 4614 illatum
1739 4560 2049 4614 incendium.
2103 4558 2210 4615 Sed

2301 3336 2338 3391 l.
2372 3351 2409 3400 ι,
2442 3353 2495 3406 p.
2518 3331 2637 3403 35.)
2662 3333 2889 3387 Exstant
2914 3331 3206 3387 etiamnum
3250 3330 3390 3384 inter
3410 3329 3688 3382 Ciceronis
3716 3325 3891 3396 Opera

2300 3438 2499 3483 mutuae
2528 3425 2771 3497 epistolas
2802 3424 2845 3478 Τ
2850 3423 3056 3479 rebonii
3089 3423 3155 3477 ad
3178 3420 3497 3476 Ciceronem
3525 3430 3581 3474 et
3609 3418 3889 3474 Ciceronis

2300 3521 2368 3577 ad
2398 3520 2759 3584 Trebonium,
2815 3528 2976 3588 atque
3028 3516 3100 3571 ibi
3146 3516 3306 3571 etiam
3339 3513 3601 3570 Lentulus
3652 3511 3778 3567 data
3823 3510 3893 3567 ad

2303 3613 2553 3670 eumdem
2595 3610 2910 3667 Ciceronem
2958 3607 3208 3678 epistola,
3244 3624 3263 3658 ι
3294 3605 3547 3661 Trelionii
3585 3603 3897 3675 indignissi-

2305 3722 2446 3761 mam
2478 3705 2713 3760 caedcmi
2742 3703 2979 3774 appellat
3006 3699 3215 3771 (Cicer.,
3249 3700 3289 3754 l.
3319 3715 3412 3765 xu,
3443 3715 3526 3768 ep.
3559 3699 3649 3765 l5,
3670 3716 3724 3768 p.
3747 3694 3893 3766 ιω).

2306 3802 2383 3857 De
2421 3801 2611 3872 Reguli
2653 3810 2857 3863 autem,
2886 3812 3045 3867 quem
3078 3806 3135 3850 ut
3165 3795 3408 3865 proxime
3432 3793 3635 3848 dictum
3666 3799 3766 3855 est,
3796 3805 3893 3842 an-

2305 3904 2423 3949 etor
2450 3903 2634 3948 noster
2653 3888 2963 3947 Threbonio
2982 3886 3282 3957 conjungit,
3296 3884 3505 3941 crudeli
3536 3884 3699 3940 etiam
3730 3882 3895 3946 caede,

2309 4004 2409 4044 nos
2443 3989 2496 4043 in
2550 3985 2819 4057 superiori
2860 3984 3239 4041 dissertatione
3291 3982 3499 4051 egimus
3549 3977 3784 4048 (Disscrt.
3834 3976 3899 4030 in

2311 4082 2511 4138 Minue.
2548 4081 2751 4146 0ctav.,
2784 4095 2830 4133 c.
2860 4080 2915 4142 ϐ,
2946 4087 3046 4131 art.
3076 4078 3130 4143 '5,
3159 4084 3274 4130 etc.
3306 4074 3396 4138 l9,
3424 4083 3526 4127 art.
3554 4070 3634 4143 4).

2381 4176 2617 4243 Quartus
2647 4174 2714 4228 ab
2740 4171 2983 4227 Arnobio
3006 4174 3336 4224 memoratur
3357 4166 3604 4236 Aquilius
3628 4164 3714 4235 qui
3732 4162 3901 4217 diris-

2311 4270 2464 4325 simis
2514 4266 2843 4322 cruciatibus
2873 4280 2903 4318 a
2945 4261 3254 4318 Mithridate
3298 4258 3509 4314 occisus
3537 4266 3664 4312 est:
3705 4254 3798 4311 sed
3825 4254 3903 4311 de

2312 4380 2379 4421 eo
2403 4379 2616 4436 quoque
2645 4363 2698 4417 iu
2723 4360 2913 4417 eadem
2951 4356 3216 4429 superiori
3247 4353 3630 4410 dissertatione
3659 4350 3902 4421 disputa-

2314 4458 2489 4514 vimus
2516 4456 2701 4527 (lbid.,
2744 4472 2791 4509 c.
2826 4456 2881 4520 6,
2913 4462 3011 4507 art.
3042 4453 3116 4519 5;
3145 4448 3367 4514 Μαίη,
3394 4450 3507 4502 crit.
3538 4445 3752 4509 Arnob,
3789 4443 3823 4496 l.
3852 4456 3898 4510 I,

2313 4570 2361 4608 c.
2396 4552 2485 4618 10,
2510 4568 2561 4622 p.
2592 4549 2705 4621 l9).
2736 4551 2805 4603 At
2825 4547 2951 4604 inde
2975 4548 3144 4616 liquet
3165 4559 3357 4599 vanam
3379 4556 3502 4597 esse
3527 4539 3745 4595 Meursii
3769 4552 3907 4592 con-

611 4659 791 4706 utrum
822 4650 912 4707 hic
959 4652 1010 4705 in
1039 4630 1203 4709 domo
1230 4653 1428 4723 aliqua,
1464 4652 1549 4708 vel
1590 4653 1643 4709 iu
1673 4653 1796 4708 lano
1827 4664 2207 4710 concrematas
2234 4630 2287 4693 Ῑ)
2312 4648 2603 4717 jecturam,
2630 4643 2720 4714 qui
2762 4644 2814 4697 in
2857 4640 3100 4696 auctoris
3142 4639 3314 4693 nostri
3343 4644 3492 4690 textu
3513 4648 3613 4706 pro
3642 4631 3905 4703 Aquilius,

611 4742 794 4809 fuerit,
834 4746 1046 4815 penitus
1096 4755 1255 4802 tacet.
1292 4746 1484 4801 Verum
1529 4746 1594 4802 de
1639 4748 1777 4804 illius
1805 4758 1978 4804 morte
2009 4748 2207 4825 aliquid

612 4837 741 4892 alibi
766 4838 1175 4893 observavimus
1217 4837 1278 4912 (t.
1324 4856 1341 4895 ι
1381 4840 1660 4912 Αρραγαι.,
1686 4843 1922 4912 ρ.1125,
1951 4852 1997 4897 et
2027 4842 2212 4916 seqq.).

612 4929 713 4984 Adi
760 4928 966 4998 adhuc,
1016 4930 1062 4985 si
1102 4931 1317 5002 placet,
1363 4932 1627 4987 Malchqu
1678 4932 2038 5000 Jamhlicum,
2067 4934 2205 4990 Tze-

614 5031 750 5078 tzem
794 5034 849 5076 et
892 5022 1029 5078 alios
1080 5023 1132 5078 in
1181 5025 1497 5098 Pythagora:
1540 5027 1724 5091 vitam,
1759 5035 1919 5099 atque
1957 5025 2207 5099 Menagii,

613 5126 668 5171 et
708 5115 937 5171 aliorum
990 5118 1041 5171 in
1082 5118 1303 5173 citatum
1345 5118 1544 5174 Laertii
1596 5120 1774 5174 locum
1830 5120 2210 5176 aunotationes

617 5206 911 5278 (Jantblic.,
933 5208 971 5261 l.
1003 5225 1021 5264 ι
1052 5209 1115 5262 de
1153 5208 1255 5263 Vit.
1311 5209 1563 5282 Pylhag.,
1587 5227 1633 5263 c.
1667 5211 1776 5273 '55;
1812 5209 2009 5276 Tzetz.,
2046 5209 2208 5279 Hist.,

613 5302 831 5356 chiliad.
865 5317 949 5366 ιιι,
980 5318 1029 5355 v.
1066 5302 1133 5356 U9
1157 5313 1204 5357 et
1232 5306 1419 5374 seqq.).
1455 5306 1695 5374 Denique
1740 5304 1884 5376 quod
1933 5304 2213 5375 subjunxit

623 5394 895 5450 Arnobius
947 5404 1135 5449 noster
1175 5395 1534 5467 Pythagoram
1586 5398 1766 5451 vivum
1823 5396 2205 5465 combustum,

622 5506 640 5541 ι
673 5486 981 5557 suspicione
1035 5487 1418 5542 dominationis
1470 5487 1689 5559 injusta,
1726 5508 1745 5541 ι
1776 5489 1875 5545 hoc
1905 5490 2218 5547 conﬁrmari

617 5588 795 5651 potest
818 5579 1137 5636 Tertulliani
1166 5580 1497 5647 testimonio,
1516 5582 1604 5652 qui
1631 5581 1772 5636 haud
1800 5582 2108 5639 dubitanter
2129 5599 2215 5639 as-

611 5682 835 5730 severat
863 5674 1176 5730 affectatam
1209 5674 1278 5730 ab
1311 5691 1377 5732 eo
1409 5676 1573 5731 fuisse
1599 5676 1938 5750 tyrannidem
1966 5677 2217 5754 (Arnob.,

609 5768 646 5821 l.
673 5784 706 5834 ι,
738 5790 796 5842 ρ.
833 5765 934 5831 Ξός
970 5770 1302 5833 Tertullian.,
1326 5771 1584 5844 Apolog.,
1614 5789 1662 5827 c.
1705 5768 1821 5841 46).
1854 5770 1961 5829 Sed
2002 5772 2071 5832 de
2118 5770 2220 5828 hac

604 5872 665 5910 re
691 5872 818 5919 nos
857 5870 957 5913 suo
1006 5863 1125 5941 loco
1154 5859 1377 5926 uberius
1408 5863 1822 5935 disputabimus.

2315 4738 2599 4811 legendum
2651 4738 2953 4807 suspicatur
2982 4734 3196 4796 Acilius,
3229 4744 3462 4801 eumque
3492 4743 3613 4784 esse
3640 4727 3773 4791 vult,
3804 4724 3906 4793 qui

2310 4834 2450 4889 sicut
2493 4830 2691 4887 cecinit
2738 4827 3049 4891 Iuvenalis,
3082 4824 3150 4880 ab
3201 4822 3297 4878 illo
3343 4824 3572 4885 citatus,
3605 4834 3636 4874 a
3680 4817 3903 4873 Nerone

2315 4940 2458 4979 saeva
2487 4932 2659 4979 morte
2688 4937 2719 4978 θ
2750 4919 2927 4976 medio
2956 4917 3200 4973 sublatus
3224 4923 3326 4970 est.
3362 4913 3444 4969 Ex
3491 4912 3561 4967 ibi
3611 4911 3804 4981 quippe
3831 4908 3907 4964 de

2315 5019 2527 5088 Aquilio
2552 5016 2713 5071 dictis
2727 5013 3005 5069 evidenter
3024 5009 3315 5081 colligitur,
3347 5005 3485 5062 nihil
3514 5006 3567 5061 in
3591 5000 3907 5060 Arnohiauo

2317 5122 2467 5168 textu
2508 5107 2848 5165 mutandum.

2387 5204 2492 5262 Ubi
2525 5218 2658 5258 vero
2687 5211 2875 5258 auctor
2906 5207 3094 5255 noster
3120 5195 3428 5252 christiana;
3456 5191 3735 5263 religionis
3763 5189 3905 5244 veri-

2316 5307 2482 5353 tatem
2530 5293 2851 5355 innumeris.
2891 5301 3055 5360 atque
3105 5289 3210 5343 huc
3246 5301 3416 5357 usque
3459 5284 3708 5340 inauditis
3754 5280 3912 5337 Chri-

2317 5392 2385 5446 sti
2420 5389 2695 5446 miraculis
2723 5387 3084 5450 demonstrat,
3112 5382 3187 5438 ihi
3214 5380 3419 5437 nullum
3450 5378 3602 5448 plane
3640 5376 3707 5431 ab
3733 5373 3911 5430 etbui-

2317 5497 2503 5539 corum
2549 5480 2721 5553 magis
2754 5488 2847 5535 aut
2893 5494 2989 5550 per
3038 5491 3117 5541 se,
3151 5484 3245 5531 aut
3270 5489 3367 5544 per
3398 5472 3532 5527 alios
3556 5469 3801 5526 similiter
3828 5467 3910 5523 la-

2319 5590 2465 5632 etum
2517 5583 2665 5629 recte
2712 5572 3013 5628 contendit.
3045 5567 3199 5638 Quod
3232 5567 3450 5638 quidem
3483 5566 3694 5623 illorum
3722 5562 3911 5633 probat

2323 5666 2599 5735 exetuplo,
2630 5665 2721 5735 qui
2752 5668 2965 5721 caeteris
2985 5672 3101 5718 arte
3139 5661 3345 5732 magica
3375 5657 3747 5714 autecelluisse
3771 5653 3910 5712 fere-

2325 5761 2538 5817 bantur.
2567 5757 2676 5812 Eos
2697 5766 2875 5812 autem
2906 5756 3020 5819 suis
3043 5754 3349 5811 nominibus
3369 5751 3448 5807 sic
3469 5748 3736 5821 appellat:
3766 5748 3914 5817 «Age

2326 5872 2491 5935 nunc,
2521 5853 2729 5923 veniat,
2761 5853 2972 5924 quaeso,
3000 5868 3097 5924 per
3130 5852 3345 5923 igneam
3394 5862 3581 5905 zonam
3610 5857 3794 5916 magus
3817 5842 3911 5899 in-
