4172 6252
259 290 367 352 669

1437 298 1505 354 IN
1542 297 1925 370 ARNOMUI,
1962 297 2116 355 car.
2158 296 2352 354 xxvr.

3432 297 3536 353 6‘70

258 413 456 470 teriore
474 414 544 471 ab
564 415 699 473 orbe
722 416 1059 483 Zoroastres,
1080 413 1372 487 Hermippo
1399 424 1458 471 ut
1483 416 1842 472 assentiamur
1868 420 1927 483 Α
1951 434 1970 468 ι
2003 416 2114 487 jam
2139 413 2414 471 vocabulis
2444 422 2583 481 utar,
2609 414 2807 486 quibus
2829 414 3039 471 auctrix
3067 413 3381 485 opisicntnn
3410 414 3545 472 ista-

254 508 484 573 auctori,
525 508 845 566 Bactrianus
871 529 887 566 :
917 519 977 567 et
998 508 1091 565 ille
1112 510 1417 574 conveniat,
1452 513 1606 580 cujus
1635 510 1847 567 Ctesias

252 611 345 654 res
386 606 567 670 gestas
614 600 963 657 historiarum
992 600 1216 671 exponit
1246 600 1299 654 in
1332 602 1524 670 primo,
1558 601 1845 658 Armenius

266 690 539 749 Zostriani
558 710 746 765 nepos,
774 701 830 751 et
854 693 1130 749 familiaris
1159 693 1472 764 Pamphilus
1500 694 1648 768 Cyri.
1679 697 1844 766 Apol-

252 786 474 849 lonius,
526 787 830 856 Damigero,
883 797 937 843 et
986 787 1283 852 Dardanus,
1312 787 1474 842 Velus
1520 788 1765 843 Julianus
1793 797 1847 843 et

252 876 513 933 Babulus
547 895 566 930 ι
600 878 836 949 (Arnob.,
866 879 903 932 Ι.
935 895 973 943 t,
1008 896 1061 949 p.
1091 881 1203 950 51).
1234 879 1342 935 Sed
1370 879 1582 951 plurimi
1612 895 1845 951 conque-

251 983 452 1026 runtur
496 970 636 1028 {inde
685 982 998 1041 corruptum
1050 988 1170 1027 esse
1225 971 1367 1027 hunc
1420 974 1615 1027 locum.
1666 972 1846 1027 Primo

251 1064 402 1119 enim
447 1064 708 1120 Heraldus
740 1063 1033 1119 arbitratur
1074 1065 1188 1119 haec
1238 1065 1421 1129 verba,
1450 1079 1601 1134 super
1646 1065 1847 1135 igneam

251 1172 437 1212 zonam
485 1157 953 1228 interpretamenti
1001 1157 1112 1212 vice
1155 1156 1361 1226 adjecta
1409 1172 1549 1218 esse,
1583 1167 1746 1227 atque
1775 1157 1843 1213 ibi

251 1250 539 1316 Azonacis,
574 1251 663 1321 qui
692 1258 832 1305 teste
859 1250 1034 1305 Plinio
1062 1265 1270 1321 magus,
1302 1261 1351 1305 et
1377 1249 1677 1306 Zoroastris
1703 1266 1844 1322 prm-

250 1354 441 1413 ceptor
469 1342 567 1397 fuit
594 1384 610 1408 ,
639 1344 967 1398 mentionem
1002 1342 1115 1397 ﬁeri
1149 1341 1341 1413 (Plin.,
1372 1343 1410 1398 l.
1442 1358 1549 1396 xxx
1579 1337 1717 1396 Hist.
1748 1359 1843 1395 na-

254 1447 382 1503 tur.,
412 1453 462 1492 c.
497 1439 524 1494 1
551 1480 565 1502 ,
601 1453 654 1509 p.
687 1436 836 1509 7‘25).
892 1437 1230 1509 Qnapmpter
1280 1439 1358 1493 sic
1394 1446 1582 1493 censet
1637 1445 1842 1491 textum

250 1545 377 1586 esse
419 1529 855 1586 reatituendum:
906 1547 925 1582 ι
958 1526 1150 1586 Veniat
1181 1531 1300 1601 quis
1332 1532 1613 1585 Azonaces
1658 1544 1845 1600 magus

254 1624 513 1680 interiore
540 1624 609 1679 ab
636 1624 791 1691 orbe,
828 1623 1122 1695 Hcrmippo
1147 1636 1204 1679 ut
1230 1625 1590 1680 assentiamur
1614 1624 1840 1679 auctori.

250 1716 568 1771 Bactrianus
590 1724 644 1771 et
667 1716 759 1772 ille
787 1715 1131 1781 conveniat,»
1167 1716 1218 1771 id
1248 1728 1352 1783 eSt,
1383 1714 1720 1781 ZoroaStres,
1754 1715 1843 1786 qui

1950 526 2069 565 rum
2096 509 2266 580 magia
2289 516 2463 572 sonat,
2491 507 2775 572 Hostanes.
2806 516 2862 563 et
2887 507 3135 579 Typhon,
3157 517 3210 563 et
3237 507 3537 583 Dardanus,

1948 612 2004 659 et
2036 604 2372 672 Damigeron,
2417 611 2473 658 et
2497 602 2765 669 Nectabis,
2815 613 2871 657 et
2900 602 3160 659 Berenice
3196 621 3217 656 ι
3250 600 3535 676 (Tertull.,

1950 693 2037 749 lib.
2070 694 2133 748 de
2161 694 2358 757 Anim,
2388 711 2505 764 cap.
2530 694 2648 765 57).

2021 786 2155 841 Tres
2175 785 2350 856 itaque
2378 787 2447 841 ab
2481 787 2570 841 illo
2611 798 2666 842 et
2694 787 2922 856 Apuleio
2949 797 3341 852 memorantur.
3382 789 3543 846 sicuti

1949 889 2003 934 et
2022 878 2091 934 ab
2117 889 2337 934 auctore
2364 891 2553 934 nostro
2577 881 2830 935 nimirum
2867 882 3203 950 Apollonius,
3233 881 3541 953 Damigero,

1951 982 2004 1027 et
2034 971 2308 1026 Dardanus
2331 972 2350 1043 (
2373 971 2588 1038 Arnob.,
2631 971 2719 1027 lib.
2752 988 2793 1036 ι,
2821 989 2944 1043 pag.
2975 972 3039 1028 31
3067 972 3110 1044 ).
3138 972 3331 1031 Plures
3355 986 3537 1029 autem

1950 1081 2149 1122 nomen
2186 1065 2454 1135 Apollonii
2483 1081 2607 1121 eum
2652 1066 2829 1120 sortiti
2874 1067 3109 1133 iuerint,
3152 1067 3408 1137 numquid
3450 1066 3539 1124 hic

1949 1159 2053 1215 dici
2086 1168 2260 1229 potest
2292 1158 2610 1227 Apollonius
2649 1158 2934 1229 Tyameus,
2978 1161 3069 1229 qui
3093 1169 3229 1216 teste
3255 1158 3441 1227 Suida,
3470 1160 3545 1217 ab

1948 1251 2235 1323 Egyptiis,
2268 1251 2600 1322 Babyloniis,
2632 1260 2791 1321 atque
2820 1252 3107 1314 Arabibus,
3137 1268 3274 1323 quos
3305 1253 3541 1317 adierat,

1949 1343 2181 1398 inﬁnitas
2206 1344 2505 1414 praestigias
2528 1345 2787 1415 collegit?
2817 1343 3005 1400 Nonne
3030 1346 3083 1400 id
3110 1347 3327 1416 scriptis
3351 1362 3379 1398 a
3412 1345 3545 1401 Phi-

1948 1436 2168 1491 lostrato
2194 1437 2261 1491 de
2289 1437 2446 1508 hujus
2471 1437 2749 1508 Apollonii
2772 1439 2877 1491 vita
2906 1438 3056 1493 libris
3079 1436 3389 1493 conﬁrmari
3417 1454 3541 1507 pos-

1947 1540 2049 1593 set,
2098 1529 2199 1585 nisi
2242 1530 2365 1585 illos
2402 1530 2589 1586 fabulis
2618 1531 2852 1586 :-nilibus
2891 1543 3101 1588 scatere
3130 1531 3325 1587 eruditi
3359 1530 3541 1600 plures

1946 1621 2045 1675 viri
2073 1621 2393 1678 censerent?
2418 1622 2618 1676 Eorum
2646 1624 2805 1694 igitur
2830 1622 3203 1678 auctoritatem
3254 1639 3360 1677 non
3386 1637 3543 1693 urge-

1946 1715 2143 1772 bituus.
2167 1718 2235 1772 At
2259 1725 2404 1771 certe
2427 1733 2609 1783 nemo,
2638 1718 2711 1772 uti
2735 1717 3040 1786 opinamur,
3060 1717 3278 1786 negabit
3290 1717 3545 1773 eumdem

248 1810 418 1881 patria
450 1809 770 1865 Bactrianus
799 1820 934 1865 erat.
971 1808 1172 1865 Verum
1202 1809 1286 1864 ha:
1312 1825 1474 1864 mera:
1519 1808 1841 1879 conjectura:
1872 1819 1921 1881 Β
1948 1809 2289 1880 Apollonium
2338 1826 2550 1881 magum
2595 1810 2665 1866 ab
2705 1812 2954 1881 Apuleio,
3007 1821 3169 1882 atque
3219 1811 3291 1868 ab
3323 1822 3542 1869 auctore

244 1912 393 1969 sunt,
438 1920 562 1974 qua:
590 1918 692 1958 nec
742 1904 1113 1974 manuscripti,
1146 1918 1246 1958 nec
1288 1904 1450 1958 ullius
1486 1903 1614 1957 editi
1639 1902 1841 1959 codicis

246 1995 566 2051 auctoritate
603 1995 969 2050 stabilinntur.
1027 1994 1253 2050 Huetius
1286 2003 1487 2063 tamen,
1539 1995 1841 2051 Abriucen-

245 2089 387 2144 sium
427 2087 559 2143 olim
603 2088 914 2158 episcopus,
953 2070 1177 2142 videtur
1208 2088 1442 2143 Heraldo
1472 2104 1624 2143 suum
1658 2089 1843 2144 tulisse

247 2182 588 2253 suﬂragium,
633 2195 735 2236 nec
762 2180 905 2236 aliud
956 2190 1107 2250 putat
1130 2181 1197 2235 ab
1242 2181 1482 2236 Arnobio
1529 2180 1840 2251 significari,

248 2274 355 2328 nisi
385 2289 398 2326 :
429 2290 448 2325 ι
480 2272 559 2328 Ex
578 2271 857 2343 Ethiopia
887 2274 1147 2327 interiore
1173 2288 1270 2341 per
1292 2273 1500 2344 igneam
1530 2288 1720 2327 zonam
1745 2287 1842 2327 ve.

248 2368 397 2424 nisse
443 2366 789 2424 Zoroastren]
819 2388 838 2419 ι
878 2365 1088 2440 (lluet.,
1118 2364 1419 2422 Demonstr.
1468 2366 1689 2438 Evang.,
1716 2382 1841 2437 pro-

247 2464 402 2535 posit.
443 2462 499 2529 4,
530 2481 577 2517 e.
607 2463 667 2526 5,
707 2478 761 2533 p.
801 2461 891 2529 89,
921 2463 1001 2531 n).
1061 2462 1293 2516 Putabat
1335 2462 1480 2517 enim
1524 2463 1607 2515 vir
1635 2461 1725 2515 ille
1755 2460 1846 2517 do-

247 2568 394 2621 ctus,
424 2556 563 2610 sicut
603 2563 656 2610 et
709 2555 799 2610 alii
844 2555 1045 2625 plures,
1080 2553 1228 2610 hunc
1285 2553 1354 2609 ab
1381 2554 1620 2609 Arnobio
1672 2555 1843 2624 patria

248 2647 359 2702 diei
380 2646 684 2718 Ethiopem
705 2647 943 2719 (Arnob.,
979 2646 1017 2704 Ι.
1041 2661 1080 2713 ι,
1112 2663 1168 2717 ρ.
1202 2645 1270 2711 5;
1303 2663 1449 2716 ηιμ,
1483 2646 1603 2714 σ.4,
1636 2655 1736 2701 art.
1760 2646 1839 2719 4).

247 2739 448 2809 Quidni
479 2756 608 2795 vero
630 2741 916 2795 credamus
944 2754 1066 2793 cum
1092 2739 1162 2791 ab
1196 2738 1439 2792 Arnobio
1459 2736 1563 2792 dici
1599 2738 1843 2793 Bactria-

246 2847 402 2898 num,
445 2848 602 2903 quem
632 2847 792 2903 supra
824 2831 1138 2896 Bactrianis,
1174 2830 1249 2885 uti
1283 2830 1710 2895 observavimus,
1743 2832 1844 2886 im-

244 2938 490 2993 perasse,
518 2933 574 2979 et
602 2925 863 3011 adversus
915 2922 1109 2978 Ninum
1170 2924 1395 2993 magicis
1449 2924 1656 2977 artibus
1684 2923 1843 2977 dimi-

237 3032 402 3073 casse
443 3016 835 3073 dixeratiNec
877 3018 1046 3074 refert
1083 3017 1231 3087 quod
1273 3031 1471 3072 nomen
1513 3016 1841 3084 Bactrianus,

239 3112 440 3168 ultimo
496 3123 549 3168 et
600 3113 877 3169 remotiori
931 3114 1069 3180 loco,
1106 3113 1158 3168 in
1214 3115 1449 3169 auctoris
1493 3115 1660 3169 nostri
1694 3124 1843 3170 textu

1946 1913 2131 1957 nostro
2156 1901 2430 1972 appellari.

2017 1999 2098 2053 Ad
2144 1997 2261 2053 ha‘c
2316 2013 2467 2064 vero,
2522 2017 2544 2051 ι
2579 1999 2907 2063 Dardanum,
2939 2017 2961 2051 ι
2996 2002 3167 2068 inquit
3187 1998 3419 2065 Plinius,
3453 2016 3474 2051 ι
3510 2011 3548 2067 ᾳ

1945 2093 2195 2149 Plizenice
2213 2093 2496 2149 illustravit
2520 2093 2883 2161 Democritus,
2922 2091 3289 2153 voluminibus
3312 2090 3546 2147 Dardani

1945 2185 1998 2242 in
2045 2186 2392 2257 sepulchrum
2441 2187 2561 2257 ejus
2603 2188 2785 2257 pititis
2828 2184 3025 2261 (Ριεπ.,
3092 2185 3183 2239 lib.
3234 2200 3343 2240 xxx
3395 2182 3539 2241 Hist.

1944 2289 2142 2346 natatu,
2171 2297 2288 2349 cap.
2319 2280 2375 2343 1,
2404 2296 2525 2350 pag.
2556 2280 2659 2334 727
2681 2279 2725 2350 ).
2756 2278 2941 2348 Magia:
2967 2287 3149 2333 autem
3181 2275 3376 2332 deditis
3401 2276 3543 2333 hunc

1946 2380 2014 2428 ab
2069 2375 2298 2444 Apuleio
2339 2385 2391 2430 et
2435 2373 2770 2430 Tertulliano
2818 2381 3229 2428 annumeratur:
3281 2369 3539 2425 vidimus.

1946 2466 2087 2521 Eant
2108 2482 2241 2521 sane
2266 2466 2337 2521 ob
2359 2480 2576 2521 causam
2603 2466 2823 2536 magica:
2849 2474 2995 2519 artes
3023 2479 3057 2519 a
3081 2462 3376 2519 Columella
3408 2460 3543 2517 Dar-

1945 2556 2118 2613 dania:
2149 2557 2232 2612 bis
2257 2558 2596 2628 appellantur
2626 2558 2870 2615 versibus
2901 2574 2914 2611 :

2038 2672 2104 2737 _At
2124 2674 2168 2737 si_
2189 2671 2323 2721 nulla
2338 2671 2470 2722 valet
2490 2672 2733 2723 medicina
2753 2670 3009 2737 repellere
3033 2675 3247 2734 pestem,

2038 2734 2294 2784 Dardania:
2319 2737 2516 2784 veniant
2536 2741 2687 2784 artes.

2255 2816 2531 2881 (Columel.,
2554 2816 2637 2870 lib.
2665 2834 2695 2869 χ
2717 2819 2780 2869 de
2805 2818 2947 2869 Cultu
2965 2818 3165 2879 hortan,
3191 2829 3319 2868 vers.
3341 2814 3476 2878 250.)

1946 2925 2076 2995 Quis
2095 2926 2272 2996 itaque
2293 2926 2586 2981 Arnobiuni
2617 2924 2692 2980 de
2715 2926 2814 2979 hoc
2844 2923 3088 2979 Dardano
3114 2922 3263 2993 loqui
3296 2920 3491 2977 abnuet
3514 2919 3540 2974 3

1946 3017 2072 3073 Post
2101 3018 2429 3073 Clementem
2454 3033 2582 3073 vero
2615 3016 3032 3071 Alexandrinum
3064 3014 3155 3071 ille
3185 3014 3313 3069 alibi
3337 3012 3535 3073 Darda-

1947 3126 2072 3165 num
2114 3112 2425 3181 compellat,
2473 3110 2563 3183 qui
2607 3109 2876 3181 Phrygiis,
2928 3109 3041 3164 sive
3090 3108 3313 3163 deorum
3353 3105 3538 3163 Matris

239 3206 477 3274 positum
505 3205 594 3259 sit.
641 3205 933 3259 Pcculiaris
978 3204 1245 3275 siquidem
1282 3205 1426 3259 illius
1471 3216 1553 3259 est
1585 3204 1837 3276 loquendi
1866 3209 1910 3272 (ζ
1944 3207 2195 3277 mysteria
2226 3205 2541 3275 aitefecisse
2570 3204 2905 3260 credebatur.
2935 3203 3040 3261 Sed
3069 3204 3134 3257 de
3162 3202 3251 3256 illo
3283 3202 3333 3255 in
3365 3216 3529 3270 supe-

235 3297 458 3362 modus,
489 3312 595 3367 quo
629 3297 940 3369 hyperbatis
976 3299 1173 3366 passim
1208 3297 1405 3366 ubique
1437 3297 1621 3351 utitur.

310 3388 627 3446 Zoroastres
667 3403 795 3443 vero
834 3404 938 3443 nou
986 3391 1162 3444 solum
1207 3405 1392 3458 magus
1417 3381 1673 3456 ibit,‘sed
1700 3390 1774 3444 illi
1806 3405 1839 3445 a

232 3483 583 3554 quibusdam,
619 3485 691 3537 uti
722 3483 847 3538 alibi
872 3482 1128 3549 vidimus,
1161 3484 1348 3554 magia:
1386 3485 1547 3539 etiam
1589 3485 1838 3539 tribuitur

234 3578 501 3632 inventio.
525 3575 656 3632 Cum
677 3588 854 3633 autem
884 3578 1156 3633 Arnobius
1178 3578 1325 3633 illum
1344 3579 1410 3633 ab
1434 3579 1687 3635 interiore
1708 3579 1837 3635 orbe

233 3685 335 3741 per
359 3669 555 3740 igneam
583 3686 767 3724 sonam
806 3668 1053 3725 ethnicos
1087 3669 1364 3726 irridendo
1401 3679 1591 3726 evocat
1629 3672 1789 3738 (tam.
1818 3687 1835 3726 ι

232 3763 517 3832 Apparet,
551 3781 670 3834 pag.
701 3763 807 3818 553
833 3774 878 3816 el
1038 3761 1058 3831 )
1080 3805 1095 3827 ,
1126 3779 1303 3818 nonne
1330 3764 1397 3817 ad
1425 3762 1558 3818 illud
1594 3763 1835 3818 alludere

232 3854 474 3922 videtur,
497 3857 639 3925 quod
664 3854 854 3911 Suidas
885 3864 1069 3911 narrat
1093 3855 1111 3928 (
1134 3855 1285 3912 Snid.
1313 3897 1327 3921 ,
1362 3855 1430 3910 ad
1472 3859 1606 3910 verb.
1640 3860 1835 3933 Ζωροώ-

230 3948 467 4024 mpm),
498 3947 841 4003 Zoroastrem
896 3948 1145 4019 precibus
1187 3949 1400 4018 petiisse
1452 3957 1510 4002 ut
1551 3950 1671 4017 igne
1700 3964 1832 4003 con-

225 4050 485 4115 sumptus
538 4043 729 4098 abiret.
789 4046 992 4097 Auctor
1036 4058 1167 4097 vero
1218 4042 1662 4112 Recognitionum
1706 4042 1833 4099 Cle-

227 4136 437 4192 mentis
466 4135 683 4190 nomine
710 4136 1089 4205 inscriptarum
1113 4134 1178 4191 de
1208 4135 1494 4193 Zoroastre
1524 4137 1665 4192 hunc
1696 4139 1832 4193 scri-

224 4231 316 4288 bit
354 4232 408 4285 in
458 4230 719 4287 modum:
770 4247 789 4281 ‹
827 4230 1035 4293 Saepius
1082 4231 1177 4285 ista
1215 4248 1235 4282 ι
1265 4271 1280 4295 ,
1331 4230 1384 4285 id
1435 4241 1540 4299 est,
1571 4232 1833 4287 scintillas

226 4323 498 4397 quasdam
520 4339 590 4378 ex
610 4323 802 4388 stellis,
831 4340 850 4375 ο
879 4322 1172 4392 producere
1190 4323 1528 4390 moliebatur,
1554 4340 1832 4395 usquequo

224 4418 301 4474 ab
349 4417 472 4488 ipso
510 4417 777 4482 dzemone,
815 4433 975 4487 quem
1024 4417 1382 4485 importunius
1422 4416 1828 4489 frequentabat,

224 4524 530 4565 succensus
573 4518 900 4565 cremaretur
939 4528 957 4561 ι
989 4507 1277 4579 (Recognit.
1306 4508 1413 4579 ilia.
1443 4523 1495 4564 tv
1517 4550 1532 4574 ,
1565 4525 1681 4577 cap.
1713 4508 1827 4573 27).

1943 3300 2087 3355 riore
2123 3300 2424 3370 Apparatus
2468 3300 2636 3354 nostri
2682 3308 2829 3354 torno
2855 3297 3245 3365 disputavimus
3271 3294 3538 3369 (Clemens

1946 3392 2247 3453 Alexandr.,
2293 3391 2552 3449 Admonit.
2601 3390 2671 3445 ad
2704 3399 2840 3461 gent.
2864 3430 2881 3454 ,
2916 3405 3035 3460 pag.
3069 3387 3180 3453 95;
3223 3397 3344 3441 tam.
3376 3402 3397 3443 ι
3426 3387 3536 3455 Αρ-

1942 3494 2138 3557 paral.,
2168 3502 2287 3556 pag.
2324 3484 2427 3539 758
2450 3484 2486 3555 ).

2010 3577 2197 3647 Neque
2240 3578 2399 3633 etiam
2448 3580 2651 3648 integra
2703 3586 2757 3635 et
2802 3576 3108 3646 incorrupta
3139 3573 3389 3631 videntur
3418 3572 3536 3630 hmc

1941 3671 2322 3741 subsequentia
2374 3671 2601 3727 Arnobii
2638 3672 2797 3726 verba
2832 3689 2845 3724 :
2902 3689 2919 3721 ‹
2950 3667 3238 3726 Armenius
3266 3666 3543 3749 Zostriatti

1942 3779 2109 3833 nepos
2134 3775 2188 3817 et
2224 3764 2500 3819 familiaris
2534 3762 2847 3833 Pamphilus
2874 3762 3018 3833 Cyri.
3052 3781 3071 3815 ι
3113 3760 3243 3830 Quis
3268 3760 3409 3817 enim
3444 3758 3535 3817 ille

1944 3872 2064 3913 esse
2107 3868 2284 3928 potest
2310 3858 2598 3913 Armenius
2646 3847 2950 3927 Pumpliilus
2999 3856 3152 3931 Cyri,
3200 3855 3339 3912 haud
3372 3855 3534 3915 dubie

1943 3949 2109 4016 ﬁlius,
2136 3958 2190 4005 et
2215 3948 2477 4005 Zottriuni
2507 3967 2663 4021 nepos
2687 3951 2711 4004 ζ)
2739 3952 2893 4007 υἰυιιι
2920 3949 3095 4005 adhuc
3117 3948 3388 4004 difﬁcilius
3415 3948 3535 4018 quis

1938 4043 2030 4098 ille
2053 4044 2209 4097 luerit
2229 4043 2560 4099 Zostrianus.
2579 4043 2827 4110 Quidam,
2851 4059 2977 4097 vero
2994 4044 3333 4112 suapicantur
3354 4042 3534 4112 legen-

1939 4137 2066 4193 dum
2092 4152 2197 4192 non
2221 4137 2435 4208 quidem
2453 4137 2735 4202 Zostriani,
2755 4136 2847 4192 sed
2870 4136 3098 4202 Ostanis,
3125 4136 3240 4190 sive
3262 4133 3530 4203 Hostaais,

1941 4231 2012 4286 de
2057 4245 2164 4300 quo
2210 4230 2370 4300 paulo
2413 4240 2539 4285 ante
2585 4231 2732 4286 citati
2760 4228 3015 4301 Apuleius
3057 4238 3112 4282 et
3142 4227 3527 4299 Tertullianus,

1941 4340 2147 4396 nosque
2169 4325 2289 4380 alibi
2312 4324 2520 4395 egimus
2542 4323 2678 4397 (eod.
2719 4335 2841 4379 (om.
2873 4339 2892 4383 ι
2923 4323 3199 4395 Apparat.,
3228 4338 3346 4392 pag.
3375 4318 3528 4390 550).

1940 4424 2007 4476 At
2033 4422 2075 4476 si
2114 4421 2402 4475 obscurum
2434 4429 2516 4474 est
2541 4418 2800 4475 Zostriani
2844 4434 3040 4475 nomen
3063 4461 3078 4483 ,
3128 4415 3372 4489 plurimis
3402 4428 3531 4475 sane

1938 4512 2151 4584 cognita
2181 4524 2262 4569 est
2293 4512 2472 4568 fabula
2501 4512 2625 4567 Heri
2654 4512 2914 4577 Armenii,
2949 4527 3129 4582 quem,
3156 4510 3293 4565 sicut
3319 4508 3385 4565 ab
3407 4507 3529 4563 Ori-

225 4603 482 4661 Tametsi
513 4602 655 4658 enim
695 4601 842 4672 Opus
871 4602 1013 4657 istud
1046 4601 1238 4660 fabulis
1267 4600 1527 4657 refertum
1570 4603 1670 4667 sit,
1712 4601 1829 4657 haec
1857 4609 1913 4670 1)
1936 4621 2088 4677 gene,
2120 4604 2321 4677 Cyt'illu
2346 4605 2716 4662 Alexandrino
2753 4614 2912 4672 atque
2939 4622 2967 4657 a
2996 4603 3150 4659 nobis
3186 4602 3529 4659 observatum

222 4708 417 4753 tamen
461 4696 581 4752 ideo
630 4695 877 4751 videntur
924 4696 993 4751 ab
1023 4695 1166 4751 illius
1208 4706 1425 4751 auctore
1461 4695 1673 4761 tradita,
1707 4699 1829 4765 quia

225 4792 484 4864 plerique
527 4789 910 4845 existimabant
941 4789 1286 4845 ZoroaSIrem
1317 4792 1438 4861 igne
1486 4788 1652 4844 fuisse
1700 4805 1830 4844 con—

221 4896 531 4957 sumptum.
555 4883 694 4952 Quid
721 4899 848 4955 ergo
885 4893 1062 4949 vetat,
1112 4884 1397 4953 quominus
1428 4882 1698 4938 Arnobius
1727 4884 1829 4942 hoc

222 4979 472 5039 ethnicis
496 4992 582 5034 ea.
620 4978 692 5032 uti
722 4976 980 5043 diximus,
1012 4977 1120 5032 acri
1151 4977 1322 5031 ironia
1350 4977 1649 5044 obiecerit?

304 5074 577 5130 Caeterum
609 5071 865 5142 Apuleius
885 5082 941 5127 et
964 5070 1324 5127 Tertullianus
1348 5070 1507 5141 hujus
1526 5071 1830 5128 Zoroastris

219 5171 413 5241 magi,
453 5177 506 5224 et
567 5167 794 5223 aliorum
846 5166 1075 5234 ibidem,
1123 5165 1191 5221 ab
1233 5167 1474 5223 Aroobio
1522 5166 1826 5233 citatorum,

221 5261 567 5318 mentionem
592 5257 830 5315 fecerunt
854 5276 868 5323 ;
890 5269 944 5314 et
971 5258 1228 5329 Apuleius
1251 5258 1465 5328 quidem
1493 5258 1577 5312 his
1605 5259 1787 5314 verbis
1811 5274 1825 5312 :

227 5375 251 5409 ι
290 5353 353 5410 Si
392 5352 687 5423 quamlibet
722 5352 991 5408 modicum
1043 5351 1468 5407 emolumentum
1518 5350 1830 5420 probaveri-

220 5450 340 5512 tis;
372 5460 476 5517 ego
536 5446 625 5502 ille
683 5445 786 5502 sim
848 5444 1231 5513 Carimondas,
1274 5445 1357 5500 vel
1407 5444 1711 5510 llismoses,
1746 5444 1826 5501 vel

220 5543 538 5607 Iohannes,
584 5541 667 5597 vel
714 5540 1063 5612 Apollonius,
1109 5539 1197 5595 vel
1240 5540 1353 5609 ipse
1395 5538 1689 5607 Dardanus,
1744 5539 1829 5595 vel

220 5636 567 5708 quicumque
614 5634 750 5689 alius
800 5643 919 5703 pou
967 5632 1350 5699 Zoroastrem,
1401 5632 1486 5687 vel
1538 5632 1825 5688 Hostanem

222 5729 383 5786 inter
441 5741 624 5798 magos
666 5725 968 5783 celebratus
1011 5736 1094 5782 est
1145 5745 1164 5780 ι
1220 5725 1238 5795 (
1281 5726 1459 5795 Apul.,
1496 5727 1716 5798 Apolog.
1750 5742 1821 5794 ιι,

208 5838 355 5895 pag.
392 5819 499 5876 375
524 5817 566 5888 ).
609 5818 973 5877 Tertullianus
998 5834 1129 5876 vero
1162 5837 1176 5876 :
1217 5837 1235 5871 ι
1273 5817 1341 5876 Ut
1370 5818 1531 5891 ipsis,
1572 5837 1592 5872 ι
1626 5820 1825 5892 inquit,

1939 4699 2056 4763 fuit,
2105 4698 2387 4753 undecima
2431 4706 2551 4767 post
2579 4698 2780 4752 obitum
2808 4696 2896 4752 die
2931 4696 3192 4751 revixisse
3240 4694 3532 4755 narrabant

1939 4792 2197 4867 (0rt'gen.,
2226 4792 2314 4848 lib.
2347 4808 2385 4848 tt
2422 4802 2588 4849 contr.
2618 4790 2775 4856 Cels,
2810 4808 2860 4860 p.
2890 4790 2992 4857 70;
3024 4789 3184 4861 Cyril.
3215 4790 3390 4854 Αἰαίη
3435 4788 3524 4845 lib.

1935 4899 2004 4937 vn
2049 4893 2183 4937 cont.
2211 4882 2401 4949 Julia.,
2453 4902 2505 4952 ρ.
2551 4882 2687 4948 25ος
2721 4893 2842 4938 tant.
2889 4886 3223 4952 1Apparat.,
3269 4901 3321 4959 ρ.
3378 4879 3523 4950 116).

1939 4976 2012 5031 De
2033 4976 2122 5031 illo
2137 4985 2316 5031 autem
2340 4976 2454 5031 haec
2475 4987 2593 5031 sunt
2616 4974 2836 5032 totidem
2864 4973 3156 5030 Clementis
3176 4972 3527 5031 Alexandrini

1935 5073 2117 5138 verba,
2152 5072 2216 5125 ab
2251 5071 2481 5126 Eusebio
2504 5079 2749 5125 accurate
2777 5070 3042 5141 descripta
3077 5084 3091 5120 :
3127 5069 3295 5134 Plato,
3328 5068 3526 5139 inquit,

1932 5163 2079 5240 Ἠρὸς
2107 5172 2199 5222 τοῦ
2223 5165 2502 5242 ’Δρμενίου,
2535 5168 2594 5223 τὸ
2631 5166 2773 5241 ’γένος
2818 5164 3109 5238 Παμφύλου,
3160 5165 3426 5237 μέμνηται,
3471 5159 3527 5224 ὃς

1933 5260 2046 5318 ἐστι
2070 5264 2411 5336 Ζωροάστρης
2444 5258 2697 5330 (Clemens
2722 5257 3026 5322 Alexuudr.,
3058 5257 3147 5312 lib.
3182 5273 3211 5311 v
3247 5256 3523 5323 Stromat.,

1933 5372 1989 5423 ρ.
2023 5352 2163 5417 599;
2200 5352 2413 5419 Euseb.,
2458 5353 2545 5408 lib.
2601 5369 2694 5408 xm
2742 5351 3000 5423 Praepan,
3031 5368 3078 5405 c.
3111 5352 3178 5409 15
3201 5392 3217 5417 ,
3263 5368 3316 5423 p.
3351 5350 3522 5417 675);

1937 5446 2169 5501 Meminit
2201 5445 2325 5501 Heri
2346 5440 2573 5503 Armenii
2603 5448 2720 5516 ﬁlii,
2751 5462 2936 5519 genere
2967 5443 3252 5515 Pamphili,
3282 5444 3370 5516 qui
3413 5444 3527 5508 qui-

1936 5538 2049 5591 dem
2094 5549 2167 5593 est
2209 5539 2528 5595 Zoroastres.
2565 5542 2619 5598 Si
2648 5556 2778 5611 ergo
2804 5538 3074 5599 Arnobius
3101 5552 3253 5593 more
3282 5551 3379 5591 suo
3406 5536 3526 5591 (ile-

1936 5632 2133 5687 tnentis
2162 5633 2583 5690 Alexandrinum
2633 5635 2703 5689 ibi
2754 5641 2969 5687 secutus
2995 5638 3099 5696 est,
3128 5638 3220 5683 aut
3251 5627 3529 5684 memoriae

1934 5725 2086 5796 lapsu
2120 5730 2233 5784 lure
2268 5730 2479 5785 nomina
2512 5728 2760 5788 turbavit,
2803 5737 2896 5779 aut
2922 5724 2987 5778 ab
3016 5724 3265 5796 imperito
3311 5722 3530 5777 librario

1935 5820 2224 5893 depravata
2258 5834 2402 5880 sunt.
2453 5825 2646 5882 Verum
2691 5835 2812 5875 cum
2843 5818 2933 5874 ille
2964 5826 3154 5875 testem
3201 5831 3368 5874 suum
3408 5812 3534 5870 tho
