4172 6252
606 297 702 353 071

609 513 752 584 plius
783 524 888 564 non
913 517 1133 574 exstat,,
1163 508 1477 564 nominatim
1505 509 1770 574 citaverit,
1816 520 1935 578 qum
1966 504 2192 576 genuina

605 607 713 660 sint
741 603 856 673 ejus
882 603 1064 666 verba,
1097 603 1217 674 quis
1246 617 1491 658 asserere
1519 601 1753 657 audeat?

677 696 788 752 Nec
813 696 988 750 minus
1015 695 1311 750 adulterata
1341 713 1462 752 esse
1505 707 1746 760 censent,
1794 711 1912 767 quae
1958 697 2011 750 in
2057 695 2196 749 illius

608 798 756 846 textu
784 799 1084 860 sequuntur
1113 789 1327 845 nomina
1352 833 1366 858 ,
1408 790 1558 846 Velus
1588 791 1834 846 Julianus
1868 801 1914 845 et
1933 789 2193 844 Bazbulus.

606 884 834 953 Quidam
892 884 1050 952 igitur
1106 884 1508 940 rescribendum
1562 894 1885 950 autumant,
1943 883 2100 936 Nilus
2153 892 2200 936 et

619 978 914 1044 Vulcanus;
955 980 1386 1050 quandoquidem
1414 980 1656 1036 Laertius
1685 982 1817 1036 dixit
1853 1001 1866 1036 :
1905 999 1923 1032 ‹
1963 978 2200 1050 Egyptii

607 1073 903 1129 Vulcanum
934 1075 1035 1130 Nili
1074 1075 1237 1130 filium
1263 1076 1427 1132 fuisse
1456 1077 1690 1138 tradunt,
1724 1077 1810 1146 qui
1848 1074 2202 1144 philosophia:

605 1168 874 1233 aperuerit
923 1177 1183 1237 prmcepta
1222 1188 1240 1220 ι
1275 1169 1474 1239 (Laert.
1516 1171 1760 1227 Ρνοωηι..
1793 1169 1820 1240 §
1858 1168 1930 1239 f).
1981 1168 2086 1223 Sed
2131 1168 2203 1222 ibi

607 1258 964 1330 philosophia:
994 1263 1212 1318 nomine
1239 1266 1467 1336 magiam
1495 1263 1898 1334 intelligendam
1930 1263 2060 1317 nulli
2088 1279 2206 1317 um-

605 1365 764 1421 quam
796 1353 1172 1422 probaverunt.
1221 1356 1321 1411 Alii
1368 1358 1543 1428 itaque
1576 1373 1671 1425 pro
1727 1355 1876 1410 Velus
1908 1355 2202 1411 emendan-

612 1445 736 1501 dum
761 1458 946 1518 ptttant
969 1447 1149 1504 Belus.
1170 1449 1414 1519 Necjure
1438 1451 1649 1520 quidem
1675 1467 1892 1521 prorsus
1911 1452 2202 1506 immerito.

607 1541 802 1598 Primre
851 1544 1049 1598 etenim
1107 1545 1384 1611 utriusque
1439 1546 1672 1600 numinis
1723 1545 1917 1600 litterte
1962 1545 2002 1598 Β
2054 1551 2107 1598 et
2163 1543 2207 1597 ν

607 1635 906 1698 saepissime
933 1653 962 1692 a
993 1638 1225 1694 librariis
1267 1648 1686 1694 cummutantur.
1745 1638 1905 1693 Belus
1949 1652 2098 1701 vero,
2153 1645 2208 1690 ut

608 1741 787 1783 narrat
846 1729 1112 1787 Diodorus
1168 1731 1403 1800 Siculus,
1461 1731 1776 1798 Flamines,
1832 1729 2205 1802 Egyptiorum

619 1837 790 1884 more,
822 1824 1048 1893 publicis
1071 1827 1328 1880 oneribus
1357 1836 1411 1882 et
1441 1825 1699 1895 impensis
1727 1835 2012 1893 exemptos
2057 1824 2209 1878 insti-

2324 1824 2696 1928 sissis-ii

608 1919 707 1970 tuit
737 1915 976 1987 (Diodor.
1013 1919 1202 1986 Sicul.,
1227 1920 1358 1975 lib.t
1397 1919 1662 1986 Biblioth.,
1691 1937 1742 1990 ρ.
1779 1919 1889 1986 Π).
1925 1919 1983 1972 lli
2008 1927 2203 1984 autem,

609 2023 746 2082 quos
777 2010 1052 2082 Babylonii
1083 2020 1276 2067 vocant
1321 2010 1625 2079 Chaldaeos,
1683 2012 1927 2067 solebant
1959 2011 2012 2065 in
2044 2010 2211 2083 Egy-

608 2113 724 2174 pto,
758 2103 1210 2169 quemadmodum
1261 2103 1571 2160 sacerdotes
1607 2105 1810 2176 physici
1842 2117 1890 2159 et
1927 2105 2205 2174 astrologi,

608 2194 793 2251 stellas
823 2194 1134 2259 observare.
1165 2197 1334 2264 Quam
1367 2198 1720 2268 proculdubio
1765 2198 1833 2253 ob
1863 2213 2077 2252 causam
2113 2198 2212 2252 Be-

618 2291 704 2346 lus
723 2307 752 2346 a
781 2291 954 2346 Plinio
983 2304 1037 2346 et
1061 2291 1248 2346 Solino
1275 2292 1524 2348 sideralis
1550 2294 1790 2349 scientiae
1815 2293 2008 2348 dicitur
2026 2295 2212 2347 inven-

612 2393 717 2450 tor,
750 2395 910 2458 atque
936 2388 1003 2442 ab
1049 2387 1376 2457 Hieronymo
1405 2389 1568 2454 idem,
1600 2393 1688 2459 qui
1734 2389 1801 2443 ab
1832 2390 2068 2443 l-lebrreis
2095 2388 2210 2451 Bel,

610 2492 642 2534 a
691 2477 926 2533 Sidoniis
971 2488 1025 2534 et
1073 2479 1414 2536 Phrenicibus
1447 2482 1592 2547 Baal,
1623 2482 1942 2552 appellatur,
1993 2492 2154 2550 atque
2183 2497 2212 2535 a

611 2571 752 2628 Nino
798 2572 941 2628 illius
987 2575 1099 2629 filio
1144 2575 1195 2630 in
1242 2576 1466 2632 deorum
1517 2577 1762 2633 ordinem
1811 2576 2011 2629 relatus
2041 2575 2208 2648 (Plin.

613 2666 703 2722 lib.
749 2683 798 2719 vt
850 2666 1039 2722 Natur.
1091 2669 1234 2735 Irish,
1287 2688 1332 2726 c.
1383 2671 1484 2731 27.
1519 2690 1570 2742 p.
1615 2672 1752 2733 7H;
1788 2670 1978 2732 Solin.,
2025 2687 2070 2723 c.
2121 2672 2210 2738 56,

615 2777 669 2830 p.
698 2759 764 2816 87
788 2778 802 2827 ;
842 2759 1162 2833 Hieronym,
1181 2764 1234 2818 in
1258 2762 1466 2832 Oscam,
1496 2781 1542 2822 c.
1563 2765 1618 2828 2,
1653 2782 1701 2820 υ.
1730 2765 1818 2832 16,
1845 2783 1898 2834 p.
1931 2765 2210 2830 l9.51,nov.

613 2853 716 2910 edit
740 2853 782 2926 ).

688 2947 912 3003 Fatetur
926 2959 1102 3004 autem
1121 2949 1386 3006 Heraldus
1411 2966 1469 3005 se
1486 2951 1556 3007 de
1578 2951 1793 3005 .lnliano
1812 2951 1942 3005 nihil
1967 2950 2216 3005 habuisse

615 3041 900 3112 comperti.
929 3042 1067 3097 Nihil
1095 3044 1256 3098 etiam
1287 3045 1354 3099 de
1384 3060 1450 3099 eo
1476 3045 1526 3098 in
1557 3045 1779 3098 aliorum
1809 3043 1874 3099 ad
1906 3044 2124 3098 Arnobii
2156 3043 2216 3096 Ii-

616 3134 747 3190 bros
766 3135 1234 3190 observationibus
1248 3138 1502 3191 occurrit.
1528 3137 1605 3192 Ex
1631 3137 1872 3206 pluribus
1892 3148 2093 3198 tamen,
2116 3137 2218 3192 hoc

1845 288 2294 348 DlSSERTATIO
2330 287 2608 346 ΡΒιιΕγιΑ

606 419 763 484 siam,
788 411 1198 487 atque'primum
1220 414 1560 470 historiarum
1584 411 1700 482 ejus
1726 413 1940 476 librum,
1964 411 2053 482 qui
2081 426 2194 464 am-
2221 417 2270 476 Α

3787 287 3894 345 6η

2897 425 3184 467 Αιιτιουιυς
3219 427 3279 466 Il.

2297 524 2544 589 Dq_variis
2563 527 2766 589 vatibus,
2792 529 2898 576 sive
2922 527 3196 576 hominibus
3214 528 3444 589 nimirum
3467 523 3889 589 Sibylla_,ABadide,

2359 586 2570 646 Heleno,
2597 588 2795 648 Martio;
2831 591 2934 638 sive
2958 590 3054 640 diis
3075 589 3198 638 Jove
3225 587 3470 638 Dodonteo
3487 627 3500 645 ,
3529 586 3758 650 Apolline
3783 587 3890 638 Cla-

2361 650 2669 717 rio,APyt_hio,
2694 652 2960 717 Didymzeo,
2988 652 3225 713 Philesio,
3249 664 3454 714 quorum
3476 652 3781 702 mentionem
3800 651 3891 701 Ar-

2361 712 2532 761 nobius
2555 714 2688 765 fecit.

2373 844 2714 912 Quadrupliei
2739 852 2916 899 vatum
2938 843 3186 910 exemplo
3201 842 3469 900 Arnobius
3485 845 3774 900 confirmat
3795 845 3893 900 hu-

2303 951 2515 990 manam
2546 933 2743 990 Christi
2773 946 3042 996 naturam.
3065 934 3244 990 divina
3273 943 3450 990 tamen
3475 933 3683 1005 integra
3712 952 3892 1004 perse-

2304 1037 2548 1090 verante,
2583 1040 2846 1083 mortuam
2881 1043 3064 1082 revera
3098 1027 3264 1082 fuisse
3297 1026 3536 1094 (Arnob.,
3563 1027 3602 1082 ι.
3635 1043 3672 1094 ι,
3697 1045 3751 1094 p.
3785 1028 3891 1099 38).

2305 1120 2436 1176 Nam
2467 1123 2555 1190 qui
2581 1131 2732 1176 vates
2762 1121 2883 1176 illos
2906 1120 3180 1178 afflabunt.
3204 1136 3265 1174 ac
3288 1135 3383 1190 per
3401 1134 3492 1174 ρος
3519 1122 3892 1190 loquclnntur,

2306 1230 2426 1270 cum
2454 1216 2586 1282 ipsis
2611 1215 2991 1280 morientibus,
3017 1216 3120 1269 vita
3151 1214 3255 1269 dici
3288 1231 3392 1268 non
3423 1223 3650 1283 possunt
3681 1217 3891 1284 privati.

2381 1309 2558 1363 Prima
2592 1322 2770 1365 autem
2805 1325 2868 1362 ex
2902 1308 2984 1362 his
3009 1309 3222 1362 vatibus
3249 1307 3316 1361 ab
3341 1317 3562 1364 auctore
3593 1318 3782 1364 nostro
3807 1327 3897 1374 ap-

2310 1400 2450 1456 latur
2478 1401 2701 1472 Sibylla,
2735 1402 2803 1457 de
2838 1417 2942 1472 qua
2987 1418 3090 1456 non
3125 1403 3292 1457 semel
3345 1401 3748 1473 disputavimus
3789 1406 3847 1478 (ι.
3880 1422 3895 1461 ι
3979 1443 3988 1449 -

2310 1494 2584 1565 Ανραηιῑ..
2613 1496 2650 1549 l.
2676 1512 2756 1560 ιιι,
2786 1496 2989 1550 dissert.
3013 1495 3070 1561 2,
3095 1513 3138 1549 ε.
3156 1496 3211 1557 2,
3232 1493 3372 1564 p.20
3402 1512 3417 1559 ;
3447 1507 3549 1549 art.
3574 1496 3630 1560 9.,
3656 1497 3898 1569 ρ.1176).

2311 1589 2595 1643 Secundus
2624 1598 2965 1657 nuncupatur
2989 1587 3161 1641 Bacis.
3197 1589 3266 1642 At
3296 1586 3364 1642 de
3389 1588 3480 1641 illo
3503 1604 3530 1640 ει
3561 1589 3716 1643 nobis
3741 1591 3903 1645 etiam

2311 1681 2436 1736 alibi
2461 1689 2638 1734 actum
2670 1692 2773 1736 est.
2809 1681 3033 1735 Dionem
3067 1691 3246 1735 tamen
3271 1680 3714 1752 Chrysostomum
3760 1698 3898 1752 prte-

2313 1784 2484 1842 terea,
2508 1777 2552 1830 si
2574 1787 2727 1831 vacat
2753 1787 2806 1832 et
2827 1776 2996 1841 lubet,
3020 1775 3311 1831 consulere
3329 1776 3532 1846 poteris
3559 1774 3906 1848 (Dion,0rat.

2704 1871 2766 1939 Μ

2386 1963 2637 2020 Bacident
2690 1965 2894 2035 excipit
2942 1963 3169 2019 Helenus
3230 1963 3370 2019 haud
3412 1963 3574 2020 dubie
3624 1964 3825 2021 Priami
3856 1975 3911 2023 et

2315 2057 2551 2114 Hecubze
2583 2058 2748 2122 ﬁlius,
2777 2059 2868 2130 qui
2899 2073 2928 2112 a
2958 2059 3222 2114 Cicerone
3251 2059 3302 2112 in
3332 2057 3563 2113 aliorum
3602 2069 3785 2114 vatum
3815 2077 3913 2114 nu-

2315 2166 2521 2204 merum
2549 2153 2746 2205 merilo
2773 2161 3094 2222 aggregatur
3117 2151 3274 2221 (Cic.,
3303 2151 3341 2204 ι.
3367 2167 3401 2206 ιι
3428 2151 3492 2206 de
3519 2149 3713 2206 Natur.
3739 2153 3908 2219 dect,

2316 2261 2368 2316 ρ.
2392 2243 2498 2298 214
2519 2285 2533 2307 ,
2578 2244 2672 2298 lin.
2702 2244 2815 2311 41).
2843 2245 2937 2300 Ille
2968 2244 3112 2299 enim
3145 2260 3273 2300 vero
3305 2259 3424 2300 cum
3456 2244 3666 2316 Pyrrho
3695 2246 3914 2301 naufra-

2316 2338 2462 2407 ginm
2491 2337 2854 2405 praedixisset,
2897 2338 3137 2411 Pyrrhus
3165 2339 3212 2393 ei
3241 2338 3660 2396 Andromachen
3692 2355 3912 2395 uxorem

2317 2431 2369 2486 in
2392 2434 2814 2496 matrimonium,
2830 2449 2893 2489 ac
2913 2436 3059 2499 regni
3085 2443 3291 2504 partem
3315 2437 3608 2490 concessit.
3635 2435 3786 2493 Unde
3799 2435 3915 2490 Vir-

2316 2528 2476 2598 gilius
2521 2528 2660 2594 h:rc,
2689 2544 2808 2598 qua:
2829 2544 2858 2582 a
2892 2529 3153 2582 Pausania
3186 2529 3610 2592 comprobantur
3630 2528 3913 2599 (Pansam,

2317 2623 2355 2678 l.
2389 2638 2427 2686 ι,
2474 2640 2524 2690 p.
2554 2621 2642 2687 10,
2691 2632 2738 2676 et
2769 2623 2806 2676 l.
2851 2639 2906 2689 ιι,
2964 2640 3016 2691 ρ.
3069 2622 3182 2694 6o),
3217 2622 3484 2678 cecinisse
3531 2623 3771 2695 legitur:

2411 2736 2503 2786 Hic
2525 2737 2827 2787 incredibilis
2848 2751 3014 2786 rerum
3039 2738 3161 2786 fama
3181 2745 3386 2800 occupat
3407 2751 3572 2797 aures,

2411 2801 2686 2848 Priamiden
2709 2800 2954 2849 Helenum
2975 2800 3144 2850 Graias
3167 2812 3378 2861 regnare
3402 2814 3489 2862 per
3515 2802 3684 2860 urbes,

2412 2863 2648 2926 Conjugio
2673 2862 2880 2912 Aiacidaé
2911 2863 3112 2924 Pyrrhi,
3136 2865 3446 2926 sceptrisque
3474 2866 3710 2926 potitum,

2412 2924 2472 2974 Et
2499 2927 2652 2988 patrio
2679 2926 3046 2974 Andromachen
3071 2924 3252 2976 iterum
3277 2924 3485 2976 ceSSisse
3505 2930 3696 2977 marito.

2648 3009 2876 3076 (νει-φα,
2905 3008 2985 3062 lib.
3013 3025 3060 3061 ιιι
3089 3011 3304 3073 dinem"
3329 3025 3454 3064 vers.
3481 3011 3572 3063 294
3594 3019 3639 3064 et
3662 3011 3821 3078 seqq.)

2319 3144 2431 3213 Qua
2459 3155 2636 3199 autem
2668 3143 2997 3199 vaticinandi
3028 3145 3253 3199 scientia
3294 3143 3548 3214 polleret,
3581 3145 3730 3202 idem
3755 3154 3914 3217 poeta

617 3243 814 3283 nomen
844 3228 1279 3300 praeferentibus,
1313 3231 1420 3286 duo
1450 3231 1748 3301 pr:v5ertim
1803 3247 1832 3285 a
1891 3230 2051 3283 Sttidu
2107 3245 2220 3285 me—
2247 3238 2292 3301 ρ
2325 3237 2409 3293 his
2438 3239 2688 3294 versibus
2711 3249 2897 3309 postea
2925 3241 3199 3310 explicat:

621 3331 916 3385 morantur,
947 3338 1175 3392 quorum
1227 3340 1363 3377 unus
1406 3323 1712 3387 Chaldaeus,
1759 3333 1812 3378 et
1842 3323 2215 3394 philosophus,

619 3416 710 3486 qui
735 3415 898 3471 libros
919 3425 1148 3487 quatuor
1175 3417 1242 3472 de
1263 3419 1602 3473 dzemonibus
1621 3417 1881 3472 ediderat.
1912 3418 2062 3473 Alter
2091 3431 2221 3471 vero

621 3510 786 3582 hujus
815 3512 954 3567 filius
1004 3513 1218 3582 scripsit
1268 3513 1510 3567 versibus
1563 3513 1860 3580 theurgica,
1911 3511 2220 3576 initiatoria,

624 3605 866 3669 oracula,
898 3615 950 3659 et
993 3605 1093 3659 alia
1125 3621 1480 3676 quzecumque
1525 3605 1684 3672 hujus
1715 3604 1956 3660 scientim
2003 3619 2220 3658 arcana.

625 3695 731 3753 Sed
759 3697 875 3752 haec
901 3697 966 3752 ad
996 3696 1220 3753 deorum
1249 3698 1452 3752 cultum
1485 3697 1674 3766 magis,
1707 3712 1866 3766 quam
1898 3697 1962 3749 ad
1994 3697 2220 3764 magiam

626 3800 900 3861 spectasse
949 3793 1192 3859 quamvis
1239 3792 1514 3847 nonnullis
1547 3791 1713 3845 videri
1768 3791 1995 3860 possint,
2029 3790 2072 3842 si
2105 3789 2224 3858 quis

627 3894 805 3940 tamen
835 3887 1127 3940 Arnobium
1151 3886 1218 3941 de
1246 3887 1356 3949 illo,
1387 3897 1478 3939 ant
1504 3887 1625 3954 ejus
1657 3895 1804 3951 patre
1829 3885 2063 3939 locutum
2105 3898 2226 3937 esse

629 3978 955 4049 probaverit,
1009 3979 1132 4035 huic
1183 3995 1288 4034 non
1339 3980 1568 4034 multum
1617 3977 1858 4049 profecto
1907 3976 2226 4048 repugnabi-

629 4086 770 4126 mus.

704 4168 778 4224 De
803 4167 1012 4222 Barbula
1043 4166 1274 4238 denique
1303 4167 1434 4222 nihil
1471 4168 1626 4236 plane
1655 4165 1723 4220 ab
1759 4167 1869 4221 ullo
1909 4174 2223 4219 annotatur.

631 4262 768 4332 Quid
801 4273 979 4319 autem
1009 4263 1051 4316 si
1089 4279 1183 4330 pro
1211 4261 1470 4330 Bwbulus,
1506 4262 1557 4316 in
1586 4260 1806 4316 Arnobii
1844 4269 1987 4313 textu
2016 4258 2231 4312 Babilus

633 4357 876 4428 legatur?
907 4357 1101 4412 Narrat
1131 4356 1275 4410 enim
1309 4356 1600 4411 Suetonius
1631 4355 1855 4410 Claudio
1893 4353 2102 4408 Nerone
2131 4355 2231 4407 im-

634 4459 878 4522 perante,
905 4465 1026 4503 cum
1058 4449 1211 4502 stella
1242 4449 1432 4503 crinita
1462 4465 1560 4519 per
1588 4449 1870 4502 continuas
1898 4459 2080 4500 noetes
2102 4447 2230 4500 oriri

635 4545 925 4605 cepisset:
961 4558 980 4591 ι
1018 4541 1220 4594 Anxitts
1245 4540 1384 4594 Nero
1411 4556 1470 4594 ea
1517 4539 1585 4593 de
1632 4556 1710 4604 re,
1751 4560 1768 4592 ι
1803 4540 1994 4610 inquit,
2027 4558 2044 4590 ι
2079 4550 2134 4592 ut
2165 4555 2229 4593 ex

637 4630 1111 4701 Babiloastrologo
1133 4631 1314 4686 didicit
1333 4631 1510 4686 solere
1533 4647 1686 4701 reges
1709 4631 1828 4684 talia
1853 4642 2062 4685 ostenta
2083 4631 2229 4685 caede
2256 4640 2310 4700 1)

635 4725 812 4794 aliqua
851 4725 1042 4780 illustri
1086 4729 1326 4795 expiare,
1360 4736 1518 4796 atque
1545 4743 1573 4780 a
1612 4737 1782 4780 semet
1813 4727 1864 4780 in
1903 4727 2076 4795 capita
2109 4741 2228 4792 pro~

637 4835 820 4875 cerum
843 4819 1139 4889 depellere,
1169 4820 1503 4875 nobilissimo
1533 4820 1727 4890 cuique
1751 4819 1968 4875 exitium
1995 4819 2232 4872 destina-

636 4914 712 4968 vit
742 4933 760 4966 ι
794 4913 1059 4980 (Sueton.,
1090 4895 1265 4968 lib.'vt
1295 4916 1347 4967 in
1383 4912 1482 4968 Vit.
1521 4912 1744 4978 Noram,
1775 4930 1890 4982 cap.
1925 4911 2040 4984 '55.)

711 5004 1100 5060 Verumtamen
1131 5015 1305 5060 utrum
1337 5004 1442 5069 hic,
1474 5016 1525 5061 et
1561 5005 1652 5060 alii
1693 5021 1720 5057 a
1767 5005 1920 5059 nobis
1959 5003 2236 5069 recensiti,

638 5102 673 5156 ii
710 5117 899 5156 revera
927 5101 1064 5168 magi
1096 5101 1314 5169 fuerint,
1347 5103 1435 5172 qui
1464 5102 1530 5156 ab
1557 5101 1794 5155 Arnohio
1820 5099 2232 5164 compellantur,

638 5195 724 5251 vel
757 5204 933 5250 utrum
963 5194 1184 5264 aliquid,
1217 5204 1272 5249 et
1305 5193 1573 5263 quomodo
1602 5196 1652 5246 in
1695 5193 1836 5246 illius
1863 5202 2006 5244 textu
2047 5206 2232 5246 emen-

639 5287 871 5342 dandum
908 5287 995 5350 sit,
1037 5303 1136 5342 nos
1176 5303 1304 5342 sane
1335 5287 1490 5353 nihil,
1536 5287 1634 5341 nisi
1675 5286 1894 5340 alterius
1927 5285 2234 5354 integrioris

637 5381 838 5437 eodicis
863 5396 967 5449 cpe
996 5380 1184 5451 adjuti,
1217 5390 1368 5436 certo
1403 5389 1640 5435 statuere
1671 5379 1948 5434 audemus.
1981 5378 2231 5447 Quapro-

639 5484 758 5547 pter
806 5477 1072 5531 malumus
1117 5475 1348 5530 aliorum
1382 5490 1444 5531 ea
1493 5474 1560 5532 de
1598 5491 1657 5531 re
1693 5483 2026 5547 exspectare,
2071 5488 2230 5546 quam

639 5580 883 5626 nostrum
914 5571 1052 5627 ferre
1075 5569 1356 5638 judicium.

2417 3355 2718 3417 Trojugena,
2741 3359 2987 3418 interpres
3009 3357 3191 3416 dimm,
3214 3357 3295 3416 qui
3319 3358 3514 3406 numina
3537 3355 3736 3416 Phocbi,

2419 3419 2508 3484 Qui
2539 3419 2768 3484 tripodas,
2782 3418 2931 3484 Clarii
2960 3419 3136 3478 lauros,
3162 3420 3244 3484 qui
3269 3421 3430 3484 sidera
3469 3423 3641 3478 sentis,

2418 3481 2481 3532 Et
2505 3481 2754 3532 volucrum
2780 3481 2987 3543 linguas,
3016 3491 3070 3533 et
3095 3481 3312 3544 [repetis
3333 3483 3491 3532 omina
3519 3496 3713 3545 penum.

3098 3565 3274 3629 (Ibid.,
3297 3579 3424 3619 vers.
3449 3567 3542 3618 359
3566 3573 3612 3619 et
3634 3570 3787 3634 seqq.)

2327 3672 2550 3744 Legesis
2577 3673 2677 3729 hos
2708 3674 2760 3727 in
2784 3689 2978 3730 versus
3004 3675 3180 3729 Servii
3205 3675 3607 3729 annotatiOnes.

2399 3767 2630 3832 Quartus
2679 3767 2893 3822 tandem
2941 3777 2996 3823 et
3045 3768 3266 3824 ultimus
3319 3768 3538 3823 Martius
3581 3769 3651 3824 ab
3702 3778 3922 3827 auctore

2332 3870 2517 3913 nostro
2548 3872 2786 3925 vocatur,
2809 3877 2967 3930 quem
2999 3861 3199 3925 Livius,
3222 3870 3278 3915 et
3304 3862 3620 3935 Antimanus
3656 3865 3924 3922 Marcelli-

2331 3954 2473 4008 linus
2498 3965 2673 4010 vatem
2697 3956 2958 4011 illustrem
2990 3957 3260 4026 appellant
3287 3956 3448 4026 (Liv.,
3471 3959 3561 4013 lib.
3581 3975 3710 4021 xxv,
3740 3977 3784 4014 c.
3810 3963 3919 4026 12;

2331 4053 2589 4104 Ammian.
2625 4050 2858 4106 Μαι-σευ.
2884 4091 2899 4116 ,
2949 4053 3036 4106 lib.
3071 4068 3183 4120 xiv,
3233 4072 3285 4121 p.
3331 4053 3407 4126 5).
3439 4055 3585 4110 Duos
3628 4067 3794 4110 autem
3841 4057 3922 4111 il-

2340 4143 2446 4198 lius
2476 4159 2666 4198 versus
2708 4144 2892 4198 Livius
2918 4145 3164 4214 exhibet,
3196 4163 3424 4216 quorum
3456 4151 3659 4220 priore,
3704 4151 3876 4221 inquit
3903 4195 3920 4216 ,

2331 4235 2670 4291 Cannensem
2726 4237 2933 4291 cladem
2990 4239 3311 4306 praedixerat
3369 4260 3382 4296 :
3443 4244 3742 4311 posteriore
3781 4259 3923 4299 vero

2336 4328 2637 4392 Romanos,
2680 4329 3129 4400 quemadmodum
3159 4330 3319 4386 etiam
3349 4332 3646 4389 Macrobius
3671 4335 3929 4390 testifica-

2336 4430 2441 4485 tur,
2471 4422 2536 4476 ad
2569 4423 2724 4476 ludos
2747 4423 2981 4490 Apollini
3013 4423 3285 4478 vovendos
3317 4425 3696 4496 faciendosque
3718 4428 3927 4484 induxit

2337 4514 2596 4587 (Macrob.
2616 4558 2629 4580 ,
2665 4515 2752 4570 lib.
2800 4533 2817 4570 ι
2848 4517 3143 4578 Saturnal.,
3172 4534 3219 4573 c.
3249 4518 3338 4584 17,
3369 4538 3419 4589 p.
3450 4519 3562 4575 254
3583 4531 3631 4575 el
3655 4521 3841 4593 seqq).

2410 4610 2464 4663 In
2498 4619 2675 4663 vatum
2706 4625 2866 4679 porro
2893 4611 3220 4665 mentionem
3265 4612 3692 4682 quandoquidem
3739 4613 3927 4668 incidi-

2334 4717 2486 4764 mus,
2529 4719 2635 4757 non
2680 4703 2865 4758 inutile
2915 4703 3128 4770 forsan,
3187 4721 3284 4761 nec
3341 4721 3368 4758 a
3419 4707 3692 4774 proposito
3737 4719 3928 4762 nostro

2334 4815 2557 4870 prorsus
2582 4800 2815 4854 alienum
2845 4799 2965 4861 erit,
2997 4798 3195 4864 aliquid
3224 4799 3290 4853 de
3334 4799 3397 4852 iis
3424 4799 3627 4863 dicere,
3659 4816 3776 4870 qua:
3824 4803 3931 4857 Ar-

2334 4893 2528 4947 nobius
2553 4893 2620 4947 de
2651 4893 2844 4947 divinis
2875 4892 3216 4962 quibusdam,
3258 4891 3413 4946 sicuti
3460 4893 3685 4963 gentiles
3733 4895 3929 4962 opina-

2336 4987 2556 5051 bantur,
2614 4987 2845 5052 vatibus,
2905 5003 2998 5039 sen
3057 4986 3327 5049 fatidicis,
3383 4999 3435 5042 et
3481 4987 3661 5042 divina
3701 4990 3926 5044 oracula

2339 5084 2691 5140 fundentibus
2717 5085 2859 5137 hunc
2882 5087 2932 5138 in
2953 5083 3169 5137 modum
3190 5091 3407 5136 enarrat
3426 5099 3442 5136 :
3461 5101 3478 5134 ‹
3502 5083 3922 5152 Trophonius...

2335 5178 2654 5241 Dodonxns,
2689 5185 2774 5229 aut
2799 5176 3100 5247 Jupiter...;
3133 5175 3312 5228 Delius
3340 5173 3553 5242 Apollo,
3578 5175 3659 5228 vel
3687 5175 3922 5240 Clarius,

2337 5273 2642 5344 Didymmus
2667 5313 2682 5335 ,
2718 5270 3006 5334 Philesius,
3052 5268 3273 5340 Pythius
3297 5310 3312 5334 ,
3351 5277 3406 5322 ct
3444 5271 3488 5320 is
3516 5267 3791 5322 habendus
3844 5269 3926 5322 di-

2336 5368 2491 5420 vinus
2517 5363 2758 5434 (Arnob.,
2792 5363 2879 5418 lib.
2914 5380 2927 5416 ι
2955 5405 2969 5428 ,
3016 5380 3066 5428 p.
3096 5362 3208 5432 ii).
3239 5360 3310 5414 lta
3340 5376 3469 5416 sane
3503 5361 3555 5415 in
3603 5361 3922 5431 quibusdam

2339 5459 2528 5515 horum
2577 5458 2837 5511 librorum
2883 5455 3226 5510 editionibus.
3273 5453 3378 5508 Sed
3427 5454 3479 5508 in
3536 5453 3923 5522 antiquioribus

2335 5569 2437 5624 pro
2488 5549 2818 5619 Traphonius
2864 5549 3090 5617 legimus
3138 5547 3392 5618 profanis,
3436 5555 3489 5600 et
3539 5545 3821 5613 profanus;
3869 5545 3921 5600 in

2337 5647 2486 5715 regio
2507 5645 2693 5698 codice
2716 5643 3082 5710 manuscripto
3106 5641 3276 5711 prima
3300 5655 3458 5694 manu
3487 5639 3773 5709 profanius.
3789 5638 3922 5693 Tam

2341 5739 2480 5798 foede
2527 5749 2704 5794 autem
2754 5738 3106 5792 adulteratum
3163 5742 3248 5790 est
3303 5734 3405 5788 hoc
3455 5748 3669 5797 nomen,
3723 5741 3779 5785 ut
3833 5733 3922 5786 vix

2343 5837 2543 5906 absque
2570 5832 2677 5890 alio
2703 5831 2929 5889 meliore
2966 5830 3154 5889 codice
3181 5828 3432 5886 resarciri
3461 5842 3619 5900 posse
3657 5825 3920 5883 videatur.
