4230 6266
350 338 461 397 675

1512 347 1580 405 lN
1628 338 2002 416 ARNOBIUM,
2049 338 2206 406 CAP.
2238 332 2432 404 XXVI.

3532 345 3637 409 674

419 455 490 508 At
537 453 584 509 si
633 453 701 511 de
744 455 1056 529 Trophonio
1122 459 1358 516 locutum
1406 461 1575 519 fuisse
1636 448 2016 528 ArnohimnA
2050 462 2153 516 alia
2186 463 2447 528 delubra,
2476 478 2594 532 qua:
2622 461 2780 534 hujus
2803 460 3067 534 Apollinis
3094 465 3370 522 oraculum
3401 476 3455 523 et
3483 482 3638 526 sacra

336 555 495 602 recte
518 547 801 617 probetur,
827 549 879 606 id
906 554 1211 608 conﬁrmari
1243 558 1437 625 poterit
1459 556 1768 613 testimonio
1788 567 1940 614 vete-

338 658 466 699 rum
509 641 882 715 Scriptorum,
931 649 1023 718 qui
1074 651 1349 705 memoria:
1400 651 1749 722 prodiderunt
1798 651 1944 708 illius

338 737 608 803 oracula,
664 753 732 795 ex
778 739 1012 811 quodam
1063 740 1314 798 Labadia:
1359 758 1522 813 specu
1562 744 1689 798 olim
1738 743 1943 800 reddita

338 828 535 887 fuisse.
566 830 763 887 Narrat
806 848 938 889 vero
966 834 1261 892 Pausanias
1289 837 1483 907 quibus
1527 838 1721 893 ritibus
1750 839 1820 905 ii,
1851 839 1941 909 qui

338 925 722 996 Trophoniqu
755 928 1134 998 consulebant,
1187 931 1239 986 in
1272 931 1411 987 hanc
1451 948 1671 1002 specum
1718 933 1942 988 descen-

334 1019 565 1089 derent,
597 1032 760 1095 atque
788 1033 946 1080 antea
978 1023 1243 1080 deberent.
1271 1027 1496 1096 expiari.
1530 1027 1603 1082 De
1634 1029 1734 1082 hoc
1761 1036 1942 1082 autem

341 1116 574 1171 oraculo
599 1125 797 1187 preeter
818 1117 1165 1184 Strabonem,
1197 1118 1536 1188 Ciceronem,
1560 1120 1789 1188 Livium,
1818 1121 1941 1176 Ori-

341 1226 544 1282 genem
564 1253 580 1277 ,
608 1212 826 1268 Suidam
848 1255 863 1277 ,
916 1213 1175 1285 legendus
1205 1224 1288 1270 est
1317 1214 1605 1279 Erasmus,
1640 1215 1727 1286 qui
1767 1215 1943 1270 varias

341 1303 418 1359 de
447 1303 545 1359 illo
572 1305 859 1375 Opiniones
888 1305 1091 1361 retulit.
1132 1306 1203 1362 At
1239 1307 1309 1363 de
1339 1308 1431 1361 illo
1460 1308 1620 1363 etiam
1654 1306 1940 1363 Tertullia-

344 1413 453 1453 nus
480 1398 621 1468 egit,
657 1405 714 1453 ut
740 1412 840 1454 suo
871 1399 989 1455 loco
1016 1399 1334 1455 videbimus.
1370 1399 1389 1473 (
1418 1400 1649 1455 Pausan.
1674 1442 1688 1466 ,
1729 1401 1816 1454 lib.
1853 1416 1904 1455 Ix
1924 1441 1940 1466 ,

345 1508 480 1564 pag.
510 1492 637 1557 315,
669 1501 718 1546 et
745 1508 881 1564 seq.;
912 1492 1094 1559 Suid.,
1136 1493 1206 1547 ad
1233 1492 1369 1548 verb.
1398 1497 1711 1571 Τροφώνιοςς
1740 1493 1940 1557 Strab.,

348 1585 470 1648 lib.,
503 1601 550 1640 Ix
584 1584 800 1656 Geogr.,
826 1604 946 1658 pag.
976 1586 1104 1655 414,
1133 1586 1270 1655 421,
1301 1597 1346 1641 et
1374 1587 1462 1642 lib.
1506 1604 1627 1647 xvn.
1662 1604 1780 1659 pag.
1814 1587 1941 1653 762;

352 1676 514 1734 Cicer.
543 1721 561 1747 ,
593 1679 681 1734 lib.
734 1696 754 1736 ι
791 1679 1002 1738 Tuscul.
1025 1724 1040 1748 ,
1074 1699 1194 1752 pag.
1226 1683 1355 1749 154,
1388 1693 1435 1736 el
1472 1682 1558 1737 lib.
1596 1699 1650 1737 ιιι
1702 1685 1766 1737 de
1816 1682 1940 1736 Nat.

347 1772 495 1827 deor.
518 1814 533 1837 ,
564 1790 685 1845 pag.
713 1775 861 1841 2‘7;
893 1774 1006 1830 Liv.
1026 1818 1040 1844 ,
1072 1776 1161 1830 lib.
1208 1791 1338 1839 ην,
1386 1793 1503 1843 cap.
1535 1775 1636 1842 27;
1674 1775 1896 1849 'Origen.
1923 1818 1939 1845 ,

2048 555 2347 609 continent.
2401 554 2673 611 Giraldum
2729 556 2929 624 etiam,
2976 559 3022 614 si
3072 560 3283 614 animus
3325 569 3437 627 est,
3491 562 3639 619 adire

2046 647 2184 701 haud
2213 646 2507 703 difﬁciliter
2557 647 2757 718 poteris
2788 648 2987 720 (Strab.
3017 690 3031 714 ,
3062 650 3150 705 lib.
3196 667 3311 716 xnv,
3346 669 3467 725 pag.
3499 652 3634 721 65b;

2047 739 2255 797 Girald.
2282 784 2295 808 ,
2330 742 2602 814 Syntagm.
2635 745 2664 797 7
2698 743 2761 797 de
2778 745 2877 799 diis
2897 753 3029 816 gent.
3053 788 3069 813 ,
3112 764 3233 818 pag.
3275 745 3427 819 225).
3473 747 3637 804 Deni-

2050 849 2152 904 que
2179 835 2245 890 de
2275 836 2440 891 variis
2472 837 2810 907 Apollinibus
2835 841 2950 894 haec
2977 840 3178 895 Statius
3207 841 3404 898 cecinit
3436 858 3452 898 :

2136 946 2378 1013 Quidquid
2404 962 2475 1009 es,
2502 957 2718 999 internus
2741 949 2927 1001 Phoebo
2947 951 3101 1013 dolor,
3126 959 3177 1003 et
3201 966 3326 1003 nova
3350 952 3516 1005 clades

2138 1010 2348 1077 Semper
2367 1013 2482 1069 eris,
2507 1014 2755 1077 mutisque
2775 1014 2856 1063 diu
2880 1010 3138 1077 plorabere
3166 1015 3273 1077 υριι
3294 1016 3385 1065 his.

2136 1070 2533 1141 Ijan'l‘enedou,
2560 1070 2893 1141 Cyrrhamqué
2913 1079 3038 1133 dies,
3058 1070 3300 1141 partuque
3316 1078 3515 1140 ligatam

2138 1132 2319 1202 Qelou,
2346 1143 2405 1202 et.
2423 1132 2824 1202 interisi'claudet'
2850 1132 3123 1202 penetralia
3143 1132 3389 1190 Branchi":

2136 1193 2445 1267 bigae-Clarias
2468 1199 2557 1267 hac
2576 1198 2687 1267 luce
2713 1193 2863 1267 fores;
2881 1200 3130 1267 Didyma'a
3150 1216 3229 1262 (ne
3254 1204 3512 1267 quisquam

2137 1255 2343 1320 Limina,
2370 1272 2465 1309 nec
2487 1261 2681 1324 Lyciam
2713 1255 2923 1326 supplex
2949 1255 3196 1315 consultor
3217 1255 3389 1315 adibis:

2420 1346 2591 1409 (Stat,
2613 1343 2699 1397 lib.
2724 1363 2805 1399 VIII
2827 1346 3081 1411 Thebaid.,
3106 1348 3243 1415 longe
3259 1356 3364 1415 post
3384 1348 3518 1415 inil.)

2644 1488 2931 1531 ABTICULUS
2956 1490 3034 1532 Ill.

2044 1577 2124 1632 De
2148 1581 2295 1633 variis
2325 1586 2727 1657 scriptoribusab
2761 1588 2979 1657 Arnobio
3002 1592 3178 1657 citatis,
3202 1607 3409 1657 quorum
3446 1597 3640 1648 nomina

2421 1650 2596 1700 ordine
2618 1649 2927 1713 alphabetico
2947 1649 3260 1706 exhibentur.

2119 1772 2310 1830 Plures
2338 1776 2609 1832 Arnobius
2657 1779 2767 1835 suis
2797 1780 2848 1835 in
2895 1781 3046 1839 libris
3074 1784 3258 1841 citavit
3309 1786 3636 1858 scriptores,

346 1865 441 1920 lib.
474 1882 534 1923 ιιι
573 1877 741 1922 contr.
772 1866 905 1922 Cels.
927 1909 942 1935 ,
977 1885 1095 1939 pag.
1130 1868 1225 1924 151
1255 1884 1271 1934 ;
1304 1867 1536 1936 Erasm.,
1570 1869 1736 1941 Adug.
1783 1867 1943 1935 Chil.,
1977 1860 2025 1923 B
2051 1864 2283 1922 buorum
2328 1869 2636 1943 te5timonio
2683 1884 2737 1927 et
2765 1875 3051 1933 autoritate
3106 1888 3199 1933 aut
3245 1879 3492 1951 dogmata
3542 1898 3640 1938 sua

348 1970 485 2015 cent.
529 1962 583 2029 7,
624 1962 790 2036 Δάας.
837 1962 947 2030 77;
1000 1962 1200 2019 Disserl
1247 1965 1301 2019 in
1342 1962 1671 2031 Tertullian.,
1709 1980 1829 2037 cap.
1875 1964 1941 2035 7,

347 2064 452 2110 art.
478 2056 535 2112 ‘5.
560 2052 583 2129 )

420 2149 558 2205 Tum
597 2149 793 2208 deinde
818 2151 1082 2207 Arnobius
1109 2152 1345 2222 appellat
1385 2151 1575 2208 Jovem
1606 2151 1939 2207 Dodonaeum

349 2241 576 2315 ejusque
603 2246 850 2310 oracula,
885 2245 954 2301 de
999 2245 1195 2318 quibus
1225 2256 1420 2317 praeter
1445 2247 1580 2302 alios
1610 2248 1942 2302 mentionem

349 2336 600 2395 fecerunt
627 2339 943 2408 Pausanias,
983 2341 1075 2397 lib.
1106 2357 1144 2403 ι.
1172 2356 1290 2412 pag.
1318 2341 1417 2404 15;
1448 2340 1672 2407 Cicero,
1706 2341 1801 2396 lib.
1833 2358 1847 2395 I
1882 2339 1949 2395 de

352 2429 699 2500 Divinatione,
717 2447 837 2504 pag.
866 2432 1009 2498 268;
1043 2433 1266 2498 Plinius,
1301 2433 1394 2489 lib.
1418 2449 1470 2489 ιν
1499 2433 1632 2487 Hist.
1665 2432 1820 2499 Nat.,
1842 2433 1945 2487 ini-

353 2526 455 2594 tio,
488 2542 585 2599 pag
607 2528 712 2583 404
736 2543 752 2593 ;
778 2527 996 2583 Solinus
1024 2529 1312 2601 Polyliist.,
1341 2544 1461 2599 cap.
1486 2529 1539 2583 7.
1575 2532 1643 2583 At
1685 2529 1835 2599 plura
1876 2528 1945 2585 de

352 2618 451 2674 illo
477 2619 694 2677 Servius
733 2623 785 2676 in
813 2622 925 2677 suis
963 2622 1031 2677 ad
1064 2622 1265 2695 Virgilii
1294 2624 1531 2679 carmina
1580 2623 1943 2679 annotationi-

348 2712 492 2780 bus,
526 2713 610 2769 ubi
639 2713 896 2770 observat
935 2715 1137 2772 lebetes
1168 2718 1217 2771 in
1252 2717 1451 2785 templo
1492 2716 1746 2771 Dodonaei
1773 2714 1942 2783 lovis,

350 2804 405 2860 in
436 2806 632 2861 ﬁnibus
658 2805 989 2875 IElolorum,
1025 2809 1100 2864 illi
1126 2819 1181 2863 et
1203 2808 1401 2865 Veneri
1423 2826 1451 2862 a
1483 2808 1757 2865 veteribus
1781 2810 1946 2863 luisse

352 2908 699 2956 consecratos
748 2901 768 2973 (
806 2899 993 2975 Virgil.
1017 2943 1032 2967 ,
1065 2903 1155 2957 lib.
1209 2917 1264 2958 ιιι
1306 2903 1513 2958 Aﬁneid.
1540 2945 1556 2969 ,
1596 2918 1726 2957 vers.
1767 2901 1874 2958 446
1898 2899 1941 2971 ).

348 2988 484 3048 lude
499 2992 662 3047 etiam
690 3008 765 3050 aes
789 2994 1143 3058 Dodonaeum,
1171 2994 1238 3051 de
1260 3011 1367 3067 quo
1392 3012 1422 3049 a
1446 2996 1599 3052 nobis
1618 2996 1743 3051 alibi
1766 3008 1943 3051 actum

351 3095 433 3139 est
462 3085 483 3155 (
511 3084 663 3140 Tom.
692 3101 709 3141 ι
741 3088 992 3156 Apparat.
1021 3129 1037 3155 ,
1065 3091 1153 3143 lib.
1188 3105 1285 3157 ιιι,
1329 3091 1530 3143 dissert.
1578 3091 1599 3143 1
1626 3131 1642 3155 ,
1691 3105 1808 3158 cap.
1844 3089 1941 3155 l0;

352 3187 454 3232 art.
481 3178 505 3234 1
532 3218 549 3245 ,
592 3195 713 3252 pug.
743 3179 848 3236 770
873 3190 920 3235 et
947 3197 1051 3252 seq.
1078 3180 1121 3255 ).
1149 3182 1599 3253 quemadmodum
1644 3183 1712 3238 de
1740 3183 1945 3254 Apolli-

2048 1960 2253 2014 stabilit
2299 1972 2353 2017 et
2397 1963 2718 2031 confirmat,
2767 1978 2859 2023 aut
2904 1970 3186 2040 gentilium
3237 1987 3451 2029 errores
3506 1990 3637 2032 con-

2048 2049 2185 2106 t‘utat
2212 2064 2264 2108 et
2296 2054 2547 2113 destruit.
2580 2057 2690 2113 Eos
2729 2072 2907 2116 autem
2960 2062 3185 2129 ordine,
3241 2074 3299 2119 ut
3343 2064 3522 2133 aiunt,
3555 2067 3639 2123 al-

2050 2143 2333 2214 phabetico
2361 2151 2573 2206 caeteris
2603 2152 2852 2208 oninibus
2884 2154 3123 2212 laciliore
3149 2168 3204 2213 et
3232 2158 3472 2216 clariore
3496 2176 3641 2216 nunc

2048 2239 2469 2310 appellabimus,
2517 2251 2572 2298 et
2621 2244 2747 2315 quid
2801 2246 2870 2302 de
2900 2247 3001 2303 illis
3040 2248 3108 2305 ab
3152 2249 3272 2306 aliis
3323 2254 3640 2310 auctoribus
3678 2244 3681 2245 ν

2046 2334 2295 2387 traditum
2323 2335 2422 2402 sit,
2455 2336 2709 2404 breviter,
2744 2354 2806 2395 ac
2829 2356 2930 2411 pro
2960 2340 3096 2397 virili
3126 2353 3279 2413 parte
3321 2355 3504 2401 nosua
3530 2361 3625 2402 ex-

2047 2437 2250 2495 ponere
2274 2428 2615 2485 conabimur.

2119 2519 2293 2575 Elius
2321 2521 2503 2593 itaque
2528 2523 2844 2596 simpliciter
2884 2527 2954 2584 ab
3004 2526 3245 2584 Arnobio
3297 2539 3484 2587 nostro
3526 2531 3640 2588 lau-

2045 2611 2222 2681 datur,
2281 2616 2583 2687 diciturque
2655 2622 2707 2675 in
2766 2620 2964 2690 aliam,
3037 2639 3196 2694 quam
3281 2623 3407 2682 Piso
3451 2634 3506 2681 et
3573 2632 3640 2683 de

2048 2705 2421 2764 Novensilibus
2476 2709 2579 2766 diis
2627 2723 2682 2769 et
2734 2713 2801 2769 de
2867 2714 3029 2770 Musis
3083 2716 3247 2772 ivisse
3290 2720 3631 2775 sententiam.

2048 2797 2151 2854 Sed
2183 2800 2286 2854 duo
2318 2801 2368 2854 in
2418 2800 2602 2871 primis
2640 2803 2857 2861 fuerunt
2887 2805 3014 2861 Elii
3070 2808 3289 2865 nomine
3316 2812 3629 2882 nuncupati.

2046 2888 2256 2946 Primus
2283 2894 2426 2948 enim
2459 2895 2601 2950 enim
2630 2907 2713 2952 est
2753 2897 2814 2953 C.
2847 2897 3025 2954 Elius
3051 2899 3218 2967 Stilo,
3272 2917 3433 2971 quem
3467 2903 3636 2959 Varro

2046 2997 2077 3036 a
2103 2982 2292 3040 PisOne
2317 2985 2385 3041 de
2413 2988 2526 3042 lacu
2558 2985 2746 3045 Curtio
2770 2989 3092 3047 dissensisse
3145 2992 3226 3047 his
3253 2993 3431 3050 verbis
3490 2995 3640 3050 testi-

2046 3073 2273 3131 ﬁcatur:
2310 3097 2329 3130 ι
2366 3077 2425 3133 In
2454 3077 2573 3135 foro
2620 3081 2795 3137 lacum
2845 3082 3087 3139 Curtium
3134 3101 3164 3140 a
3213 3085 3399 3141 Curtio
3438 3078 3640 3144 dictum

2045 3182 2279 3227 constat.
2307 3172 2379 3227 De
2406 3188 2471 3228 eo
2499 3175 2698 3247 triceps
2722 3176 2965 3232 historia.
2992 3177 3127 3233 Nam
3157 3189 3211 3233 et
3238 3179 3506 3236 Procilius
3531 3197 3639 3236 non

351 3272 510 3328 nibus
535 3272 737 3340 Clario,
771 3273 986 3348 Pythio,
1012 3284 1067 3330 et
1097 3276 1390 3347 Didytnzeo,
1441 3277 1507 3332 ab
1541 3278 1778 3332 Aruobio
1806 3276 1937 3332 cita-
1971 3255 2016 3320 C
2049 3262 2187 3319 idem
2243 3266 2479 3335 prndidit
2531 3269 2676 3340 quod
2727 3268 2883 3333 Piso;
2941 3287 3041 3328 nec
3086 3273 3230 3343 quod
3279 3277 3324 3329 is
3370 3275 3434 3331 c.
3465 3274 3641 3333 Elius

353 3365 443 3419 tis.
472 3365 572 3432 Qui
607 3381 733 3421 vero
774 3367 927 3437 plura
975 3367 1044 3423 de
1088 3366 1343 3439 Apolline
1386 3369 1567 3425 Clario
1596 3372 1863 3436 voluerit,
1898 3369 1943 3425 is

352 3458 510 3514 adeat
526 3458 734 3514 Plinum
762 3459 859 3515 lib.
878 3475 916 3515 ιι
937 3458 1124 3515 Natur.
1144 3461 1359 3528 histor.,
1377 3477 1498 3531 cap.
1522 3461 1644 3523 105,
1664 3477 1781 3532 pag.
1798 3459 1936 3527 254;

351 3552 669 3608 Strabonem
695 3594 712 3624 ,
748 3553 840 3609 lib.
879 3569 970 3609 xiv
1009 3552 1314 3626 Geograph.
1338 3597 1354 3624 ,
1386 3571 1505 3627 pag.
1558 3554 1683 3619 652,
1726 3565 1775 3610 et
1806 3557 1940 3610 Cor-

350 3648 552 3704 nelium
575 3648 842 3710 Tacitum,
865 3647 960 3704 lib.
980 3648 1257 3716 uAnnal.,
1279 3658 1399 3719 post
1425 3647 1591 3714 med.,
1607 3647 1695 3701 ubi
1718 3647 1785 3702 de
1809 3646 1942 3703 Ger-

353 3741 569 3797 manico
596 3742 837 3797 disserit.
869 3742 944 3797 De
972 3741 1248 3814 Didymaeo
1275 3752 1479 3808 autem,
1509 3742 1759 3797 eumdem
1789 3741 1942 3796 Stra-

351 3832 568 3903 bonem,
587 3835 681 3891 lib.
701 3836 886 3902 citato,
908 3850 1026 3907 pag.
1048 3836 1173 3901 634;
1189 3836 1529 3904 Pausaniam,
1549 3837 1642 3892 lib.
1657 3853 1696 3902 ι,
1711 3851 1831 3908 pag.
1850 3836 1937 3903 15;

352 3926 566 3992 Melam.
592 3928 682 3985 lib.
710 3946 749 3997 ι,
773 3929 863 3985 ubi
885 3928 955 3985 de
973 3929 1152 3995 lonia;
1177 3932 1479 3999 Apuleium,
1513 3931 1614 3985 sub
1658 3929 1747 3984 lin.
1774 3930 1865 3984 lib.
1889 3944 1942 3983 ιν

350 4020 734 4094 Metamorpb.,
761 4038 876 4095 pag.
911 4023 999 4088 70;
1030 4022 1282 4089 Plinium,
1315 4023 1408 4079 lib.
1443 4039 1493 4077 vr
1517 4022 1760 4078 Natural.
1787 4022 1936 4090 hist.,

351 4128 469 4186 cap.
526 4116 620 4179 16,
670 4128 793 4186 pag.
845 4114 967 4182 678;
1022 4115 1415 4182 Sozomenum,
1484 4114 1577 4169 lib.
1633 4131 1670 4183 ι,
1706 4130 1824 4184 cap.
1883 4114 1934 4183 7,

350 4222 472 4280 pag.
504 4207 633 4264 409.
674 4207 751 4263 De
792 4205 1005 4280 Pythio,
1054 4206 1327 4271 Ovidium,
1358 4207 1451 4263 lib.
1486 4222 1503 4260 ι
1552 4205 1938 4277 Metamorplt.,

352 4300 495 4357 circa
529 4300 696 4367 med.;
726 4299 1017 4355 Diodorum
1072 4299 1337 4364 Siculum,
1390 4298 1484 4354 lib.
1524 4314 1617 4353 xvr
1656 4298 1937 4369 Biblioth.,

350 4408 476 4465 pag.
497 4392 623 4456 525,
643 4401 697 4448 et
718 4407 859 4463 seq.;
878 4391 1226 4456 Herodotum,
1252 4392 1345 4447 lib.
1368 4407 1407 4458 ι,
1429 4390 1457 4464 §
1477 4392 1568 4457 65;
1594 4391 1935 4459 Pausaniam,

348 4485 449 4542 lib.
478 4502 536 4552 ι,
569 4501 690 4557 pag.
711 4486 834 4551 520,
860 4496 916 4542 et
942 4500 1118 4556 seqq.;
1145 4484 1512 4547 Plutarchum,
1531 4484 1626 4540 lib.
1649 4485 1716 4541 de
1733 4485 1940 4557 Pythia:

351 4579 606 4645 oraculis,
624 4593 743 4650 pag.
757 4578 884 4644 395,
900 4588 955 4633 et
968 4593 1110 4648 seq.;
1130 4577 1477 4643 Macrobium,
1495 4578 1586 4633 lib.
1608 4594 1623 4633 ι
1639 4577 1934 4645 Saturnal.,

2043 3357 2179 3414 Stilo
2219 3370 2435 3416 secutus
2469 3380 2488 3414 ι
2543 3361 2725 3434 (Varr.
2750 3405 2766 3432 ,
2807 3365 2846 3420 ι.
2892 3381 2948 3420 1v
2990 3365 3053 3419 de
3078 3364 3229 3438 Ling.
3263 3366 3380 3431 lat.,
3437 3386 3488 3440 p.
3520 3367 3637 3440 56).

2044 3447 2185 3505 Alibi
2218 3467 2343 3507 vero
2372 3454 2566 3508 asserit
2591 3471 2714 3511 eum
2747 3457 2798 3511 in
2840 3457 3024 3514 latinis
3052 3459 3245 3514 litteris
3276 3460 3442 3516 fuisse
3470 3477 3632 3517 exer-

2047 3544 2303 3613 citatum,
2337 3548 2571 3619 citatque
2596 3550 2739 3606 illius
2786 3552 3284 3619 interpretationem
3332 3557 3635 3612 carminum

2048 3639 2348 3709 Saliorum,
2383 3653 2437 3699 et
2474 3643 2617 3698 aliud
2648 3643 2766 3715 ejus
2797 3648 3275 3714 commentarium,
3304 3649 3400 3705 sed
3433 3650 3639 3706 utrobi-

2042 3749 2148 3804 que
2171 3735 2237 3791 C.
2259 3735 2434 3791 Elius
2454 3747 2674 3793 vocatur
2704 3739 2911 3808 (Idem,
2943 3742 2981 3796 l.
3011 3758 3101 3810 vi,
3134 3760 3185 3813 p.
3212 3743 3312 3808 70,
3345 3741 3456 3816 76).

2120 3827 2320 3899 Duplex
2372 3844 2499 3885 vero
2527 3829 2658 3887 Elii
2688 3830 2854 3888 fuisse
2883 3848 3182 3905 cognomen
3218 3835 3468 3907 perhibet
3492 3837 3631 3895 Sue-

2042 3919 2256 3984 tonius,
2304 3920 2392 3989 qui
2436 3920 2551 3977 hac
2594 3922 2661 3977 de
2698 3924 2790 3980 illo
2829 3927 3105 3983 memoria:
3146 3929 3426 3998 prodidit:
3462 3950 3481 3984 ι
3522 3930 3621 3987 Lu-

2043 4012 2155 4066 cius
2205 4010 2379 4067 IElius
2420 4015 2741 4084 cognomine
2785 4016 2984 4086 dUpIici
3017 4018 3131 4073 fuit.
3188 4019 3322 4076 Nam
3380 4032 3435 4078 et
3486 4022 3639 4080 Prse-

2043 4103 2265 4169 conius,
2321 4105 2463 4175 quod
2515 4116 2666 4177 pater
2696 4107 2815 4179 ejus
2855 4111 3184 4179 praeconium
3228 4113 3428 4170 fecerat
3470 4130 3636 4173 voca-

2043 4189 2238 4263 batur;
2296 4209 2350 4254 et
2379 4198 2515 4254 Stilo
2536 4243 2550 4266 ,
2580 4201 2724 4271 quod
2762 4202 3036 4259 orationes
3078 4204 3413 4262 nobilissimo
3443 4208 3638 4281 cuique

2044 4290 2281 4345 scribere
2330 4291 2538 4347 solebat
2596 4311 2610 4347 :
2669 4303 2846 4350 tantus
2919 4298 3232 4367 optimatum
3293 4300 3503 4371 fautor,
3577 4311 3637 4359 ut

2042 4381 2295 4448 Quintum
2344 4384 2613 4440 Metellum
2665 4385 3006 4443 Numidicum
3055 4391 3106 4444 in
3151 4392 3368 4448 exilium
3409 4395 3636 4452 comita-

2044 4482 2128 4528 tus
2154 4474 2243 4529 sit.
2285 4495 2303 4528 ι
2336 4474 2577 4548 (Sueton.
2599 4520 2615 4546 ,
2640 4479 2703 4533 de
2723 4476 2978 4536 Illustrib.
3014 4468 3298 4539 Cramnial.
3322 4527 3338 4553 ,
3381 4503 3496 4555 cap.
3553 4489 3636 4561 5.)

2045 4567 2120 4624 De
2144 4568 2442 4626 Praeconini
2467 4589 2681 4644 quoque
2707 4576 3027 4647 cognomine
3050 4580 3129 4634 sic
3149 4577 3367 4651 scripsit
3391 4581 3593 4638 Plinius
3617 4600 3632 4638 :

351 4672 556 4743 cap.”
576 4687 591 4736 ;
612 4646 1090 4742 atq‘ueOrigc-nem,
1113 4669 1266 4725 initio
1299 4670 1482 4725 lib.vn
1500 4680 1684 4726 contra
1701 4672 1936 4727 Celsum.
1969 4646 2024 4709 Ῐ)
2056 4682 2075 4717 ε
2099 4663 2273 4736 Vulgo
2298 4682 2530 4738 Purpura
2549 4667 2740 4725 latiore
2766 4673 2957 4725 tunicae
2980 4688 3108 4728 usos
3130 4673 3438 4731 invenimus
3472 4677 3634 4732 etiam

427 4764 509 4820 Ab
538 4773 757 4820 auctore
784 4774 966 4818 nostro
992 4762 1170 4818 adhuc
1198 4763 1499 4833 appellatur
1543 4763 1801 4819 Philesius
1824 4805 1839 4828 ,
1870 4765 1939 4821 de

353 4873 463 4929 quo
504 4857 804 4913 Macrobius
830 4855 946 4911 haec
982 4855 1173 4911 litteris
1197 4856 1469 4910 mandavit
1500 4873 1513 4908 :
1550 4874 1570 4908 ι
1596 4855 1835 4914 Ἀπόλλων
1864 4869 1938 4913 Φι-

351 4952 532 5015 limo:
555 4993 569 5016 ,
624 4952 768 5024 quod
800 4951 977 5006 lumen
1007 4949 1123 5020 ejus
1162 4951 1415 5006 exoriens
1451 4949 1682 5005 amabile
1718 4950 1935 5007 amicis.

353 5048 489 5104 sima
517 5045 863 5101 veneratione
889 5043 1166 5099 oculorum
1209 5042 1613 5098 consalutamus
1649 5062 1667 5094 ι
1697 5040 1889 5116 (Macr.
1914 5085 1930 5110 ,

352 5138 484 5197 ωλι
517 5137 787 5195 Salurnal.
812 5179 825 5201 ,
867 5154 980 5206 cap.
1017 5137 1083 5193 17
1112 5178 1126 5200 ,
1158 5152 1279 5208 pag.
1321 5135 1470 5209 259).
1502 5137 1707 5192 Plinius
1753 5153 1883 5193 vero
1920 5157 1933 5193 :

360 5251 382 5286 ι
422 5231 701 5288 Canachus
746 5231 1049 5302 Apollinem
1098 5231 1295 5286 nudum
1328 5230 1486 5294 ferit,
1535 5230 1624 5302 qui
1672 5230 1936 5287 Pbilesius

354 5327 783 5398 cognominatur,
838 5326 889 5380 in
942 5324 1250 5398 Didymazo,
1306 5324 1608 5397 Eginetica
1635 5325 1759 5380 aeris
1799 5335 1936 5381 tem-

354 5429 601 5492 peratum
664 5436 684 5471 ι
747 5416 966 5489 (Plin.,
1023 5419 1111 5475 lib.
1169 5434 1224 5474 ιιι
1293 5418 1430 5475 Hist.
1487 5429 1637 5485 παι,
1695 5436 1810 5489 cap.
1866 5421 1935 5487 5,

355 5530 476 5586 pag.
500 5513 585 5581 l2,
612 5512 689 5585 Β).
708 5511 969 5569 Enmdem
988 5513 1337 5585 proculdubio
1361 5514 1648 5569 Pausanias
1678 5524 1941 5570 memorat

355 5623 562 5665 aeneum
591 5609 646 5664 in
672 5593 989 5664 Branchidis
1020 5608 1345 5678 Apollinem,
1373 5623 1403 5662 a
1429 5607 1613 5663 Xerxe
1635 5607 1778 5663 Darii
1808 5609 1937 5677 tilio,

357 5710 417 5759 et
441 5702 722 5759 Persarum
770 5714 896 5775 rege
938 5702 1195 5768 ablatum,
1230 5718 1388 5774 quem
1417 5700 1633 5758 Milesiis
1682 5701 1941 5758 Seleucus

353 5806 486 5871 post
508 5812 682 5854 annos
705 5798 902 5856 multos
924 5794 1131 5856 remisit
1147 5792 1424 5871 (Pansam,
1449 5796 1541 5853 lib.
1558 5814 1650 5854 vm
1670 5840 1684 5865 ,
1711 5815 1764 5868 p.
1786 5796 1935 5868 275).

356 5890 558 5958 Strabo
586 5895 765 5950 autem
797 5887 1016 5966 addidit;
1032 5889 1104 5949 ibi
1136 5906 1266 5967 esse
1312 5890 1489 5950 lucum
1538 5890 1832 5963 pretiosum
1852 5932 1867 5961 ,
1888 5898 1943 5950 et

2048 4776 2349 4832 praecones,
2380 4763 2516 4818 sicut
2544 4774 2748 4834 patrem
2799 4765 2861 4821 L.
2887 4764 3016 4822 [Elii
3046 4767 3262 4823 Stilonis
3307 4768 3633 4841 Praeconini,

2041 4855 2112 4911 ob
2155 4855 2205 4911 id
2253 4857 2610 4927 cognominati
2660 4879 2679 4911 ι
2716 4857 2925 4927 (Plin.,
2957 4861 2996 4917 ι,
3030 4876 3209 4916 xxxm
3233 4860 3424 4918 Natur.
3462 4862 3631 4933 Hist.,

2041 4965 2087 5002 c.
2139 4949 2198 5016 1,
2246 4968 2301 5020 p.
2348 4950 2451 5015 16;
2480 4961 2526 5005 et
2574 4951 2611 5005 l.
2657 4966 2768 5018 vu,
2810 4969 2856 5007 c.
2902 4951 2955 5019 1,
3007 4970 3059 5025 p.
3104 4954 3256 5027 558).
3309 4954 3464 5011 Unde
3510 4972 3635 5027 pos-

2044 5050 2129 5099 tea
2176 5045 2292 5099 solo
2321 5044 2543 5101 Stilonis
2569 5045 2866 5101 Praeconini
2920 5048 3136 5103 nomine
3175 5048 3437 5104 laudatur.
3482 5050 3635 5108 Hunc

2044 5139 2111 5189 A.
2141 5133 2341 5191 Gellius
2368 5135 2430 5192 L.
2463 5136 3010 5200 AlliunnautASlium
3041 5142 3375 5213 simpliciter,
3408 5143 3505 5200 sed
3539 5145 3635 5202 do~

2041 5240 2185 5286 ctum
2207 5272 2222 5297 ,
2249 5240 2300 5286 et
2321 5230 2449 5287 alibi
2468 5232 2917 5299 eruditissimum,
2944 5249 3007 5290 ac
3036 5232 3292 5291 Varronis
3319 5238 3630 5308 magistrum

2042 5326 2294 5396 appellat.
2347 5327 2518 5381 Simili
2580 5343 2796 5399 quoque
2871 5328 3031 5385 modo
3071 5327 3246 5386 Elius
3317 5328 3485 5400 Stilo,
3540 5341 3633 5389 aut

2043 5417 2219 5475 Elius
2262 5428 2468 5474 tantum
2500 5419 2821 5493 quandoque
2840 5437 2870 5476 a
2892 5420 3053 5478 Festo
3079 5435 3421 5495 nuncupatur
3446 5420 3627 5496 (Gell.,

2043 5510 2082 5565 ι.
2113 5526 2148 5564 ιι
2193 5506 2353 5565 Nocl.
2402 5522 2530 5581 au.,
2585 5530 2633 5566 c.
2683 5512 2787 5579 2i,
2837 5530 2889 5584 p.
2948 5513 3093 5577 158,
3137 5525 3183 5569 et
3237 5514 3272 5570 Ι.
3330 5531 3422 5579 ιιι.
3466 5533 3514 5572 c.
3563 5517 3630 5584 5,

2044 5620 2098 5675 p.
2150 5603 2256 5661 2l8
2278 5647 2293 5674 ,
2340 5615 2387 5661 et
2411 5607 2448 5661 ι.
2482 5623 2533 5674 v,
2562 5624 2609 5660 c.
2639 5605 2744 5670 20,
2777 5623 2830 5677 p.
2874 5606 2995 5672 357,
3021 5617 3067 5661 et
3094 5607 3131 5662 ι.
3156 5622 3281 5674 xw,
3312 5626 3359 5664 c.
3382 5610 3438 5676 8;
3461 5607 3628 5676 Fesl.,

2044 5698 2107 5753 de
2135 5700 2329 5756 verbor.
2358 5697 2600 5774 Signif.).
2637 5700 2826 5757 Nonne
2865 5716 3028 5771 porro
3057 5710 3113 5759 et
3140 5700 3231 5760 ille
3270 5704 3385 5776 ipse
3413 5714 3498 5762 est
3517 5748 3532 5774 ,
3561 5701 3633 5763 de

2044 5809 2151 5866 quo
2195 5795 2383 5853 Cicero
2426 5797 2683 5867 scripsit:
2717 5794 3094 5869 Philosophica
3136 5798 3422 5873 dogmata,
3460 5819 3478 5853 ι
3510 5805 3634 5873 post

2046 5886 2109 5947 L.
2146 5888 2274 5947 Elii
2317 5890 2485 5949 nostri
2529 5905 2813 5964 occasum,
2851 5909 2919 5951 ne
2958 5909 2988 5952 a
3021 5890 3223 5954 Latinis
3265 5897 3480 5973 quidem
3522 5896 3632 5978 peti
