4230 6266
606 312 709 371 675

1842 302 2291 377 DISSERTATIQ
2328 307 2607 369 ΡΒΔΒΥΙΑ

3782 301 3892 367 676

603 429 888 517 poterant?
912 446 930 481 ι
963 426 1182 498 (Cicer.,
1215 425 1304 482 lib.
1338 441 1357 480 ι
1388 425 1630 480 Academ.
1664 425 1797 497 τραρ.
1843 425 1910 493 4,
1943 426 2038 480 lin.
2072 425 2196 499 44).
2229 433 2282 491 Λ
2307 428 2430 482 alibi
2443 446 2461 494 ,-
2488 426 2600 480 Liv.
2626 468 2640 493 ,
2674 425 2765 481 lib.
2795 439 2999 492 sum;
3032 422 3203 492 Plin.,
3228 418 3317 481 lib.
3347 437 3444 483 xm
3464 461 3480 490 ,
3512 421 3675 491 c.15,
3701 439 3755 491 p.
3783 420 3887 487 58;

677 525 749 580 At
778 532 930 578 certe
972 520 1041 576 de
1090 519 1185 575 illo
1227 519 1398 575 Lucio
1448 518 1598 575 IElio
1641 518 1847 574 Stiloue
1897 519 2013 574 haec
2057 519 2200 577 idem

604 615 797 671 Cicero
824 614 1042 685 scriptis
1069 612 1347 669 mandavit
1378 630 1391 667 :
1429 631 1447 665 ι
1484 613 1659 668 Cottae
1691 627 1791 683 pro
1813 628 1866 666 se
1891 630 1910 664 ι
1958 611 2201 683 (quidam

603 705 895 765 delendum
934 706 1287 777 suiSpicantur
1326 705 1458 760 illud
1506 709 1579 776 se)
1616 723 1635 755 ι
1699 705 1815 773 lege
1868 704 2048 771 varia,
2080 722 2201 781 qua:

604 799 942 868 inscribitur,
979 815 1099 854 eam
1135 798 1195 859 L.
1224 798 1400 854 Elius
1425 797 1615 853 scribit
1639 797 1810 853 Cottae
1840 807 2050 869 rogatu.
2076 797 2201 857 Fuit

604 894 651 950 is
689 895 910 949 omnino
953 895 1034 948 vir
1082 895 1367 965 egregius,
1416 902 1472 948 et
1502 908 1669 963 eques
1709 892 2014 959 Romanus,
2075 906 2197 945 cum

603 988 795 1057 primis
828 988 1093 1053 honestus
1116 1030 1131 1055 ,
1164 986 1419 1057 idemque
1447 985 1849 1041 eruditissimus
1872 1026 1884 1050 ,
1918 993 1974 1041 et
2008 984 2200 1055 graecis

604 1080 804 1135 litteris
828 1089 883 1136 et
931 1081 1113 1135 latinis
1144 1098 1158 1135 :
1189 1079 1638 1149 antiquitatisque
1682 1087 1913 1145 nostrai,
1945 1086 2000 1132 et
2031 1079 2083 1131 in
2113 1077 2198 1131 in-

603 1173 786 1228 ventis
834 1174 1031 1243 rebus,
1078 1173 1213 1227 etin
1268 1171 1440 1240 actis,
1475 1172 1912 1242 scriptorumque
1949 1181 2194 1225 veterum

606 1264 841 1321 litterate
869 1268 1103 1335 peritus;
1152 1280 1310 1335 quam
1347 1266 1628 1321 scientiam
1670 1264 1845 1322 Varro
1885 1271 2069 1318 noster
2106 1279 2199 1318 ac-

605 1370 819 1431 ceptam
864 1361 932 1414 ab
960 1361 1077 1425 illo,
1109 1369 1434 1431 auctamque
1457 1376 1555 1430 per
1586 1375 1646 1415 se
1679 1360 1761 1413 vir
1799 1357 2017 1430 ingenio
2059 1374 2199 1428 pra:-

605 1464 796 1521 staus,
826 1454 1087 1524 omnique
1131 1455 1382 1510 doctrina
1424 1454 1673 1526 pluribus
1712 1463 1767 1509 et
1813 1452 2202 1527 illustrioribus

605 1549 804 1617 litteris
833 1550 1151 1627 explicavit.
1185 1549 1292 1605 Sed
1316 1549 1457 1605 idem
1491 1547 1669 1605 Allius
1701 1547 1905 1605 stoicus
1938 1562 2060 1603 esse
2103 1562 2199 1601 vo-

606 1644 740 1712 luit,
786 1655 973 1699 orator
1015 1652 1196 1699 autem
1234 1658 1337 1699 nec
1375 1643 1580 1697 studuit
1609 1657 1873 1712 unquam,
1929 1656 2031 1696 nec
2078 1639 2197 1695 fuit.

2308 519 2466 575 Dion.
2495 519 2765 575 Halicarn.
2790 560 2806 588 ,
2832 518 2925 577 lib.
2955 534 3009 586 ι,
3042 536 3096 591 ρ.
3124 517 3189 584 6;
3214 519 3367 581 Auct.
3392 516 3541 591 Orig.
3564 524 3705 591 gent.
3729 531 3888 583 rom.,

2306 633 2359 687 ρ.
2391 614 2542 685 299).
2850 628 2855 641 ’
3611 614 3618 622 ”

2380 709 2704 765 Antiochum
2746 716 2937 765 testem
2984 706 3235 787 producit
3272 704 3579 769 Arnobius,
3628 700 3725 761 sed
3769 707 3892 773 post

2302 802 2635 857 Clementem
2662 801 3123 867 Alexandrinum,
3171 799 3247 855 uti
3293 815 3321 853 a
3348 796 3508 857 nobis
3543 794 3740 853 alicubi
3794 793 3895 849 ob-

2303 906 2578 954 servatum
2604 939 2619 964 ,
2674 897 2765 953 ubi
2789 896 2855 951 de
2885 896 2985 951 hoc
3013 895 3281 971 scriptore
3310 890 3501 964 agendi
3525 905 3647 947 sese
3674 885 3893 945 occasio

2303 996 2499 1051 obtulit
2554 994 2772 1065 (Arnob.
2795 1035 2811 1062 ,
2857 994 2946 1055 lib.
2978 1009 3064 1061 γι,
3096 1009 3152 1067 p.
3186 990 3325 1058 195;
3371 1000 3500 1062 tam.
3532 1003 3551 1043 ι
3593 987 3845 1058 Apparet.
3872 1026 3891 1055 ,

2305 1107 2360 1161 p.
2389 1087 2492 1144 725
2519 1099 2563 1143 et
2586 1087 2738 1154 817).

2381 1181 2772 1254 Apollodorum
2799 1179 2991 1239 eodem
3019 1177 3177 1250 plane
3207 1174 3369 1235 modo
3400 1183 3596 1231 testem
3625 1171 3894 1228 Arnobius

2301 1278 2563 1349 adhibet;
2598 1277 2693 1337 sed
2743 1275 3084 1333 ostendimus
3124 1273 3307 1344 plures
3350 1285 3416 1329 eo
3463 1268 3683 1325 nomine
3728 1266 3896 1323 luisse

2302 1385 2408 1445 app
2438 1369 2596 1424 llatos
2628 1369 2843 1442 (Arnob.
2864 1409 2878 1434 ,
2913 1366 3003 1423 lib.
3036 1381 3113 1433 tv,
3165 1384 3219 1437 p.
3255 1364 3397 1431 144;
3446 1370 3570 1421 tom.
3599 1377 3618 1416 1
3655 1361 3854 1434 Appar.
3876 1400 3894 1426 ,

2304 1481 2359 1532 ρ.
2410 1462 2551 1518 1192
2579 1472 2623 1519 el
2659 1460 2843 1533 1256).

2378 1558 2606 1613 Arianus
2635 1555 2903 1627 Epicteti,
2945 1554 3085 1610 sicut
3132 1563 3323 1611 auctor
3348 1558 3534 1608 noster
3573 1554 3883 1617 atteStatur,

2303 1651 2630 1711 documenta
2681 1647 3097 1725 approbaverat.
3149 1646 3217 1701 Et
3265 1653 3416 1702 recte
3472 1641 3707 1719 quidem.
3759 1640 3898 1697 Nam

603 1736 887 1793 Scribebat
926 1747 1103 1793 tamen
1155 1736 1464 1799 orationes,
1515 1750 1649 1805 quas
1692 1734 1782 1787 alii
1827 1732 2114 1800 dicerent,
2144 1739 2202 1785 ut
2304 1745 2432 1811 me,
2474 1745 2564 1815 qui
2611 1743 2782 1814 pan-ia
2830 1738 3264 1801 Nicomediensis
3308 1736 3444 1801 fuit,
3500 1735 3792 1795 historicus
3840 1741 3898 1789 et

606 1829 672 1896 Ο·
707 1827 962 1895 Memno.
994 1837 1054 1882 ιιι
1101 1828 1165 1894 Q-
1197 1827 1475 1903 Caepioni.
1521 1836 1576 1880 υι
1608 1824 1673 1894 Q-
1725 1823 1983 1895 Ρυῐιιροίο
2030 1823 2198 1889 Ruﬁ);
2230 1828 2279 1893 Β
2309 1837 2693 1917 philosophus,
2745 1835 2979 1907 Epicteti
3026 1832 3437 1891 dissertationes
3464 1829 3683 1903 digessit
3725 1827 3899 1897 Quin-

605 1938 934 1995 quamquam
961 1923 1007 1976 is
1032 1922 1192 1979 etiam
1217 1922 1332 1992 ipse
1354 1923 1663 1989 scripsisset
1694 1934 1785 1974 eas
1805 1961 1820 1986 ,
1847 1918 2042 1990 quibus
2083 1926 2195 1987 pOSl

2303 1943 2416 1983 tum
2448 1937 2628 1985 autem
2653 1943 2839 1983 carum
2862 1926 3057 1985 librum
3089 1927 3152 1989 Α.
3185 1923 3389 1987 Gellius
3420 1924 3550 1979 citat
3577 1941 3591 1979 :
3624 1920 3720 1981 sed
3756 1936 3896 1992 qua-

609 2032 668 2068 δε
717 2022 803 2069 εει
834 2028 999 2080 usus:
1031 2015 1125 2094 se}!
1163 2029 1269 2068 ηοιι
1299 2015 1417 2069 Sine
1448 2012 1615 2069 Ειίο-
1650 2013 1746 2068 "is
1796 2014 1939 2066 enim
1986 2012 2202 2081 scriptis
2305 2035 2424 2075 tuor
2466 2029 2672 2074 tantum
2721 2019 2865 2090 typis
2909 2017 3067 2073 edita:
3112 2015 3267 2071 nobis
3317 2022 3630 2086 supersunt.
3684 2010 3895 2069 Videsis

606 2107 774 2161 etiam
836 2107 953 2183 ipse
1001 2105 1220 2161 interfui
1246 2148 1260 2169 ,
1294 2122 1414 2160 cum
1445 2121 1622 2161 essem
1654 2105 1793 2176 apud
1840 2102 2043 2160 Ellum
2069 2105 2200 2159 ado—

605 2198 843 2265 lescens,
867 2214 1097 2271 eumque
1125 2198 1314 2257 audire
1345 2198 1686 2268 perstudiose
1715 2198 1947 2254 solerem
1986 2218 2005 2250 ι
2041 2196 2197 2271 (Cic.,

603 2291 755 2347 Brut.
777 2335 792 2359 ,
818 2309 939 2363 pag.
968 2291 1107 2354 229,
1138 2292 1233 2346 lin.
1268 2290 1383 2361 16).

695 2383 980 2439 Fuitalter
1040 2382 1221 2438 IElius
1269 2384 1595 2454 cognomine
1647 2383 1895 2453 Tubero,
1954 2385 2075 2456 qui,
2127 2392 2201 2457 ,ιιι

605 2479 747 2534 idem
798 2478 991 2534 Cicero
1019 2478 1210 2537 eodem
1242 2480 1293 2532 in
1323 2478 1461 2533 libro
1506 2477 1756 2548 perhibet
1777 2519 1792 2544 ,
1840 2479 2113 2537 orationes
2145 2478 2198 2533 in

604 2571 904 2631 Gracchum
940 2571 1158 2636 habuit,
1185 2571 1280 2627 sed
1305 2571 1467 2631 homo
1498 2572 1667 2627 durus
1697 2581 1846 2637 erat,
1881 2583 2027 2628 secta
2059 2572 2197 2629 stoi-

603 2679 732 2731 cus,
767 2665 1057 2719 mediocris
1107 2665 1158 2719 in
1206 2663 1474 2731 dicendo,
1525 2664 1874 2721 doctissimus
1921 2667 1973 2721 id
2013 2665 2199 2736 dispu-

607 2759 791 2814 tundo.
825 2757 1079 2825 Quaedam
1104 2767 1282 2811 autem
1314 2756 1432 2826 ejus
1470 2758 1632 2813 verba
1672 2774 1701 2811 a
1737 2757 2003 2813 Cicerone
2046 2769 2195 2812 tran-

616 2852 816 2921 scripta
863 2850 1029 2905 refert
1063 2849 1127 2903 A.
1169 2847 1413 2911 Gellius,
1458 2864 1487 2905 a
1531 2864 1638 2921 quo
1682 2847 1800 2919 ejus
1846 2848 2196 2911 historiarum

605 2941 727 2995 libri
749 2986 761 3005 ,
812 2942 1042 3013 aliaeque
1069 2939 1477 2995 lucubrationes
1500 2982 1514 3007 ,
1551 2941 1689 2996 sicut
1719 2957 1747 2994 a
1782 2941 2041 3012 Dionysio
2087 2941 2195 3005 Ha-

603 3032 970 3098 lzcarnasseo,
1027 3029 1227 3095 Festo,
1282 3041 1442 3100 atque
1491 3031 1617 3087 aliis
1670 3033 1925 3089 citantur.
1990 3032 2197 3088 Poteris

602 3132 865 3194 praeterea
892 3122 1145 3178 Vossium
1173 3124 1463 3179 consulere
1491 3122 1658 3194 (Ibid.
1679 3165 1693 3189 ,
1719 3142 1775 3196 p.
1798 3124 1905 3181 219
1926 3168 1940 3191 ,
1966 3126 2058 3180 lin.
2092 3127 2154 3181 51
2178 3141 2193 3194 ;

2305 2113 2557 2170 Vossium
2579 2153 2595 2177 ,
2644 2110 2946 2167 Gesnerum
2977 2151 2990 2176 ,
3033 2118 3087 2164 et
3116 2109 3167 2163 in
3196 2107 3392 2163 citatos
3419 2105 3577 2163 Gellii
3612 2105 3764 2160 locos
3792 2119 3893 2160 an-

2302 2206 2606 2261 notationes
2637 2205 2855 2276 (Arnob.
2887 2203 2974 2258 lib.
3010 2218 3045 2257 ιι
3071 2243 3085 2269 ,
3130 2219 3183 2273 p.
3214 2201 3318 2267 90;
3351 2198 3488 2255 Gell.
3513 2240 3529 2269 ,
3564 2197 3715 2266 lib.1,
3743 2213 3790 2252 c.
3820 2195 3893 2261 2,

2306 2300 2392 2355 lib.
2425 2314 2612 2365 xxvu,
2643 2314 2689 2354 ε.
2720 2295 2820 2365 19;
2853 2295 2941 2355 lib.
2989 2310 3148 2363 ms,
3179 2310 3227 2352 c.
3254 2293 3320 2360 2;
3371 2290 3519 2347 Voss.
3549 2334 3565 2361 ,
3614 2289 3706 2345 lib.
3748 2303 3787 2345 ιι
3833 2286 3896 2344 de

2305 2395 2447 2451 Hist.
2478 2410 2632 2467 grwc.
2660 2433 2675 2460 ,
2707 2409 2755 2451 c.
2787 2392 2882 2457 11,
2912 2409 2964 2463 p.
2997 2388 3110 2463 15).

2381 2494 2548 2551 Butas
2576 2493 2644 2548 ab
2674 2490 2940 2556 Arnsbio,
2992 2489 3045 2543 in
3082 2485 3384 2545 Causalibus
3407 2529 3425 2557 ,
3474 2486 3753 2557 scripsisse
3780 2494 3896 2540 tra-

2300 2589 2445 2647 ditur
2489 2590 2566 2642 ias
2595 2584 2914 2647 mulieribus
2946 2598 3051 2637 non
3086 2581 3255 2637 fuisse
3280 2593 3518 2655 myrteas
3549 2579 3810 2637 verbenas
3835 2578 3891 2634 in

2300 2680 2464 2736 Bona:
2508 2677 2625 2734 deae
2688 2674 2891 2732 inferre
2949 2674 3230 2731 sacellum.
3281 2675 3344 2729 At
3396 2672 3611 2744 quidam
3658 2672 3728 2728 ibi
3781 2685 3892 2726 non

2304 2770 2486 2836 Butas,
2541 2768 2635 2825 sed
2681 2766 2997 2822 Plutarchus
3036 2763 3320 2836 legendum
3366 2765 3732 2836 suspiCantur.
3779 2761 3894 2819 Nec

2300 2862 2545 2920 fortassis
2597 2862 2868 2916 immerito
2908 2859 3178 2931 (Arnob.,
3229 2856 3318 2913 lib.
3369 2875 3438 2923 v,
3496 2855 3893 2930 p.188;Plu-

2300 2955 2505 3023 tarcb.,
2558 2965 2682 3009 tom.
2729 2968 2803 3017 ιι,
2856 2971 2909 3024 p.
2960 2950 3115 3017 268).
3161 2949 3291 3005 Nam
3344 2948 3670 3006 Plutarchus
3710 2948 3764 3005 id
3806 2964 3895 3006 re-

2299 3066 2424 3106 vera
2473 3050 2524 3103 in
2560 3048 2937 3115 Quwstionibus
2968 3044 3237 3111 Romanis,
3270 3060 3390 3117 quas
3432 3058 3607 3115 grzece
3646 3046 3895 3118 Ρωμαικά

2300 3143 2701 3206 inscribuntur,
2748 3156 2868 3195 eam
2926 3140 3282 3211 quaestionem
3340 3138 3626 3217 prepouit,
3670 3150 3737 3193 ac
3783 3136 3895 3192 sol-

602 3218 665 3271 Λ.
703 3216 839 3271 Gell.
863 3259 876 3281 ,
912 3217 1001 3271 lib.
1035 3233 1123 3272 xw
1172 3215 1330 3270 Noct.
1375 3227 1503 3286 att.,
1533 3234 1579 3271 c.
1610 3216 1677 3287 2,
1723 3237 1775 3287 p.
1824 3218 1963 3288 765;
1997 3219 2085 3273 lib.
2119 3236 2192 3287 Vl,

2301 3238 2397 3293 vit.
2429 3236 2538 3291 Cur
2568 3246 2750 3290 autem
2798 3233 2940 3287 hanc
2980 3215 3353 3303 quaestionem
3388 3230 3658 3287 Arnobius
3685 3218 3824 3300 (Lib.
3850 3244 3891 3297 ι,

606 3325 727 3380 cup.
760 3311 814 3375 3,
858 3327 912 3379 p.
942 3308 1082 3375 368,
1133 3327 1250 3379 cap.
1297 3311 1362 3376 4,
1413 3329 1465 3381 p.
1501 3309 1639 3376 570;
1691 3311 1781 3365 lib.
1814 3327 1884 3379 ι,
1927 3328 2043 3383 cap.
2088 3311 2194 3379 ‘28,

602 3420 654 3473 p.
689 3400 794 3457 573
812 3418 827 3467 ',
847 3401 935 3456 lib.
961 3417 1049 3455 xw
1069 3419 1206 3474 ,cap.
1236 3402 1271 3456 2
1289 3444 1303 3468 ,
1327 3420 1379 3473 p.
1403 3402 1539 3469 765;
1562 3401 1779 3475 Dionys.
1804 3401 2006 3470 Halic.,
2035 3403 2124 3458 lib.
2154 3421 2192 3470 ι,

602 3511 656 3567 p.
691 3492 724 3549 6
750 3494 922 3563 0167;
963 3492 1109 3550 Voss.
1134 3537 1147 3560 ,
1180 3494 1268 3551 lib.
1301 3512 1319 3551 ι
1352 3496 1414 3549 de
1441 3495 1583 3553 Hist.
1611 3497 1689 3551 lit.
1713 3537 1729 3564 ,
1753 3498 1842 3552 lib.
1870 3515 1922 3566 1,
1956 3516 2069 3573 cap.
2114 3498 2193 3572 9).

671 3586 804 3656 Quis
826 3597 1006 3644 autem
1034 3604 1098 3643 ex
1145 3587 1230 3644 his
1272 3588 1484 3645 duobus
1511 3588 1580 3643 ab
1633 3591 1875 3646 Aruobio
1909 3591 2192 3659 laudetur,

602 3683 648 3737 si
693 3698 944 3753 quaeras,
992 3682 1446 3753 respondebimus
1478 3698 1607 3738 vero
1645 3698 1766 3740 esse
1810 3684 2039 3741 similius
2084 3687 2195 3759 pri-

602 3791 748 3830 mum
783 3772 989 3829 Elium
1019 3776 1282 3831 Stilonem
1314 3775 1383 3830 ab
1433 3791 1500 3831 eo
1530 3776 1707 3832 citari.
1756 3774 1922 3849 Cujus
1968 3792 2100 3832 sane
2141 3778 2194 3832 iu

602 3870 877 3947 opinionis
904 3870 1375 3925 confirmationem
1406 3871 1635 3941 proferri
1681 3880 1913 3944 possunt
1960 3876 2119 3927 citata
2164 3888 2196 3929 a

602 3964 761 4020 nobis
810 3964 1070 4020 Varronis
1121 3963 1315 4033 verba,
1373 3965 1569 4036 quibus
1608 3962 2004 4036 discrepantem
2036 3966 2195 4035 hujus

576 4056 734 4127 \jElii
775 4074 806 4112 a
849 4058 1083 4126 Pisone,
1116 4058 1577 4130 quemadmodum
1626 4060 1704 4114 ait
1751 4059 2027 4114 Arnobius
2069 4074 2193 4115 nos-

606 4161 706 4221 ter,
740 4154 1067 4209 sententiam
1120 4152 1324 4209 retulit.
1357 4153 1467 4209 Nec
1520 4155 1749 4210 multum
1808 4170 1940 4213 sane
1970 4154 2196 4211 interest

601 4265 782 4309 utrum
822 4252 890 4309 ab
940 4252 1130 4309 eodem
1162 4252 1410 4309 Varrone
1450 4252 1515 4309 C.
1549 4251 1760 4321 Elius,
1811 4264 1904 4309 aut
1953 4253 2022 4309 ab
2071 4253 2195 4317 aliis

602 4345 665 4401 L.
696 4345 872 4401 )Elius
903 4346 1232 4401 nominetur.
1263 4345 1383 4402 Una
1414 4346 1559 4400 enim
1594 4346 1771 4401 littera
1802 4346 1857 4401 in
1906 4345 2068 4401 aliam
2099 4362 2195 4419 po-

605 4440 707 4497 tuit
737 4440 893 4495 facile
919 4456 946 4492 a
978 4441 1215 4497 librariis
1252 4440 1597 4496 commutari.

2295 3349 2348 3404 ρ.
2405 3329 2500 3400 57)
2561 3327 2837 3382 Causualia
2883 3323 3189 3392 vocaverit,
3222 3339 3285 3379 ea
3331 3322 3555 3379 forsitan
3595 3323 3732 3380 ratio
3769 3321 3896 3379 red‘

2296 3422 2349 3483 di
2412 3428 2631 3491 potest,
2688 3417 2831 3487 quod
2895 3417 3292 3487 propositarum
3347 3416 3706 3486 quaestionum
3764 3430 3895 3472 cau-

2296 3530 2385 3570 sas
2412 3524 2465 3568 et
2512 3514 2752 3568 rationes
2783 3510 2984 3566 afferre
3030 3508 3237 3563 nititur.
3283 3507 3338 3565 Si
3387 3508 3507 3605 quis
3555 3516 3737 3563 tamen
3788 3507 3893 3563 Bu-

2296 3616 2366 3664 tae
2410 3606 2692 3663 Causualia
2739 3604 2899 3660 nobis
2931 3602 3276 3667 iudicaverit,
3312 3602 3366 3659 in
3394 3602 3479 3659 ’eo
3526 3603 3776 3675 protinus
3801 3617 3893 3659 ac-

2298 3703 2662 3777 quiescamus-

2369 3797 2653 3853 Cacsellius
2696 3795 3083 3868 grammaticus
3127 3794 3551 3852 celebratissima
3594 3794 3890 3851 lectionum

2295 3891 2639 3961 antiquarum
2694 3888 3081 3944 commentaria
3108 3932 3123 3955 ,
3146 3888 3215 3943 ab
3265 3888 3331 3944 A.
3381 3887 3553 3944 Gellio
3590 3889 3787 3957 saepius
3812 3890 3894 3945 ci-

2298 3994 2404 4040 tata
2429 4027 2444 4051 ,
2477 3982 2676 4053 publici
2706 3981 2843 4053 juris
2893 3981 3040 4039 fecit.
3068 3980 3205 4038 lluic
3231 3989 3407 4053 autem
3433 3995 3729 4052 cognomen
3757 3979 3889 4036 Vin-

2297 4080 2398 4134 dici
2429 4078 2595 4133 fuisse
2625 4075 2939 4132 testificatur
2964 4074 3147 4148 (Gell.,
3172 4076 3261 4130 lib.
3292 4090 3331 4131 ιι
3360 4072 3516 4130 Noct.
3544 4083 3639 4130 att.
3662 4115 3680 4143 ,
3707 4090 3754 4127 c.
3780 4072 3887 4147 16;

2297 4172 2385 4227 lib.
2411 4187 2503 4238 ιιι,
2529 4187 2574 4224 c.
2600 4170 2701 4235 16;
2728 4167 2814 4231 lib.
2845 4184 2916 4225 vu
2938 4210 2953 4236 ,
2986 4169 3146 4233 c.11.
3179 4167 3271 4221 lib.
3298 4182 3372 4235 ιι,
3421 4184 3469 4223 c.
3526 4167 3628 4234 1‘;
3667 4166 3757 4222 lib.
3789 4180 3847 4223 ιι
3869 4209 3887 4237 ,

2297 4282 2345 4321 ε.
2411 4265 2503 4328 15;
2538 4263 2626 4318 lib.
2677 4276 2878 4326 xxvut,
2909 4276 2955 4316 c.
2993 4260 3091 4321 11,
3125 4259 3192 4315 lib
3220 4276 3287 4326 ιι,
3310 4278 3357 4315 c.
3381 4256 3458 4331 2).

2368 4358 2526 4414 (ΣωδῙί
2573 4370 2766 4413 nomen
2817 4354 2925 4410 duo
2979 4371 3031 4409 ιιι
3080 4355 3268 4427 primis
3306 4365 3481 4427 poeta:
3534 4355 3893 4429 praetulerunt

2303 4448 2516 4524 (Arnob.
2550 4447 2639 4501 lib.
2676 4463 2771 4515 ιιι,
2800 4464 2854 4517 p.
2889 4443 3037 4519 125).
3068 4445 3268 4502 Horum
3312 4462 3450 4503 unus
3478 4445 3614 4514 fuit,
3661 4446 3754 4517 qui
3805 4447 3889 4502 in-

676 4531 866 4589 Ethlii
897 4533 1208 4588 testimonio
1240 4543 1360 4604 post
1401 4532 1735 4588 Clementem
1767 4534 2193 4597 Alexandrinum
2219 4608 2255 4611 Α
2300 4543 2480 4598 sulsus
2508 4541 2788 4611 malusque
2820 4549 2977 4606 poeta
3008 4538 3094 4594 his
3131 4538 3325 4595 Catulli
3371 4539 3439 4599 ad
3488 4536 3712 4599 Calvum
3739 4537 3886 4596 Lici-

602 4628 909 4696 Aruobius,
954 4637 1011 4681 ut
1038 4638 1202 4696 supra
1226 4626 1494 4691 vidimus,
1527 4642 1655 4685 usus
1698 4636 1801 4681 est.
1838 4628 1911 4682 De
1955 4629 2047 4684 illo
2092 4647 2190 4687 au-
2217 4608 2273 4673 D
2297 4653 2423 4695 num
2451 4608 2726 4692 oratorem
2758 4633 3002 4689 versibus
3033 4643 3250 4689 notatur
3279 4651 3292 4687 :

601 4729 709 4777 tem
739 4719 964 4776 Vossius
988 4761 1004 4786 ,
1032 4729 1086 4774 et
1107 4734 1205 4774 nos
1231 4719 1341 4789 jam
1375 4718 1576 4789 aliquid
1617 4720 1669 4773 in
1709 4721 1987 4788 superiore
2013 4720 2193 4792 Appa-

600 4823 750 4868 ratus
783 4811 950 4867 nostri
974 4822 1119 4865 tomo
1156 4809 1391 4871 diximus
1418 4808 1641 4882 (Arnob.
1666 4853 1682 4880 ,
1716 4811 1806 4866 lib.
1838 4827 1913 4877 v1,
1960 4830 2014 4884 ρ.
2056 4813 2191 4891 196;

514 4943 520 4948 -
615 4905 854 4974 Vossius,
915 4905 1004 4960 lib.
1061 4919 1118 4959 ιιι
1182 4904 1246 4959 de
1278 4902 1478 4961 Hister.
1511 4920 1668 4977 grwc.
1691 4946 1707 4972 ,
1760 4924 1814 4977 p.
1850 4905 1987 4974 516;
2019 4915 2142 4963 tam.
2177 4923 2196 4963 ι

599 5001 851 5089 Apparet.
873 5042 887 5068 ,
919 5018 970 5079 ρ.
1004 4997 1153 5071 Ἶ55).

670 5097 859 5153 Antias
880 5139 895 5162 ,
929 5111 1024 5153 seu
1053 5097 1119 5165 Q.
1150 5095 1405 5161 Valerius
1445 5097 1631 5154 Antias
1662 5100 1869 5173 grande
1910 5100 2186 5161 annalium

601 5207 736 5265 opus
761 5192 1038 5265 ediderat,
1068 5190 1225 5262 cujus
1251 5192 1386 5253 liber
1407 5190 1680 5249 secundus
1728 5191 1796 5246 ab
1825 5203 2051 5249 auctore
2091 5209 2190 5248 no-

601 5294 714 5339 stro
743 5291 797 5338 ct
824 5283 1092 5339 Macrobio
1126 5280 1343 5356 (Arnob.
1367 5325 1381 5348 ,
1416 5283 1505 5337 lib.
1548 5300 1614 5353 v,
1647 5304 1696 5356 p.
1736 5284 1872 5351 151;
1920 5284 2151 5341 Macrob.
2172 5327 2188 5354 ,

602 5376 689 5433 lib.
719 5393 737 5437 ι
774 5377 1047 5433 Saturnal.
1068 5420 1083 5442 ,
1112 5394 1228 5449 cap.
1263 5373 1389 5448 15);
1426 5376 1717 5433 vicesimus
1762 5393 1894 5433 vero
1922 5388 2145 5448 quartus
2170 5420 2186 5444 ,

601 5468 1046 5539 quadragesimus
1090 5479 1346 5538 quartus,
1388 5483 1451 5522 ac
1492 5470 1927 5540 septuagesimus
1972 5470 2194 5542 quintus

600 5561 687 5618 hic
709 5562 772 5617 A.
803 5561 978 5618 Gellio
1001 5563 1259 5617 citantur.
1280 5562 1438 5632 Saepe
1458 5560 1620 5615 etiam
1654 5562 1721 5616 ab
1742 5571 1931 5617 auctor
1958 5548 2191 5631 a-Livio,

600 5662 654 5713 et
684 5655 894 5726 Plinio,
939 5664 1104 5727 atque
1133 5655 1328 5711 alicubi
1356 5671 1384 5708 a
1440 5650 1709 5728 Dionysio
1743 5654 2154 5713 Halicarnasseo
2175 5700 2191 5729 ,

603 5758 655 5802 et
702 5746 938 5829 Originis
981 5749 1158 5822 gentis
1207 5763 1446 5805 romanae
1498 5747 1763 5820 scriptore
1811 5747 2060 5805 laudatus
2114 5759 2199 5808 est

607 5838 803 5914 (Gell.,
835 5839 925 5895 lib.
969 5857 987 5895 1
1030 5838 1186 5899 Noct.
1218 5852 1349 5911 att.,
1399 5859 1445 5898 c.
1492 5842 1555 5910 7,
1602 5851 1649 5897 et
1689 5841 1778 5898 lib.
1811 5858 1921 5915 v11,
1958 5859 2003 5898 c.
2055 5842 2124 5912 9,
2150 5854 2197 5899 et

2544 4729 2667 4779 Nam
2684 4730 2724 4779 si
2749 4728 2949 4788 luxerit,
2979 4727 3035 4776 ad
3060 4726 3367 4779 librariorum

2550 4791 2751 4853 Curram
2769 4792 2966 4848 scrinia,
2991 4788 3189 4853 Ctesias,
3217 4791 3451 4853 Aquinos,

2547 4852 2814 4913 Suffenum,
2838 4855 2999 4904 omnia
3023 4851 3248 4915 colligam
3273 4851 3480 4902 venena.

2545 4916 2689 4969 Acte
2714 4916 2791 4965 his
2813 4915 3073 4980 suppliciis
3084 4916 3454 4980 remunerabor.

3013 4974 3232 5040 (Catull.,
3267 4975 3420 5041 cpigr.
3443 4975 3546 5041 ιδ.)

2370 5109 2522 5166 Alter
2548 5106 2740 5164 Ctesias
2768 5149 2781 5169 ,
2813 5114 3173 5185 cognomento
3198 5103 3394 5161 Bassus
3418 5145 3434 5171 ,
3463 5113 3622 5179 poeta
3663 5102 3886 5177 lyricus,

2293 5201 2521 5260 Neronis
2556 5208 2715 5255 atate
2758 5198 2972 5262 ﬂoruit,
3004 5212 3161 5269 quem
3190 5198 3406 5253 Persius
3446 5197 3525 5254 sic
3553 5196 3778 5254 affatur:

2386 5294 2612 5355 Admovit
2630 5292 2727 5355 jam
2749 5291 2919 5355 bruma
2945 5289 3050 5341 foco
3073 5295 3144 5352 te,
3159 5290 3331 5355 Basse,
3350 5288 3550 5355 Sabino,

2386 5356 2557 5407 Jamne
2580 5351 2701 5419 lyra,
2728 5362 2780 5404 et
2803 5354 2981 5419 tetrico
3006 5351 3171 5403 vivunt
3194 5353 3276 5401 tibi
3303 5362 3504 5419 pectore
3521 5351 3737 5413 chordae,

2391 5420 2517 5469 Mire
2538 5415 2727 5481 opifex,
2765 5416 2985 5481 numeris
3009 5424 3231 5481 veterum
3258 5415 3515 5481 primordia
3540 5427 3730 5477 rerum,

2389 5480 2549 5544 Atque
2574 5476 2759 5529 marem
2784 5479 3043 5544 strepitum
3062 5476 3167 5526 fidis
3186 5476 3459 5544 intendisse
3483 5477 3677 5540 latinas;

2388 5536 2499 5592 Mei:
2520 5541 2733 5602 juvenes
2761 5536 2947 5604 agitare
2960 5540 3113 5603 jocos,
3139 5548 3192 5589 et
3216 5536 3393 5602 pollice
3411 5538 3619 5592 honesto

2388 5604 2633 5667 Egregios
2656 5605 2835 5656 lusisse
2854 5616 3024 5654 senes.
3132 5665 3188 5672 __
3416 5661 3427 5672 _

3125 5665 3312 5732 (Pers.,
3338 5661 3476 5717 satir.
3502 5661 3577 5729 6.)

2298 5750 2640 5807 Britannicus
2717 5759 2895 5807 autem
2927 5751 2979 5805 in
3021 5750 3133 5807 suis
3177 5747 3243 5804 ad
3284 5746 3400 5804 hzec
3438 5746 3677 5804 carmina
3718 5760 3890 5804 anno-

2300 5845 2534 5903 tionibus
2589 5843 2845 5902 observat
2896 5841 3120 5900 Fabium
3172 5842 3239 5899 de
3293 5840 3401 5919 illo_
3424 5841 3502 5900 sic
3543 5840 3886 5915 scripsisse:
