4172 6252
243 204 343 271 677

1434 196 1500 275 tu
1531 200 1907 283 ΑιιΝοΒιωι,
1950 198 2107 273 CAP.
2137 195 2328 275 xxw.
2372 198 2394 268 ι

3352 197 3403 269 Γ
3420 190 3527 271 ειη

246 340 267 377 ‹
299 322 622 397 LyricOpum
652 320 903 385 Horatius
943 320 1058 385 fere
1099 320 1247 379 solus
1288 321 1393 394 legi
1423 320 1638 395 dignus.
1690 322 1822 379 Nam
1852 324 1905 395 Α
1933 319 2109 387 Rhet.,
2145 318 2174 395 ς
2206 322 2262 386 5,
2294 336 2346 391 p.
2375 317 2531 390 841).
2563 316 2636 387 Et
2658 316 2778 383 haec
2805 316 3028 390 quidem
3052 317 3331 379 Ciceronis
3365 320 3526 381 verba

237 414 468 485 insurgit
518 412 807 485 aliquando
827 454 844 482 ,
875 424 931 471 et
962 415 1153 493 plenus
1178 415 1534 487 jucunditatis
1559 424 1615 470 et
1642 414 1831 486 gratia:

237 507 485 579 etgvariis
511 507 691 563 verbis
726 516 783 563 et
831 506 1142 569 felicissime
1190 507 1386 573 audax.
1434 508 1490 564 Si
1536 524 1696 580 quem
1738 506 1833 563 ad-

233 601 408 673 jicere
454 602 625 675 velis,
691 602 737 658 is
788 602 991 667 Baesius
1036 603 1232 661 Bassus
1273 604 1415 672 erit,
1453 618 1614 675 quem
1660 618 1833 675 nuper

238 695 495 751 vidimus.
528 715 547 749 ι

315 789 450 858 Quis
478 799 655 846 autem
684 805 751 845 ex
775 788 857 845 his
879 789 1091 846 duobus
1110 831 1125 858 ,
1159 799 1249 849 aut
1273 805 1340 847 ex
1387 790 1509 851 aliis
1533 832 1548 857 ,
1576 789 1621 845 si
1650 789 1739 861 qui
1766 787 1836 857 ab

240 884 328 939 his
351 883 551 940 diversi
598 883 828 950 fuerint,
860 884 929 941 ab
967 886 1209 941 Arnobio
1259 887 1474 954 citetur,
1519 885 1663 941 dictu
1691 883 1836 953 haud

241 976 423 1034 facile.
458 979 513 1034 Si
545 988 721 1034 tamen
758 977 914 1033 illum
954 978 1021 1034 de
1048 980 1222 1035 Carsio
1252 978 1420 1034 Basso
1465 979 1611 1050 loqui
1641 977 1836 1048 proba-

241 1072 425 1138 veris,
476 1087 580 1125 non
625 1071 1041 1141 refragabimur.
1076 1070 1287 1127 Videsis
1331 1072 1579 1127 Vossiutn
1604 1070 1674 1128 de
1707 1085 1836 1144 poe-

244 1166 312 1221 tis
337 1164 517 1219 latinis
545 1161 727 1238 (Voss.
748 1209 763 1237 ,
800 1164 952 1227 Poet.
984 1164 1105 1234 lat.,
1142 1183 1199 1236 p.
1234 1167 1300 1223 l7
1322 1178 1373 1227 et
1395 1165 1514 1241 44).

311 1256 484 1314 Cincii
526 1257 597 1312 ab
640 1258 960 1315 auctoritate
986 1258 1141 1339 plura
1170 1260 1445 1316 Arnobius
1483 1261 1700 1330 repetit.
1735 1260 1840 1327 Ve-

242 1351 561 1406 tustissimis
587 1360 765 1406 autem
810 1349 1082 1414 historicis
1111 1367 1141 1406 a
1191 1351 1448 1424 Dionysio
1495 1353 1840 1411 Halicarnas-

243 1458 339 1500 seo
362 1445 443 1499 his
470 1443 652 1499 verbis
678 1455 1065 1501 annumeratur
1099 1463 1111 1498 :
1149 1463 1168 1497 ι
1216 1444 1329 1501 Nec
1356 1446 1632 1513 absimiles
1668 1446 1840 1503 Ιιὶειορ

244 1540 356 1595 rias
389 1537 670 1594 ediderunt
697 1548 960 1615 quotquot
984 1539 1213 1603 Romani
1248 1540 1500 1599 homines
1538 1541 1685 1597 urbis
1725 1555 1839 1599 sua:

246 1648 334 1689 res
361 1642 539 1703 gestas
561 1647 739 1701 εΐωοο
763 1646 1016 1689 sermone
1049 1637 1419 1703 scripserunt,
1462 1648 1693 1705 quorum
1739 1648 1837 1687 VB-

1936 413 1990 467 in
2017 413 2158 469 illius
2196 412 2497 485 Philippica
2537 410 2772 477 secunda
2801 411 2979 473 adhuc
3021 423 3314 468 occurrunt
3360 412 3516 483 (Cic.,

1936 504 2173 579 Philipp.
2197 522 2230 573 ιι
2253 547 2268 571 ,
2303 522 2359 577 p.
2396 504 2546 578 495).
2597 505 2760 575 Atqui
2792 504 2914 563 huic
2954 505 3201 574 rhetori,
3234 505 3309 561 uti
3336 508 3488 563 vides
3510 548 3526 574 ,

1938 616 2043 661 non
2070 598 2229 655 modo
2253 606 2608 663 memoratum
2638 599 2709 663 ab
2739 600 2978 665 Arnobio
3008 616 3201 659 nomen
3233 616 3297 657 ac
3327 616 3530 671 cognoo

1937 707 2060 757 men
2091 693 2386 762 competit,
2412 690 2508 749 sed
2538 691 2668 757 illud
2697 692 2859 757 etiam
2885 732 2899 757 ,
2932 694 3077 763 quod
3120 708 3297 764 grtece
3338 693 3531 751 doetus

1938 784 2168 847 dicatur.
2219 783 2410 849 Utrum
2449 798 2583 843 vero
2613 784 2657 841 is
2700 784 2816 855 ipse
2843 784 2946 852 sit,
2990 786 3079 856 qui
3107 784 3277 847 libros
3319 786 3388 845 de
3428 786 3534 844 diis

1935 893 2112 951 grzeee
2137 880 2371 945 edidisse
2400 882 2713 952 perhibetur
2736 923 2752 950 ,
2772 882 3021 952 expende
3040 925 3057 951 ,
3086 899 3299 955 quaeso,
3330 894 3387 941 et
3406 900 3534 957 pro-

1940 974 2149 1039 nuntia,
3182 1038 3195 1051 κ

2009 1062 2282 1123 Coruilicii
2335 1065 2663 1136 singularem
2714 1066 2781 1123 de
2832 1066 3213 1125 Novensilibus
3256 1068 3363 1126 diis
3407 1084 3533 1127 sen-

1940 1157 2164 1215 tentiam
2215 1157 2399 1215 retulit
2436 1157 2708 1219 Arnobius
2755 1159 2998 1229 (At-nom,
3029 1160 3119 1219 lib.
3162 1177 3257 1229 ιιι,
3292 1179 3345 1233 p.
3378 1162 3529 1237 122).

1942 1251 2218 1319 Testatum
2275 1264 2453 1317 autem
2502 1253 2656 1309 nobis
2716 1254 3017 1311 Macrobius
3061 1254 3186 1311 fecit
3237 1256 3421 1326 plures
3465 1258 3534 1315 ab

1941 1342 2037 1401 illo
2090 1342 2265 1399 editos
2312 1343 2475 1403 fuisse
2517 1343 2836 1423 Etymorum
2883 1346 3083 1413 libros,
3131 1346 3284 1417 cujus
3316 1349 3533 1407 tertium

1943 1436 2091 1490 hisce
2131 1436 2462 1506 totidemque
2502 1437 2686 1497 citavit
2716 1437 2896 1507 verbis
2929 1456 2944 1493 :
2978 1456 2998 1491 ι
3033 1437 3357 1503 Corniﬁcius
3401 1441 3533 1515 Ety-

1941 1546 2153 1587 morum
2217 1531 2311 1595 lib.
2368 1548 2421 1587 ιιι
2467 1533 2694 1600 Cicero,
2748 1535 3015 1605 tinquit,
3066 1553 3087 1589 ι
3138 1551 3243 1593 non
3297 1535 3531 1606 Janum,

1941 1622 2034 1683 sed
2066 1622 2274 1683 Fanum
2325 1623 2543 1683 nomina
2586 1625 2655 1681 ab
2701 1625 2881 1689 eundo
2918 1645 2939 1683 ι
2974 1621 3260 1697 (Macrob,
3287 1629 3376 1689 lib.
3421 1629 3530 1685 Sa.

246 1725 524 1783 Iustissimi
546 1722 613 1790 Q.
640 1722 840 1779 Fabius
864 1733 920 1785 et
965 1723 1026 1792 L,
1070 1723 1289 1787 Cincius
1310 1769 1326 1795 ,
1370 1728 1583 1788 Λεύκιος
1612 1730 1832 1801 Κίγκιος,

1941 1718 2161 1785 turnal.,
2195 1733 2244 1771 c.
2278 1717 2338 1784 6,
2371 1735 2425 1788 p.
2450 1716 2606 1790 212).
2639 1718 2783 1775 Alibi
2812 1735 2943 1775 vero
2998 1719 3261 1790 quosdam
3287 1721 3354 1781 de
3398 1722 3536 1779 Ceno

244 1818 405 1873 ambo
436 1818 672 1887 aequales
698 1818 855 1881 bellis
898 1817 1134 1879 Punicis.
1158 1816 1360 1883 Horum
1388 1829 1612 1891 uterque
1632 1834 1693 1874 ea
1724 1819 1840 1890 qui-

244 1913 345 1968 bus
374 1913 491 1982 ipse
522 1911 795 1977 interluit,
827 1920 884 1965 ut
905 1911 1076 1980 probe
1118 1910 1224 1971 sibi
1270 1910 1485 1982 cognita
1505 1953 1520 1980 ,
1553 1911 1840 1982 diligenter

245 2006 523 2061 mandavit
554 2005 766 2059 litteris.
816 2004 947 2079 Qua:
973 2018 1105 2060 vero
1135 2004 1263 2059 olim
1296 2015 1416 2074 post
1450 2004 1654 2071 Urbem
1702 2020 1839 2063 con-

244 2095 409 2152 ditam
433 2095 688 2167 deinceps
708 2106 995 2159 consecuta
1036 2105 1189 2162 sunt,
1225 2105 1510 2153 contentus
1556 2097 1654 2163 fuit
1682 2112 1838 2165 sum-

248 2193 432 2245 matim
463 2205 781 2261 percurrere
832 2208 851 2243 ι
887 2188 1105 2261 (Arnob.
1126 2234 1141 2258 ,
1171 2190 1263 2249 lib.
1300 2207 1358 2246 ιιι
1384 2230 1401 2257 ,
1426 2208 1481 2262 p.
1515 2191 1836 2265 122;ι)ἱοη.

253 2282 451 2348 Halic.,
490 2282 578 2336 tib.
608 2299 660 2350 ι,
699 2300 756 2355 p.
788 2283 821 2338 6
851 2294 897 2338 et
926 2282 1037 2356 l6).
1072 2284 1154 2345 Ab
1196 2300 1263 2338 eo
1294 2299 1482 2359 postea
1517 2286 1602 2343 vir
1637 2296 1840 2343 senato-

248 2377 313 2430 rii
349 2376 544 2429 ordinis
586 2419 599 2442 ,
633 2385 687 2430 et
731 2391 760 2428 a
790 2375 947 2432 Livio
974 2377 1231 2433 maximus
1264 2386 1453 2443 auctor
1503 2379 1838 2451 appellatur,

248 2469 352 2522 nisi
382 2468 436 2522 in
469 2468 570 2525 boc
602 2468 735 2524 Livii
767 2469 919 2534 loco,
971 2486 1069 2540 pro
1099 2470 1350 2534 maximus
1370 2513 1385 2538 ,
1434 2480 1491 2526 ut
1532 2472 1585 2526 iu
1616 2472 1840 2541 quibusv

251 2560 381 2615 dam
410 2562 570 2621 editis
599 2563 816 2617 maxime
845 2578 1074 2625 censeas
1098 2564 1384 2643 legendum
1413 2562 1580 2639 (ῥίνη
1612 2564 1699 2620 lib.
1725 2582 1838 2638 χχι,

247 2674 302 2717 c.
340 2655 455 2729 58).
485 2655 629 2711 Illius
661 2674 823 2727 porro
855 2658 1047 2715 librum
1093 2658 1161 2713 de
1189 2658 1368 2715 Fastis
1408 2659 1593 2714 citavit
1633 2659 1841 2719 Macro:

242 2750 374 2805 bius
405 2769 418 2803 :
450 2749 654 2809 Gellius
705 2766 837 2807 vero
865 2753 1011 2807 varia
1057 2750 1183 2807 libri
1228 2752 1350 2822 ejus
1390 2752 1458 2807 de
1512 2768 1571 2829 re
1622 2752 1843 2823 militari

242 2843 552 2916 fragmenta
589 2846 949 2916 transcripsit.
985 2845 1143 2905 Plura
1170 2844 1238 2901 de
1273 2859 1341 2903 eo
1373 2844 1595 2905 Vossius
1617 2889 1631 2913 ,
1680 2861 1842 2917 quiem

241 2939 291 2994 si
345 2938 528 3003 lubet,
578 2938 730 2994 adire
776 2939 977 3007 poteris
1016 2937 1310 3008 (Macrob,
1349 2939 1441 2997 lib.
1485 2938 1840 3007 tSaturnal.,

240 3048 291 3087 c.
341 3031 438 3094 i2;
495 3029 670 3096 Gell.,
718 3032 809 3086 lib.
840 3047 932 3086 xvr
982 3029 1138 3088 Noct.
1174 3031 1320 3101 Διί..
1368 3033 1502 3099 ab;
1555 3033 1726 3101 Voss.,
1780 3033 1845 3093 de

1942 1810 2109 1867 tauris
2136 1826 2323 1867 versus
2354 1810 2422 1877 ab
2459 1810 2556 1866 illo
2595 1812 2650 1866 in
2680 1810 2878 1868 Glauco
2918 1813 3233 1872 decantatus
3280 1818 3532 1873 transcri-

1942 1904 2048 1983 psit
2078 1903 2242 1973 (Ibid.
2266 1946 2283 1973 ,
2316 1904 2403 1959 lib.
2446 1920 2498 1961 vt
2520 1946 2535 1973 ,
2564 1922 2611 1959 c.
2635 1906 2688 1973 4,
2724 1924 2779 1978 p,
2802 1905 2951 1979 486).
2977 1910 3045 1963 At
3070 1923 3248 1969 nonne
3269 1909 3396 1971 hinc
3424 1911 3537 1967 colo

1943 1996 2033 2071 ligi
2066 2009 2245 2077 potest
2276 1999 2453 2069 ipsum
2492 2015 2615 2055 esse
2645 2000 2714 2055 de
2738 2016 2844 2069 quo
2873 2000 3140 2061 Eusebius
3171 2005 3224 2060 in
3269 2005 3537 2063 Chronico

1941 2092 2020 2145 sic
2049 2092 2285 2162 loquitur
2318 2110 2331 2146 :
2372 2112 2392 2146 ι
2427 2091 2745 2149 Corniﬁcius
2774 2103 2928 2163 poeta
2960 2110 2990 2150 a
3022 2096 3284 2155 militibus
3313 2098 3539 2155 destitu-

1943 2192 2029 2239 tus
2048 2183 2250 2239 interiit
2269 2228 2282 2249 ,
2312 2201 2448 2253 quos
2475 2200 2619 2256 saepe
2649 2184 2916 2257 fugientes
2935 2192 3176 2259 galeatos
3208 2190 3423 2260 lepores
3443 2207 3538 2263 ap-

1942 2279 2197 2357 pellabat.
2249 2279 2418 2351 Hujus
2462 2295 2621 2341 soror
2674 2278 2997 2349 Cornillcia,
3030 2282 3185 2353 cujus
3223 2293 3439 2340 exstant
3460 2287 3540 2341 in-

1943 2371 2112 2442 signia
2129 2372 2512 2445 epigrammata
2538 2391 2559 2424 ι
2593 2372 2834 2444 (Euseb..
2867 2372 3057 2435 Chron.
3091 2376 3160 2430 ad
3186 2394 3311 2432 amt.
3345 2378 3535 2450 1576).

1943 2462 2058 2525 Non
2090 2461 2301 2517 dubitat
2328 2462 2551 2518 Vossius
2582 2464 2709 2535 quin
2747 2464 2790 2518 is
2830 2464 2973 2533 idem
3004 2466 3074 2523 sit
3094 2508 3109 2534 ,
3140 2477 3301 2539 atque
3331 2467 3537 2540 Virgilii

1944 2556 2296 2620 obtrectator,
2357 2555 2424 2621 de
2474 2572 2581 2626 quo
2637 2555 2691 2611 in
2735 2558 2841 2611 vita
2891 2558 3008 2628 ejus
3068 2560 3211 2630 apud
3270 2561 3537 2621 Donatum

1944 2646 2121 2719 (Voss.
2142 2689 2157 2713 ,
2186 2650 2250 2707 de
2278 2645 2425 2702 Poet.
2469 2649 2561 2704 lat.
2585 2691 2599 2715 ,
2631 2668 2686 2721 p.
2712 2648 2827 2723 22).
2877 2650 2987 2706 Sed
3034 2650 3228 2717 dubius
3270 2652 3440 2711 haeret
3469 2671 3537 2711 an

1948 2739 2035 2793 ille
2072 2739 2270 2807 fuerit,
2314 2741 2379 2797 ad
2425 2756 2583 2817 quem
2638 2742 2814 2797 adhuc
2868 2743 3120 2815 leguntur
3182 2745 3377 2813 Catulli
3423 2748 3538 2818 epi-

1946 2849 2187 2903 gramma
2210 2834 2426 2901 (Catull,
2450 2836 2701 2906 epigram.
2730 2834 2820 2911 56)
2839 2878 2852 2901 ,
2875 2851 2939 2892 ac
2962 2838 3238 2895 Ciceronis
3257 2840 3535 2911 epistolae;

1948 2938 2125 2991 utrum
2152 2929 2313 2984 etiam
2347 2929 2415 2985 ab
2463 2945 2529 2989 eo
2576 2932 2813 3001 profecta
2847 2932 2956 2987 sint
2994 2932 3287 2995 Rhetorica
3320 2936 3388 2993 ad
3434 2937 3540 2993 He-

1947 3023 2194 3078 rennium
2214 3064 2229 3090 ,
2258 3039 2377 3093 quae
2411 3023 2543 3077 falso
2572 3022 2854 3083 Ciceronis
2879 3026 3101 3093 nomine
3150 3028 3537 3091 inscribuntur.

242 3124 396 3179 Hist.
430 3142 609 3198 grwc.,
641 3125 734 3180 lib.
766 3142 817 3180 ιν
839 3167 854 3193 ,
891 3142 938 3181 c.
979 3126 1047 3184 15
1071 3168 1088 3196 ,
1132 3138 1179 3189 et
1209 3127 1273 3182 de
1305 3095 1594 3187 vHistSlat-
1616 3170 1632 3197 ,
1677 3095 1767 3185 lib.
1806 3146 1826 3186 ι

1946 3110 2113 3169 Nobis
2147 3129 2308 3182 porro
2335 3113 2474 3168 haud
2508 3130 2651 3187 :rgre
2679 3117 3098 3187 persuadebitur
3129 3120 3273 3177 hunc
3319 3122 3542 3179 Corniﬁ-

239 3238 293 3276 c.
329 3219 411 3294 4).

321 3314 547 3370 Clodius
586 3316 920 3386 praenomine
964 3315 1154 3379 Sextus
1178 3358 1192 3383 ,
1231 3316 1299 3371 ab
1325 3315 1601 3383 Arnobio,
1651 3317 1704 3383 in
1751 3332 1844 3372 eo.-

238 3428 393 3475 rum,
426 3427 543 3482 quae
588 3410 655 3466 de
682 3410 868 3468 Fauno
894 3411 1146 3479 dicebat,
1190 3411 1344 3475 testis
1390 3411 1743 3477 hunccitatur
1788 3413 1844 3483 in

238 3503 470 3559 modum
498 3522 511 3558 :
534 3501 722 3559 Sextus
750 3502 959 3559 Clodius
988 3502 1183 3558 indicat
1207 3504 1260 3563 in
1286 3512 1429 3559 sexto
1450 3504 1514 3557 de
1533 3503 1632 3561 diis
1651 3520 1840 3575 graeco.

240 3595 364 3654 Sed
390 3596 648 3666 suspicati
675 3605 805 3657 sunt
842 3597 1008 3668 aliqui
1063 3605 1379 3667 corruptum
1406 3612 1528 3653 esse
1568 3597 1671 3661 hoc
1721 3597 1842 3655 ulti-

237 3705 397 3747 mum
426 3690 685 3756 verbum,
738 3704 801 3744 ac
848 3689 1242 3755 restituendum
1290 3688 1610 3755 ercorurn.
1650 3690 1756 3749 Sed
1786 3689 1843 3751 lli

239 3799 364 3839 non
400 3781 640 3852 legerant
678 3783 830 3845 illum
861 3783 1127 3849 Lactantii
1158 3783 1337 3847 locum
1362 3825 1376 3848 ,
1406 3784 1496 3851 ubi
1538 3784 1841 3851 Arnobius)

236 3888 494 3933 nostrum
524 3886 911 3945 praeceptorem
954 3892 1109 3941 suum
1134 3916 1152 3941 ,
1183 3877 1263 3932 sic
1283 3877 1565 3946 sequitur:
1597 3896 1616 3929 ί
1646 3876 1843 3943 Sextus

234 3970 468 4030 Clodius
498 3972 551 4024 in
581 3986 647 4027 eo
675 3970 811 4025 libro
833 3986 992 4049 quem
1021 3985 1196 4041 grzece
1220 3971 1459 4047 scripsit,
1479 3970 1647 4026 refert
1670 3971 1843 4035 Fauni

235 4067 385 4120 hanc
408 4080 637 4119 uxorem
672 4062 837 4120 fuisse
869 4084 891 4127 ρ
922 4063 1167 4135 (Arnob,
1188 4063 1280 4123 lib.
1311 4079 1339 4118 ν
1362 4106 1377 4133 ,
1407 4082 1459 4135 p.
1496 4064 1627 4131 l68;
1664 4063 1838 4132 Lact"

234 4161 335 4214 lib.
386 4177 438 4223 ι,
484 4176 530 4212 c.
577 4158 683 4224 22,
728 4177 782 4229 p.
832 4159 981 4226 127).
1030 4158 1163 4219 Nam
1197 4159 1319 4217 inde
1368 4160 1526 4225 {anile
1568 4160 1842 4231 colligitur

232 4254 293 4309 in
332 4251 557 4307 Arnobii
612 4262 764 4306 textu
813 4252 1074 4322 scriptum
1127 4267 1231 4313 non
1288 4252 1455 4315 fuisse
1503 4251 1838 4321 Grtecorum,

230 4347 340 4403 sed
374 4347 555 4415 potius
581 4361 745 4417 gnere
768 4345 979 4416 scripto,
1005 4346 1087 4405 vel
1116 4345 1243 4416 quid
1279 4346 1476 4411 simile.

311 4439 396 4496 Ad
452 4438 737 4507 Clodium,
795 4438 936 4509 quod
999 4446 1240 4519 spectat,
1295 4438 1514 4509 quidam
1556 4446 1841 4501 autumant

228 4548 368 4589 eum
398 4545 525 4585 esse
566 4529 720 4600 cujus
751 4530 885 4585 liber
907 4572 923 4596 ,
964 4529 1136 4585 Index
1176 4540 1461 4603 temporum
1505 4530 1798 4603 inscriptus
1819 4573 1834 4598 ,

226 4643 265 4680 a
338 4622 633 4679 Plutarcho
682 4623 930 4681 laudatur
998 4620 1319 4693 (Platore/1.,
1379 4624 1432 4679 in
1496 4621 1614 4679 Vita
1669 4622 1833 4683 Num.

224 4717 463 4786 Pomp.,
500 4734 552 4782 p.
582 4713 700 4787 52).
730 4714 836 4771 Sed
866 4724 1152 4787 utrumque
1182 4715 1267 4769 hic
1298 4714 1458 4777 Sexto
1498 4714 1660 4775 fuerit
1696 4731 1838 4789 prae,

220 4826 468 4873 nomen,
501 4825 664 4865 nemo
690 4810 954 4880 probavit.
985 4809 1137 4864 Alius
1162 4818 1341 4864 autem
1364 4851 1377 4875 ,
1428 4811 1513 4864 cui
1544 4820 1835 4879 utrumque

218 4919 553 4978 praenomen
578 4946 592 4970 ,
646 4913 701 4959 et
746 4919 944 4959 nomen
975 4904 1263 4973 convenit,
1297 4919 1327 4957 a
1360 4902 1623 4965 Suetonio
1670 4903 1832 4963 claris

214 4997 555 5056 rhetoribus
579 4996 885 5068 adjungitur
912 5015 925 5051 :
965 5016 985 5049 ί
1022 4998 1252 5067 Sextus,
1282 5018 1304 5059 ρ
1338 4998 1540 5069 inquit,
1568 5017 1590 5061 ᾳ
1615 4997 1833 5061 Clodius

214 5108 259 5147 e
296 5089 484 5146 Sicilia
510 5132 526 5156 ,
555 5089 734 5144 latina:
761 5089 921 5145 simul
953 5100 1006 5146 et
1031 5105 1224 5162 grreca:
1249 5091 1576 5162 eloquentiae
1618 5092 1830 5162 proles-

134 5254 143 5260 θ
212 5198 336 5240 sor
369 5183 509 5237 male
536 5182 781 5237 oculatus
802 5225 817 5249 ,
865 5194 1016 5239 et....
1040 5183 1278 5239 Antonio
1300 5194 1515 5253 gratus,
1560 5200 1667 5257 quo
1705 5200 1833 5249 mox

211 5275 467 5335 consule
489 5317 501 5337 ,
530 5275 718 5346 ingens
743 5274 905 5330 etiam
951 5275 1282 5347 congiarium
1326 5277 1571 5347 accepit,
1606 5277 1730 5339 utei
1776 5276 1832 5332 in

208 5371 557 5442 Philippicis
606 5371 797 5427 Cicero
844 5370 1031 5442 objicit
1061 5388 1074 5424 :
1107 5371 1344 5435 Adhibes
1369 5370 1480 5453 joci
1509 5387 1668 5431 causa
1716 5387 1833 5437 ma-

205 5469 468 5541 gistrum
502 5464 757 5536 suffragio
788 5473 879 5520 tuo
901 5475 956 5521 et
985 5475 1361 5537 compotornm
1392 5475 1603 5527 tuorum
1648 5466 1832 5523 rheto-

1948 3208 2112 3271 cium,
2140 3206 2207 3273 de
2238 3222 2344 3278 quo
2369 3209 2645 3269 Arnobius
2677 3210 2932 3283 loquitur,
2985 3212 3163 3283 ipsum
3192 3229 3339 3284 esse,
3386 3215 3539 3287 cujus

1947 3299 2116 3357 libros
2145 3301 2460 3374 Etymortun
2490 3303 2653 3374 paulo
2682 3314 2839 3375 antea
2883 3306 3308 3371 observabamus
3341 3325 3374 3369 a
3417 3318 3538 3367 Ma.

1945 3393 2131 3451 crobio
2152 3396 2329 3461 citari.

2015 3511 2205 3569 Crates
2223 3512 2399 3571 adhuc
2416 3514 2486 3573 ab
2505 3525 2726 3574 auctore
2752 3526 2942 3574 nostro
2970 3520 3239 3587 laudatus,
3267 3522 3413 3583 haud
3437 3524 3539 3581 du-

1946 3605 2033 3662 die
2070 3608 2456 3677 grammaticus
2483 3610 2577 3668 ille
2601 3610 2700 3667 fuit
2727 3654 2743 3677 ,
2784 3613 2854 3669 de
2878 3629 2987 3683 quo
3015 3616 3143 3671 alibi
3171 3614 3531 3675 disseruimus

1946 3697 2191 3771 (Arnob.,
2221 3700 2310 3755 lib.
2343 3715 2421 3768 ιιι,
2461 3718 2580 3773 pag.
2611 3703 2703 3759 121
2731 3713 2890 3770 ;tom.
2926 3720 2944 3759 ι
2973 3704 3257 3777 Apparat.,
3278 3725 3399 3781 pag.
3431 3710 3536 3767 M'l

1944 3803 1990 3845 el
2017 3791 2156 3859 1259
2181 3793 2220 3862 ).

2016 3881 2244 3945 Cronius
2281 3884 2336 3941 in
2374 3885 2561 3943 ultima
2603 3887 2865 3944 librorum
2904 3891 3133 3947 Arnobii
3172 3893 3411 3951 editione
3439 3910 3540 3952 no—

1943 3974 2199 4040 minatur,
2224 3977 2313 4040 ubi
2342 3980 2458 4035 haec
2480 3979 2571 4035 ille
2599 3979 2737 4045 dixit
2768 3998 2783 4035 :
2821 4000 2841 4034 ε
2872 3981 2980 4039 Vos
3010 3984 3243 4051 Platoni,
3274 4002 3373 4043 vos
3394 3988 3538 4045 Cro-

1944 4066 2055 4133 nio,
2078 4080 2175 4121 vos
2205 4067 2472 4125 Numenio
2500 4072 2723 4127 creditis
2751 4092 2770 4125 ι
2797 4073 3040 4144 (Arnob.,
3062 4076 3158 4131 lib.
3187 4093 3245 4142 ιι,
3273 4097 3392 4151 pag.
3414 4080 3530 4153 49).

1943 4160 2050 4215 Sed
2089 4161 2140 4221 in
2172 4163 2540 4233 manuscripto
2578 4165 2727 4235 regio
2752 4165 2942 4225 codice
2983 4183 3082 4240 pro
3112 4168 3301 4226 Granio
3342 4171 3539 4244 legitur

1943 4254 2206 4311 Crotouio.
2240 4256 2290 4310 Is
2318 4268 2498 4315 autem
2527 4258 2646 4327 quis
2673 4260 2866 4327 fuerit,
2905 4276 3032 4318 cum
3062 4264 3379 4333 ignoretur,
3413 4280 3536 4323 cor-

1946 4357 2163 4418 ruptum
2192 4363 2387 4407 nomen
2424 4364 2544 4415 esse
2570 4359 2912 4419 putaverunt.
2945 4354 3015 4413 At
3041 4357 3317 4426 quomodo
3346 4374 3533 4415 emen-

1864 4485 1920 4559 Β
1946 4439 2063 4497 dari
2089 4440 2321 4508 debeat,
2366 4458 2464 4511 pro
2493 4458 2591 4499 suo
2624 4446 2995 4517 unusquisque
3022 4448 3242 4520 ingenio
3280 4451 3536 4523 conjecit.

1948 4533 2210 4559 ΡΛ..ιΛ.-..η
2262 4534 2454 4559 --.3....Α
2501 4537 2746 4559 -..:_....___
2775 4538 3001 4559 I-_-_J,,
3115 4540 3155 4559 ιι
3226 4553 3236 4559 .
3314 4547 3323 4558 σ

1948 4533 2212 4591 Canterus
2257 4534 2457 4607 quippe
2495 4537 2749 4608 opinatur
2775 4538 3063 4609 legendum
3111 4540 3359 4601 Protom'o
3388 4588 3402 4611 ,
3435 4561 3535 4603 seu

1942 4625 2224 4689 Prothomo
2248 4669 2261 4693 ,
2303 4630 2383 4685 vel
2413 4630 2593 4701 potius
2618 4628 2921 4693 Protltomia
2946 4676 2960 4697 .
3004 4635 3074 4692 de
3095 4651 3203 4706 quo
3229 4637 3491 4710 Apuleius
3521 4659 3538 4698 ι

1947 4740 1965 4777 t
1994 4721 2141 4778 Sate
2168 4722 2434 4790 Protomo,
2465 4744 2484 4787 ρ
2520 4726 2721 4795 inquit,
2759 4746 2777 4789 ι
2804 4729 2973 4799 gloria
3004 4739 3110 4797 est,
3140 4734 3233 4803 qui
3266 4734 3389 4790 talis
3412 4734 3531 4802 fuit,

1943 4826 2001 4872 ut
2027 4816 2144 4886 ejus
2180 4828 2432 4888 nepotem
2464 4836 2569 4883 non
2593 4822 2836 4889 puderet.
2869 4842 2889 4875 ι
2924 4823 3131 4894 (Apul.
3161 4867 3176 4890 ,
3207 4827 3298 4883 lib.
3322 4828 3389 4883 de
3417 4827 3531 4885 Deo

1942 4908 2149 4966 Socrat.
2179 4951 2194 4978 ,
2225 4911 2341 4967 sub.
2390 4910 2512 4984 ﬁn.)
2545 4911 2745 4969 Verum
2785 4914 2913 4982 quid
2949 4916 3015 4970 ad
3045 4916 3274 4974 Arnobii
3317 4921 3534 4975 institu-

1940 5012 2051 5061 tum
2081 5002 2196 5063 baae
2224 5003 2437 5073 Apuleii
2476 5002 2635 5067 verba
2665 5004 3004 5075 conducant,
3047 5008 3207 5069 nobis
3240 5020 3391 5069 certe
3426 5028 3536 5071 non
3588 5074 3591 5077 ,

1941 5096 2127 5166 liquet.
2177 5094 2540 5162 Quamobrem
2600 5095 2785 5165 plures
2822 5096 2914 5152 alii
2962 5098 3307 5167 scribendum
3350 5111 3539 5173 putant

1945 5186 2156 5245 Plotina
2183 5226 2200 5251 ,
2232 5195 2391 5255 atque
2422 5186 2474 5241 in
2506 5187 2830 5257 suspicionis
2872 5189 3032 5260 hujus
3069 5191 3537 5253 conﬁrmationem

1939 5279 2166 5349 prolerri
2207 5288 2430 5349 possunt
2464 5278 2582 5343 haec
2611 5279 2938 5349 Theodoreti
2976 5284 3141 5345 verba
3172 5300 3187 5341 ;
3218 5288 3407 5345 Λύτίκα
3428 5292 3535 5346 τοί.

1933 5394 2020 5431 νυν
2048 5376 2138 5435 τήν
2184 5373 2434 5435 Πλάτωνος
2474 5370 2693 5441 διάνοιαν
2728 5378 3147 5441 ἀναπτύσσοντες
3169 5419 3185 5444 .
3231 5384 3315 5439 καὶ
3339 5381 3366 5438 ὁ
3394 5383 3536 5438 nitu-

1934 5473 2088 5531 τίνος,
2116 5468 2197 5523 καὶ
2226 5465 2251 5521 ὁ
2278 5470 2557 5539 Νουμήνιος
2596 5468 2616 5537 (
2644 5466 2924 5551 Theodori”
2956 5487 3108 5529 serat.
3135 5469 3202 5539 2,
3231 5473 3296 5529 de
3338 5474 3537 5543 princi-

205 5577 457 5621 rem....
503 5558 609 5613 duo
650 5559 819 5613 millia
867 5559 1114 5630 jugeran
1147 5559 1321 5631 campi
1368 5557 1621 5621 Leontini
1670 5558 1836 5625 Sexto
1938 5557 2023 5628 pio
2049 5598 2065 5625 ,
2115 5568 2238 5621 tam.
2270 5574 2353 5625 tv,
2400 5576 2522 5632 pag.
2556 5559 2661 5625 500
2684 5558 2731 5635 ).
2775 5561 2961 5632 Itaque
3002 5561 3247 5627 Plotinus
3268 5565 3539 5625 sthume.

203 5653 432 5713 Clodio
480 5651 681 5741 rhetori
728 5651 1049 5723 assignasti,‘
1097 5659 1151 5707 et
1176 5649 1391 5721 quidem
1444 5652 1734 5719 immania;
1777 5662 1834 5720 ut
1937 5652 2086 5719 nius,
2131 5652 2369 5713 Platonis
2394 5664 2612 5735 utentem
2637 5656 2968 5728 explicantes.
3004 5658 3194 5725 Nonne
3225 5663 3418 5729 enim,
3450 5663 3537 5720 in-

204 5763 277 5809 la
294 5758 388 5805 nia
414 5746 665 5804 mercede
682 5746 817 5804 nihil
840 5762 1027 5829 sapere
1043 5745 1278 5807 disceres
1303 5764 1321 5800 ι
1350 5745 1550 5819 (Suet.,
1581 5747 1644 5805 de
1686 5746 1831 5809 Clar.
1935 5747 2156 5818 quium,
2194 5756 2307 5802 tres
2335 5745 2387 5802 hi
2416 5759 2542 5811 sunt
2569 5747 2905 5807 recentiores
2928 5750 3266 5827 philosophi,
3308 5770 3546 5827 quorum
