4230 6266
578 281 684 353 679

1893 272 2345 347 DISSERTATIO
2381 283 2688 346 PRIEVIAJ

3845 143 3866 171 ι

3758 285 3863 344 680

582 406 911 463 mentionem
939 401 1210 458 Arnobius
1236 402 1404 457 fecit?
1423 399 1531 458 Sed
1553 401 1620 458 de
1639 401 1966 473 quibuslibet
1993 404 2168 472 pbilo-
2197 413 2250 474 Α
2347 405 2623 476 Epictetus
2649 404 3003 477 philosophus
3031 411 3334 476 praeceptor
3363 403 3462 461 fuit
3491 403 3737 470 Arriani,
3768 408 3866 476 qui

586 499 772 570 sopbis
800 512 921 553 eum
951 511 1112 567 agere
1139 495 1314 566 quivis
1337 494 1481 550 hunc
1507 496 1680 550 locum
1718 507 1921 552 attente
1944 497 2169 567 legerit,

588 611 694 649 non
741 589 1077 645 diffitehitur.
1120 587 1309 643 Nonne
1355 589 1515 644 etiam
1566 590 1834 657 imperito,
1882 601 1938 644 ut
1977 592 2174 660 sa‘pius

589 684 843 750 diximus,
888 682 1109 737 librario
1146 681 1351 736 facilius
1387 681 1485 735 fuit
1527 697 1620 751 pro
1661 681 1849 736 (Ironio
1875 724 1889 749 ,
1941 684 2178 739 scribere

591 777 861 844 Crotonio,
904 792 1062 846 quam
1121 775 1379 830 Plotina?
1420 779 1488 830 At
1529 785 1677 832 certe
1716 777 1758 830 si
1798 777 1941 846 prior
1981 778 2175 844 lectio,

591 870 849 938 Cronius,
898 873 1117 925 omnino
1167 885 1271 925 non
1323 870 1642 939 displiceat,
1702 869 1900 940 poterit
1958 871 2175 926 Eusebii

588 966 907 1020 auctoritate
933 965 1183 1020 stabiliri.
1236 965 1308 1018 De
1335 964 1568 1034 Origene
1594 965 1792 1016 etenim
1826 963 1902 1017 sic
1946 964 2134 1018 scribit
2164 981 2176 1017 :

598 1079 616 1112 ι
653 1058 900 1113 Numenii
930 1073 1164 1129 quoque,
1189 1065 1244 1111 et
1265 1056 1472 1118 Cronii,
1504 1060 1807 1130 Νουμηνίου,
1833 1059 1912 1110 καὶ
1932 1059 2138 1132 Κρονίου
2163 1095 2180 1123 ,

591 1151 984 1222 ApolIOphanis
1011 1193 1024 1217 ,
1052 1159 1107 1206 et
1145 1150 1406 1220 Longini,
1452 1149 1712 1204 Moderati
1749 1150 1910 1204 etiam
1943 1162 1994 1204 ct
2029 1149 2183 1202 Nico-

593 1245 770 1300 machi
793 1285 807 1310 ,
836 1255 891 1300 et
919 1245 1146 1298 aliorum
1173 1286 1188 1310 ,
1219 1243 1309 1313 qui
1333 1243 1471 1297 inter
1499 1242 1886 1314 Pythagoricos
1929 1240 2185 1311 praecipui

595 1339 900 1405 habentur,
949 1339 1149 1408 scripta
1199 1337 1441 1408 quotidie
1483 1338 1535 1391 in
1581 1336 1830 1390 inanibus
1879 1335 2110 1389 habebat
2160 1352 2178 1385 ι

595 1429 614 1500 (
642 1432 862 1498 Euseb.,
894 1432 982 1485 lib.
1015 1447 1064 1486 v1
1097 1429 1299 1484 Eccles.
1328 1431 1534 1494 Itistor.,
1567 1446 1682 1498 cap.
1717 1430 1784 1484 19
1806 1472 1820 1495 ,
1855 1447 1973 1499 pag.
2009 1428 2115 1484 220
2140 1426 2183 1497 ).

595 1527 649 1584 Si
677 1543 806 1599 ergo
823 1527 1055 1582 Cronius
1078 1536 1132 1580 et
1149 1526 1443 1581 Numenius
1464 1526 1717 1594 praecipui
1748 1526 1888 1579 inter
1921 1526 2191 1596 Pythago-

594 1623 737 1678 ricos
769 1638 950 1677 revera
986 1620 1225 1688 fuerint,
1272 1620 1397 1690 quid
1448 1620 1696 1691 prohibet
1724 1622 2011 1689 quominus
2043 1622 2075 1674 ii
2103 1621 2185 1675 di-

599 1725 790 1771 cantur
810 1757 822 1779 ,
860 1715 1051 1786 quibus
1072 1713 1272 1769 ethnici
1299 1754 1314 1776 ,
1359 1713 1436 1768 uti
1463 1714 1536 1767 ait
1566 1714 1834 1768 Arnobius
1855 1755 1870 1780 ,
1902 1713 2061 1769 fidem
2093 1714 2188 1768 ha-

596 1808 1087 1880 bebant?(Arnob.,
1109 1807 1143 1861 l.
1171 1823 1186 1862 ι
1210 1825 1263 1878 p.
1285 1808 1374 1873 31;
1395 1817 1516 1860 (om.
1547 1823 1561 1860 ι
1602 1806 1881 1877 Αρραναι.,
1912 1826 1963 1878 p.
2002 1807 2187 1879 19.39.)

2304 1823 2416 1875 sup.
2451 1849 2464 1871 ,
2495 1823 2610 1876 cap.
2643 1807 2676 1862 9
2700 1848 2716 1874 ,
2770 1817 2869 1861 art.
2899 1809 2925 1862 1
2956 1824 2969 1871 ;
3001 1799 3128 1862 tom:
3157 1823 3173 1862 ι
3228 1805 3486 1879 Apparat.

671 1905 862 1959 Ctesia:
894 1903 1100 1972 primus
1133 1900 1482 1955 historiarum
1527 1900 1663 1954 liber
1692 1899 1760 1954 ab
1790 1900 1880 1953 illo
1921 1901 2082 1954 etiam
2114 1899 2192 1954 ci-

601 2006 764 2052 tatur.
801 1997 874 2051 De
906 1994 1007 2050 hoc
1052 2004 1230 2049 autem
1277 1995 1542 2061 scriptore
1582 2009 1611 2045 a
1646 1992 1798 2046 nobis
1845 1993 1972 2046 alibi
2010 2001 2191 2047 actum

601 2103 705 2148 est.
738 2091 900 2146 Varia
938 2100 1117 2145 autem
1164 2089 1421 2143 librorum
1466 2087 1580 2156 ejus
1612 2086 1910 2156 fragmenta
1940 2094 2062 2156 post
2088 2085 2193 2141 Hc-

601 2186 775 2242 rodoti
809 2185 975 2239 libros
1001 2183 1223 2239 collecta
1255 2182 1523 2253 reperies.

672 2281 749 2335 De
781 2280 1002 2348 Diagora
1035 2292 1248 2348 quoque
1280 2275 1438 2329 Mclio
1459 2317 1473 2337 ,
1502 2274 1591 2345 qui
1620 2274 1754 2330 deos
1776 2317 1788 2336 ,
1823 2274 1961 2329 sicut
1986 2275 2062 2327 ait
2092 2275 2194 2328 Ar~

604 2373 796 2428 nobius
824 2415 838 2437 ,
871 2372 1120 2426 homines
1167 2370 1332 2423 fuisse
1359 2369 1706 2423 existimabat
1727 2410 1741 2435 ,
1790 2369 1915 2422 alibi
1948 2377 2109 2439 atque
2141 2369 2193 2423 in

604 2469 704 2525 hac
732 2469 891 2523 etiam
945 2465 1328 2521 dissertatione
1372 2463 1764 2534 disputavimus
1814 2462 2069 2535 (Arnob.,
2103 2463 2193 2517 lib.

604 2577 655 2616 tv
680 2603 694 2626 ,
727 2578 846 2632 pag.
880 2559 979 2614 147
1007 2575 1020 2621 ;
1053 2575 1222 2627 supr.,
1251 2573 1365 2626 cap.
1397 2557 1451 2622 9,
1493 2566 1594 2610 art.
1633 2557 1657 2609 1
1687 2572 1702 2620 ;
1734 2555 1952 2610 Dissert.
1984 2556 2036 2608 in
2082 2554 2189 2608 Mi-

604 2670 747 2718 nuc.,
779 2669 893 2723 cap.
933 2652 1018 2718 10,
1043 2661 1141 2704 art.
1167 2651 1290 2713 ulL;
1312 2659 1359 2702 et
1386 2647 1638 2718 Apparat.
1670 2659 1792 2702 tom.
1818 2665 1855 2711 ι,
1887 2665 2008 2719 pag.
2037 2648 2194 2718 147).

681 2746 835 2802 Ennii
883 2745 1120 2801 celebris
1147 2755 1227 2798 est
1255 2742 1396 2814 apud
1430 2744 1833 2812 antiquissimos
1865 2745 2157 2810 scriptores
2181 2783 2195 2807 ,

605 2840 840 2897 Livium.
874 2841 938 2894 A.
971 2838 1230 2904 Gellium,
1262 2846 1316 2891 et
1346 2847 1532 2907 poetas
1562 2835 1833 2902 Ovidium,
1865 2835 2195 2902 Lucretium,

607 2946 767 3005 atque
814 2935 981 2997 alios,
1035 2931 1131 2988 sed
1185 2932 1381 3001 sapius
1427 2930 1567 3001 apud
1605 2928 1918 2984 Ciceroneni
1967 2931 2191 2983 mentio.

607 3030 802 3085 Narrat
826 3039 1002 3083 autem
1035 3026 1338 3092 Arnobius,
1371 3040 1432 3079 ac
1462 3033 1580 3092 post
1603 3039 1724 3079 eum
1757 3023 2063 3077 Lactantius
2085 3063 2099 3086 ,
2133 3023 2201 3077 ab

609 3123 702 3180 illo
754 3124 916 3178 latine
963 3121 1203 3177 redditos
1259 3118 1547 3173 Euhemeri
1607 3117 1939 3186 Agrigentini
1996 3115 2197 3183 libros,

2276 498 2418 554 illius
2444 498 2854 554 dissertationes
2874 541 2888 566 ,
2923 509 2981 554 ut
3011 500 3167 568 paulo
3191 509 3316 557 ante
3344 516 3411 555 ex
3444 500 3509 555 A.
3541 499 3717 555 Gellio
3741 500 3866 555 ani-

2276 591 2664 647 madvertimus
2688 634 2702 656 ,
2747 591 2987 660 digessit.
3020 591 3177 647 Plura
3207 592 3401 647 Suidas
3442 601 3626 646 narrat
3653 591 3721 646 de
3751 591 3868 663 ejus

2279 685 2410 751 vita,
2440 696 2494 740 et
2525 687 2740 756 scriptis
2772 686 2790 757 (
2816 685 2966 742 Suid.
2989 729 3002 748 .
3031 688 3100 741 ad
3121 687 3254 742 verb.
3289 690 3558 749 ἐπίκτητος
3587 689 3632 757 ).
3665 686 3870 745 Gesne-

2285 792 2378 831 rus
2405 792 2534 833 vero
2554 821 2568 836 .
2601 793 2721 846 quae
2749 793 2815 832 ex
2846 780 2928 833 his
2953 790 3045 834 aut
3071 779 3244 845 edita,
3289 792 3380 836 aut
3407 797 3512 836 non
3544 779 3688 835 edita
3720 782 3829 836 sint
3853 823 3869 848 ,

2282 869 2483 925 indicat
2513 872 2530 944 (
2565 872 2756 927 Gesner
2782 873 2836 927 in
2866 871 3112 929 Biblioth.
3146 873 3188 945 ).
3225 874 3462 945 Denique
3487 873 3737 930 Stobteus
3772 892 3871 930 va.

2283 965 2392 1019 rias
2439 965 2555 1035 ejus
2581 1009 2593 1030 ,
2637 976 2799 1034 atque
2840 965 3147 1036 Epicharmi
3179 969 3474 1023 sententias
3513 975 3568 1022 et
3613 967 3873 1038 prmclare

2283 1057 2424 1113 dicta
2455 1058 2764 1129 descripsit.

2357 1151 2644 1207 Enbemeri
2683 1153 2850 1208 libros
2888 1152 2955 1209 de
2982 1153 3084 1210 diis
3109 1196 3125 1220 ,
3173 1154 3331 1210 sicuti
3377 1154 3623 1226 proxime
3663 1156 3875 1213 monui-

2288 1261 2442 1312 mus,
2500 1247 2704 1302 Ennius
2736 1248 2957 1303 latinum
3007 1249 3280 1304 transtulit
3318 1249 3370 1304 in
3398 1265 3725 1305 sermonem.
3769 1251 3876 1308 Sed

2288 1338 2355 1394 de
2396 1339 2499 1393 hoc
2543 1340 2846 1396 Euhemero
2892 1340 3136 1412 quaedam
3179 1341 3424 1409 superius
3467 1343 3874 1412 annotavimus,

2291 1433 2738 1502 quemadmodum
2769 1433 2822 1488 in
2854 1436 3134 1504 superiore
3168 1434 3472 1504 Apparatus
3502 1435 3674 1491 nostri
3707 1445 3874 1494 tumo.
3898 1487 3904 1503 _.

2289 1524 2597 1581 Lactantius
2647 1540 2776 1581 vero
2836 1526 3077 1581 declarat
3141 1525 3290 1580 illum
3355 1526 3600 1581 Messana
3660 1527 3879 1585 civitate

2294 1617 2575 1672 oriundum
2604 1661 2618 1684 ,
2656 1631 2804 1672 suam
2838 1618 3110 1673 historiam
3139 1633 3206 1674 ex
3241 1618 3409 1674 titulis
3437 1629 3494 1676 et
3520 1622 3691 1676 sacris
3718 1621 3881 1676 insti-

2293 1712 2586 1767 tutionibus
2633 1711 2939 1768 condidisse
2992 1712 3271 1783 (Arnob.,
3327 1713 3416 1767 lib.
3452 1729 3526 1780 tv,
3570 1731 3688 1784 pag.
3734 1715 3882 1782 N7;

3513 1850 3528 1874 ,
3585 1827 3703 1881 pag.
3731 1809 3842 1868 785
3867 1827 3884 1877 ;

2293 1895 2554 1965 Lactant.,
2597 1899 2683 1955 lib.
2737 1914 2754 1953 ι
2794 1897 3028 1954 Institut.
3054 1941 3068 1965 ,
3105 1916 3220 1970 cap.
3248 1900 3338 1967 11,
3371 1917 3492 1972 pag.
3521 1899 3592 1954 62
3625 1912 3673 1954 et
3699 1902 3787 1955 lib.
3827 1901 3890 1958 de

2292 1993 2372 2043 ira
2399 1991 2513 2058 Dei,
2547 2010 2661 2062 cap.
2697 1992 2781 2057 16,
2813 2010 2935 2065 pug.
2967 1993 3071 2049 794

2368 2085 2564 2142 Fabius
2610 2087 2678 2141 ab
2722 2088 2961 2142 Arnobio
2998 2103 3135 2142 unus
3165 2103 3232 2143 ex
3262 2087 3329 2143 iis
3371 2096 3747 2160 nuncupatur,
3797 2089 3889 2162 qui

2295 2180 2459 2233 multa
2491 2179 2557 2234 de
2583 2178 2700 2234 Toli
2734 2189 2902 2249 patre,
2938 2182 3129 2251 patria,
3161 2189 3217 2236 et
3247 2193 3420 2236 tnorte
3455 2184 3686 2253 posteris
3719 2184 3885 2240 tradi-

2295 2271 2486 2326 derunt
2529 2271 2547 2343 (
2578 2272 2770 2327 Arnob.
2801 2313 2815 2336 ,
2847 2274 2938 2328 lib.
2979 2290 3062 2340 v1,
3096 2291 3214 2345 pag.
3270 2275 3369 2330 194
3482 2275 3585 2332 Sed
3615 2277 3795 2347 plures
3824 2293 3890 2334 eo

2297 2367 2513 2419 nomine
2538 2374 2662 2418 sunt
2694 2365 2903 2430 vocati,
2945 2381 3174 2436 quorum
3217 2365 3323 2421 dUo
3355 2366 3438 2421 his
3465 2366 3742 2426 Ciceronis
3771 2385 3890 2424 ver-

2297 2458 2382 2514 bis
2403 2459 2782 2515 celebrantur:
2818 2477 2836 2510 ‹
2866 2459 2983 2514 Ser.
3020 2459 3218 2515 Fabius
3242 2460 3444 2529 Pictor,
3479 2473 3534 2518 et
3554 2463 3689 2533 juris
3715 2475 3768 2518 et
3795 2464 3887 2518 lit-

2299 2560 2576 2617 terarum,
2627 2562 2679 2606 et
2722 2552 3057 2622 antiquitatis
3101 2552 3238 2608 bene
3280 2555 3503 2624 peritus.
3554 2555 3892 2626 Quintusque

2300 2643 2498 2698 Fabius
2557 2643 2737 2699 Labeo
2788 2643 2886 2698 fuit
2929 2655 3150 2699 ornatus
3194 2644 3384 2700 iisdem
3433 2645 3543 2702 fere
3589 2647 3834 2703 laudibus
3867 2667 3885 2699 ι

2304 2734 2521 2807 (Cicer.
2551 2779 2566 2802 ,
2616 2737 2668 2790 in
2713 2736 2860 2790 Brut.
2892 2777 2907 2803 ,
2957 2754 3073 2809 pag.
3108 2737 3212 2792 2H
3242 2739 3282 2808 ).
3316 2737 3469 2793 Alius
3507 2738 3684 2795 adhuc
3727 2739 3895 2797 fuisse

2303 2831 2616 2900 perhibetur
2652 2830 2847 2886 Fabius
2903 2830 3164 2885 Maximus
3215 2830 3546 2887 Servilianus
3596 2832 3889 2900 Pontifex,

2302 2924 2391 2992 qui
2439 2922 2710 2976 Macrobio
2750 2932 3037 2979 attestante
3060 2965 3074 2991 ,
3125 2924 3175 2978 in
3205 2923 3345 2979 libro
3369 2925 3692 2981 duodecimo
3730 2942 3897 2996 nega-

2303 3015 2395 3071 bat
2415 3029 2531 3072 atro
2561 3018 2647 3072 die
2674 3017 3066 3089 parentandum
3100 3017 3359 3089 (Macrob.
3393 3019 3480 3075 lib.
3532 3038 3547 3076 t
3595 3021 3891 3091 Saturnal.,

2305 3127 2419 3182 cap.
2453 3113 2518 3167 l6
2543 3156 2556 3180 ,
2591 3131 2708 3184 pag.
2737 3113 2844 3168 247
2869 3113 2908 3184 ).
2940 3113 3092 3169 Hunc
3121 3124 3300 3169 autem
3331 3115 3549 3186 quidam
3576 3131 3698 3172 cum
3726 3115 3897 3173 Fabio

611 3221 807 3292 quibus
838 3219 972 3274 deos
1004 3218 1249 3273 homines
1298 3214 1464 3269 fuisse
1508 3213 1911 3279 demonstrabat
1938 3210 2196 3279 (Lactant,
2229 3203 2274 3267 C
2305 3205 2516 3261 Pictore
2540 3206 2850 3263 confudisse
2879 3218 3193 3279 arguuntur.
3221 3209 3324 3263 Alii
3353 3225 3566 3280 quoque
3593 3210 3746 3266 Fabii
3775 3212 3894 3268 fue-

613 3313 704 3368 lib.
730 3330 767 3382 t,
799 3329 911 3383 cap.
948 3312 1034 3368 11.
1072 3327 1191 3381 pag,
1222 3307 1313 3371 6'2,
1353 3317 1399 3360 el
1426 3306 1513 3360 lib.
1541 3307 1604 3360 de
1633 3304 1725 3358 Ira
1765 3304 1903 3369 Dei,
1937 3321 2054 3373 cap.
2090 3304 2152 3358 11
2186 3346 2200 3369 ,

614 3424 734 3479 pag.
769 3404 933 3477 794).
975 3403 1081 3459 Sed
1116 3403 1167 3457 id
1196 3400 1488 3456 delibutum
1534 3408 1618 3454 est
1660 3415 1728 3454 ex
1768 3397 2064 3462 Cicerone,
2114 3395 2204 3465 qtti

612 3501 822 3557 dixerat
853 3518 865 3554 :
905 3518 923 3551 ι
956 3498 1086 3567 Quae
1113 3497 1249 3552 ratio
1282 3495 1514 3550 maxime
1543 3502 1766 3548 tractata
1793 3493 1860 3548 ab
1888 3491 2202 3546 Euhemero

614 3605 732 3657 cst,
777 3609 935 3665 quem
979 3601 1162 3647 noster
1203 3600 1257 3646 et
1304 3590 1690 3658 interpretatus
1733 3597 1787 3641 et
1836 3596 2055 3640 secutus
2100 3595 2204 3651 est,

615 3700 812 3762 praeter
839 3695 1088 3753 cteteros,
1106 3685 1312 3740 Ennius
1351 3703 1369 3736 ›
1397 3681 1585 3754 (Cicer.
1624 3683 1700 3736 l.t
1727 3681 1792 3735 de
1816 3680 2008 3735 Natur.
2038 3680 2203 3750 deor.,

618 3800 672 3855 ρ.
703 3783 833 3848 212,
864 3782 953 3835 lin.
985 3780 1101 3850 δι).

686 3875 938 3946 Ephorus
969 3871 1097 3942 quid
1129 3870 1198 3926 de
1230 3869 1500 3924 Musarum
1533 3881 1763 3922 numero
1794 3865 2087 3931 censuerit,
2124 3880 2211 3920 re-

617 3970 720 4026 fert
749 3966 1038 4023 Arnobius.
1087 3963 1192 4020 Sed
1221 3965 1290 4018 de
1319 3962 1420 4016 hoc
1457 3960 1735 4030 Scriptore
1765 3974 1870 4014 non
1903 3958 2072 4014 semel
2101 3957 2213 4012 dis-

617 4063 884 4118 seruimus
933 4058 1148 4131 (Arnob.
1179 4100 1193 4122 ,
1236 4057 1324 4111 lib.
1367 4072 1424 4111 tit
1449 4097 1464 4122 ,
1505 4072 1627 4126 pag.
1669 4053 1768 4120 1‘2;
1802 4063 1923 4107 tom.
1970 4069 1986 4107 ι
2033 4051 2212 4123 Appa-

619 4167 746 4220 rat.,
773 4173 886 4227 pag.
924 4154 1030 4212 545
1059 4163 1108 4208 et
1141 4150 1280 4206 1292
1308 4148 1354 4222 ),

692 4249 985 4322 Epicadius
1026 4257 1298 4317 tamquam
1337 4243 1728 4316 grammaticus
1769 4240 1997 4296 illustris
2027 4240 2094 4295 ab
2124 4255 2214 4295 eo—

593 4344 742 4402 ‘dem
773 4342 1011 4402 Arnobio
1039 4352 1225 4396 nostro
1249 4338 1493 4394 laudatur
1525 4337 1773 4410 (Arnob.,
1807 4337 1898 4390 lib.
1931 4351 1979 4401 I,
2014 4352 2066 4404 p.
2099 4335 2210 4405 57).

620 4435 808 4495 Νυιῐιιρ
835 4446 1013 4491 autem
1046 4435 1090 4489 is
1118 4433 1236 4502 ipse
1272 4440 1393 4498 est,
1433 4445 1590 4501 quem
1632 4431 1682 4484 in
1731 4428 2213 4485 Grammaticorum

2309 3309 2432 3353 runt
2458 3341 2473 3365 ,
2505 3308 2561 3354 ut
2593 3298 2788 3355 Fabius
2825 3299 3145 3356 Cmcilianus
3169 3342 3185 3368 ,
3213 3312 3265 3356 et
3295 3300 3491 3356 Fabius
3519 3303 3789 3359 Rusticus.
3826 3307 3899 3359 At

2311 3390 2534 3445 Fabium
2568 3391 2834 3447 Pictorem
2866 3391 2933 3447 ab
2963 3393 3200 3448 Arnobio
3227 3396 3448 3448 citatum
3481 3396 3645 3452 fuisse
3677 3397 3897 3468 probari

2308 3492 2485 3553 potest
2513 3482 2810 3548 Ciceronis,
2843 3485 3032 3551 Plinii,
3067 3496 3122 3541 et
3150 3488 3211 3540 A.
3243 3485 3380 3542 Gelii
3407 3491 3750 3556 auctoritate,
3805 3491 3897 3561 qui

2308 3581 2535 3644 scriptos
2564 3575 2632 3630 ab
2656 3592 2720 3631 eo
2752 3577 2990 3633 Annales
3034 3591 3354 3634 memorant.
3385 3581 3522 3647 Quid
3562 3598 3726 3645 vero.
3757 3585 3901 3653 quod

2309 3670 2376 3724 ab
2416 3671 2667 3741 Dionysio
2715 3671 3125 3728 Halicarnasseo
3166 3684 3221 3729 et
3261 3674 3612 3731 Romanarum
3660 3678 3898 3749 Scripto-

2309 3780 2421 3816 rum
2449 3765 2831 3834 antiquissimus
2858 3807 2872 3829 ,
2912 3776 2966 3821 et
2995 3765 3250 3822 historias
3274 3770 3647 3839 composuisse
3681 3770 3896 3828 dicitur.

2312 3857 2551 3929 Denique
2575 3858 2779 3914 Gellius
2820 3859 3020 3931 legerat
3055 3860 3153 3916 hos
3182 3861 3333 3918 Fabii
3365 3862 3595 3918 Pictoris
3620 3864 3861 3920 Annales
3885 3907 3900 3932 ,

2312 3952 2468 4007 bona:
2505 3961 2664 4024 atque
2706 3954 2965 4019 sincerae,
2998 3966 3054 4009 ut
3082 3955 3172 4010 ille
3201 3956 3315 4023 ait,
3357 3959 3641 4013 vetustatis
3692 3958 3859 4013 libros
3885 4000 3901 4024 ,

2311 4062 2447 4118 quos
2471 4047 2715 4103 venditor
2747 4048 2865 4103 sine
2891 4047 3100 4103 mendis
3143 4063 3264 4104 esse
3291 4048 3594 4120 jactitabat.
3645 4051 3721 4106 Ex
3755 4053 3898 4108 libro

2313 4153 2492 4195 autem
2532 4140 2675 4196 illius
2720 4141 2893 4209 primo
2923 4144 3198 4211 excerpsit
3228 4141 3516 4215 Dionysius
3538 4143 3733 4210 verba,
3777 4161 3904 4214 qua:

2315 4234 2625 4290 Pontificem
2655 4233 2943 4290 Maximum
2968 4235 3148 4290 dicere
3179 4235 3537 4306 opportebat,
3585 4253 3703 4293 cum
3737 4237 3904 4309 virgi-

2317 4342 2438 4382 nem
2481 4327 2646 4396 capit.
2698 4326 2838 4382 Alibi
2869 4342 2997 4382 vero
3034 4327 3251 4397 longum
3279 4329 3396 4398 ejus
3425 4332 3776 4401 fragmentum
3805 4346 3907 4387 cx-

2318 4420 2464 4476 hibet
2509 4419 2694 4491 (Cicer.
2724 4462 2740 4486 ,
2783 4421 2872 4475 lib.
2914 4437 2932 4475 t
2979 4420 3042 4474 de
3085 4418 3289 4487 Divin.,
3339 4440 3461 4495 pag.
3518 4423 3665 4488 269;
3716 4422 3859 4478 Plin.
3888 4464 3904 4494 ,

622 4531 916 4589 celebrium
972 4542 1198 4583 numero
1248 4524 1534 4582 Suetonius
1577 4523 1666 4578 hic
1704 4523 1883 4578 verbis
1933 4520 2216 4585 reposuit?
2319 4511 2404 4568 lib.
2436 4529 2467 4567 x
2509 4511 2645 4568 Hist.
2693 4523 2864 4568 natur.
2889 4555 2904 4581 ,
2957 4529 3076 4584 cap.
3113 4514 3148 4569 4
3173 4555 3188 4582 ,
3224 4531 3344 4586 pag.
3383 4515 3524 4582 416,
3574 4526 3622 4570 et
3653 4514 3744 4571 lib.
3777 4530 3902 4583 xiv,

631 4643 650 4678 ι
681 4621 962 4678 Cornelius
1010 4615 1276 4689 Epicadus
1299 4658 1314 4681 ,
1345 4613 1492 4670 Lucii
1517 4612 1751 4669 Cornelii
1799 4613 1960 4684 Syllae
1988 4612 2213 4667 dictato-
2244 4596 2299 4656 Ι)
2324 4625 2441 4679 pag.
2475 4608 2605 4674 14:2;
2637 4606 2799 4672 Cell.,
2825 4608 2946 4663 lib.t
2971 4607 3127 4663 Noct.
3162 4609 3342 4672 Attia,
3373 4627 3488 4680 cap.
3523 4611 3592 4665 19.
3619 4653 3634 4677 ,
3665 4628 3782 4683 pag.
3813 4610 3905 4681 60,

623 4719 701 4776 ris
733 4719 955 4774 libertus
979 4757 994 4782 ,
1021 4715 1330 4777 calatorque
1375 4709 1677 4766 sacerdotio
1704 4709 1966 4779 augurali,
2008 4708 2221 4777 filioque

625 4814 742 4885 ejus
785 4811 980 4866 Fausto
1007 4809 1342 4881 gratissimus
1390 4805 1525 4870 fuit;
1579 4820 1745 4876 quare
1780 4819 2067 4874 numquam
2115 4819 2219 4858 non

626 4909 906 4976 utriusque
930 4919 988 4959 Se
1023 4904 1271 4957 libertum
1302 4898 1488 4956 edidit.
1540 4897 1758 4958 Librum
1797 4906 1972 4951 autem
2000 4938 2016 4963 ,
2060 4911 2218 4966 quem

629 5001 775 5075 Sylla
806 4995 1158 5054 noviSsitnum
1201 4992 1269 5047 de
1316 4991 1474 5046 rebus
1511 4991 1622 5044 suis
1674 4987 2044 5059 imperfectum
2089 4987 2218 5041 reli-

628 5103 862 5169 querat,
921 5094 1036 5163 ipse
1095 5088 1365 5160 supplevit
1411 5105 1430 5140 ι
1493 5083 1794 5157 (Sueton.,
1855 5083 1918 5137 de
1968 5081 2216 5136 lllustris.

631 5192 887 5256 Cramm.,
922 5186 950 5259 ς
984 5185 1093 5257 12).

701 5281 1008 5355 Epicharmi
1045 5279 1112 5334 de
1148 5278 1317 5332 Marte
1358 5273 1679 5330 sententiam
1726 5281 1846 5340 post
1884 5269 2218 5326 Clementem

630 5376 1054 5438 Alexandrinum
1087 5371 1376 5434 Arnobius,
1409 5376 1466 5422 ut
1496 5382 1658 5437 supra
1690 5365 1924 5420 vidimus
1948 5407 1962 5430 ,
1995 5362 2223 5418 ethnicis

630 5473 834 5542 objicit.
887 5468 955 5524 At
975 5467 1041 5522 de
1072 5465 1173 5519 hoc
1195 5470 1352 5534 poeta
1380 5503 1394 5524 ,
1446 5469 1499 5513 et
1526 5459 1596 5514 de
1623 5459 1784 5513 variis
1809 5458 1926 5528 ejus
1952 5455 2222 5528 opinioni-

628 5568 730 5626 bus
759 5577 811 5621 et
839 5564 1012 5628 factis,
1041 5563 1092 5616 in
1118 5562 1288 5629 primo
1314 5561 1616 5627 Apparatus
1641 5554 1810 5608 nostri
1841 5563 1986 5608 tomo
2016 5567 2224 5609 sermo-

630 5677 753 5719 nem
806 5659 1000 5728 smpius
1058 5653 1281 5711 fecimus
1334 5649 1602 5724 (Arnob.,
1654 5647 1743 5700 lib.
1784 5661 1861 5709 tv,
1915 5663 2036 5716 pag.
2085 5647 2222 5710 145;

633 5764 753 5810 tom.
798 5769 815 5808 ι
857 5752 1107 5820 Apparat.
1139 5791 1155 5816 ,
1213 5763 1331 5818 pag.
1383 5743 1508 5809 861,
1541 5740 1668 5806 866,
1716 5739 1840 5802 867,
1891 5737 2014 5805 869,
2060 5739 2225 5809 1051,

634 5846 790 5913 1114,
825 5842 990 5912 1205,
1017 5850 1063 5897 et
1092 5840 1310 5907 Arnob.,
1345 5837 1436 5894 lib.
1465 5853 1524 5903 tt,
1553 5851 1672 5907 pag.
1702 5834 1773 5888 90
1803 5829 1846 5905 ).

2320 4715 2365 4758 et
2393 4703 2481 4758 lib.
2518 4719 2572 4769 v,
2602 4720 2715 4774 cap.
2744 4706 2798 4768 4,
2831 4722 2952 4776 pag.
2978 4704 3108 4773 322,
3133 4716 3178 4759 et
3199 4704 3286 4760 lib.
3317 4721 3369 4768 x.
3396 4723 3512 4778 cap.
3548 4708 3600 4775 5,
3629 4725 3749 4778 pag.
3779 4707 3907 4773 527;

2323 4794 2535 4866 Dionys.
2576 4794 2777 4864 Halic.,
2815 4796 2903 4850 lib.
2928 4812 2944 4851 ι
2973 4796 3223 4868 Antiquit.
3258 4814 3414 4866 ront.,
3441 4815 3492 4869 p.
3527 4799 3582 4867 5,
3615 4809 3662 4854 et
3691 4799 3780 4854 lib.
3814 4815 3906 4867 vn,

2324 4905 2442 4961 pag.
2471 4889 2578 4945 475

2399 4985 2619 5041 Flaccus
2644 5029 2658 5052 ,
2685 5002 2844 5057 quem
2873 4988 2943 5043 ob
2967 4989 3330 5058 grammatica:
3361 4986 3610 5059 peritiam
3643 4985 3914 5046 Arnobius

2325 5079 2556 5135 laudavit
2587 5079 2846 5151 (Arnob.,
2869 5081 2955 5136 lib.
2981 5098 3020 5147 t,
3051 5099 3172 5155 pag.
3201 5083 3291 5146 57,
3321 5093 3367 5136 et
3394 5082 3482 5136 lib.
3514 5099 3565 5150 v,
3592 5100 3710 5155 pag.
3745 5083 3910 5156 169),

2327 5173 2374 5226 is
2400 5171 2468 5226 Μ.
2502 5170 2720 5227 Verrius
2766 5173 2988 5229 Flaccus
3019 5183 3101 5230 est
3124 5215 3140 5242 ,
3191 5176 3280 5246 qui
3311 5175 3528 5246 quidem
3559 5180 3681 5246 quis
3714 5175 3911 5242 fuerit,

2327 5276 2422 5322 aut
2442 5283 2550 5338 quo
2582 5275 2833 5336 tempore
2868 5268 3092 5334 vixerit,
3123 5267 3207 5322 bis
3238 5267 3527 5324 Suetonius
3557 5270 3735 5324 verbis
3762 5287 3918 5326 enar-

2326 5371 2450 5417 rat:
2491 5380 2508 5414 ‹
2540 5359 2763 5416 Verrius
2805 5360 3030 5416 Flaccus
3064 5361 3346 5416 libertinus
3372 5404 3386 5424 ,
3445 5361 3672 5418 docendi
3718 5379 3918 5432 genere

2328 5455 2560 5509 maxime
2600 5454 2869 5509 inclaruit.
2914 5453 3155 5525 Namque
3201 5454 3266 5510 ad
3312 5456 3657 5511 exercitando
3704 5455 3920 5512 discen-

2325 5550 2457 5604 tium
2490 5551 2700 5621 ingenia
2727 5593 2742 5617 ,
2774 5551 3007 5620 aequales
3035 5550 3173 5605 inter
3215 5565 3273 5605 se
3300 5551 3637 5606 committere
3677 5552 3916 5618 solebat,

2328 5644 2603 5714 propOsita
2636 5657 2742 5698 non
2771 5643 2943 5698 solum
2974 5644 3219 5708 materia,
3248 5658 3410 5714 quam
3437 5643 3738 5699 scriberent
3760 5685 3774 5705 .
3823 5643 3920 5699 sed

2332 5737 2558 5809 praemio
2593 5737 2734 5808 quod
2780 5739 2952 5794 victor
2992 5735 3252 5794 auferret.
3298 5737 3353 5792 Id
3402 5749 3518 5794 erat
3549 5739 3684 5794 liber
3727 5737 3924 5811 aliquis

2335 5831 2610 5904 antiquus,
2644 5829 2891 5902 pulcher,
2920 5841 3014 5889 aut
3039 5832 3231 5888 rarior.
3264 5830 3442 5900 Quare
3473 5831 3540 5887 ab
3572 5831 3819 5903 Augusto
3855 5848 3926 5892 ne
