4230 6266
539 294 644 353 685

1786 279 2241 346 θιδεΕιιτΑτιο
2278 281 2559 344 ΡΒᾸΕἿΙΑ

3709 284 3819 348 684

536 408 760 467 sebiano
789 407 843 463 in
871 402 1137 463 Chronico
1163 398 1358 458 Lucilii
1385 405 1536 457 ortus
1564 405 1622 458 et
1646 396 1825 455 obitus
1853 396 1934 454 sic
1961 405 2117 455 nota-
2147 399 2201 460 Α
2224 397 2483 455 tissimus.
2512 397 2690 455 'Extat
2724 408 2903 457 autem
2942 401 3226 459 Ciceronis
3267 402 3629 474 fragmentum
3658 441 3672 467 ,
3722 400 3816 456 ubi

539 513 641 558 tur.
698 521 717 552 ι
764 498 1003 559 Lucilius
1061 505 1218 567 poeta
1278 494 1533 549 nascitur.
1582 511 1601 544 ι
1671 490 1807 547 Τιιιιι
1874 489 2114 549 deinde:

548 617 560 648 ι
592 596 751 653 Caius
778 592 1037 657 Lucilius,
1069 591 1355 647 satirarum
1402 587 1655 656 scriptor,
1688 584 1911 656 Neapoli
1955 583 2120 643 mori~

536 701 652 755 tur,
703 702 765 741 ac
810 686 1026 757 publico
1072 682 1263 738 funere
1304 681 1525 739 eli'ertur
1567 694 1712 736 anno
1755 678 1930 735 (etatis
1970 678 2037 734 46
2091 697 2111 729 ι

539 780 770 853 (Euseb.
803 776 951 846 Clin,
983 777 1050 835 ad
1079 793 1204 831 ann.
1237 775 1376 863 1869
1403 782 1451 829 et
1478 771 1614 830 1914

604 894 805 950 Manilii
833 895 903 950 de
927 891 1301 948 Novensiiibus
1328 889 1433 945 diis
1462 888 1772 959 opinionem
1797 887 1917 941 aliis
1939 886 2119 941 ethni—

531 989 609 1047 cis
636 986 908 1043 Arnobius
936 995 1123 1041 noster
1152 983 1424 1055 opposuit.
1459 980 1647 1036 Nonne
1673 980 1851 1050 itaque
1872 979 1966 1035 ille
1992 986 2115 1044 est,

529 1080 683 1150 cujus
731 1078 1027 1135 sententias
1070 1077 1139 1132 de
1194 1076 1429 1145 Europa,
1484 1071 1762 1137 Titanide,
1806 1071 2007 1136 Casco,
2063 1079 2120 1125 et

529 1172 697 1231 Casca
740 1188 772 1228 a
798 1173 1040 1228 Varrone
1092 1171 1366 1241 expositus
1417 1165 1684 1237 legimus?
1726 1163 1918 1219 Nonne
1953 1163 2119 1217 etiam

530 1270 645 1341 ipse
675 1277 791 1333 est,
822 1266 969 1338 quia
992 1266 1171 1320 Plinio
1207 1262 1516 1333 appellatur
1545 1258 1997 1330 diligentissimus
2030 1264 2118 1310 to-

528 1373 811 1434 gatorum,
863 1374 926 1414 ac
968 1366 1221 1421 senator;
1271 1365 1327 1410 et
1371 1355 1593 1408 doctore
1633 1352 1819 1418 nullo,
1871 1348 2120 1404 maximis

530 1456 728 1513 nobilis
753 1451 1044 1509 doctrinis.
1084 1450 1168 1506 Ab
1195 1450 1262 1506 A.
1292 1456 1475 1502 autem
1510 1444 1685 1501 Gellio
1711 1443 1840 1497 viris
1874 1442 2119 1511 apprime

530 1547 734 1612 doctis;
767 1562 797 1600 a
819 1544 1113 1609 Cicerone,
1150 1540 1407 1596 litteratis
1429 1579 1442 1602 ,
1472 1547 1528 1592 et
1554 1536 1621 1591 ad
1652 1534 1939 1591 dicendum
1958 1576 1972 1600 ,
2004 1548 2121 1589 res-

526 1640 896 1713 pondendum,
927 1647 1088 1708 atque
1112 1634 1380 1705 agendum
1412 1632 1601 1704 peritis
1628 1629 1959 1685 adscribitur
1990 1627 2117 1700 (Ar-

528 1736 671 1799 nob,,
705 1734 791 1788 lib.
823 1749 901 1799 ιιι,
937 1749 988 1802 p.
1024 1731 1126 1785 129
1153 1740 1199 1783 et
1229 1745 1362 1798 seqq.
1389 1744 1403 1792 ;
1444 1725 1619 1791 Varr.,
1675 1724 1766 1791 lib,
1794 1739 1845 1778 tv
1872 1723 1936 1778 de
1961 1721 2110 1793 Ling.

526 1790 726 1895 lat.,”p.
760 1824 847 1890 10,
876 1790 1029 1878 el'lib.
1058 1839 1129 1886 Vl,
1159 1839 1213 1891 p.
1240 1790 1307 1874 7b
1328 1790 1499 1883 et76;
1522 1790 1692 1885 Plin.,
1744 1790 1835 1873 lib.
1868 1833 1903 1872 χ
1927 1790 2116 1875 Natu‘r.
2153 1790 2201 1852 Β

524 1918 645 1973 hist.
674 1960 689 1985 ,
724 1933 837 1988 cap.
870 1915 906 1970 2
928 1957 945 1982 ,
984 1933 1033 1986 p.
1082 1911 1220 1977 589;
1269 1911 1402 1967 Gell.
1425 1951 1441 1977 ,
1503 1910 1589 1965 lib.
1637 1910 1703 1965 17
1734 1906 1891 1963 Nact.
1936 1906 2120 1973 Attia,

524 2027 637 2081 cap.
671 2011 723 2078 7,
757 2027 808 2081 p.
840 2008 979 2073 957;
1010 2005 1195 2073 Cicer.,
1225 2005 1281 2059 in
1306 2004 1493 2071 Bruto,
1527 2021 1579 2072 p.
1630 2001 1764 2067 118,
1811 2011 1858 2055 et
1886 2000 1973 2056 lib.
2016 2016 2033 2055 1
2060 2001 2124 2056 de

533 2102 708 2170 0rat.,
740 2119 790 2172 p.
828 2099 993 2170 129).

604 2216 881 2282 Mnaseas,
916 2215 984 2271 ab
1024 2214 1170 2281 aliis,
1215 2222 1274 2267 ut
1299 2211 1375 2266 ait
1401 2210 1710 2278 Arnobius,
1753 2208 1822 2265 de
1854 2209 2123 2265 Musarum

530 2312 842 2382 parentibus
880 2319 936 2365 et
982 2323 1210 2364 numero
1259 2307 1551 2377 plurimum
1597 2303 1951 2360 dissentiebat
1985 2303 2122 2358 :sed

526 2405 647 2476 quis
670 2405 863 2473 fuerit,
896 2404 951 2459 in
973 2403 1192 2459 dubium
1217 2403 1397 2457 vocari
1431 2400 1648 2472 potest(
1676 2400 1893 2468 Arnob.,
1929 2401 2016 2454 lib.
2040 2416 2121 2463 ιιι,

530 2519 586 2572 p.
643 2501 821 2570 122).
872 2498 1060 2554 Plures
1111 2496 1393 2552 enimvero
1437 2495 1541 2551 hoc
1597 2496 1817 2551 nomine
1869 2495 2125 2564 appellati

531 2604 677 2650 sunt.
709 2593 859 2650 Unus
889 2601 1065 2647 autem
1096 2607 1161 2645 ex
1192 2591 1255 2643 iis
1276 2632 1291 2657 ,
1323 2590 1367 2643 si
1393 2588 1584 2644 credas
1608 2587 1786 2643 Suidze
1808 2630 1823 2652 ,
1870 2587 2123 2660 Berytius

538 2687 608 2742 de
632 2688 766 2742 Arte
796 2685 1062 2739 rhetorica
1081 2725 1096 2746 ,
1133 2693 1190 2736 et
1218 2680 1521 2736 nominibus
1551 2679 1730 2734 atticis
1760 2680 1996 2751 scripsit.
2028 2679 2123 2733 Al-

534 2790 706 2834 terum
749 2776 931 2831 laudat
959 2776 1251 2829 Athenaeus
1272 2815 1288 2841 ,
1330 2774 1518 2854 Λοκρὸν
1543 2775 1628 2828 καὶ
1658 2773 1957 2845 Κολοφώνιον
1978 2813 1994 2836 ,
2024 2769 2127 2824 Lo-

541 2890 685 2928 crum
713 2890 800 2928 seu
832 2871 1239 2941 Colophonium,
1287 2870 1378 2939 qui
1408 2869 1697 2940 inscriptos
1728 2868 1879 2925 lusus
1908 2881 2128 2939 compo-

532 2969 658 3034 suit,
704 2967 775 3021 ob
799 2965 1115 3020 varietatem
1163 2961 1398 3033 Salpem,
1448 2962 1753 3016 nominatos
1797 2960 2028 3032 (Suid.,
2057 2960 2126 3014 ad

532 3060 666 3116 verb.
704 3061 975 3123 Μνασέαςς
1014 3057 1199 3111 Athon.
1226 3098 1240 3122 ,
1283 3056 1367 3110 lib.
1415 3072 1487 3109 vn
1534 3054 1783 3124 Deipnos.
1809 3094 1823 3119 ,
1865 3071 1921 3125 p.
1954 3052 2122 3125 521).

532 3154 748 3210 Tertius
774 3152 859 3205 bis
892 3150 1060 3204 multo
1085 3149 1379 3217 celebrior,
1400 3159 1455 3204 et
1478 3148 1721 3202 crebrius
1744 3164 1774 3202 a
1801 3148 1965 3202 variis
1986 3148 2124 3202 scri-

536 3244 779 3314 ptoribus
805 3242 1024 3306 citatus,
1055 3240 1302 3295 Mnaseas
1329 3250 1413 3294 est
1444 3239 1753 3298 Patareusis
1777 3253 1872 3295 seu
1901 3240 2125 3295 Patren-

536 3338 635 3401 sis,
664 3334 819 3405 cujus
841 3334 1236 3401 Europicorum
1268 3332 1392 3387 libri
1419 3332 1488 3387 ab
1508 3331 1701 3387 eodem
1730 3332 1993 3388 Athenaeo
2016 3348 2126 3391 non

536 3432 705 3489 semel
734 3431 968 3485 citantur
995 3427 1188 3500 (Idem,
1216 3427 1366 3497 ibid.,
1399 3426 1486 3483 lib.
1518 3443 1592 3495 iv,
1619 3427 1821 3498 ρ.158,
1853 3439 1899 3481 et
1917 3427 2002 3481 lib.
2031 3444 2125 3496 vn,

538 3546 593 3598 p.
622 3525 749 3593 296,
777 3534 823 3579 et
847 3522 933 3578 lib.
966 3525 1059 3590 xit,
1092 3539 1143 3591 p.
1178 3519 1344 3593 550).
1378 3521 1453 3575 De
1478 3518 1583 3574 diis
1608 3502 1788 3575 autem
1816 3534 2124 3574 sermonem

542 3626 593 3681 iu
623 3623 728 3679 illis
756 3620 899 3675 haud
927 3619 1089 3674 dubie
1120 3618 1446 3671 instituerat.
1483 3613 1615 3668 Nam
1647 3614 1773 3669 inde
1800 3614 1993 3669 Suidas
2013 3614 2128 3669 col-

542 3717 671 3786 legit
714 3712 1031 3768 Praxidicen
1073 3710 1230 3764 deam
1278 3708 1448 3762 fuisse
1493 3707 1649 3777 cujus
1689 3721 1846 3761 soror
1891 3705 2129 3762 Ctesiam

542 3807 724 3880 genuit
753 3804 951 3877 (Suid.
978 3845 993 3869 ,
1024 3803 1093 3857 ad
1121 3802 1253 3856 verb.
1288 3799 1563 3878 πραξιδίκη
1584 3798 1623 3873 ).
1650 3799 1931 3870 Epaphum
1963 3816 2093 3856 vero
2113 3844 2128 3867 ,

544 3906 621 3957 uti
649 3908 703 3956 et
732 3898 1020 3955 Plutarcho
1046 3896 1301 3950 discimus
1322 3936 1338 3961 ,
1368 3893 1617 3963 apposuit
1644 3892 1896 3949 Liberum
1922 3937 1936 3961 ,
1963 3892 2134 3949 Osiri-

546 3995 669 4050 dem
694 4001 751 4048 et
776 3991 1041 4061 Serapim.
1076 3987 1215 4055 Quid
1241 4001 1372 4057 ergo
1394 3994 1540 4041 vetat
1565 4025 1580 4051 ,
1622 3985 1911 4054 quominus
1939 3986 2132 4041 creda-

548 4101 666 4143 mus
689 4086 832 4140 hunc
858 4098 979 4139 esse
1017 4097 1177 4154 quem
1216 4080 1486 4134 Arnobius
1509 4078 1577 4133 de
1619 4077 1784 4132 Musis
1828 4080 2137 4149 diSputasse

552 4177 886 4238 testiﬁcatur.
917 4175 1077 4231 Plura
1104 4173 1171 4228 de
1196 4172 1410 4227 Mnasea
1438 4170 1579 4242 apud
1613 4171 1883 4236 Vossium,
1912 4182 1974 4238 let
2001 4172 2138 4226 alios

552 4272 799 4335 invenies
826 4267 845 4340 (
876 4268 1143 4323 Plutarch.
1172 4309 1187 4333 ,
1218 4265 1307 4319 lib.
1336 4265 1400 4318 de
1423 4263 1553 4317 Isid.
1587 4275 1633 4317 et
1660 4260 1882 4331 Osirid.,
1914 4273 2036 4317 tom.
2078 4278 2135 4328 ιι,

551 4385 605 4437 ρ.
658 4364 804 4430 565;
869 4361 1058 4425 Voss.,
1102 4359 1190 4415 lib.
1221 4375 1240 4413 1
1298 4358 1361 4411 de
1389 4355 1587 4412 Hister.
1640 4372 1830 4427 91120.,
1879 4373 1994 4427 cap.
2043 4356 2135 4425 21,

551 4476 605 4529 p.
638 4454 742 4511 154
768 4455 809 4525 ).

2223 491 2381 562 hujus
2408 492 2468 548 P.
2499 491 2697 564 Nigidii
2726 494 2994 564 doctrina,
3025 496 3182 553 sicuti
3209 512 3241 551 a
3267 495 3566 561 Macrobio,
3595 496 3662 549 Α.
3689 493 3819 550 Gel-

2220 586 2314 652 lio.
2346 597 2400 642 et
2426 588 2638 655 Servio,
2670 590 3083 646 commendatur
3126 590 3253 664 (Cic.
3289 592 3477 663 fragm.
3500 633 3514 657 ,
3564 604 3682 659 pag.
3713 586 3783 643 25
3795 605 3818 655 ;

2220 681 2452 736 Macrob.
2471 723 2488 748 ,
2534 682 2623 737 lib.
2674 699 2730 738 vr
2774 684 3069 754 Saturnal.,
3100 701 3217 759 cap.
3245 686 3300 753 8,
3331 702 3453 756 pag.
3480 683 3587 740 495
3613 699 3628 750 ἶ
3658 682 3818 751 Genu

2222 771 2311 829 lib.
2341 774 2409 829 19
2439 772 2596 829 Noct.
2622 774 2753 843 Att.,
2776 792 2893 848 cap.
2930 779 3032 845 ﬂ;
3074 777 3243 845 Sen,
3274 776 3326 832 in
3355 777 3442 832 lib.
3497 792 3532 831 Χ
3578 773 3817 845 ﬁndit,

2222 880 2340 936 pag.
2381 866 2528 936 585).
2562 867 2646 922 Ad
2686 883 2813 924 eum
2851 878 3028 925 autem
3057 871 3230 941 ipsum
3262 881 3443 926 orator
3482 870 3677 925 latinus
3706 869 3824 925 haec

2220 958 2275 1012 in
2308 957 2473 1014 verba
2509 960 2726 1031 scripsit
2770 978 2788 1016 :
2836 981 2856 1015 ι
2886 961 3038 1020 Nunc
3064 964 3127 1020 P.
3157 963 3366 1035 Nigidio
3389 1005 3405 1029 ,
3450 964 3542 1019 uni
3583 965 3824 1021 omnium

2219 1048 2531 1108 doctissimo
2560 1063 2614 1108 et
2633 1054 2992 1121 sanctissimo,
3018 1065 3075 1113 et
3097 1058 3326 1112 maxima
3344 1056 3612 1128 quondam
3630 1057 3818 1127 gratia,

2219 1149 2274 1197 et
2302 1141 2429 1197 mihi
2454 1153 2603 1199 certe
2629 1147 2993 1215 amicissimo,
3034 1164 3104 1205 ne
3140 1150 3367 1220 benigne
3410 1149 3627 1221 quidem
3664 1149 3824 1220 polli-

2219 1234 2327 1289 ceri
2353 1250 2568 1304 possum
2596 1236 2809 1310 (Cicer.,
2838 1241 2928 1295 lib.
2969 1257 3047 1306 tv,
3079 1241 3248 1311 Epist.
3281 1239 3392 1314 15).
3422 1259 3441 1293 ι
3492 1240 3576 1296 Ab
3602 1242 3667 1296 A.
3697 1240 3825 1298 σοι-

2218 1324 2293 1381 lio
2322 1338 2377 1384 et
2397 1329 2518 1384 aliis
2543 1329 2763 1402 Figulus
2792 1335 3204 1404 cognominatur
3229 1332 3413 1407 (Gcll.,
3433 1334 3521 1388 lib.
3552 1350 3610 1388 γι
3664 1333 3819 1390 Noct.

2220 1417 2325 1477 Att.
2351 1467 2365 1487 ,
2398 1437 2519 1489 cap.
2550 1422 2648 1493 6),
2697 1439 2804 1494 quo
2846 1424 3069 1483 nomine
3114 1441 3143 1482 a
3186 1426 3408 1483 Lucano
3462 1425 3550 1484 his
3575 1427 3825 1485 versibus

2221 1527 2547 1584 magnopere
2577 1516 2855 1574 extollitur
2882 1538 2896 1573 :

2313 1678 2377 1749 ,ἀι
2396 1679 2619 1749 Figulus,
2645 1684 2726 1734 cui
2750 1696 2870 1734 cura
2891 1685 3023 1749 deos
3046 1692 3349 1749 secretaque
3366 1685 3483 1749 celi

2315 1742 2477 1814 Nosse
2495 1742 2618 1814 tuit,’_
2630 1759 2776 1809 quem
2794 1760 2891 1797 non
2909 1747 3166 1814 Astellarum
3189 1742 3414 1814 [Egyptia
3439 1748 3694 1814 Memphis,

2318 1802 2557 1868 eliquaret
2574 1802 2700 1872 visu,
2724 1812 3045 1873 numerisque
3069 1802 3383 1862 movenflb'us
3405 1819 3555 1863 astra.

2724 1917 2949 1982 (Lucam
2969 1916 3054 1971 lib.
3086 1934 3120 1981 ι,
3145 1931 3270 1971 vers.
3294 1919 3389 1971 639
3411 1925 3458 1972 el
3484 1917 3641 1987 seqq.)

2224 2082 2333 2139 Cur
2360 2095 2538 2143 autem
2566 2085 2669 2142 hoc
2693 2102 2993 2157 cognomen
3043 2088 3120 2144 illi
3152 2091 3336 2146 datum
3366 2089 3467 2157 sit,
3510 2090 3593 2145 bis
3621 2092 3831 2162 Augus-

2226 2178 2369 2233 tinus
2394 2179 2575 2234 verbis
2602 2181 2837 2251 explicat
2889 2199 2904 2235 :
2959 2202 2979 2235 ‹
3008 2181 3228 2238 Frustra
3268 2184 3530 2239 asseritur
3557 2182 3736 2240 nobile
3766 2185 3835 2241 il—

2228 2270 2316 2324 lud
2344 2282 2708 2328 commentum
2735 2316 2750 2339 ,
2791 2273 2861 2329 de
2907 2274 3053 2346 ﬁguli
3095 2284 3248 2344 rota,
3293 2276 3438 2347 quod
3483 2277 3835 2349 respondisse

2228 2361 2403 2417 ferunt
2444 2362 2735 2433 Nigidium,
2771 2366 2871 2422 hac
2901 2368 3200 2440 qumstione
3235 2369 3509 2424 turbatum
3537 2412 3553 2437 ,
3605 2371 3747 2428 unde
3775 2379 3834 2427 et

2224 2453 2445 2525 Figulus
2476 2458 2785 2526 appellatus
2828 2467 2914 2514 est
2964 2459 3205 2533 (August.
3235 2504 3251 2530 ,
3300 2460 3389 2517 lib.
3436 2478 3471 2517 ν
3529 2462 3593 2517 de
3639 2461 3828 2531 Civil.,

2225 2564 2341 2620 cap.
2368 2549 2407 2604 3
2429 2587 2447 2615 ,
2487 2565 2606 2620 pag.
2642 2551 2789 2622 116).
2831 2553 3002 2609 Porro
3029 2564 3206 2608 autem
3234 2550 3453 2623 quando
3480 2565 3537 2611 et
3559 2556 3832 2627 quomodo

2226 2652 2454 2701 mortem
2487 2644 2684 2700 obierit
2704 2688 2718 2712 ,
2750 2646 2796 2700 si
2826 2661 3037 2717 qumras
3057 2690 3072 2715 ,
3114 2647 3237 2703 andi
3268 2647 3560 2704 Eusebiaui
3588 2649 3835 2707 chronici

2227 2750 2539 2795 auctorem:
2569 2756 2588 2789 ‹
2608 2737 2846 2809 Nigidius
2875 2737 3115 2811 Figulus,
3144 2740 3519 2814 Pythagoricis
3544 2753 3598 2799 et
3623 2760 3830 2817 magus,

2227 2829 2279 2883 iu
2303 2830 2464 2884 exilio
2490 2830 2720 2885 moritur
2740 2830 2979 2903 (Euseb,
3012 2834 3067 2888 in
3092 2831 3309 2903 Chron.,
3335 2836 3405 2889 ad
3431 2853 3556 2892 ann.
3586 2838 3765 2911 1975).
3804 2858 3827 2891 ι

2233 2928 2479 2999 Denique
2493 2929 2625 2982 varii
2646 2928 2793 2983 illius
2819 2930 2963 2998 libri,
2986 2941 3146 3002 atque
3168 2933 3220 2987 iu
3241 2932 3428 3003 primis
3453 2933 3836 2995 commentarii

2228 3021 2565 3090 grammatici
2594 3021 2663 3077 ab
2691 3023 2758 3076 A.
2789 3021 2944 3078 Gelio
2971 3038 3116 3095 saepe
3146 3026 3345 3095 sat-pius
3368 3027 3617 3085 citantur.

2301 3132 2463 3189 Nisus
2514 3135 2569 3189 in
2614 3138 3085 3206 grammaticorum
3117 3154 3345 3195 numero
3371 3140 3441 3199 ab
3466 3142 3711 3199 Arnobio
3741 3160 3835 3202 re-

2230 3226 2466 3295 ponitur.
2500 3227 2684 3284 Venus
2714 3241 2897 3285 autem
2938 3231 3157 3303 Longus
3188 3235 3519 3293 mentionem
3553 3237 3695 3294 illius
3724 3238 3837 3297 fre-

2228 3332 2459 3391 quenter
2488 3321 2686 3379 fecisse
2733 3325 2929 3397 legitur
2952 3368 2968 3394 ,
2999 3338 3051 3384 et
3094 3329 3325 3401 scriptos
3365 3331 3432 3387 ab
3456 3344 3523 3389 eo
3546 3331 3834 3392 Fastorum

2231 3416 2400 3481 libros
2444 3416 2715 3475 Gesnerus
2766 3433 3030 3477 memorat
3085 3421 3325 3495 (Aruob.,
3372 3424 3462 3480 lib.
3490 3442 3531 3493 ι,
3574 3445 3695 3501 pag.
3725 3430 3834 3501 37;

2241 3509 2353 3568 Vel.
2386 3510 2579 3584 Long.,
2611 3514 2673 3568 de
2706 3513 3059 3587 Orthograph.
3084 3533 3107 3582 ;
3134 3515 3373 3589 Comen,
3402 3520 3457 3573 in
3480 3519 3777 3594 Biblioth.).

2305 3625 2625 3685 Numenium
2671 3628 2881 3685 Platoni
2919 3638 2973 3685 et
2999 3631 3201 3687 Cronio
3226 3632 3509 3703 conjunxit
3536 3634 3836 3696 Arnobius.

2235 3723 2620 3797 Pythagoricus
2641 3725 2731 3781 ille
2754 3724 2881 3792 fuit,
2910 3736 2964 3781 et
2994 3730 3123 3804 ἀνὴρ
3152 3732 3426 3804 ἐπιφανής,
3456 3731 3535 3786 uti
3569 3732 3839 3792 Eusebius

2240 3826 2484 3874 testatur.
2521 3818 2890 3879 Theodoretus
2933 3838 3059 3879 vero
3102 3825 3194 3894 qui
3234 3824 3387 3880 illum
3416 3825 3837 3899 Pythagoricum

2237 3926 2379 3981 sirpe
2409 3914 2678 3982 appellat,
2725 3915 2841 3970 haec
2880 3915 2948 3971 de
3003 3918 3120 3987 ipso
3170 3927 3225 3973 et
3254 3918 3545 3974 Plutarcho
3573 3923 3788 3993 scripsit
3818 3943 3838 3981 :

2237 4007 2373 4063 Μετὰ
2416 4009 2517 4082 γὰρ
2554 4005 2615 4066 δή
2653 4013 2742 4067 τήν
2788 4016 2881 4064 τοῦ
2926 4020 3155 4086 Σωτῆρος
3193 4014 3332 4082 ἡμῶν
3361 4015 3651 4086 ἐπιφάνειαν
3686 4019 3837 4073 αὐτοὶ

2237 4096 2513 4168 γενόμενοι.
2536 4109 2627 4160 τῆς
2648 4111 3004 4174 χριστιανιχῆς
3030 4104 3281 4177 θιολογίας
3310 4106 3470 4162 πολλὰ
3494 4118 3601 4170 τοῖς
3635 4113 3839 4173 οἰκείοις

2238 4190 2469 4259 ἀνέμιξαν
2493 4191 2678 4265 λόγοις.
2719 4191 2791 4246 lli
2820 4208 3040 4263 namque
3059 4211 3175 4249 cum
3204 4208 3316 4267 post
3342 4200 3619 4255 aduentum
3641 4201 3836 4257 Salva-

2243 4281 2365 4337 toris
2394 4284 2554 4339 nostri
2581 4285 2852 4340 existerent
2880 4327 2895 4352 ,
2929 4287 3095 4341 multa
3121 4290 3415 4347 christiana
3439 4293 3710 4366 theologia!
3726 4300 3840 4352 suis

2242 4371 2383 4427 libris
2402 4375 2744 4431 inseruerunt.
2770 4379 2841 4432 At
2861 4378 2929 4433 de
2956 4378 3052 4435 illo
3065 4379 3179 4450 jam
3200 4397 3384 4451 supra,
3409 4395 3463 4440 et
3482 4393 3632 4441 tonio
3662 4389 3841 4457 primo

2243 4470 2542 4536 Apparatus
2586 4472 2755 4526 nostri
2795 4471 3029 4529 diximus
3068 4472 3319 4546 (Arnob.,
3359 4479 3527 4546 ΗΜ,
3558 4498 3682 4553 pag.
3727 4484 3840 4552 49;

620 4549 837 4622 Myrtilli
872 4562 969 4604 seu
1009 4544 1231 4617 Myrsilli
1256 4583 1271 4608 ,
1317 4543 1489 4613 inquit
1516 4543 1788 4597 Arnobius
1808 4586 1822 4609 ,
1849 4541 2128 4613 peculiaris

2244 4557 2429 4615 Euseb.
2458 4601 2473 4627 ,
2501 4561 2591 4616 lib.
2638 4579 2676 4619 ιι
2736 4562 2971 4634 ρτωρατ.
3004 4541 3279 4641 Elimea,
3304 4541 3431 4641 ὐσρ.
3460 4541 3523 4638 9,
3544 4541 3664 4645 in;
3693 4541 3837 4643 525';

553 4652 669 4703 erat
695 4642 762 4699 de
788 4641 951 4697 Musis
995 4638 1197 4708 Opinio.
1246 4636 1352 4692 Sed
1390 4635 1459 4690 de
1514 4635 1615 4689 hoc
1661 4644 1913 4703 auctore,
1964 4635 2133 4691 illius-

552 4752 658 4808 que
683 4732 949 4790 sententia
1001 4732 1052 4785 in
1088 4730 1270 4800 priore
1309 4730 1614 4797 Apparatus
1646 4729 1817 4783 nostri
1850 4737 1997 4783 torno
2026 4730 2139 4799 egi—

554 4825 914 4899 mus(Arnob.
948 4866 962 4890 ,
1016 4824 1105 4881 lib.
1150 4837 1247 4889 ιιι,
1304 4836 1425 4892 pag.
1477 4820 1600 4886 lii;
1645 4832 1768 4875 tom.
1810 4836 1829 4875 ι
1856 4823 2134 4894 Apparat.,

556 4942 608 4995 ρ.
638 4920 788 4990 785).

624 5039 937 5108 Nicagoram
961 5031 1214 5105 Cyprium
1240 5030 1468 5102 gentiles
1488 5071 1503 5097 ,
1532 5029 1686 5085 sicuti
1720 5027 1990 5084 Arnobius
2016 5045 2141 5084 nar-

553 5144 652 5201 rat,
682 5129 927 5186 atheismi
958 5124 1319 5198 postulabant.
1367 5123 1477 5178 Nos
1517 5138 1646 5177 vero
1674 5121 1741 5175 de
1780 5121 1871 5175 illo
1900 5122 2059 5174 etiam
2087 5130 2140 5176 et

555 5227 609 5282 in
657 5227 754 5279 hac
782 5221 1160 5278 dissertatione
1184 5258 1201 5284 ,
1247 5224 1302 5271 et
1337 5215 1463 5268 alibi
1496 5213 1853 5269 disseruimus
1894 5211 2134 5283 (Arnob.,

556 5319 646 5373 lib.
671 5333 745 5381 1v,
782 5331 900 5387 pag.
932 5314 1066 5377 M7;
1117 5327 1261 5379 supr.
1291 5350 1306 5375 ,
1359 5324 1473 5377 cap.
1516 5306 1584 5373 9,
1638 5316 1736 5361 art.
1766 5320 1817 5372 1;
1873 5318 1919 5360 et
1968 5316 2138 5361 tom.t

554 5410 829 5482 Apparat.,
863 5423 979 5476 pag.
1016 5403 1118 5458 769
1146 5412 1191 5455 et
1222 5398 1368 5473 785).

622 5520 862 5594 Nigidius
891 5528 971 5573 ter
997 5517 1065 5571 ab
1093 5523 1312 5569 auctore
1341 5520 1524 5569 nostro
1550 5511 1795 5571 laudatus
1818 5552 1833 5577 ,
1863 5512 2137 5570 Ciceronis

552 5627 759 5673 atatem
784 5612 1009 5669 ilotebat
1037 5606 1273 5681 (Arnob,
1290 5605 1377 5659 lib.
1400 5621 1477 5670 ιιι,
1500 5622 1621 5675 pag.
1644 5605 1765 5670 119,
1792 5605 1895 5663 125
1917 5606 2136 5678 ει126).

550 5709 791 5767 Celebris
819 5706 1047 5775 scriptor
1078 5703 1193 5766 fuit,
1220 5702 1300 5756 vir
1323 5699 1603 5773 praetorius
1623 5738 1638 5764 .
1670 5699 2025 5757 humanorum
2049 5716 2136 5756 ar-

559 5807 689 5871 ium,
724 5798 1075 5874 philosophia:
1096 5839 1110 5863 ,
1145 5795 1468 5865 astrologiae,
1501 5804 1555 5849 et
1586 5793 1881 5851 medeciuze
1908 5794 2130 5855 consul-

2246 4649 2526 4721 Tlieodor.,
2558 4671 2708 4709 serm.
2732 4656 2785 4725 2,
2810 4658 2873 4711 de
2890 4657 3043 4725 Fide,
3072 4670 3193 4716 tam.
3214 4677 3294 4727 IV,
3324 4681 3448 4736 pag.
3470 4666 3613 4735 500;
3656 4686 3838 4739 supra,

2246 4746 2314 4798 ad
2340 4747 2469 4803 verb.
2487 4746 2738 4818 CBONIUS;
2784 4761 2908 4810 tom.
2936 4769 2956 4809 ι
2986 4753 3259 4827 Apparat.,
3283 4775 3405 4832 pag.
3432 4761 3569 4819 1115
3596 4772 3647 4820 et
3673 4765 3833 4836 1128,

2246 4852 2306 4890 ac
2321 4846 2507 4910 seqq)

2318 4950 2539 5021 Orphei,
2567 4968 2663 5015 seu
2689 4996 2705 5024 ,
2746 4966 2803 5010 ut
2838 4956 3076 5030 loquitur
3099 4960 3392 5031 Arnobius,
3433 4964 3668 5024 Threicii
3697 4971 3838 5028 vatis

2244 5043 2361 5099 libri
2403 5045 2470 5099 ab
2506 5045 2736 5104 ethnicis
2774 5049 3083 5108 ferebantur
3122 5056 3441 5127 antiquitatis
3468 5076 3577 5115 esse
3604 5063 3838 5129 divina;

2246 5143 2383 5198 haud
2440 5144 2601 5203 dubie
2666 5146 2787 5216 quia
2851 5147 3096 5207 Grmcum
3145 5152 3295 5208 illum
3358 5168 3572 5226 poetam
3609 5199 3625 5227 ,
3694 5168 3837 5216 teste

2242 5236 2549 5306 Lactantio,
2600 5240 2843 5311 wqualem
2890 5244 3114 5312 ipsorum
3153 5246 3385 5316 deorum,
3446 5261 3500 5306 et
3543 5268 3665 5308 cum
3696 5254 3835 5311 Her-

2241 5332 2361 5387 cule
2404 5320 2906 5403 it’tter'Argunautas
2944 5338 3220 5409 navigasse
3246 5341 3558 5407 credebant.
3589 5344 3832 5419 (Amat,

2240 5423 2329 5477 lib.
2359 5440 2420 5487 v,
2468 5443 2587 5496 pag.
2622 5426 2758 5494 £75;
2808 5428 3067 5499 Lactant.,
3122 5433 3211 5489 lib.
3261 5450 3279 5489 ι
3325 5434 3586 5505 Inuitum
3629 5457 3745 5512 cap.
3773 5443 3831 5512 5,

2244 5535 2361 5588 pug.
2387 5517 2502 5590 20).

2312 5611 2582 5673 Pauiassis
2628 5616 2990 5675 testimonium
3032 5635 3101 5675 ex
3138 5620 3419 5681 Clemente
3461 5626 3836 5688 Alexandrino

2239 5704 2506 5763 Arnobius
2549 5706 2705 5767 nobis
2739 5711 2961 5769 exhibet
3005 5712 3255 5784 (Aruoba,
3299 5719 3488 5796 lib.tv,
3529 5738 3650 5795 pag.
3679 5725 3830 5796 ιη).

2239 5796 2389 5865 Quod
2415 5798 2631 5871 quidem
2660 5816 2691 5858 ιι
2720 5804 2876 5865 nobis
2898 5821 3059 5878 supra
3082 5794 3427 5870 observatum
3454 5824 3541 5872 est
3559 5856 3577 5885 ,
3604 5794 3680 5874 ac
3705 5794 3843 5890 quis
