4172 6252
321 234 426 295 683

1477 239 1544 297 ιιι
1574 236 1953 306 annonam,
1980 236 2136 296 CAP.
2180 204 2367 296 xxvi.

3501 246 3609 303 686

315 356 406 423 ille
430 354 626 422 fuerit,
653 354 779 417 alibi
801 355 1225 421 demonstratum
1255 355 1596 429 (Supr.,cap.
1621 354 1710 422 12,
1736 362 1834 408 art.
1864 355 1916 420 i;
1946 357 2000 417 Α
2022 368 2343 427 ccenamque
2379 368 2539 425 quam
2561 354 2809 425 principii
2840 355 2938 423 illi,
2976 374 2995 409 ι
3046 356 3176 414 Caio
3221 359 3450 415 Caesaris
3480 361 3613 418 Ger-

317 456 439 503 tom.
467 463 482 503 l
513 446 793 518 Apparet,
841 466 958 521 pag.
1008 447 1157 519 810).

388 539 633 596 Patrocle
662 540 730 597 de
753 540 957 597 Titurio
999 552 1054 597 et
1102 540 1520 611 Philostephano
1566 539 1708 597 idem
1752 538 1915 610 plane

317 632 628 690 dicendum.
660 634 736 690 De
773 633 880 690 illis
920 633 1185 705 siquidem
1216 633 1469 697 Clemens
1492 632 1910 699 Alexandrinus,

317 738 376 784 et
422 744 523 784 nos
570 738 693 801 post
744 729 917 800 ipsum
963 730 1352 809 disputavimus
1407 728 1655 804 (Arnob.,
1700 728 1788 783 lib.
1833 743 1912 797 tv,

322 838 447 893 pag.
473 822 598 888 144,
632 832 753 877 tom.
778 839 796 877 ι
817 821 1096 894 Apparat.,
1128 840 1246 895 pag.
1273 824 1374 880 8l7
1397 833 1444 877 et
1472 820 1653 895 1208).

391 914 540 981 Piso,
558 914 712 985 cujus
737 914 1006 971 Arnobius
1039 916 1317 980 meminit,
1350 915 1663 973 vocabatur.
1697 914 1760 970 L.
1794 912 1917 969 Cal-

320 1005 587 1077 phurnius
607 1007 745 1074 ,Piso
769 1006 931 1079 Frugi
972 1006 1213 1078 (Arnob.,
1246 1007 1335 1073 lib,
1361 1022 1438 1076 ιιι,
1460 1024 1582 1082 pag.
1610 1003 1757 1078 19.2).
1800 1006 1919 1075 Quo

319 1101 390 1155 de
428 1102 576 1164 viro,
618 1101 844 1172 ejusque
882 1101 1201 1172 cognomine
1247 1099 1437 1155 Cicero
1488 1101 1601 1155 haec
1636 1099 1921 1153 memoriae

318 1192 595 1249 mandavit
623 1211 636 1246 :
677 1211 698 1244 ι
726 1193 898 1248 Tanta
926 1194 1144 1257 virtute,
1176 1203 1335 1264 alque
1362 1194 1667 1264 integritate
1695 1192 1791 1247 luit
1817 1233 1834 1260 ,
1866 1200 1923 1246 ut

316 1286 480 1343 etiam
511 1286 621 1342 illis
647 1287 865 1359 optimis
903 1286 1240 1359 temporibus
1280 1301 1402 1342 cum
1451 1285 1727 1343 hominem
1774 1286 1921 1342 inve-

319 1382 437 1438 nire
476 1397 708 1454 nequam
756 1384 1026 1437 neminem
1066 1397 1294 1453 posses,
1342 1382 1489 1438 solus
1538 1392 1716 1437 tamen
1762 1380 1925 1452 Frugi

320 1478 690 1533 nominaretur
720 1476 874 1549 (Cic.,
902 1487 1031 1532 orat.
1056 1477 1144 1543 11,
1173 1492 1265 1547 pro
1292 1474 1369 1529 3!.
1398 1477 1631 1543 Fonteio,
1658 1474 1923 1547 pag.2‘25,

324 1569 417 1623 lin.
450 1567 561 1637 l5).
600 1589 620 1621 ι
669 1569 745 1633 De
770 1569 913 1624 illius
942 1584 1073 1624 vero
1100 1569 1312 1639 scriptis
1340 1568 1479 1623 idem
1510 1569 1707 1623 latinus
1743 1578 1927 1622 orator

321 1662 375 1718 id
412 1663 542 1718 alibi
580 1663 839 1732 scriptum
872 1663 1088 1732 reliquit
1119 1681 1132 1717 :
1183 1681 1201 1714 ι
1239 1661 1302 1717 L.
1337 1662 1463 1717 Piso
1484 1661 1731 1717 tribunus
1757 1659 1929 1729 plebis

2014 447 2208 502 manici
2251 446 2362 501 lilio
2410 467 2427 500 ι
2461 447 2627 503 dedit.
2654 468 2672 499 ι
2718 449 2889 519 Hujus
2916 453 3159 519 meminit
3188 452 3393 510 Plinius
3417 471 3614 512 secun—

2014 539 2157 607 dus;
2196 539 2581 609 Quintillianus
2607 552 2785 603 autem
2818 545 2932 603 haec
2962 544 3028 599 de
3071 545 3165 600 illo
3205 546 3400 603 litteris
3433 551 3615 605 consi-

2013 632 2231 703 gnavit:
2269 651 2288 683 ι
2317 632 2542 702 Eorum,
2566 648 2701 705 quos
2725 633 2971 701 viderim,
2997 637 3155 708 longe
3182 639 3433 710 princeps
3463 641 3617 697 Pom-

2018 725 2211 794 ponius
2241 726 2509 782 secundus
2529 768 2545 795 ,
2579 743 2739 798 quem
2767 743 2928 791 senes
2960 746 3146 800 parum
3181 710 3441 807 tragicum
3471 746 3619 807 puta-

2018 818 2183 886 bant,
2233 819 2537 876 eruditione
2588 836 2651 875 ac
2692 821 2867 876 nitore
2914 832 3174 891 praestare
3222 825 3621 897 confitebantur

2020 908 2186 983 (Plin.
2215 910 2471 979 Secund.,
2491 912 2583 967 lib.
2608 928 2689 978 ιιι,
2723 914 2873 985 epist.
2903 912 2966 980 5;
2994 914 3241 985 Quintil.,
3266 919 3357 972 lib.
3382 936 3415 974 χ
3462 919 3626 975 Insti-

2021 1011 2142 1070 tut.,
2174 1021 2296 1075 pag.
2321 1003 2475 1078 748).
2508 1022 2528 1056 ›
2578 1004 2817 1060 Velleius
2855 1017 3036 1062 autem
3086 1007 3404 1066 Paterculus
3435 1014 3628 1070 scribit

2022 1110 2146 1150 eum
2198 1114 2216 1145 ι
2248 1093 2415 1151 fuisse
2464 1097 2710 1153 sensibus
2741 1097 3011 1154 celebrem
3043 1140 3058 1165 ,
3098 1101 3279 1156 verbis
3306 1103 3493 1160 rudem
3521 1148 3535 1171 ,
3568 1117 3625 1163 et

2022 1182 2258 1245 novitate
2273 1190 2471 1245 inventi
2485 1206 2517 1245 a
2532 1207 2591 1246 se
2608 1192 2786 1261 operis
2803 1194 3290 1259 commendabilem
3307 1198 3622 1274 (Patercul.)

2023 1284 2111 1339 lib.
2146 1300 2184 1340 ιι
2219 1283 2380 1355 Hist.,
2412 1284 2563 1357 longe
2585 1287 2885 1357 pastini!)
2927 1307 2947 1341 ι
2988 1288 3146 1357 Quod
3191 1306 3321 1347 vero
3369 1292 3500 1348 illud
3530 1310 3628 1350 uo-

2024 1392 2150 1432 vum
2180 1393 2315 1449 opus
2343 1379 2434 1443 sit,
2460 1378 2619 1435 docet
2637 1378 2904 1435 Eusebius
2934 1380 3271 1438 inChronico
3296 1402 3312 1443 :
3342 1403 3360 1437 ι
3380 1384 3441 1442 L.
3466 1385 3631 1445 Pom—

2028 1471 2241 1542 ponius,
2266 1491 2286 1524 )
2316 1471 2509 1542 inquit,
2537 1491 2556 1526 ι
2580 1472 2955 1541 Bononiensis,
2978 1475 3345 1534 Atellanarum
3375 1480 3630 1552 scriptor,

2027 1562 2206 1619 clarus
2238 1563 2468 1619 habetur
2493 1563 2705 1636 (Euseb.
2737 1567 2789 1620 in
2810 1566 3025 1634 Cliron.,
3047 1570 3117 1623 ad
3133 1586 3258 1625 ann.
3290 1571 3475 1646 1826).
3503 1593 3521 1627 ι
3552 1575 3635 1631 Ex

2030 1655 2131 1711 hac
2179 1671 2343 1727 porro
2384 1656 2530 1712 illius
2576 1656 2856 1714 Atellanas
2885 1660 3156 1716 scribendi
3181 1672 3297 1718 arte
3329 1706 3344 1730 ,
3400 1682 3556 1739 quam
3602 1680 3637 1723 a

322 1739 501 1826 lcgem
540 1756 743 1825 primus
772 1754 841 1810 de
874 1754 1114 1825 pecuniis
1158 1753 1472 1824 repetundis
1492 1794 1507 1821 ,
1553 1751 1849 1809 Censorino
1877 1759 1931 1807 et
1960 1763 2008 1824 Β
2034 1747 2286 1802 Mummio
2314 1759 2434 1818 post
2462 1747 2692 1805 Nonium
2716 1758 2771 1806 et
2792 1751 3144 1823 Pomponium
3173 1758 3483 1812 suscitatam
3514 1773 3637 1816 esse

322 1847 541 1903 Manilio
581 1847 735 1901 Coss.
777 1846 915 1901 tulit.
968 1846 1088 1917 Ipse
1118 1848 1281 1904 etiam
1313 1846 1435 1902 Piso
1467 1856 1521 1901 et
1559 1860 1749 1911 causas
1772 1845 1921 1915 egit,

319 1952 376 1999 et
418 1942 710 2005 multarum
763 1942 940 2012 legum
976 1953 1069 1996 aut
1096 1952 1310 2006 auctor,
1353 1950 1447 1995 aut
1492 1940 1768 1995 dissuasor
1793 1937 1918 2005 fuit;

320 2037 477 2107 isque
505 2045 561 2091 et
588 2035 863 2091 orationes
891 2036 1136 2106 reliquit,
1178 2051 1299 2105 quae
1321 2034 1434 2104 jam
1460 2042 1831 2097 evanuerunt,
1873 2041 1928 2085 et

319 2130 545 2184 annales
570 2144 699 2183 sane
730 2128 942 2185 exiliter
983 2128 1213 2196 scriptos
1238 2125 1439 2201 (Idem,
1482 2126 1545 2180 de
1573 2124 1758 2180 Claris.
1794 2120 1928 2177 Ora-

321 2232 420 2277 tor.
444 2264 458 2287 ,
502 2238 590 2276 seu
621 2220 770 2275 Brut.
796 2263 810 2287 ,
863 2237 984 2292 pag.
1004 2218 1153 2287 218,
1196 2220 1288 2274 lin.
1331 2219 1408 2287 ‘2).
1445 2237 1465 2270 ι
1512 2216 1720 2274 Gellius
1751 2206 1929 2269 lamcu

321 2313 517 2369 asserit
546 2328 666 2368 eum
692 2313 745 2366 in
766 2296 962 2366 iisdem
996 2310 1294 2365 Annalibus
1326 2307 1507 2381 (Gell.,
1541 2308 1629 2363 lib.
1661 2322 1715 2362 Vl
1766 2304 1929 2360 Noct.

322 2407 458 2473 Att.,
500 2423 616 2477 cap.
650 2406 684 2461 9
707 2450 721 2473 ,
755 2423 876 2477 pag.
902 2404 1014 2461 579
1038 2415 1084 2459 ει
1115 2405 1203 2459 lib.
1235 2420 1272 2459 ιι
1297 2444 1313 2469 ,
1341 2419 1458 2475 cap.
1492 2403 1586 2467 14,
1615 2407 1733 2473 pag.
1761 2398 1932 2470 698),

321 2515 463 2571 quos
491 2499 630 2555 idem
659 2498 835 2554 adhuc
865 2496 1075 2567 Cicero,
1106 2498 1298 2565 Varro,
1329 2497 1556 2564 Plinius,
1590 2495 1936 2550 Lactantius-

324 2607 435 2663 que
450 2592 766 2659 citaverunt,
800 2592 1201 2662 simplicissima
1221 2591 1487 2645 suavitate
1506 2589 1585 2645 rei
1602 2602 1656 2644 et
1671 2587 1938 2661 orationis

324 2700 453 2742 esse
477 2700 645 2755 usum,
670 2702 733 2741 ac
754 2702 844 2742 res
870 2687 941 2741 ibi
970 2686 1037 2741 ab
1065 2686 1154 2741 illo
1179 2700 1437 2757 perquam
1469 2700 1605 2756 pure
1633 2693 1689 2739 et
1708 2693 1941 2739 venuste

320 2789 570 2836 narratas
601 2777 816 2851 (Cicer.,
853 2778 941 2845 lib.
977 2796 1057 2845 ιιι,
1086 2780 1235 2852 epist.
1261 2779 1352 2845 22,
1400 2788 1447 2834 et
1474 2779 1562 2834 lib.
1615 2796 1650 2834 ιι
1674 2778 1738 2833 de
1766 2776 1941 2846 0rat.,

324 2889 449 2955 pag.
475 2872 599 2935 144;
639 2870 819 2941 Varr.,
871 2874 958 2927 lib.
986 2888 1040 2928 IV
1072 2871 1135 2927 de
1161 2871 1317 2944 Ling.
1343 2872 1459 2939 lat.,
1487 2889 1607 2946 pag.
1639 2872 1743 2938 36;
1770 2870 1941 2948 Plin.,

323 2954 416 3017 lib.
462 2978 497 3018 ιι
547 2960 687 3017 Hist.
723 2973 857 3030 nat.,
881 2979 997 3034 cap.
1029 2964 1118 3031 55,
1142 2981 1267 3039 pag.
1290 2962 1433 3031 207;
1473 2962 1732 3030 Lactant.,
1767 2963 1856 3017 lib.
1889 2978 1944 3029 ι,

323 3070 446 3125 cap.
478 3055 531 3120 6,
580 3072 699 3127 pag.
746 3055 861 3124 5‘5).
904 3056 1065 3111 Plura
1089 3054 1157 3111 dc
1184 3056 1275 3123 illo
1301 3058 1345 3111 si
1376 3056 1511 3112 velis
1536 3099 1549 3124 ,
1578 3056 1801 3112 consule
1831 3056 1946 3111 Ma-

2023 1840 2325 1897 Maerobins
2381 1854 2703 1911 asseverat,
2766 1845 2852 1899 hm
2908 1849 3263 1918 proculdubio
3320 1851 3637 1922 prodierunt

2034 1933 2228 1989 fabulae
2257 1932 2442 1990 Maevia
2462 1976 2477 2002 ,
2508 1934 2790 2005 JEditumi,
2820 1937 2990 2008 Galli,
3034 1940 3395 2016 Transalpini,
3424 1955 3479 2001 et
3504 1946 3640 2002 Porv

2027 2036 2164 2093 ccta,
2195 2043 2314 2099 quae
2342 2029 2411 2084 ab
2435 2028 2500 2083 A.
2533 2029 2707 2086 Gellio
2736 2032 2969 2088 citantur
2994 2033 3275 2105 (Macrob.,
3324 2039 3414 2095 lib.
3460 2058 3478 2096 1
3534 2042 3641 2099 Sa-

2030 2123 2250 2189 turnal.,
2302 2139 2420 2193 cap.
2471 2123 2576 2190 10;
2635 2123 2805 2191 Gell.,
2852 2126 2941 2180 lib.
2973 2143 3005 2181 x
3037 2127 3196 2185 Noct.
3225 2132 3355 2199 Att.,
3388 2150 3504 2207 cap.
3540 2136 3630 2203 11,

2032 2216 2234 2285 Ιὶὺηιιιι,
2256 2232 2370 2285 cap.
2405 2218 2492 2281 10,
2520 2225 2568 2270 et
2596 2216 2685 2271 lib.
2717 2232 2832 2284 xvr,
2864 2234 2980 2288 cap.
3011 2218 3088 2295 6).
3118 2222 3249 2291 Quis
3279 2224 3458 2297 itaque
3484 2226 3643 2284 facile

2034 2323 2143 2363 non
2174 2308 2435 2363 concedat
2466 2308 2610 2363 illam
2643 2325 2711 2365 ex
2741 2310 2824 2365 his
2856 2328 3014 2368 unam
3042 2313 3231 2383 luisse,
3259 2332 3419 2387 quam
3450 2328 3643 2377 auctor

2037 2408 2225 2456 noster
2249 2399 2515 2474 Marsyam
2546 2403 2875 2473 appellavit?

2110 2492 2434 2563 Posidippus
2487 2495 2653 2550 semel
2703 2503 2864 2566 atque
2912 2496 3112 2555 iterum
3159 2501 3227 2556 ab
3259 2504 3544 2574 Arnobio,
3587 2506 3645 2562 in

2039 2584 2333 2641 Clementis
2354 2586 2702 2642 Alexandrini
2734 2589 2971 2660 vestigiis
2997 2593 3171 2648 adhuc
3204 2595 3485 2654 insistente
3525 2599 3645 2655 lau-

2042 2678 2218 2734 datur.
2275 2678 2467 2733 Narrat
2510 2690 2690 2735 autem
2737 2680 3307 2759 SnidasPosidippum
3339 2693 3643 2759 comicum,

2044 2767 2462 2826 Cassadrensem
2489 2813 2503 2837 ,
2531 2770 2748 2843 Cynisci
2776 2773 2946 2830 lilium
2972 2819 2987 2844 ,
3031 2779 3188 2834 tertio
3219 2794 3339 2852 post
3369 2783 3652 2842 Menandri

2046 2875 2275 2921 mortem
2305 2882 2448 2920 anno
2478 2864 2760 2933 docuisse,
2811 2884 2874 2924 ac
2906 2870 3116 2942 triginta
3148 2873 3387 2933 edidisse
3414 2877 3649 2937 fabulas.

2049 2957 2155 3014 Sed
2198 2956 2420 3012 Vossius
2477 2967 2626 3027 putat
2669 2958 2834 3013 alium
2880 2963 2947 3019 ab
2992 2962 3233 3024 Arnobio
3276 2977 3330 3024 et
3369 2968 3655 3030 Clemente

2048 3049 2413 3105 Alexandrino
2451 3049 2627 3115 citari,
2659 3066 2816 3122 quem
2850 3055 2903 3121 in
2933 3054 3242 3113 Grmcorum
3265 3060 3652 3121 historicorum

325 3150 599 3216 crobium,
627 3150 720 3204 lib.
750 3165 767 3204 1
810 3148 1106 3217 Saturnal.,
1152 3165 1270 3221 cap.
1306 3150 1393 3217 l2,
1430 3166 1551 3221 pag.
1579 3149 1709 3217 229,
1735 3166 1946 3205 rursus-
1974 3155 2020 3218 ε
2050 3143 2232 3198 album
2261 3141 2467 3197 retulit.
2498 3141 2755 3211 Quaedam
2787 3158 2965 3202 autem
2994 3149 3270 3229 Posidippi
3299 3153 3366 3210 de
3396 3153 3652 3211 draconi-

329 3258 435 3314 que
463 3244 799 3310 Ciceronem,
847 3243 940 3299 lib.
970 3260 1029 3299 ιιι
1059 3243 1377 3312 Tusculam,
1409 3261 1529 3316 pag.
1560 3245 1684 3307 156,
1718 3245 1935 3301 'l‘crtul-

330 3337 559 3404 lianum,
588 3336 689 3392 'lib.
717 3337 782 3391 de
810 3336 1140 3408 Spectacul.,
1169 3352 1289 3409 cap.
1325 3338 1380 3405 5,
1405 3348 1452 3392 et
1484 3337 1799 3411 Dionysium
1826 3336 1937 3393 lla-

331 3429 720 3486 licarnasseum
743 3471 757 3498 ,
788 3428 884 3484 lib.
941 3445 979 3485 ιι
1017 3429 1267 3498 Antiquit.
1318 3446 1519 3487 roman.
1546 3472 1561 3498 ,
1604 3446 1722 3502 pag.
1753 3429 1856 3487 105
1885 3439 1941 3487 et

333 3524 485 3580 alibi.

408 3617 733 3673 Plutarchus
760 3614 1093 3672 Cheronaeus
1122 3614 1191 3671 de
1222 3615 1464 3672 Herculis
1491 3625 1664 3671 morte
1694 3616 1847 3672 testis
1868 3615 1937 3671 ab

340 3721 561 3767 auctore
604 3717 792 3765 nostro
823 3709 878 3764 in
909 3708 1173 3764 librorum
1221 3709 1363 3763 illius
1416 3707 1742 3764 editionibus
1785 3707 1943 3763 datus

343 3805 536 3876 legitur
559 3804 801 3878 (Arnob.,
830 3802 920 3858 lib.
939 3820 1011 3867 tv,
1041 3804 1338 3877 7109.144).
1367 3802 1473 3859 Sed
1502 3803 1553 3856 in
1582 3801 1947 3871 manuscripto

344 3898 534 3956 codice
577 3900 723 3969 regio
750 3939 766 3964 ,
818 3897 896 3951 uti
946 3912 1105 3967 supra
1166 3895 1475 3950 ruonuimus
1509 3893 1693 3973 (Sup.,
1735 3910 1851 3963 cap.
1888 3893 1944 3959 4,

343 4005 449 4049 στι.
482 3994 560 4062 4),
592 3992 853 4061 scriptum
886 4000 969 4046 est
1002 3988 1345 4062 Hieronymus
1373 3985 1705 4049 Plutarchus.
1748 3987 1948 4041 Verum

345 4094 530 4141 tamen
570 4099 690 4138 cum
733 4082 807 4138 ibi
852 4082 1125 4137 Arnobius
1153 4080 1484 4136 Clementem
1528 4077 1948 4134 Alexandrinum

344 4179 525 4236 adhuc
561 4178 715 4253 sequi
759 4176 1004 4231 videatur
1050 4173 1310 4246 (Clemens
1340 4171 1649 4238 Alexandr.,
1686 4168 1947 4223 Admonit.

348 4273 416 4328 ad
446 4272 638 4336 Graia,
673 4268 931 4343 pag.l9),
982 4269 1107 4324 hinc
1156 4285 1259 4329 non
1305 4268 1437 4323 levis
1468 4265 1690 4322 omnino
1734 4262 1953 4330 conjec-

352 4380 472 4426 tura
498 4369 621 4425 duci
655 4355 831 4439 potest
871 4366 1156 4437 legendum
1180 4380 1304 4421 esse
1364 4364 1714 4437 Hieronymus
1765 4370 1811 4416 et
1855 4359 1954 4414 Di-

2038 3236 2144 3292 bus
2169 3235 2408 3291 carmina
2452 3249 2481 3288 a
2517 3233 2715 3294 Tzctzc
2765 3241 3108 3315 exhibentur.
3164 3244 3269 3302 Sed
3300 3258 3477 3303 utrum
3509 3250 3653 3305 idem

2039 3331 2127 3397 sit,
2163 3330 2250 3401 qui
2302 3335 2370 3393 ab
2394 3332 2638 3392 Arnobio
2688 3334 3025 3406 appellatur,
3055 3336 3201 3394 dicm
3243 3336 3377 3396 sane
3405 3340 3651 3401 difﬁcile.

2041 3425 2314 3485 Gesnerus
2363 3441 2539 3487 tamen
2596 3446 2704 3486 non
2760 3432 2973 3487 videtur
3027 3433 3169 3488 hunc
3219 3434 3569 3508 Posidippum
3617 3454 3653 3495 a

2042 3532 2200 3592 poeta
2227 3523 2558 3596 distinguere
2588 3524 2801 3599 (Arnob.
2834 3568 2848 3592 ,
2897 3524 2983 3580 lib.
3019 3541 3104 3594 vi,
3141 3544 3260 3600 pag.
3306 3530 3410 3585 198
3437 3541 3484 3584 et
3510 3530 3653 3599 206;

2044 3616 2274 3674 Clemens
2303 3621 2580 3688 Alexand.,
2620 3620 2879 3676 Admonit.
2904 3621 2972 3674 ad
3000 3620 3189 3688 Gram,
3220 3639 3342 3693 pag.
3375 3623 3442 3679 55
3473 3633 3519 3677 et
3544 3624 3650 3693 58;

2048 3710 2181 3765 Suid
2204 3712 2273 3765 ad
2296 3714 2429 3767 verb.
2458 3712 2774 3776 ποσιδιππος
2795 3730 2810 3779 ;
2833 3712 2874 3767 Τ
2875 3723 3026 3779 zetz.,
3057 3715 3173 3769 hist.
3209 3715 3436 3773 Chiliad.
3456 3718 3509 3786 7,
3530 3717 3651 3772 Itist.

2050 3802 2172 3865 144,
2204 3821 2258 3873 p.
2286 3805 2388 3861 184
2415 3821 2432 3871 ;
2466 3806 2673 3874 Gesner,
2703 3808 2756 3860 in
2782 3805 3077 3880 Biblioth.).

2119 3895 2442 3953 Ptolomaeus
2492 3898 2784 3970 Agesarclti
2825 3900 2967 3955 ﬁlius
2996 3912 3135 3969 erat,
3169 3903 3323 3974 cujus
3372 3904 3441 3961 de
3470 3905 3656 3963 Philo-

2050 3997 2237 4057 patore
2269 4000 2389 4058 post
2414 3988 2746 4051 Clementem
2764 3992 3220 4065 Alexandrinum,
3249 3998 3326 4071 uti
3351 3998 3479 4054 alibi
3505 4011 3655 4071 pate-

2052 4078 2300 4148 fecimus,
2348 4082 2556 4154 primus
2602 4083 2741 4141 liber
2794 4085 2861 4140 ab
2892 4086 3133 4141 Arnobio
3174 4096 3366 4144 nostro
3410 4091 3653 4161 (Arnob.,

2053 4172 2140 4227 lib.
2171 4189 2243 4240 γι,
2299 4192 2419 4247 pag.
2449 4176 2587 4242 195;
2636 4176 2866 4232 Clemens
2907 4178 3186 4235 Alexandr.
3222 4223 3236 4248 ,
3270 4180 3527 4240 Admouit.
3565 4186 3655 4242 ad.

2057 4264 2246 4335 (irata,
2276 4286 2396 4340 pag.
2425 4269 2534 4335 '29;
2563 4270 2721 4341 Sup.,
2753 4288 2870 4342 cap.
2891 4271 2944 4337 9,
2974 4283 3072 4326 art.
3105 4271 3181 4344 l),
3209 4274 3477 4331 secundus
3500 4292 3659 4347 vero,

2056 4374 2110 4422 et
2141 4363 2328 4418 tertius
2354 4363 2421 4418 ab
2446 4363 2708 4421 Athenteo
2736 4364 2819 4419 his
2849 4366 3041 4420 citatur
3070 4365 3250 4422 verbis
3298 4387 3311 4423 :
3353 4368 3657 4445 Πτολεμαῖος

352 4464 635 4518 marchus.
682 4460 767 4516 Ab
796 4460 892 4515 illo
916 4459 1063 4515 enim
1104 4468 1331 4525 uterque
1359 4459 1575 4512 citatur.
1606 4455 1750 4511 Nihil
1775 4462 1933 4510 tamet

2059 4456 2085 4513 ὁ
2109 4463 2201 4513 τοῦ
2228 4454 2577 4535 Ἀγησάρχου,
2607 4458 3010 4530 Μεγαλοπολίτης
3034 4461 3204 4534 γένος,
3259 4462 3310 4516 ἐν
3348 4472 3411 4536 τῇ
3440 4462 3659 4541 δευτέρᾳ

356 4559 410 4614 in
432 4554 662 4611 *Arnobii
691 4563 843 4609 textu
875 4562 1081 4619 temere
1103 4550 1416 4605 mutandum
1443 4550 1785 4607 arbitramur.
1832 4566 1837 4571 ·

2034 4557 2158 4605 ’τῶν
2199 4552 2319 4624 περὶ
2356 4551 2442 4605 τὸν
2490 4551 2809 4628 Φιλοπάτορα
2847 4551 3083 4624 ἱστοριῶν
3134 4551 3343 4626 (Al/ten.
3372 4595 3388 4623 ,
3442 4555 3530 4609 lib.
3562 4572 3615 4611 Vl
3639 4597 3655 4625 ,

428 4649 737 4706 Polemonis
764 4647 833 4702 dc
864 4646 1097 4701 Minerva
1126 4687 1139 4711 ,
1186 4643 1254 4699 ab
1276 4643 1486 4715 ,Oruyto
1509 4658 1669 4709 cazsa,
1705 4640 1953 4697 testimo-
2057 4639 2408 4711 Deipnosoph.
2432 4684 2447 4708 ,
2482 4660 2601 4714 pag.
2639 4643 2787 4716 2i6).
2828 4641 3122 4699 Ptolomeus
3163 4646 3438 4715 Agesarchi
3483 4650 3655 4717 ﬁlius,

359 4744 509 4798 nium
546 4742 614 4797 ab
643 4748 862 4797 auctore
908 4747 1094 4793 nostro
1139 4728 1359 4792 citatum
1402 4735 1612 4807 (lbid.),
1658 4751 1723 4790 ex
1763 4733 1952 4788 eodem
2057 4736 2179 4790 civis
2211 4733 2713 4807 Megalopolitanus,
2757 4737 2885 4790 libro
2912 4738 3134 4793 secundo
3166 4741 3492 4796 historiarum
3521 4743 3655 4797 Pni-

357 4835 637 4893 Clemente
658 4832 1021 4889 Alexandrino
1062 4831 1374 4900 decerptum
1400 4828 1566 4884 fuisSe
1596 4828 1771 4882 nullus
1796 4826 1928 4900 (Ιὸ.)

2057 4830 2331 4915 lopaloria.
2356 4829 2419 4886 Ει
2438 4845 2625 4883 rursus
2641 4829 2765 4884 alibi
2802 4847 2814 4882 :
2846 4832 3186 4904 Πτολεμαῖοςὸ
3206 4842 3295 4890 τοῦ
3323 4834 3655 4912 Ἀγησάρχου

364 4932 456 5002 qui
485 4930 765 5000 utriusque
791 4927 1075 4997 scriptoris
1106 4926 1267 4982 verba
1294 4925 1435 4980 inter
1455 4941 1515 4980 se
1544 4932 1832 4992 componet
1857 4965 1871 4988 ,
1900 4921 1933 4976 it

2060 4926 2110 4979 ἐν
2222 4926 2368 5000 τρίτῃ
2405 4931 2504 4980 τῶν
2548 4927 2667 5002 περὶ
2704 4925 3021 5001 Φιλοπάτορα
3057 4927 3291 5003 ἱστοριῶν
3342 4928 3432 5001 (Et
3458 4930 3547 4987 lib.
3580 4948 3613 4986 Χ
3635 4974 3654 4999 ,

366 5026 587 5081 dubium
637 5008 833 5079 vocare
890 5022 1103 5092 poterit.
1140 5020 1291 5089 Vide,
1322 5019 1380 5075 .si
1429 5019 1605 5085 lubet,
1677 5034 1742 5073 ea
1782 5033 1901 5090 quae
1929 5032 1959 5071 a
2065 5033 2182 5088 pag.
2212 5014 2364 5088 425).
2420 5015 2735 5071 Ptolomaeus
2761 5015 3037 5089 Agesarchi
3063 5019 3201 5089 ﬁlius
3232 5020 3358 5074 libro
3385 5022 3529 5077 tertio
3551 5023 3658 5077 liis-

368 5119 526 5174 nobis
573 5117 626 5181 in
662 5114 952 5183 superiore
994 5112 1299 5186 Apparatus
1335 5113 1683 5175 nostritomo
1709 5118 1963 5166 annotata
2064 5111 2209 5167 toriw
2236 5109 2607 5182 PhiIOpatoris.
2648 5109 2871 5182 Legesis
2910 5109 3182 5181 Nossium,
3217 5113 3310 5171 lib.
3341 5117 3393 5184 1,
3420 5117 3487 5173 de
3515 5118 3653 5174 Hist.

368 5221 497 5268 sunt
545 5210 690 5283 (tant.
713 5225 728 5262 ι
754 5207 1034 5280 Apparat.,
1068 5224 1186 5278 pag.
1222 5203 1369 5277 76‘2).

2066 5205 2266 5273 Gra:c.,
2294 5222 2411 5277 cap.
2444 5206 2533 5277 18,
2564 5221 2682 5279 pag.
2717 5206 2839 5260 117.

450 5323 470 5357 ι
500 5302 777 5374 Pomponii
798 5300 1082 5372 Marsyam,
1107 5320 1126 5352 ι
1162 5299 1235 5354 ait
1257 5298 1542 5367 Arnobius,
1582 5316 1599 5350 ι
1627 5296 1965 5367 obsignatum
2142 5300 2465 5355 Sammonici
2483 5296 2737 5369 frequens
2752 5298 2892 5370 apud
2907 5301 3082 5357 varios
3102 5300 3659 5379 Scriptores(Arnob.,

374 5399 631 5456 memoria
662 5397 856 5452 tenetis
886 5414 905 5448 ι
963 5392 1216 5463 (Arnob.,
1259 5392 1347 5446 lib.
1378 5409 1436 5458 ιι,
1460 5408 1582 5464 pag.
1614 5387 1724 5462 15).
1759 5387 1970 5444 Consu-
2072 5394 2160 5449 lib.
2186 5409 2270 5454 .vr.
2317 5409 2436 5464 pag.
2470 5392 2596 5465 194)
2649 5396 2867 5450 mentio.
2916 5395 3046 5464 Quis
3086 5406 3261 5457 autem
3304 5399 3424 5465 ille,
3472 5410 3526 5456 et
3552 5416 3661 5471 quo

378 5494 510 5549 laris
534 5493 623 5548 ille
644 5491 746 5557 vir,
773 5500 909 5545 teste
934 5487 1107 5543 Plinio
1132 5485 1326 5556 (Plin.,
1374 5484 1463 5539 lib.
1494 5500 1566 5540 vn
1608 5496 1779 5539 natur.
1807 5481 1973 5561 Hist.,
2074 5494 2317 5556 tempore
2347 5484 2559 5551 vixerit,
2590 5486 2885 5544 Macrobius
2916 5489 3059 5543 buuc
3088 5489 3273 5545 scribit
3303 5492 3354 5545 in
3389 5494 3603 5548 modum
3639 5513 3661 5551 ε

381 5602 494 5657 cap.
528 5584 615 5651 19,
649 5600 767 5656 pag.
802 5582 902 5651 58,
950 5591 1000 5635 et
1036 5581 1125 5635 lib.
1171 5595 1287 5645 xiv,
1321 5594 1439 5649 cap.
1470 5579 1531 5642 4,
1574 5596 1691 5650 pag.
1722 5576 1844 5651 129)
1871 5620 1886 5645 ,
1918 5585 1975 5647 et
2081 5596 2100 5628 ι
2130 5577 2482 5649 Temporibus
2516 5575 2701 5635 Severi
2747 5577 3038 5649 principis,
3078 5581 3166 5655 qui
3191 5583 3492 5651 ostentabat
3516 5584 3667 5641 duri-

384 5689 538 5736 vates
569 5679 686 5746 luit,
714 5679 867 5749 cujus
894 5679 1056 5733 vitam
1088 5690 1148 5732 se
1169 5674 1451 5745 scripsisse
1478 5673 1561 5730 bis
1590 5674 1826 5731 declarat
1855 5687 1976 5728 γει·-
2077 5672 2203 5729 tiem
2234 5688 2443 5745 morum
2470 5716 2485 5742 ,
2529 5671 2904 5731 Sammonicus
2931 5671 3167 5741 Serenus
3187 5714 3200 5738 ,
3230 5673 3314 5741 ,vir
3344 5677 3543 5733 saeculo
3571 5694 3674 5738 suo

384 5774 469 5833 bis
520 5790 537 5828 :
596 5792 615 5827 ι
642 5772 959 5831 Referentcs
1005 5771 1170 5827 vitam
1214 5768 1497 5841 Pomponii
1538 5768 1760 5827 secundi
1800 5767 1974 5838 vatis,
2078 5764 2306 5835 doetus,
2349 5781 2472 5824 cum
2506 5764 2573 5821 ad
2599 5764 2891 5837 principem
2917 5779 3074 5822 suum
3104 5767 3405 5839 scriberet,
3443 5768 3684 5831 laceret-
